{"host":"1ewexarttg8tjb6w","time":1612003311,"event":{"mods":["ATMod(°¢èªMod)","Act Like it!","Arknights The Spire","Aspiration","BaseMod","Colored Powertips","Downfall","Gensokyo","Marisa£¨ìFÓê¡¡Ä§ÀíÉ³£©","Minty Spire (QoL Compilation)","SIMod","StSLib","The Bug Knight","The Construct","The Jungle","The Servant 0.9.4"],"gold_per_floor":[99,274,21,33,33,33,33,33,74,44,77,132,132,132,150,247,247,247,268,260,293,312,350,350,368,49,92,92,135,148,182,207,316,328,240,270,282,20,20,30,30,58,58,85,85,102,102,116,134,134],"floor_reached":51,"language":"ZHS","playtime":3712,"items_purged":["hexamod:Strike"],"score":1141,"play_id":"99e5a726-c7e7-419c-8cd4-795594a68751","local_time":"20210130184151","is_ascension_mode":false,"campfire_choices":[{"data":"AT_EssenceShift","floor":1.0,"key":"SMITH"},{"data":"expansioncontent:DashGenerateEvil","floor":8.0,"key":"SMITH"},{"floor":13,"key":"REST"},{"data":"AT_EmpoweredMortalDraw","floor":18,"key":"SMITH"},{"floor":28,"key":"REST"},{"data":"hexamod:SearingWound","floor":35,"key":"SMITH"},{"floor":43,"key":"REST"},{"data":"AT_FamilyPortrait","floor":45,"key":"SMITH"},{"data":"hexamod:HeatCrush","floor":47,"key":"SMITH"}],"circlet_count":0,"master_deck":["hexamod:Strike","hexamod:Strike","hexamod:Defend","hexamod:Defend","hexamod:Defend","hexamod:Defend+1","hexamod:Sear","hexamod:Float","AT_EssenceShift+1","Doubt","hexamod:ShieldOfDarkness+1","expansioncontent:DashGenerateEvil+1","hexamod:SecondSeal","downfall:Malfunctioning","Regret","hexamod:BurningTouch+1","hexamod:NightmareStrike","hexamod:RainOfEmbers","hexamod:GhostOfSpirePresent","hexamod:NightmareStrike","hexamod:ForkedFlame","AT_EmpoweredMortalDraw+1","hexamod:SpectersWail","hexamod:ThirdSeal","hexamod:FirstSeal","hexamod:FourthSeal","hexamod:SecondSeal","hexamod:GhostflameInferno","hexamod:Hexaguard+1","hexamod:Rewind","hexamod:NightmareStrike","hexamod:GhostOfSpirePast","hexamod:HauntingEcho","hexamod:SoulSteal","hexamod:NightmareStrike+1","AT_FamilyPortrait+1","hexamod:HeatCrush+1","hexamod:FifthSeal","hexamod:AdvancingGuard+1","hexamod:EtherealExpedition","hexamod:SixthSeal","hexamod:InspiringFlames+1","hexamod:FastForward","hexamod:SearingWound+1","hexamod:Haunt+1","hexamod:RainOfEmbers+1","expansioncontent:QuickStudy","hexamod:AdvancingGuard+1","hexamod:ForkedFlame","hexamod:Hexaguard+1","hexamod:Hexaguard+1","hexamod:SpectralAdrenaline+1"],"relics":["hexamod:SpiritBrand","AT_ATBox","Bag of Marbles","Ginger","Gremlin Horn","Bag of Preparation","Happy Flower","AT_MortalBlade","Toy Ornithopter","Lizard Tail","Lee\u0027s Waffle","AT_Kusabimaru","Torii","MawBank","Runic Pyramid","downfall:HeartBlessingGreen","Centennial Puzzle","Bird Faced Urn","Bottled Tornado","AT_RedTearstoneRing"],"acts_visited":["Exordium","TheCity","TheBeyond"],"potions_floor_usage":[16,16,22,26,27,29,33,33,33,33,33,38,42,50,50,50],"damage_taken":[{"damage":0.0,"enemies":"downfall:FleeingMerchant","floor":3.0,"turns":4.0},{"damage":0.0,"enemies":"2 Louse","floor":4.0,"turns":3.0},{"damage":3.0,"enemies":"3 Sentries","floor":9.0,"turns":4.0},{"damage":4,"enemies":"downfall:FleeingMerchant","floor":10,"turns":4},{"damage":46,"enemies":"Gremlin Nob","floor":11,"turns":6},{"damage":4,"enemies":"Gremlin Nob","floor":12,"turns":3},{"damage":0,"enemies":"Small Slimes","floor":15,"turns":2},{"damage":34,"enemies":"IC_STATUS_ARCHETYPE","floor":16,"turns":5},{"damage":3,"enemies":"3 Byrds","floor":19,"turns":3},{"damage":13,"enemies":"3 Cultists","floor":21,"turns":4},{"damage":1,"enemies":"Shelled Parasite and Fungi","floor":22,"turns":2},{"damage":19,"enemies":"Slavers","floor":23,"turns":2},{"damage":5,"enemies":"Cultist and Chosen","floor":25,"turns":5},{"damage":5,"enemies":"downfall:FleeingMerchant","floor":26,"turns":4},{"damage":26,"enemies":"Book of Stabbing","floor":27,"turns":6},{"damage":0,"enemies":"HollowMod:Nosk","floor":29,"turns":4},{"damage":0,"enemies":"Snake Plant","floor":30,"turns":1},{"damage":42,"enemies":"Slavers","floor":31,"turns":5},{"damage":0,"enemies":"Snecko","floor":32,"turns":2},{"damage":8,"enemies":"SI_MIRROR_ARCHETYPE","floor":33,"turns":4},{"damage":1,"enemies":"Orb Walker","floor":36,"turns":3},{"damage":10,"enemies":"downfall:FleeingMerchant","floor":38,"turns":4},{"damage":10,"enemies":"3 Shapes","floor":40,"turns":3},{"damage":22,"enemies":"Nemesis","floor":42,"turns":3},{"damage":1,"enemies":"Reptomancer","floor":44,"turns":3},{"damage":2,"enemies":"Sphere and 2 Shapes","floor":46,"turns":3},{"damage":0,"enemies":"Jaw Worm Horde","floor":48,"turns":1},{"damage":21,"enemies":"Spire Growth","floor":49,"turns":4},{"damage":61,"enemies":"WA_ARCHETYPE_DIVINITY","floor":50,"turns":8}],"seed_played":"-5023928660489937037","potions_obtained":[{"floor":11,"key":"AttackPotion"},{"floor":12,"key":"Weak Potion"},{"floor":16,"key":"SteroidPotion"},{"floor":19,"key":"Block Potion"},{"floor":21,"key":"PowerPotion"},{"floor":23,"key":"Block Potion"},{"floor":25,"key":"Weak Potion"},{"floor":26,"key":"PowerPotion"},{"floor":29,"key":"Fruit Juice"},{"floor":31,"key":"EntropicBrew"},{"floor":32,"key":"DistilledChaos"},{"floor":39,"key":"construct:ShiftPotion"},{"floor":39,"key":"LiquidMemories"},{"floor":39,"key":"Slimebound:ThreeZeroPotion"},{"floor":42,"key":"DuplicationPotion"}],"is_trial":false,"path_per_floor":["R","?","$","M","?","?","T","R","E","$","E","?","R","?","M","B",null,"R","M","?","M","M","E","T","M","$","E","R","E","M","E","M","B",null,"R","M","?","$","?","M","T","E","R","E","R","M","R","M","M","B",null],"character_chosen":"THE_SPIRIT","items_purchased":["expansioncontent:DashGenerateEvil","hexamod:GhostShield","Lee\u0027s Waffle","AT_FamilyPortrait","expansioncontent:QuickStudy","Centennial Puzzle","Bird Faced Urn"],"campfire_rested":3,"item_purchase_floors":[3,10,26,26,38,38,38],"current_hp_per_floor":[77,77,77,77,77,77,77,77,74,70,26,22,45,45,45,11,77,77,74,67,61,67,48,48,43,84,58,83,89,89,54,54,71,89,89,88,88,79,79,75,75,58,84,83,83,81,81,81,62,20],"gold":134,"neow_bonus":"TEN_PERCENT_HP_BONUS","is_daily":false,"chose_seed":false,"campfire_upgraded":6,"win_rate":0.0,"timestamp":1612003311,"path_taken":["R","?","$","M","?","?","T","R","E","$","E","?","R","?","M","BOSS","R","M","?","M","M","E","T","M","$","E","R","E","M","E","M","BOSS","R","M","?","$","?","M","T","E","R","E","R","M","R","M","M","BOSS"],"items_purchased_type":["Card","Card","Relic","Card","Card","Relic","Relic"],"build_version":"2020-12-22","purchased_purges":1,"victory":true,"max_hp_per_floor":[77,77,77,77,77,77,77,77,77,77,77,77,77,77,77,77,77,77,77,77,77,77,77,77,77,84,84,84,89,89,89,89,89,89,89,89,89,89,89,89,89,89,89,89,89,89,89,89,89,89],"card_choices":[{"not_picked":["hexamod:ThermalTransfer","hexamod:SpectersWail"],"picked":"hexamod:ShieldOfDarkness","floor":3.0},{"not_picked":["hexamod:GhostLash","hexamod:GhostOfSpireFuture"],"picked":"hexamod:SecondSeal","floor":4.0},{"not_picked":["hexamod:ChargedBarrage","hexamod:RecurringNightmare"],"picked":"hexamod:BurningTouch","floor":9},{"not_picked":["hexamod:RecurringNightmare","hexamod:ThermalTransfer"],"picked":"hexamod:NightmareStrike","floor":10},{"not_picked":["hexamod:NightmareStrike","hexamod:HauntingEcho"],"picked":"hexamod:RainOfEmbers","floor":11},{"not_picked":["hexamod:HeatMetal","hexamod:Firestarter"],"picked":"hexamod:GhostOfSpirePresent","floor":12},{"not_picked":["hexamod:GhostOfSpirePast","hexamod:Haunt"],"picked":"hexamod:NightmareStrike","floor":15},{"not_picked":["hexamod:UnleashSpirits","hexamod:SearingWound"],"picked":"hexamod:ForkedFlame","floor":16},{"not_picked":["hexamod:GhostShield","hexamod:FastForward"],"picked":"hexamod:SpectersWail","floor":19},{"not_picked":["hexamod:Again","hexamod:BurningTouch+1"],"picked":"hexamod:GhostflameInferno","floor":21},{"not_picked":["hexamod:GhostLash","hexamod:HeatMetal"],"picked":"hexamod:Hexaguard+1","floor":21},{"not_picked":["hexamod:ThermalTransfer","hexamod:SpectersWail"],"picked":"hexamod:Rewind","floor":22},{"not_picked":["hexamod:GhostShield","hexamod:SkipABeat+1","hexamod:TimeWarp"],"picked":"SKIP","floor":22},{"not_picked":["hexamod:PhantomCloak","hexamod:GhostOfSpireFuture"],"picked":"hexamod:NightmareStrike","floor":23},{"not_picked":["hexamod:FirstSeal","hexamod:NecessarySacrifice"],"picked":"hexamod:GhostOfSpirePast","floor":25},{"not_picked":["hexamod:Firestarter+1","hexamod:GhostLash"],"picked":"hexamod:HauntingEcho","floor":25},{"not_picked":["hexamod:InspiringFlames","hexamod:Again"],"picked":"hexamod:SoulSteal","floor":26},{"not_picked":["hexamod:FastForward","hexamod:Hexaguard"],"picked":"hexamod:NightmareStrike+1","floor":26},{"not_picked":["hexamod:ThirdSeal","hexamod:StepThrough"],"picked":"hexamod:HeatCrush","floor":27},{"not_picked":["hexamod:TimeWarp","hexamod:BacktrackSmack+1"],"picked":"hexamod:FifthSeal","floor":27},{"not_picked":["hexamod:HeatMetal+1","hexamod:GhostLash+1"],"picked":"hexamod:AdvancingGuard+1","floor":29},{"not_picked":["hexamod:ShieldOfDarkness","hexamod:NecessarySacrifice"],"picked":"hexamod:EtherealExpedition","floor":30},{"not_picked":["hexamod:FourthSeal","hexamod:SecondSeal"],"picked":"hexamod:SixthSeal","floor":31},{"not_picked":["hexamod:RainOfEmbers","hexamod:ThirdSeal"],"picked":"hexamod:InspiringFlames+1","floor":31},{"not_picked":["hexamod:RainOfEmbers","hexamod:BacktrackSmack"],"picked":"hexamod:FastForward","floor":32},{"not_picked":["hexamod:HexaLevel","hexamod:TimeWarp"],"picked":"hexamod:SearingWound","floor":33},{"not_picked":["hexamod:GhostShield","hexamod:HeatMetal"],"picked":"hexamod:Haunt+1","floor":36},{"not_picked":["hexamod:SwordOfDarkness","hexamod:NecessarySacrifice+1"],"picked":"hexamod:RainOfEmbers+1","floor":38},{"not_picked":["hexamod:ShieldOfDarkness","hexamod:HauntingEcho"],"picked":"hexamod:AdvancingGuard+1","floor":40},{"not_picked":["hexamod:HexaLevel","hexamod:SwordOfDarkness","hexamod:BacktrackSmack+1"],"picked":"SKIP","floor":40},{"not_picked":["hexamod:Firestarter+1","hexamod:PhantomCloak"],"picked":"hexamod:ForkedFlame","floor":42},{"not_picked":["hexamod:NightmareStrike+1","hexamod:GhostShield+1"],"picked":"hexamod:Hexaguard+1","floor":44},{"not_picked":["hexamod:RadiantFlame+1","hexamod:Firestarter","hexamod:RainOfEmbers"],"picked":"SKIP","floor":46},{"not_picked":["hexamod:NightmareStrike","hexamod:RainOfEmbers+1"],"picked":"hexamod:Hexaguard+1","floor":48},{"not_picked":["hexamod:NightmareGuise","hexamod:Again"],"picked":"hexamod:SpectralAdrenaline+1","floor":49}],"player_experience":70811,"relics_obtained":[{"floor":7.0,"key":"Ginger"},{"floor":9,"key":"Gremlin Horn"},{"floor":11,"key":"Bag of Preparation"},{"floor":12,"key":"Happy Flower"},{"floor":23,"key":"Toy Ornithopter"},{"floor":24,"key":"Lizard Tail"},{"floor":27,"key":"AT_Kusabimaru"},{"floor":29,"key":"Torii"},{"floor":31,"key":"MawBank"},{"floor":42,"key":"Bottled Tornado"},{"floor":44,"key":"AT_RedTearstoneRing"}],"event_choices":[{"damage_healed":0.0,"max_hp_gain":0.0,"max_hp_loss":0.0,"gold_gain":0.0,"event_name":"Big Fish","player_choice":"Box","floor":6.0,"gold_loss":0.0,"damage_taken":0.0,"relics_obtained":["Bag of Marbles"],"cards_obtained":["Regret"]},{"damage_healed":0,"gold_gain":0,"player_choice":"Got Potions","damage_taken":0,"max_hp_gain":0,"max_hp_loss":0,"event_name":"Lab","floor":39,"gold_loss":0}],"is_beta":false,"boss_relics":[{"not_picked":["Philosopher\u0027s Stone","hexamod:IceCube"],"picked":"AT_MortalBlade"},{"not_picked":["Fusion Hammer","Busted Crown"],"picked":"Runic Pyramid"}],"items_purged_floors":[3],"is_endless":false,"potions_floor_spawned":[11,12,16,19,23,25,31,32,40,42,48],"ascension_level":0}}