{"host":"m4qpn8a4h7jhbw2f","time":1612043456,"event":{"mods":["BaseMod","Colored Map","Colored Powertips","Minty Spire (QoL Compilation)","Rare Cards Sparkle","Relic Stats"],"gold_per_floor":[15,25,44,60,73,73,87,100,100,100,133,153,163,178,178,281,281,262,274,287,287,212,240,240,270,319,319,335,335,335,345,345,443,443,457,60,60,76,94,94,111,144,144,144,32,58,76,0,0,0,0],"floor_reached":50,"language":"ENG","playtime":4686,"items_purged":["Strike_R","Limit Break"],"score":716,"play_id":"d357fc7b-fa10-406e-97e9-afbd459b3289","local_time":"20210130165056","is_ascension_mode":true,"campfire_choices":[{"data":"Offering","floor":6,"key":"SMITH"},{"data":"True Grit","floor":15,"key":"SMITH"},{"floor":24,"key":"REST"},{"floor":27,"key":"REST"},{"data":"Seeing Red","floor":29,"key":"SMITH"},{"data":"Shrug It Off","floor":32,"key":"SMITH"},{"data":"True Grit","floor":40,"key":"SMITH"},{"data":"Fire Breathing","floor":49,"key":"SMITH"}],"circlet_count":0,"master_deck":["Defend_R","Defend_R","Defend_R","Bash","Offering+1","Ghostly Armor","Perfected Strike","Clothesline","Cleave","Shrug It Off","Juggernaut","Burning Pact","True Grit+1","Shrug It Off+1","Reaper","Iron Wave","True Grit+1","Necronomicurse","Reckless Charge+1","Seeing Red+1","Fire Breathing+1","Bite","Bite","Bite","Bite","Bite","Shrug It Off+1","CurseOfTheBell","Evolve","True Grit","Parasite","Entrench+1","Flex+1","Reckless Charge","Fire Breathing+1","Impervious","Iron Wave"],"relics":["Burning Blood","TungstenRod","Self Forming Clay","Darkstone Periapt","Runic Pyramid","Necronomicon","Bottled Lightning","Magic Flower","Pen Nib","Calling Bell","Juzu Bracelet","Blue Candle","StoneCalendar","Thread and Needle","Shuriken","Paper Frog","Singing Bowl","Red Mask"],"acts_visited":["Exordium","TheCity","TheBeyond"],"potions_floor_usage":[11,11,11,11,11,11,16,16,20,20,33,42,44,44,50],"damage_taken":[{"damage":6,"enemies":"Cultist","floor":1,"turns":2},{"damage":9,"enemies":"2 Louse","floor":2,"turns":3},{"damage":6,"enemies":"Small Slimes","floor":3,"turns":2},{"damage":7,"enemies":"Looter","floor":4,"turns":2},{"damage":6,"enemies":"2 Fungi Beasts","floor":5,"turns":2},{"damage":19,"enemies":"Lots of Slimes","floor":7,"turns":5},{"damage":12,"enemies":"Looter","floor":8,"turns":2},{"damage":10,"enemies":"Gremlin Nob","floor":11,"turns":3},{"damage":8,"enemies":"Large Slime","floor":12,"turns":5},{"damage":8,"enemies":"Red Slaver","floor":13,"turns":4},{"damage":5,"enemies":"2 Fungi Beasts","floor":14,"turns":3},{"damage":46,"enemies":"Hexaghost","floor":16,"turns":15},{"damage":25,"enemies":"2 Thieves","floor":18,"turns":5},{"damage":19,"enemies":"3 Byrds","floor":19,"turns":6},{"damage":16,"enemies":"Snake Plant","floor":20,"turns":5},{"damage":73,"enemies":"Slavers","floor":23,"turns":6},{"damage":29,"enemies":"Book of Stabbing","floor":25,"turns":9},{"damage":9,"enemies":"Snecko","floor":28,"turns":4},{"damage":12,"enemies":"Shelled Parasite and Fungi","floor":31,"turns":6},{"damage":72,"enemies":"Champ","floor":33,"turns":16},{"damage":5,"enemies":"3 Shapes","floor":35,"turns":2},{"damage":11,"enemies":"Orb Walker","floor":38,"turns":3},{"damage":19,"enemies":"Writhing Mass","floor":39,"turns":7},{"damage":48,"enemies":"3 Darklings","floor":41,"turns":6},{"damage":5,"enemies":"Nemesis","floor":42,"turns":7},{"damage":5,"enemies":"Giant Head","floor":44,"turns":5},{"damage":74,"enemies":"Reptomancer","floor":46,"turns":7},{"damage":18,"enemies":"Sphere and 2 Shapes","floor":47,"turns":6},{"damage":81,"enemies":"Awakened One","floor":50,"turns":8}],"seed_played":"-1162906378342784191","potions_obtained":[{"floor":1,"key":"Regen Potion"},{"floor":2,"key":"EssenceOfSteel"},{"floor":4,"key":"Regen Potion"},{"floor":5,"key":"EntropicBrew"},{"floor":12,"key":"SpeedPotion"},{"floor":13,"key":"Dexterity Potion"},{"floor":18,"key":"Strength Potion"},{"floor":19,"key":"SteroidPotion"},{"floor":25,"key":"SmokeBomb"},{"floor":31,"key":"SneckoOil"},{"floor":39,"key":"Swift Potion"},{"floor":41,"key":"ElixirPotion"},{"floor":46,"key":"SpeedPotion"},{"floor":47,"key":"SteroidPotion"}],"is_trial":false,"path_per_floor":["M","M","M","M","M","R","M","M","T","?","E","M","M","M","R","B",null,"M","M","M","?","$","E","R","E","T","R","M","R","?","M","R","B",null,"M","$","?","M","M","R","M","E","T","E","$","E","M","?","R","B"],"character_chosen":"IRONCLAD","items_purchased":["Thread and Needle","Reckless Charge","Fire Breathing"],"campfire_rested":2,"item_purchase_floors":[36,45,45],"current_hp_per_floor":[80,77,77,76,76,76,63,57,57,55,76,74,72,73,73,33,80,69,62,56,50,50,7,32,17,17,42,51,51,51,60,60,25,66,66,66,66,66,72,72,71,72,72,72,72,53,71,71,71,0,0],"gold":0,"neow_bonus":"THREE_RARE_CARDS","is_daily":false,"chose_seed":false,"campfire_upgraded":6,"win_rate":0.0,"timestamp":1612043456,"path_taken":["M","M","M","M","M","R","M","M","T","?","E","M","M","M","R","BOSS","M","M","M","?","$","E","R","E","T","R","M","R","?","M","R","BOSS","M","$","?","M","M","R","M","E","T","E","$","E","M","?","R","BOSS"],"items_purchased_type":["Relic","Card","Card"],"build_version":"2020-12-22","purchased_purges":2,"victory":false,"max_hp_per_floor":[80,80,80,80,80,80,80,80,80,80,80,80,80,80,80,80,80,80,80,80,86,86,86,86,86,86,86,86,86,60,60,60,60,66,66,66,66,66,72,72,72,72,72,72,72,72,72,72,72,72,72],"relic_stats":{"Darkstone Periapt":18,"Singing Bowl":0,"counters":[29,156],"Self Forming Clay":[291],"Blue Candle":[19],"Magic Flower":[85],"StoneCalendar":[127],"Pen Nib":[14],"Juzu Bracelet":0,"Burning Blood":158,"Shuriken":[6],"Necronomicon":[37],"obtain_stats":[{"Darkstone Periapt":11,"Singing Bowl":46,"Self Forming Clay":10,"Blue Candle":34,"Magic Flower":25,"StoneCalendar":34,"Thread and Needle":36,"Pen Nib":26,"Juzu Bracelet":34,"Burning Blood":0,"Calling Bell":34,"Shuriken":42,"Necronomicon":21,"Red Mask":48,"Bottled Lightning":23,"TungstenRod":9,"Runic Pyramid":17,"Paper Frog":43},{"Darkstone Periapt":8,"Singing Bowl":27,"Self Forming Clay":7,"Blue Candle":20,"Magic Flower":17,"StoneCalendar":20,"Thread and Needle":21,"Pen Nib":17,"Juzu Bracelet":20,"Burning Blood":0,"Calling Bell":20,"Shuriken":25,"Necronomicon":15,"Red Mask":28,"Bottled Lightning":16,"TungstenRod":7,"Runic Pyramid":12,"Paper Frog":25},{"Darkstone Periapt":21,"Singing Bowl":142,"Self Forming Clay":18,"Blue Candle":105,"Magic Flower":79,"StoneCalendar":105,"Thread and Needle":107,"Pen Nib":79,"Juzu Bracelet":105,"Burning Blood":0,"Calling Bell":105,"Shuriken":130,"Necronomicon":64,"Red Mask":148,"Bottled Lightning":70,"TungstenRod":18,"Runic Pyramid":48,"Paper Frog":130}],"TungstenRod":159},"card_choices":[{"not_picked":["Impervious","Exhume"],"picked":"Offering","floor":0},{"not_picked":["Dual Wield","Anger"],"picked":"Ghostly Armor","floor":1},{"not_picked":["Twin Strike","Disarm"],"picked":"Perfected Strike","floor":2},{"not_picked":["Twin Strike","Ghostly Armor"],"picked":"Clothesline","floor":3},{"not_picked":["Anger","Sword Boomerang"],"picked":"Cleave","floor":4},{"not_picked":["Combust","Pommel Strike"],"picked":"Shrug It Off","floor":5},{"not_picked":["Anger","Body Slam","Heavy Blade"],"picked":"SKIP","floor":7},{"not_picked":["Reckless Charge","Flex"],"picked":"Juggernaut","floor":8},{"not_picked":["Fire Breathing","Heavy Blade","Shockwave"],"picked":"SKIP","floor":11},{"not_picked":["Battle Trance","Pummel"],"picked":"Burning Pact","floor":12},{"not_picked":["Perfected Strike","Wild Strike"],"picked":"True Grit","floor":13},{"not_picked":["Power Through","Body Slam"],"picked":"Shrug It Off","floor":14},{"not_picked":["Offering","Brutality"],"picked":"Reaper","floor":16},{"not_picked":["Cleave","Pommel Strike","Dark Embrace"],"picked":"SKIP","floor":18},{"not_picked":["Twin Strike+1","Rampage+1"],"picked":"Iron Wave","floor":19},{"not_picked":["Twin Strike","Clothesline"],"picked":"True Grit","floor":20},{"not_picked":["Perfected Strike","Fire Breathing"],"picked":"Reckless Charge+1","floor":23},{"not_picked":["Dark Embrace","Impervious"],"picked":"Seeing Red","floor":25},{"not_picked":["Power Through","Shrug It Off"],"picked":"Fire Breathing+1","floor":28},{"not_picked":["Infernal Blade","Wild Strike+1"],"picked":"Shrug It Off+1","floor":31},{"not_picked":["Bludgeon","Corruption"],"picked":"Limit Break","floor":33},{"not_picked":["Spot Weakness+1","Clothesline"],"picked":"Evolve","floor":35},{"not_picked":["Reckless Charge+1","Headbutt+1"],"picked":"True Grit","floor":38},{"not_picked":["Pommel Strike","Wild Strike","Blood for Blood"],"picked":"SKIP","floor":39},{"not_picked":["Sever Soul+1","Perfected Strike"],"picked":"Entrench+1","floor":41},{"not_picked":["Bludgeon","Pommel Strike"],"picked":"Flex+1","floor":42},{"not_picked":["Perfected Strike+1","Headbutt+1"],"picked":"Impervious","floor":46},{"not_picked":["Pommel Strike+1","Heavy Blade"],"picked":"Iron Wave","floor":47}],"player_experience":173541,"relics_obtained":[{"floor":9,"key":"TungstenRod"},{"floor":11,"key":"Darkstone Periapt"},{"floor":21,"key":"Necronomicon"},{"floor":23,"key":"Bottled Lightning"},{"floor":25,"key":"Magic Flower"},{"floor":26,"key":"Pen Nib"},{"floor":34,"key":"Juzu Bracelet"},{"floor":34,"key":"Blue Candle"},{"floor":34,"key":"StoneCalendar"},{"floor":42,"key":"Shuriken"},{"floor":43,"key":"Paper Frog"},{"floor":46,"key":"Singing Bowl"}],"event_choices":[{"damage_healed":0,"gold_gain":0,"player_choice":"Success","damage_taken":3,"relics_obtained":["Self Forming Clay"],"max_hp_gain":0,"max_hp_loss":0,"event_name":"Scrap Ooze","floor":10,"gold_loss":0},{"damage_healed":0,"gold_gain":0,"player_choice":"Obtained Book","damage_taken":16,"max_hp_gain":0,"max_hp_loss":0,"event_name":"Cursed Tome","floor":21,"gold_loss":0},{"damage_healed":0,"gold_gain":0,"player_choice":"Became a vampire","damage_taken":0,"max_hp_gain":0,"max_hp_loss":26,"event_name":"Vampires","floor":30,"gold_loss":0,"cards_obtained":["Bite","Bite","Bite","Bite","Bite"]},{"cards_removed":["Defend_R"],"damage_healed":0,"gold_gain":0,"player_choice":"Removed Skill","damage_taken":0,"max_hp_gain":0,"max_hp_loss":0,"event_name":"Falling","floor":37,"gold_loss":0},{"damage_healed":0,"gold_gain":0,"player_choice":"Paid","damage_taken":0,"relics_obtained":["Red Mask"],"max_hp_gain":0,"max_hp_loss":0,"event_name":"Tomb of Lord Red Mask","floor":48,"gold_loss":76}],"is_beta":false,"boss_relics":[{"not_picked":["Black Blood","Runic Dome"],"picked":"Runic Pyramid"},{"not_picked":["Mark of Pain","SacredBark"],"picked":"Calling Bell"}],"items_purged_floors":[22,36],"is_endless":false,"potions_floor_spawned":[1,2,4,5,12,13,18,19,25,31,39,41,44,46,47],"killed_by":"Awakened One","ascension_level":2}}