{"host":"kg3sujd0l7l0va61","time":1612014805,"event":{"mods":["ATMod(阿瑾Mod)","AchievementEnabler","Arknights The Spire","Aspiration","BaseMod","BetterRewards","Challenge The Spire","Colored Powertips","Custom Start","Decade(王小明)","Displayed Cursed Tome","GifTheSpireLib","Hermit","Infinite Spire","KinomotoSakuraMod(木之本樱)","Koishi","KomeijiMod","Marisa（F雨　魔理沙）","Marked Mod","Minty Spire (QoL Compilation)","MostiFishMod","Prisma Mod","Quick Restart","Replay The Spire","RumiaBox-露米娅的神秘盒子","StSLib","The Jungle","Waifu the Spire"],"gold_per_floor":[112,130,142,159,179,211,211,245,245,276,276,308,13,41,41,138,138,148,148,164,164,178,205,224,259,259,259,275,275,292,49,49,150,150,165,125,135,185,203,203,232,232,232,262,262,297,308,328,328,328],"floor_reached":51,"language":"ZHS","playtime":2060,"items_purged":[],"score":1670,"play_id":"53c5dd56-edb7-4dc8-b9b1-5f81aae54287","local_time":"20210130215325","is_ascension_mode":true,"campfire_choices":[{"data":"Zap","floor":7.0,"key":"SMITH"},{"data":"MostiFishMod:LinkProtocol","floor":11.0,"key":"SMITH"},{"data":"AT_RobotInSpace","floor":15,"key":"SMITH"},{"floor":27,"key":"RECALL"},{"floor":32,"key":"DIG"},{"data":"MostiFishMod:Prepare","floor":40,"key":"SMITH"},{"floor":49,"key":"DIG"}],"circlet_count":0,"master_deck":["Zap+1","Dualcast","AT_KingSlayer","Capacitor","Scrape+1","AT_HeatAcrobatics","MostiFishMod:PushDownKick","Aggregate","AT_RobotInSpace+1","Gash+1","Go for the Eyes","Turbo","Hologram","MostiFishMod:LinkProtocol+1","Hello World+1","AT_WaterDrop","MostiFishMod:DeathFromBelow","FIFO Queue","Heatsinks","Redo","MostiFishMod:PushDownKick","Heatsinks","AT_WarpDrive+1","ReplaySort+1","Gash+1","ReplayTheSpireMod:Calculation Training","ReplaySort+1","infinitespire:Gouge+1","Blizzard","MostiFishMod:Distribution","aspiration:Polymerization+1","Defragment+1","MostiFishMod:Prepare+1","Crystallizer+1","Madness","Madness","White Noise+1","Reboot","Pot Of Greed","Pot Of Greed","Pot Of Greed","Pot Of Greed","Turbo+1","Storm+1"],"relics":["Cracked Core","AT_ATBox","DaveBox","BirthdayGift-Icosahedron","infinitespire:Lychee Nut","HornCleat","SynthV:TestCard","Pear","aspiration:MysteriousAuxiliaryCore","Replay:Multitool","Blood Vial","Replay:Baseball","Quantum Egg","infinitespire:Lucky Rock","Pandora\u0027s Box","ReplayTheSpireMod:EnergyBall","Pet Ghost","Replay:Bottled Eggs","infinitespire:BottledMercury","AT_RedNoBalance","aspiration:SeaSaltIceCream","aspiration:Nostalgia","Decadriver","FeatherPendant","Lizard Tail","InkBottle","infinitespire:FocusingShard","aspiration:HatOfInfinitePower","Grinning Jar","SynthV:C4"],"acts_visited":["Exordium","Exordium","TheBeyond"],"potions_floor_usage":[30],"damage_taken":[{"damage":0.0,"enemies":"Cultist","floor":1.0,"turns":3.0},{"damage":0.0,"enemies":"Jaw Worm","floor":2.0,"turns":3.0},{"damage":0.0,"enemies":"Small Slimes","floor":3.0,"turns":1.0},{"damage":6.0,"enemies":"2 Fungi Beasts","floor":4.0,"turns":1.0},{"damage":0.0,"enemies":"Exordium Thugs","floor":5.0,"turns":1.0},{"damage":0.0,"enemies":"Lagavulin","floor":6.0,"turns":2.0},{"damage":0.0,"enemies":"3 Sentries","floor":8.0,"turns":4.0},{"damage":0.0,"enemies":"Lagavulin","floor":10.0,"turns":3.0},{"damage":0.0,"enemies":"Gremlin Nob","floor":12.0,"turns":3.0},{"damage":0.0,"enemies":"Lagavulin","floor":14.0,"turns":2.0},{"damage":0,"enemies":"The Guardian","floor":16,"turns":3},{"damage":0,"enemies":"theJungle:GiantWrat","floor":18,"turns":2},{"damage":5,"enemies":"Shell Parasite","floor":20,"turns":2},{"damage":0,"enemies":"theJungle:Snecko_Cultist_And_Trap","floor":22,"turns":2},{"damage":0,"enemies":"theJungle:2_Phrogs","floor":23,"turns":2},{"damage":0,"enemies":"theJungle:2_Flameangoes","floor":24,"turns":2},{"damage":0,"enemies":"theJungle:MamaSnecko","floor":25,"turns":2},{"damage":0,"enemies":"theJungle:2_Snecko_Cultists","floor":28,"turns":1},{"damage":0,"enemies":"theJungle:SlimyTreeVines","floor":30,"turns":2},{"damage":0,"enemies":"theJungle:QueenSpyder","floor":33,"turns":2},{"damage":0,"enemies":"3 Shapes","floor":35,"turns":1},{"damage":0,"enemies":"Orb Walker","floor":37,"turns":1},{"damage":0,"enemies":"Mind Bloom Boss Battle","floor":38,"turns":1},{"damage":11,"enemies":"3 Darklings","floor":39,"turns":2},{"damage":0,"enemies":"Giant Head","floor":41,"turns":1},{"damage":0,"enemies":"R_Hoarder","floor":44,"turns":1},{"damage":0,"enemies":"Giant Head","floor":46,"turns":1},{"damage":0,"enemies":"Spire Growth","floor":47,"turns":1},{"damage":0,"enemies":"Jaw Worm Horde","floor":48,"turns":1},{"damage":0,"enemies":"Donu and Deca","floor":50,"turns":1}],"seed_played":"8681592804854996894","potions_obtained":[{"floor":3.0,"key":"PowerPotion"},{"floor":5.0,"key":"SteroidPotion"},{"floor":6.0,"key":"Adrenaline Potion"},{"floor":20,"key":"CultistPotion"},{"floor":28,"key":"SkillPotion"},{"floor":41,"key":"Venom Potion"}],"is_trial":false,"path_per_floor":["M","M","M","M","M","E","R","E","T","E","R","E","$","E","R","B",null,"M","?","M","AVR","M","E","M","E","T","R","M","?","M","$","R","B",null,"M","?","M","?","M","R","E","?","T","E","?","E","M","M","R","B",null],"character_chosen":"DEFECT","items_purchased":["Capacitor","Scrape+1","HornCleat","Hello World+1","Quantum Egg","AT_SilverBalance"],"campfire_rested":0,"item_purchase_floors":[0,0,0,13,13,31],"current_hp_per_floor":[38,44,45,43,44,58,58,65,65,66,66,66,66,66,66,66,66,66,66,62,62,66,66,66,66,66,66,66,50,56,56,56,38,66,36,36,39,42,37,37,40,32,32,35,35,38,41,44,44,47],"gold":328,"neow_bonus":"","is_daily":false,"chose_seed":false,"campfire_upgraded":4,"win_rate":0.0,"timestamp":1612014805,"path_taken":["M","M","M","M","M","E","R","E","T","E","R","E","$","E","R","BOSS","M","?","M","AVR","M","E","?","E","T","R","M","?","M","?","R","BOSS","M","?","?","?","M","R","E","?","T","E","?","E","?","M","R","BOSS"],"items_purchased_type":["Card","Card","Relic","Card","Relic","Relic"],"build_version":"2020-12-22","purchased_purges":0,"victory":true,"max_hp_per_floor":[56,56,56,56,56,66,66,66,66,66,66,66,66,66,66,66,66,66,66,66,66,66,66,66,66,66,66,66,66,66,66,66,66,66,66,66,66,66,66,66,66,66,66,66,66,66,66,66,66,66],"card_choices":[{"not_picked":["Leap","Ball Lightning"],"picked":"MostiFishMod:PushDownKick","floor":1.0},{"not_picked":["Stack","BootSequence","AT_HeatAcrobatics","Turbo"],"picked":"Aggregate","floor":2.0},{"not_picked":["Coolheaded","Steam Power","FTL","Auto Shields"],"picked":"AT_RobotInSpace","floor":3.0},{"not_picked":["MostiFishMod:PushDownKick","Hologram","Creative AI","Sweeping Beam"],"picked":"Gash","floor":4.0},{"not_picked":["Streamline","Doom and Gloom","Rebound","MostiFishMod:PushDownKick"],"picked":"Go for the Eyes","floor":5.0},{"not_picked":["Recycle","Beam Cell","Go for the Eyes","Crystallizer"],"picked":"Turbo","floor":6.0},{"not_picked":["Steam","Stack","BasicCrystalCard","Chaos"],"picked":"Hologram","floor":8.0},{"not_picked":["MostiFishMod:Impulse","MostiFishMod:InterfaceCompatibility","Panic Button","MostiFishMod:PushDownKick"],"picked":"MostiFishMod:LinkProtocol","floor":10.0},{"not_picked":["Glacier","Self Repair","Compile Driver","Leap","Cold Snap"],"picked":"SKIP","floor":12.0},{"not_picked":["Steam","Coolheaded","Redo","Go for the Eyes","Fusion"],"picked":"SKIP","floor":14.0},{"not_picked":["MostiFishMod:Exploitation","ReplayRNGCard","Fission","Electrodynamics"],"picked":"AT_WaterDrop","floor":16},{"not_picked":["Cold Snap","ReplaySort","AT_DarkMatter","Sweeping Beam+1"],"picked":"AT_WarpDrive+1","floor":18},{"not_picked":["BasicCrystalCard","Turbo","Coolheaded","Rebound"],"picked":"ReplaySort+1","floor":20},{"not_picked":["Steam","Sweeping Beam","Turbo","Coolheaded"],"picked":"Gash","floor":22},{"not_picked":["Reinforced Body+1","Stack","Redo","Streamline+1","Coolheaded+1"],"picked":"SKIP","floor":23},{"not_picked":["Stack","ReplaySort","Streamline","Barrage"],"picked":"ReplayTheSpireMod:Calculation Training","floor":24},{"not_picked":["Glacier","Turbo+1","Streamline","Conserve Battery"],"picked":"ReplaySort+1","floor":25},{"not_picked":["MostiFishMod:PushDownKick+1","BasicCrystalCard","Rebound","Leap","Cold Snap+1"],"picked":"SKIP","floor":28},{"not_picked":["infinitespire:Punishment","infinitespire:DeathsTouch"],"picked":"infinitespire:Gouge","floor":29},{"not_picked":["Steam","BasicCrystalCard+1","Stack","Redo+1"],"picked":"Blizzard","floor":30},{"not_picked":["Biased Cognition","Echo Form","Hyperbeam","Creative AI"],"picked":"MostiFishMod:Distribution","floor":33},{"not_picked":["Blizzard+1","ReplayTheSpireMod:System Scan","MostiFishMod:PushDownKick","MostiFishMod:FluxCapactior+1"],"picked":"aspiration:Polymerization+1","floor":35},{"not_picked":["Leap","Melter","Go for the Eyes+1","Lockon+1"],"picked":"Defragment+1","floor":37},{"not_picked":["Hologram","Go for the Eyes","Leap+1","Ball Lightning"],"picked":"MostiFishMod:Prepare","floor":38},{"not_picked":["Go for the Eyes+1","Conserve Battery","Cold Snap","AT_WarpDrive+1","BasicCrystalCard"],"picked":"SKIP","floor":39},{"not_picked":["ReplaySolidLightProjector","Cold Snap+1","Go for the Eyes","BasicCrystalCard"],"picked":"Crystallizer+1","floor":41},{"not_picked":["MostiFishMod:PushDownKick+1","ReplayTheSpireMod:GoodbyeWorld+1","Go for the Eyes","Streamline"],"picked":"White Noise+1","floor":44},{"not_picked":["Self Repair","AT_HeatAcrobatics+1","Steam Power","Go for the Eyes+1"],"picked":"Turbo+1","floor":46},{"not_picked":["Hologram","Turbo+1","Rip and Tear","Go for the Eyes","Coolheaded"],"picked":"SKIP","floor":47},{"not_picked":["AT_RobotInSpace+1","Conserve Battery+1","Beam Cell+1","Recycle+1"],"picked":"Storm+1","floor":48}],"player_experience":62769,"relics_obtained":[{"floor":1.0,"key":"SynthV:TestCard"},{"floor":6.0,"key":"Pear"},{"floor":8.0,"key":"aspiration:MysteriousAuxiliaryCore"},{"floor":9.0,"key":"Replay:Multitool"},{"floor":10.0,"key":"Blood Vial"},{"floor":12.0,"key":"Replay:Baseball"},{"floor":14.0,"key":"infinitespire:Lucky Rock"},{"floor":23,"key":"Pet Ghost"},{"floor":25,"key":"Replay:Bottled Eggs"},{"floor":26,"key":"infinitespire:BottledMercury"},{"floor":32,"key":"aspiration:SeaSaltIceCream"},{"floor":38,"key":"Lizard Tail"},{"floor":41,"key":"InkBottle"},{"floor":43,"key":"infinitespire:FocusingShard"},{"floor":44,"key":"aspiration:HatOfInfinitePower"},{"floor":46,"key":"Grinning Jar"},{"floor":49,"key":"SynthV:C4"}],"event_choices":[{"cards_removed":["Multi-Cast"],"damage_healed":0,"gold_gain":0,"player_choice":"Purged","damage_taken":0,"max_hp_gain":0,"max_hp_loss":0,"event_name":"Purifier","floor":19,"gold_loss":0},{"damage_healed":0,"gold_gain":0,"player_choice":"Upgrade","damage_taken":0,"max_hp_gain":0,"max_hp_loss":0,"event_name":"Designer","floor":36,"gold_loss":40,"cards_upgraded":["infinitespire:Gouge"]},{"damage_healed":0,"gold_gain":0,"player_choice":"Fight","damage_taken":0,"max_hp_gain":0,"max_hp_loss":0,"event_name":"MindBloom","floor":38,"gold_loss":0},{"damage_healed":0,"gold_gain":0,"player_choice":"Embrace Madness","damage_taken":8,"max_hp_gain":0,"max_hp_loss":0,"event_name":"Winding Halls","floor":42,"gold_loss":0,"cards_obtained":["Madness","Madness"]},{"damage_healed":0,"gold_gain":0,"cards_transformed":["Darkness"],"player_choice":"Transformed","damage_taken":0,"max_hp_gain":0,"max_hp_loss":0,"event_name":"Transmorgrifier","floor":45,"gold_loss":0,"cards_obtained":["Reboot"]}],"is_beta":false,"boss_relics":[{"not_picked":["Ectoplasm","SoulBox"],"picked":"Pandora\u0027s Box"},{"not_picked":["Inserter","Kintsugi"],"picked":"FeatherPendant"}],"items_purged_floors":[],"is_endless":false,"potions_floor_spawned":[3,5,6,12,16,20,23,25,28,39,41,47],"ascension_level":4}}