{"host":"sc0o2qwpf9j16a4i","time":1612032942,"event":{"mods":["AchievementEnabler","BaseMod","BetterRewards","Block Reminder","Colored Map","Colored Powertips","Custom Start","Highlight Path","Minty Spire (QoL Compilation)","Relic Stats"],"gold_per_floor":[111,39,54,54,17,17,52,52,76,91,119,138,138,147,147,284,284,304,244,263,272,314,314,362,380,380,422,446,491,505,505,505,639,648,673,689,4,226,244,264,308,308,376,428,440,452,483,518,530,542,542],"floor_reached":50,"language":"ENG","playtime":1665,"items_purged":["Regret"],"score":696,"play_id":"3c9bb1ea-8602-4a12-8409-9891ca6019e0","local_time":"20210130205542","daily_mods":["Allstar","Vintage","Lethality"],"is_ascension_mode":false,"campfire_choices":[{"data":"Feel No Pain","floor":6,"key":"SMITH"},{"data":"Bash","floor":8,"key":"SMITH"},{"data":"Pommel Strike","floor":13,"key":"SMITH"},{"data":"Fire Breathing","floor":15,"key":"SMITH"},{"data":"Barricade","floor":23,"key":"SMITH"},{"floor":32,"key":"REST"},{"data":"Disarm","floor":42,"key":"SMITH"},{"data":"Secret Technique","floor":46,"key":"SMITH"},{"floor":49,"key":"REST"}],"circlet_count":0,"master_deck":["Defend_R+1","Defend_R","Defend_R","Defend_R","Bash+1","Secret Technique+1","Finesse","Thinking Ahead","Bandage Up","Apotheosis+1","Feel No Pain+1","Evolve","Fire Breathing+1","Pommel Strike+1","Injury","Barricade+1","Disarm+1","Shrug It Off+1","Warcry","Body Slam","Bite","Bite","Bite","Bite","Bite","Limit Break","CurseOfTheBell","Feel No Pain+1","Fire Breathing+1","Madness","Madness","Entrench","Feel No Pain+1"],"relics":["Burning Blood","War Paint","Juzu Bracelet","Akabeko","Bronze Scales","Boot","Champion Belt","Art of War","CeramicFish","Golden Idol","Philosopher\u0027s Stone","The Courier","Bag of Preparation","Red Mask","Turnip","Strawberry","Gremlin Horn","Pen Nib","Potion Belt","Paper Frog","InkBottle","Calling Bell","Ancient Tea Set","Frozen Egg 2","Dead Branch","Tiny Chest","Torii","DollysMirror","Bag of Marbles","Centennial Puzzle","Oddly Smooth Stone","PreservedInsect","Omamori","Bottled Lightning","Ornamental Fan","MawBank","Magic Flower","Lantern"],"acts_visited":["Exordium","TheCity","TheBeyond"],"potions_floor_usage":[12,22,22,24,25,28,33,35,36,47,47,50],"damage_taken":[{"damage":6,"enemies":"Jaw Worm","floor":1,"turns":3},{"damage":3,"enemies":"Small Slimes","floor":3,"turns":2},{"damage":24,"enemies":"3 Sentries","floor":7,"turns":7},{"damage":2,"enemies":"2 Louse","floor":10,"turns":2},{"damage":28,"enemies":"Gremlin Nob","floor":11,"turns":4},{"damage":6,"enemies":"Exordium Wildlife","floor":12,"turns":3},{"damage":26,"enemies":"Slime Boss","floor":16,"turns":7},{"damage":28,"enemies":"Spheric Guardian","floor":18,"turns":4},{"damage":22,"enemies":"2 Thieves","floor":20,"turns":4},{"damage":13,"enemies":"Masked Bandits","floor":22,"turns":5},{"damage":38,"enemies":"Slavers","floor":24,"turns":6},{"damage":7,"enemies":"Centurion and Healer","floor":25,"turns":6},{"damage":47,"enemies":"Book of Stabbing","floor":27,"turns":5},{"damage":6,"enemies":"Chosen and Byrds","floor":28,"turns":4},{"damage":12,"enemies":"Snake Plant","floor":30,"turns":4},{"damage":26,"enemies":"Automaton","floor":33,"turns":12},{"damage":9,"enemies":"3 Darklings","floor":35,"turns":3},{"damage":0,"enemies":"3 Shapes","floor":36,"turns":3},{"damage":0,"enemies":"Maw","floor":40,"turns":8},{"damage":0,"enemies":"Giant Head","floor":41,"turns":5},{"damage":1,"enemies":"Nemesis","floor":44,"turns":5},{"damage":58,"enemies":"Transient","floor":47,"turns":5},{"damage":78,"enemies":"Awakened One","floor":50,"turns":7}],"seed_played":"7459618432396636236","potions_obtained":[{"floor":7,"key":"BlessingOfTheForge"},{"floor":10,"key":"Energy Potion"},{"floor":12,"key":"Ancient Potion"},{"floor":18,"key":"SkillPotion"},{"floor":20,"key":"Regen Potion"},{"floor":24,"key":"FearPotion"},{"floor":27,"key":"Swift Potion"},{"floor":28,"key":"DuplicationPotion"},{"floor":33,"key":"Block Potion"},{"floor":35,"key":"LiquidMemories"},{"floor":44,"key":"Fruit Juice"},{"floor":47,"key":"SteroidPotion"}],"is_trial":true,"path_per_floor":["M","$","M","?","$","R","E","R","T","M","E","M","R","?","R","B",null,"M","$","M","?","?","R","E","M","T","E","M","?","M","T","R","B",null,"M","M","$","?","?","M","E","R","T","E","?","R","M","T","R","B"],"character_chosen":"IRONCLAD","items_purchased":["Feel No Pain","Evolve","DollysMirror","Bag of Marbles","Centennial Puzzle","Oddly Smooth Stone","PreservedInsect","Fire Breathing+1","SpeedPotion","Strength Potion"],"campfire_rested":2,"item_purchase_floors":[2,5,37,37,37,37,37,37,37,37],"current_hp_per_floor":[80,80,80,80,80,80,66,66,66,76,58,62,62,62,62,48,80,58,58,48,48,61,61,35,47,47,12,18,18,30,30,48,60,60,60,60,60,60,52,60,60,60,60,60,60,60,16,16,35,0,0],"gold":542,"neow_bonus":"","is_daily":false,"chose_seed":false,"campfire_upgraded":7,"win_rate":0.0,"timestamp":1612032942,"path_taken":["M","?","M","?","?","R","E","R","T","M","E","M","R","?","R","BOSS","M","$","M","?","?","R","E","M","T","E","M","?","M","?","R","BOSS","M","M","$","?","?","M","E","R","T","E","?","R","M","?","R","BOSS"],"items_purchased_type":["Card","Card","Relic","Relic","Relic","Relic","Relic","Card","Potion","Potion"],"build_version":"2020-12-22","purchased_purges":1,"victory":false,"max_hp_per_floor":[80,80,80,80,80,80,80,80,80,80,80,80,80,80,80,80,80,80,80,80,80,80,80,80,87,87,87,87,60,60,60,60,60,60,60,60,60,60,60,60,60,60,60,60,60,60,65,65,65,65,65],"relic_stats":{"Gremlin Horn":[8,8],"Torii":8,"counters":[23,114],"Golden Idol":125,"CeramicFish":171,"Dead Branch":[46],"Magic Flower":[13],"Pen Nib":[7],"PreservedInsect":172,"Juzu Bracelet":0,"Bag of Preparation":[28],"War Paint":["Defend_R","Apotheosis"],"Boot":[12],"MawBank":72,"Burning Blood":92,"Centennial Puzzle":[9],"Ornamental Fan":[8],"Bronze Scales":[308],"Tiny Chest":1,"Turnip":[11],"Art of War":[23],"Champion Belt":[18],"obtain_stats":[{"Lantern":48,"Gremlin Horn":26,"Torii":36,"CeramicFish":12,"Magic Flower":47,"Juzu Bracelet":3,"Bag of Preparation":20,"Boot":9,"Ancient Tea Set":34,"Burning Blood":0,"Centennial Puzzle":37,"DollysMirror":37,"Strawberry":25,"Philosopher\u0027s Stone":17,"Tiny Chest":35,"Red Mask":22,"InkBottle":31,"Paper Frog":30,"Potion Belt":28,"Golden Idol":14,"Dead Branch":34,"Oddly Smooth Stone":37,"The Courier":18,"Pen Nib":27,"PreservedInsect":37,"Omamori":40,"War Paint":1,"Frozen Egg 2":34,"MawBank":44,"Akabeko":4,"Calling Bell":34,"Ornamental Fan":43,"Bronze Scales":7,"Turnip":24,"Art of War":11,"Bag of Marbles":37,"Champion Belt":10,"Bottled Lightning":41},{"Lantern":22,"Gremlin Horn":12,"Torii":18,"CeramicFish":6,"Magic Flower":22,"Juzu Bracelet":2,"Bag of Preparation":9,"Boot":3,"Ancient Tea Set":16,"Burning Blood":0,"Centennial Puzzle":18,"DollysMirror":18,"Strawberry":12,"Philosopher\u0027s Stone":7,"Tiny Chest":17,"Red Mask":10,"InkBottle":15,"Paper Frog":15,"Potion Belt":14,"Golden Idol":6,"Dead Branch":16,"Oddly Smooth Stone":18,"The Courier":8,"Pen Nib":13,"PreservedInsect":18,"Omamori":19,"War Paint":1,"Frozen Egg 2":16,"MawBank":21,"Akabeko":2,"Calling Bell":16,"Ornamental Fan":20,"Bronze Scales":3,"Turnip":11,"Art of War":5,"Bag of Marbles":18,"Champion Belt":4,"Bottled Lightning":20},{"Lantern":107,"Gremlin Horn":53,"Torii":84,"CeramicFish":21,"Magic Flower":107,"Juzu Bracelet":5,"Bag of Preparation":36,"Boot":12,"Ancient Tea Set":78,"Burning Blood":0,"Centennial Puzzle":84,"DollysMirror":84,"Strawberry":53,"Philosopher\u0027s Stone":28,"Tiny Chest":81,"Red Mask":41,"InkBottle":66,"Paper Frog":66,"Potion Belt":62,"Golden Idol":21,"Dead Branch":78,"Oddly Smooth Stone":84,"The Courier":32,"Pen Nib":58,"PreservedInsect":84,"Omamori":92,"War Paint":3,"Frozen Egg 2":78,"MawBank":102,"Akabeko":5,"Calling Bell":78,"Ornamental Fan":97,"Bronze Scales":12,"Turnip":47,"Art of War":18,"Bag of Marbles":84,"Champion Belt":14,"Bottled Lightning":97}],"InkBottle":[26]},"card_choices":[{"not_picked":["Bloodletting","Twin Strike"],"picked":"Fire Breathing","floor":7},{"not_picked":["Rage","Cleave"],"picked":"Pommel Strike","floor":11},{"not_picked":["Demon Form","Fiend Fire"],"picked":"Barricade","floor":16},{"not_picked":["Uppercut","Twin Strike"],"picked":"Shrug It Off+1","floor":22},{"not_picked":["Perfected Strike","Sever Soul"],"picked":"Warcry","floor":24},{"not_picked":["Iron Wave+1","Clash+1"],"picked":"Body Slam","floor":27},{"not_picked":["Immolate","Bludgeon"],"picked":"Limit Break","floor":33},{"not_picked":["Anger+1","Infernal Blade+1"],"picked":"Entrench","floor":41},{"not_picked":["Seeing Red","Bloodletting"],"picked":"Feel No Pain+1","floor":44}],"player_experience":1105360,"relics_obtained":[{"floor":1,"key":"War Paint"},{"floor":3,"key":"Juzu Bracelet"},{"floor":7,"key":"Bronze Scales"},{"floor":9,"key":"Boot"},{"floor":10,"key":"Champion Belt"},{"floor":11,"key":"Art of War"},{"floor":12,"key":"CeramicFish"},{"floor":18,"key":"The Courier"},{"floor":20,"key":"Bag of Preparation"},{"floor":22,"key":"Red Mask"},{"floor":24,"key":"Turnip"},{"floor":25,"key":"Strawberry"},{"floor":26,"key":"Gremlin Horn"},{"floor":27,"key":"Pen Nib"},{"floor":28,"key":"Potion Belt"},{"floor":30,"key":"Paper Frog"},{"floor":31,"key":"InkBottle"},{"floor":34,"key":"Ancient Tea Set"},{"floor":34,"key":"Frozen Egg 2"},{"floor":34,"key":"Dead Branch"},{"floor":35,"key":"Tiny Chest"},{"floor":36,"key":"Torii"},{"floor":40,"key":"Omamori"},{"floor":41,"key":"Bottled Lightning"},{"floor":43,"key":"Ornamental Fan"},{"floor":44,"key":"MawBank"},{"floor":47,"key":"Magic Flower"},{"floor":48,"key":"Lantern"}],"event_choices":[{"damage_healed":0,"gold_gain":0,"player_choice":"Box","damage_taken":0,"relics_obtained":["Akabeko"],"max_hp_gain":0,"max_hp_loss":0,"event_name":"Big Fish","floor":4,"gold_loss":0,"cards_obtained":["Regret"]},{"damage_healed":0,"gold_gain":0,"player_choice":"Take Wound","damage_taken":0,"relics_obtained":["Golden Idol"],"max_hp_gain":0,"max_hp_loss":0,"event_name":"Golden Idol","floor":14,"gold_loss":0,"cards_obtained":["Injury"]},{"damage_healed":0,"gold_gain":0,"player_choice":"Read","damage_taken":0,"max_hp_gain":0,"max_hp_loss":0,"event_name":"The Library","floor":21,"gold_loss":0,"cards_obtained":["Disarm"]},{"damage_healed":0,"gold_gain":0,"player_choice":"Fought Bandits","damage_taken":0,"max_hp_gain":0,"max_hp_loss":0,"event_name":"Masked Bandits","floor":22,"gold_loss":0},{"damage_healed":0,"gold_gain":0,"player_choice":"Became a vampire","damage_taken":0,"max_hp_gain":0,"max_hp_loss":27,"event_name":"Vampires","floor":29,"gold_loss":0,"cards_obtained":["Bite","Bite","Bite","Bite","Bite"]},{"damage_healed":0,"gold_gain":222,"player_choice":"Wore Mask","damage_taken":0,"max_hp_gain":0,"max_hp_loss":0,"event_name":"Tomb of Lord Red Mask","floor":38,"gold_loss":0},{"damage_healed":0,"gold_gain":0,"player_choice":"Embrace Madness","damage_taken":8,"max_hp_gain":0,"max_hp_loss":0,"event_name":"Winding Halls","floor":39,"gold_loss":0,"cards_obtained":["Madness","Madness"]},{"damage_healed":0,"gold_gain":0,"player_choice":"Ignored","damage_taken":0,"max_hp_gain":0,"max_hp_loss":0,"event_name":"SecretPortal","floor":45,"gold_loss":0}],"is_beta":false,"boss_relics":[{"not_picked":["SacredBark","Runic Cube"],"picked":"Philosopher\u0027s Stone"},{"not_picked":["Cursed Key","Black Blood"],"picked":"Calling Bell"}],"items_purged_floors":[19],"is_endless":false,"potions_floor_spawned":[7,10,12,18,20,24,27,28,33,35,44,47],"killed_by":"Awakened One","ascension_level":0}}