{"host":"mo324zvkdr1xwprd","time":1612013643,"event":{"mods":["BaseMod","Better Note","BetterRewards","Hermit","Highlight Path","Hubris","Minty Spire (QoL Compilation)","Quick Restart","Rare Cards Sparkle","Shop Mod","StSLib","The Cursed","The Hierophant"],"gold_per_floor":[114,127,147,161,174,174,174],"floor_reached":6,"language":"ENG","playtime":1545,"items_purged":[],"score":52,"play_id":"55d553bc-9275-472c-915a-298d56a27d27","local_time":"20210130133403","is_ascension_mode":true,"campfire_choices":[],"circlet_count":0,"master_deck":["TheCursedMod:Strike_TheCursed","TheCursedMod:Strike_TheCursed","TheCursedMod:Strike_TheCursed","TheCursedMod:Strike_TheCursed","TheCursedMod:Defend_TheCursed","TheCursedMod:Defend_TheCursed","TheCursedMod:Defend_TheCursed","TheCursedMod:Defend_TheCursed","TheCursedMod:CursedWand","TheCursedMod:CleanUpWorkshop","TheCursedMod:Dregs","TheCursedMod:TroublousMinions","TheCursedMod:CursedBlade","TheCursedMod:CursedShiv","TheCursedMod:CircleOfCorruption","TheCursedMod:CollectTribute"],"relics":["TheCursedMod:BlackMagic101"],"acts_visited":["Exordium"],"potions_floor_usage":[6,6],"damage_taken":[{"damage":0,"enemies":"2 Louse","floor":1,"turns":3},{"damage":5,"enemies":"Jaw Worm","floor":2,"turns":4},{"damage":0,"enemies":"Cultist","floor":3,"turns":5},{"damage":6,"enemies":"2 Fungi Beasts","floor":4,"turns":4},{"damage":30,"enemies":"Gremlin Gang","floor":5,"turns":5},{"damage":12,"enemies":"3 Sentries","floor":6,"turns":6}],"seed_played":"-6950905989693557491","potions_obtained":[{"floor":1,"key":"SkillPotion"},{"floor":3,"key":"Block Potion"}],"is_trial":false,"path_per_floor":["M","M","M","M","M","E"],"character_chosen":"THE_CURSED","items_purchased":[],"campfire_rested":0,"item_purchase_floors":[],"current_hp_per_floor":[75,70,70,64,34,22,22],"gold":174,"neow_bonus":"TEN_PERCENT_HP_BONUS","is_daily":false,"chose_seed":false,"campfire_upgraded":0,"win_rate":0.0,"timestamp":1612013643,"path_taken":["M","M","M","M","M","E"],"items_purchased_type":[],"build_version":"2020-12-22","purchased_purges":0,"victory":false,"max_hp_per_floor":[82,82,82,82,82,82,82],"card_choices":[{"not_picked":["TheCursedMod:EmpowerCircles","TheCursedMod:LuckyCharm"],"picked":"TheCursedMod:TroublousMinions","floor":1},{"not_picked":["TheCursedMod:VitalStrike","TheCursedMod:CursedMace"],"picked":"TheCursedMod:CursedBlade","floor":2},{"not_picked":["TheCursedMod:AbyssShockwave","TheCursedMod:CursedMace"],"picked":"TheCursedMod:CursedShiv","floor":3},{"not_picked":["TheCursedMod:TacticalStrike","TheCursedMod:Stretching"],"picked":"TheCursedMod:CircleOfCorruption","floor":4},{"not_picked":["TheCursedMod:CursedShiv","TheCursedMod:CircleOfAmplification"],"picked":"TheCursedMod:CollectTribute","floor":5}],"player_experience":427110,"relics_obtained":[],"event_choices":[],"is_beta":false,"boss_relics":[],"items_purged_floors":[],"is_endless":false,"potions_floor_spawned":[1,3],"killed_by":"3 Sentries","ascension_level":6}}