{"host":"xjs3b8lu14idcd3l","time":1612028706,"event":{"mods":["Act Like it!","BaseMod","CapriCore","Friendly Minions","Gensokyo","Kiyohime£®«Âºß£©","Koishi","Marisa£®ÏF”Í°°ƒß¿Ì…≥£©","Minty Spire (QoL Compilation)","Prisma Mod","Reimu£®≤©¿ˆ¡È√Œ£©","Remilia£®¿Ÿ√◊¿Ú—«£©","Replay The Spire","StSLib","The Administrix","The Immortal","The Servant 0.9.4","Youmu£®ªÍ∆«—˝√Œ£©","Yuyuko"],"gold_per_floor":[117,117,128,0,28,61,73,107,107,119,119,144,160,193,193,291,291,308,323,338,356,5,40,40,69,69,69,104,104,12,39,39,142,142,158,158,158,64,4,36,47,76,76,76,403,403,418,447,447,447,447,447,91,120,120],"floor_reached":56,"language":"ZHS","playtime":3823,"items_purged":["KiyohimeMod:Strike","KiyohimeMod:Defend"],"score":1594,"play_id":"86c4a2e9-0ac3-4aa6-b740-be12d9f76496","local_time":"20210131014506","is_ascension_mode":true,"campfire_choices":[{"data":"KiyohimeMod:Servant_TamamoNoMae","floor":11.0,"key":"SMITH"},{"data":"KiyohimeMod:Grimoire","floor":15.0,"key":"SMITH"},{"data":"KiyohimeMod:JeweledSword","floor":24.0,"key":"SMITH"},{"data":"ReplayUltimateDefense","floor":27.0,"key":"SMITH"},{"data":"KiyohimeMod:Servant_TamamoNoMae","floor":29.0,"key":"SMITH"},{"data":"KiyohimeMod:Projection","floor":29.0,"key":"SMITH"},{"data":"KiyohimeMod:HotSpringOfTheMoon","floor":32.0,"key":"SMITH"},{"data":"KiyohimeMod:Shapeshift","floor":32.0,"key":"SMITH"},{"data":"Gensokyo:DreamlikeParadise","floor":44,"key":"SMITH"},{"data":"KiyohimeMod:ImaginaryNumberMagecraft","floor":44,"key":"SMITH"},{"floor":49,"key":"RECALL"},{"floor":52,"key":"DIG"}],"circlet_count":0,"master_deck":["KiyohimeMod:Strike","KiyohimeMod:Strike","KiyohimeMod:Strike","KiyohimeMod:Defend","KiyohimeMod:Defend","KiyohimeMod:Defend","KiyohimeMod:Track","KiyohimeMod:FlameKiss","KiyohimeMod:Shapeshift+1","WheelOfPainOfLivingAndDead","Defend_S","KiyohimeMod:Servant_TamamoNoMae+1","KiyohimeMod:EatSoul","KiyohimeMod:BlueBlackKey","KiyohimeMod:Servant_TamamoNoMae+1","KiyohimeMod:ImaginaryAround","KiyohimeMod:ImaginaryNumberMagecraft+1","KiyohimeMod:ImaginaryAround","KiyohimeMod:Grimoire+1","KiyohimeMod:JeweledSword+1","KiyohimeMod:FirstPremonition+1","ReplayUltimateDefense+1","KiyohimeMod:DragonVein+1","KiyohimeMod:Projection+1","Gensokyo:DreamlikeParadise+1","Gensokyo:CustomPotion","KiyohimeMod:FormalCraft+1","KiyohimeMod:EatSoul+1","KiyohimeMod:PrismaCosmos","KiyohimeMod:CommandCard_Arts+1","KiyohimeMod:HeroCreation"],"relics":["KiyohimeMod:FireDragon","Pear","Replay:Towering Pillar of Hats","Potion Belt","TungstenRod","KiyohimeMod:ElixirOfRejuvenation","CaptainsWheel","Blue Candle","Mango","Philosopher\u0027s Stone","Happy Flower","WingedGreaves","Replay:Bottled Snecko","Replay:Arrowhead","Replay:Bottled Flurry","Gremlin Food","Runic Dome","Replay:Kaleidoscope","ReplayTheSpireMod:Shallot","StrikeDummy","ScarletDevilRocket","Shovel","Ginger","Chameleon Ring","Centennial Puzzle"],"acts_visited":["Gensokyo:Gensokyo","Gensokyo:Gensokyoer","Gensokyo:Gensokyoest","TheEnding"],"potions_floor_usage":[33,40,47,53,55,55],"damage_taken":[{"damage":0.0,"enemies":"Gensokyo:2_Kodama","floor":1.0,"turns":4.0},{"damage":1.0,"enemies":"Gensokyo:Python","floor":3.0,"turns":4.0},{"damage":0.0,"enemies":"Gensokyo:Mamizou","floor":5.0,"turns":10.0},{"damage":6.0,"enemies":"Gensokyo:Mamizou","floor":6.0,"turns":10.0},{"damage":0.0,"enemies":"Gensokyo:Gryphon","floor":7.0,"turns":6.0},{"damage":11.0,"enemies":"Gensokyo:Cirno","floor":8.0,"turns":8.0},{"damage":7.0,"enemies":"Gensokyo:3_Kodama","floor":10.0,"turns":5.0},{"damage":0.0,"enemies":"Gensokyo:Mamizou","floor":12.0,"turns":8.0},{"damage":7.0,"enemies":"Gensokyo:2_Rabbits","floor":13.0,"turns":4.0},{"damage":1.0,"enemies":"Gensokyo:Cirno","floor":14.0,"turns":7.0},{"damage":5.0,"enemies":"Gensokyo:Kokoro","floor":16.0,"turns":6.0},{"damage":21.0,"enemies":"Gensokyo:3_Dogs","floor":18.0,"turns":4.0},{"damage":0.0,"enemies":"Gensokyo:2_Gloops","floor":19.0,"turns":4.0},{"damage":16.0,"enemies":"Gensokyo:Swordslinger","floor":20.0,"turns":3.0},{"damage":19.0,"enemies":"Gensokyo:Wraith","floor":21.0,"turns":4.0},{"damage":33.0,"enemies":"Gensokyo:Tenshi","floor":23.0,"turns":6.0},{"damage":20.0,"enemies":"Gensokyo:Reisen","floor":25.0,"turns":7.0},{"damage":17.0,"enemies":"Gensokyo:Tenshi","floor":28.0,"turns":3.0},{"damage":22.0,"enemies":"Gensokyo:Koishi","floor":31.0,"turns":5.0},{"damage":18,"enemies":"Gensokyo:Kaguya","floor":33,"turns":10},{"damage":0,"enemies":"Gensokyo:AncientGuardian","floor":35,"turns":6},{"damage":18,"enemies":"Gensokyo:AncientGuardian","floor":36,"turns":10},{"damage":63,"enemies":"Gensokyo:Kasen","floor":40,"turns":6},{"damage":0,"enemies":"Gensokyo:3_Boulders","floor":41,"turns":2},{"damage":16,"enemies":"Gensokyo:Doremy","floor":42,"turns":5},{"damage":44,"enemies":"Gensokyo:Kasen","floor":45,"turns":8},{"damage":11,"enemies":"Gensokyo:Dusk_and_Dawn","floor":47,"turns":3},{"damage":13,"enemies":"Gensokyo:Doremy","floor":48,"turns":4},{"damage":0,"enemies":"Gensokyo:Yuyuko","floor":50,"turns":9},{"damage":15,"enemies":"Shield and Spear","floor":54,"turns":4},{"damage":31,"enemies":"The Heart","floor":55,"turns":6}],"seed_played":"8919959775086934878","potions_obtained":[{"floor":7.0,"key":"Strength Potion"},{"floor":10.0,"key":"Adrenaline Potion"},{"floor":13.0,"key":"CultistPotion"},{"floor":16.0,"key":"GrandPatriotsElixir:ReiMu"},{"floor":18.0,"key":"Swift Potion"},{"floor":25.0,"key":"Explosive Potion"},{"floor":28.0,"key":"FairyPotion"},{"floor":31.0,"key":"SkillPotion"},{"floor":35,"key":"BlessingOfTheForge"},{"floor":45,"key":"Swift Potion"},{"floor":48,"key":"SpeedPotion"}],"is_trial":false,"path_per_floor":["M","?","M","COS","?","E","M","E","T","M","R","E","M","E","R","B",null,"M","M","M","M","$","E","R","E","T","R","E","R","COS","E","R","B",null,"M","?","?","COS","?","E","M","E","T","R","E","?","M","E","R","B",null,"R","$","E","B",null],"character_chosen":"Kiyohime","items_purchased":["ReplayUltimateDefense","Fruit Juice","EntropicBrew","DistilledChaos","Regen Potion"],"campfire_rested":0,"item_purchase_floors":[22,22,53,53,53],"current_hp_per_floor":[60,55,60,60,70,70,70,70,70,67,67,70,69,84,84,84,84,75,84,80,65,70,49,49,47,47,47,36,36,36,36,36,58,89,89,89,89,89,89,44,66,56,56,56,36,36,47,46,46,46,89,89,89,74,76],"gold":120,"neow_bonus":"THREE_RARE_CARDS","is_daily":false,"chose_seed":false,"campfire_upgraded":10,"win_rate":0.0,"timestamp":1612028706,"path_taken":["M","?","M","COS","?","E","M","E","T","M","R","E","M","E","R","BOSS","M","M","?","M","$","E","R","E","T","R","E","R","COS","E","R","BOSS","M","?","?","COS","?","E","?","E","T","R","E","?","M","E","R","BOSS","R","$","E","BOSS"],"items_purchased_type":["Card","Potion","Potion","Potion","Potion"],"build_version":"2020-12-22","purchased_purges":2,"victory":true,"max_hp_per_floor":[60,70,70,70,70,70,70,70,70,70,70,70,70,84,84,84,84,84,84,84,84,89,89,89,89,89,89,89,89,89,89,89,89,89,89,89,89,89,89,89,89,89,89,89,89,89,89,89,89,89,89,89,89,89,89],"card_choices":[{"not_picked":["KiyohimeMod:ImaginaryNumberMagecraft","KiyohimeMod:Servant_Osakabehime"],"picked":"KiyohimeMod:Servant_TamamoNoMae","floor":0.0},{"not_picked":["KiyohimeMod:SteelTraining","KiyohimeMod:Preemptive"],"picked":"KiyohimeMod:EatSoul","floor":1.0},{"not_picked":["KiyohimeMod:Berserker","KiyohimeMod:GreenBlackKey"],"picked":"KiyohimeMod:BlueBlackKey","floor":3.0},{"not_picked":["KiyohimeMod:Tenacious","KiyohimeMod:CelestialInvertedMoon"],"picked":"KiyohimeMod:HotSpringOfTheMoon","floor":5.0},{"not_picked":["KiyohimeMod:ImaginaryNumberMagecraft","KiyohimeMod:FragmentsOf2030"],"picked":"KiyohimeMod:Servant_TamamoNoMae","floor":6.0},{"not_picked":["KiyohimeMod:RedBlackKey","KiyohimeMod:AgainstMagic","KiyohimeMod:CelestialInvertedMoon"],"picked":"SKIP","floor":6.0},{"not_picked":["KiyohimeMod:AndSoTheShipConquers","KiyohimeMod:GreenBlackKey","KiyohimeMod:Preemptive"],"picked":"SKIP","floor":7.0},{"not_picked":["KiyohimeMod:Berserker","KiyohimeMod:Fragarach"],"picked":"KiyohimeMod:ImaginaryAround","floor":8.0},{"not_picked":["KiyohimeMod:WaterTurn","KiyohimeMod:GreenBlackKey","KiyohimeMod:RedBlackKey"],"picked":"SKIP","floor":10.0},{"not_picked":["KiyohimeMod:BeElegant","KiyohimeMod:SteelTraining"],"picked":"KiyohimeMod:ImaginaryNumberMagecraft","floor":12.0},{"not_picked":["KiyohimeMod:Berserker","KiyohimeMod:BeElegant"],"picked":"KiyohimeMod:ImaginaryAround","floor":13.0},{"not_picked":["KiyohimeMod:Berserker","KiyohimeMod:ExSpicyMapoTofu"],"picked":"KiyohimeMod:Grimoire","floor":14.0},{"not_picked":["KiyohimeMod:MagicCrystal","KiyohimeMod:Servant_TamamoNoMae"],"picked":"KiyohimeMod:JeweledSword","floor":16.0},{"not_picked":["KiyohimeMod:LimitedZeroOver","KiyohimeMod:RedBlackKey","KiyohimeMod:ImaginaryAround"],"picked":"SKIP","floor":18.0},{"not_picked":["KiyohimeMod:ExSpicyMapoTofu+1","KiyohimeMod:Projection"],"picked":"KiyohimeMod:FirstPremonition+1","floor":19.0},{"not_picked":["KiyohimeMod:RedBlackKey","KiyohimeMod:WaterTurn+1","KiyohimeMod:Preemptive"],"picked":"SKIP","floor":20.0},{"not_picked":["KiyohimeMod:FirstPremonition","KiyohimeMod:CommandCard_Quick","KiyohimeMod:CommandCard_Buster"],"picked":"SKIP","floor":21.0},{"not_picked":["KiyohimeMod:Preemptive","KiyohimeMod:HydraDagger","KiyohimeMod:WaterTurn"],"picked":"SKIP","floor":23.0},{"not_picked":["KiyohimeMod:BeElegant","KiyohimeMod:WaterTurn"],"picked":"KiyohimeMod:DragonVein+1","floor":25.0},{"not_picked":["KiyohimeMod:GreenBlackKey+1","KiyohimeMod:SteelTraining"],"picked":"KiyohimeMod:Projection","floor":28.0},{"not_picked":["KiyohimeMod:RedBlackKey","KiyohimeMod:GreenBlackKey","KiyohimeMod:AndSoTheShipConquers+1"],"picked":"SKIP","floor":31.0},{"not_picked":["KiyohimeMod:MagicCrystal","KiyohimeMod:FragmentsOf2030"],"picked":"KiyohimeMod:PrismaCosmos","floor":33},{"not_picked":["KiyohimeMod:Berserker+1","KiyohimeMod:GreenBlackKey","KiyohimeMod:CommandCard_Buster+1"],"picked":"SKIP","floor":35},{"not_picked":["Gensokyo:Dawn","Gensokyo:RainbowDanmaku"],"picked":"Gensokyo:DreamlikeParadise","floor":36},{"not_picked":["KiyohimeMod:Preemptive","KiyohimeMod:Berserker","KiyohimeMod:BeastOfBillows+1"],"picked":"SKIP","floor":40},{"not_picked":["KiyohimeMod:ImaginaryAround","KiyohimeMod:RedBlackKey"],"picked":"KiyohimeMod:FormalCraft+1","floor":41},{"not_picked":["KiyohimeMod:HydraDagger","KiyohimeMod:Preemptive+1"],"picked":"KiyohimeMod:EatSoul+1","floor":42},{"not_picked":["KiyohimeMod:SteelTraining+1","KiyohimeMod:Projection+1","KiyohimeMod:ExSpicyMapoTofu"],"picked":"SKIP","floor":45},{"not_picked":["KiyohimeMod:GreenBlackKey","KiyohimeMod:EatSoul"],"picked":"KiyohimeMod:PrismaCosmos","floor":47},{"not_picked":["KiyohimeMod:Berserker","KiyohimeMod:ImaginaryAround+1"],"picked":"KiyohimeMod:CommandCard_Arts+1","floor":48},{"not_picked":["KiyohimeMod:Preemptive+1","KiyohimeMod:Berserker+1"],"picked":"KiyohimeMod:HeroCreation","floor":54}],"player_experience":192550,"relics_obtained":[{"floor":5.0,"key":"Replay:Towering Pillar of Hats"},{"floor":6.0,"key":"Potion Belt"},{"floor":8.0,"key":"KiyohimeMod:ElixirOfRejuvenation"},{"floor":9.0,"key":"CaptainsWheel"},{"floor":12.0,"key":"Blue Candle"},{"floor":14.0,"key":"Mango"},{"floor":23.0,"key":"Happy Flower"},{"floor":25.0,"key":"WingedGreaves"},{"floor":26.0,"key":"Replay:Bottled Snecko"},{"floor":28.0,"key":"Replay:Arrowhead"},{"floor":31.0,"key":"Replay:Bottled Flurry"},{"floor":40,"key":"ReplayTheSpireMod:Shallot"},{"floor":42,"key":"StrikeDummy"},{"floor":45,"key":"ScarletDevilRocket"},{"floor":48,"key":"Ginger"},{"floor":52,"key":"Chameleon Ring"},{"floor":54,"key":"Centennial Puzzle"}],"event_choices":[],"is_beta":false,"boss_relics":[{"not_picked":["Fusion Hammer","Painkiller Herb"],"picked":"Philosopher\u0027s Stone"},{"not_picked":["Busted Crown","Replay:Wanted Poster"],"picked":"Runic Dome"}],"items_purged_floors":[22,53],"is_endless":false,"potions_floor_spawned":[7,10,13,16,18,25,28,31,35,45,48,54],"ascension_level":2}}