{"host":"gaqyve1328ta0etl","time":1612002502,"event":{"mods":["BaseMod","Colored Map","Colored Powertips","Googly Eyes","Minty Spire (QoL Compilation)","Shop Mod","StSLib","SuperFastMode","The Hierophant","The Runesmith"],"gold_per_floor":[119,135,60,80,80,80,80,80,106,117,151,151,1,1,1,1,1],"floor_reached":16,"language":"ENG","playtime":538,"items_purged":["Strike_G"],"score":152,"play_id":"bdb7f572-5dc0-4331-8467-a6930a5c6eaf","local_time":"20210130022822","is_ascension_mode":true,"campfire_choices":[{"data":"Night Terror","floor":6,"key":"SMITH"},{"data":"Neutralize","floor":8,"key":"SMITH"},{"floor":12,"key":"REST"},{"data":"Bane","floor":15,"key":"SMITH"}],"circlet_count":0,"master_deck":["AscendersBane","Strike_G","Defend_G","Defend_G","Defend_G","Defend_G","Defend_G","Survivor","Neutralize+1","Poisoned Stab","Bane+1","Night Terror+1","Blade Dance"],"relics":["Ring of the Snake","Strawberry","Snake Skull","Medical Kit"],"acts_visited":["Exordium"],"potions_floor_usage":[10],"damage_taken":[{"damage":9,"enemies":"Cultist","floor":1,"turns":7},{"damage":0,"enemies":"Jaw Worm","floor":2,"turns":4},{"damage":0,"enemies":"Small Slimes","floor":4,"turns":2},{"damage":0,"enemies":"Gremlin Gang","floor":10,"turns":6},{"damage":34,"enemies":"3 Sentries","floor":11,"turns":14},{"damage":60,"enemies":"Slime Boss","floor":16,"turns":10}],"seed_played":"1307330612992351173","potions_obtained":[{"floor":4,"key":"CunningPotion"}],"is_trial":false,"path_per_floor":["M","M","$","M","?","R","?","R","T","M","E","R","$","?","R","B"],"character_chosen":"THE_SILENT","items_purchased":["Medical Kit"],"campfire_rested":1,"item_purchase_floors":[13],"current_hp_per_floor":[54,54,54,54,54,54,59,59,66,66,32,56,56,56,56,0,0],"gold":1,"neow_bonus":"REMOVE_CARD","is_daily":false,"chose_seed":false,"campfire_upgraded":3,"win_rate":0.0,"timestamp":1612002502,"path_taken":["M","M","$","M","?","R","?","R","T","M","E","R","$","?","R","BOSS"],"items_purchased_type":["Relic"],"build_version":"2020-12-22","purchased_purges":1,"victory":false,"max_hp_per_floor":[70,70,70,70,70,70,75,75,82,82,82,82,82,82,82,82,82],"card_choices":[{"not_picked":["Sucker Punch","Expertise"],"picked":"Poisoned Stab","floor":1},{"not_picked":["Endless Agony","Accuracy"],"picked":"Bane","floor":2},{"not_picked":["Caltrops","Dash"],"picked":"Night Terror","floor":4},{"not_picked":["Outmaneuver","Prepared","Underhanded Strike"],"picked":"SKIP","floor":10},{"not_picked":["Acrobatics","Backstab","Dagger Throw"],"picked":"SKIP","floor":11}],"player_experience":2058227,"relics_obtained":[{"floor":9,"key":"Strawberry"},{"floor":11,"key":"Snake Skull"}],"event_choices":[{"cards_removed":["Strike_G"],"damage_healed":0,"gold_gain":0,"player_choice":"Forget","damage_taken":0,"max_hp_gain":0,"max_hp_loss":0,"event_name":"Living Wall","floor":5,"gold_loss":0},{"damage_healed":0,"gold_gain":0,"player_choice":"Donut","damage_taken":0,"max_hp_gain":5,"max_hp_loss":0,"event_name":"Big Fish","floor":7,"gold_loss":0},{"damage_healed":0,"gold_gain":0,"cards_transformed":["Strike_G"],"player_choice":"Transformed","damage_taken":0,"max_hp_gain":0,"max_hp_loss":0,"event_name":"Transmorgrifier","floor":14,"gold_loss":0,"cards_obtained":["Blade Dance"]}],"is_beta":false,"boss_relics":[],"items_purged_floors":[3],"is_endless":false,"potions_floor_spawned":[4],"killed_by":"Slime Boss","ascension_level":11}}