{"host":"bxdue9bkfm2khp2x","time":1612000864,"event":{"mods":["ATMod(阿瑾Mod)","Arknights The Spire","Aspiration","BaseMod","Better Vampires","Challenge The Spire","Colored Map","Colored Powertips","Conspire","Decade(王小明)","Dota2Spire","Highlight Path","Minty Spire (QoL Compilation)","MostiFishMod","Remilia（蕾米莉亚）","Replay The Spire","RumiaBox-露米娅的神秘盒子","Ryuuou龙王","Spicy Shops","StSLib","Td1madao Mod","The Alterego","The Bug Knight","The Cursed","The Servant 0.9.4","WarShipGirlsR/战舰少女R mod","noobMod","【功能Mod】混沌之环修复补丁","【遗物卡牌】REMEMod","篝火指南"],"gold_per_floor":[113,113,127,127,141,141,155,155,155,173,173,208,208,208,208,279,279,290,305,351,351,370,370,401,248,248,266,266,166,195,211,211,282,282,295,20,36,51,67,67,85,85,85,102,102,113,103,135,135,135],"floor_reached":51,"language":"ZHS","playtime":6531,"items_purged":["Injury","Strike_R","Defend_R","Strike_R"],"score":1330,"play_id":"e885eb1d-9795-4975-9058-1402d0ef6e4b","local_time":"20210130180104","is_ascension_mode":true,"campfire_choices":[{"data":"AT_ShrugMaster","floor":6,"key":"SMITH"},{"data":"Iron Wave","floor":8,"key":"SMITH"},{"data":"ats:Soul Absorption","floor":13,"key":"SMITH"},{"data":"AT_ShrugMaster","floor":15,"key":"SMITH"},{"data":"Berserk","floor":23,"key":"SMITH"},{"data":"Defend_R","floor":32,"key":"SMITH"},{"data":"REME_ACTH","floor":40,"key":"SMITH"},{"data":"Bash","floor":42,"key":"SMITH"},{"data":"Strike_R","floor":45,"key":"SMITH"},{"data":"Strike_R","floor":49,"key":"SMITH"}],"circlet_count":0,"master_deck":["AscendersBane","Strike_R","Strike_R+1","Strike_R+1","Defend_R+1","Defend_R+1","Defend_R+1","Bash+1","ats:Soul Absorption+1","AT_ShrugMaster+1","Iron Wave+1","AT_ShrugMaster+1","Berserk+1","conspire:Charge+1","AT_ShrugMaster+1","REME_ACTH+1"],"relics":["Burning Blood","DaveBox","REME_ComplimentaryCards","ice","AT_ATBox","DianPoetry","NeowsBlessing","SynthV:TestCard","Charon\u0027s Ashes","Molten Egg 2","HollowMod:LifeEnderRelic","Replay:Ringing Soul","Happy Flower","AT_SunfireAegis","Iron Hammer","Bottled Lightning","Dota2Spire:BlackKingBar","Bag of Preparation"],"acts_visited":["Exordium","TheCity","TheBeyond"],"potions_floor_usage":[12,18,41,50],"damage_taken":[{"damage":0,"enemies":"Small Slimes","floor":1,"turns":2},{"damage":0,"enemies":"2 Louse","floor":3,"turns":2},{"damage":0,"enemies":"Jaw Worm","floor":5,"turns":1},{"damage":10,"enemies":"Large Slime","floor":7,"turns":8},{"damage":6,"enemies":"Red Slaver","floor":10,"turns":3},{"damage":0,"enemies":"Replay:BlueRogue","floor":12,"turns":6},{"damage":2,"enemies":"Fading Forest","floor":16,"turns":11},{"damage":2,"enemies":"3 Byrds","floor":18,"turns":6},{"damage":0,"enemies":"Chosen","floor":19,"turns":4},{"damage":7,"enemies":"conspire:MimicChest","floor":20,"turns":8},{"damage":23,"enemies":"Centurion and Healer","floor":22,"turns":4},{"damage":12,"enemies":"conspire:Head Lice","floor":24,"turns":7},{"damage":0,"enemies":"Sentry and Sphere","floor":27,"turns":4},{"damage":2,"enemies":"HollowMod:Nosk","floor":30,"turns":5},{"damage":0,"enemies":"Chosen and Byrds","floor":31,"turns":5},{"damage":10,"enemies":"Collector","floor":33,"turns":6},{"damage":7,"enemies":"3 Darklings","floor":35,"turns":4},{"damage":8,"enemies":"Orb Walker","floor":37,"turns":3},{"damage":9,"enemies":"Sphere and 2 Shapes","floor":38,"turns":4},{"damage":0,"enemies":"Maw","floor":39,"turns":5},{"damage":14,"enemies":"Jaw Worm Horde","floor":41,"turns":3},{"damage":1,"enemies":"Sphere and 2 Shapes","floor":44,"turns":4},{"damage":0,"enemies":"Maw","floor":46,"turns":5},{"damage":0,"enemies":"Nemesis","floor":48,"turns":5},{"damage":15,"enemies":"Awakened One","floor":50,"turns":9}],"seed_played":"-2823252125637198922","potions_obtained":[{"floor":1,"key":"SteroidPotion"},{"floor":10,"key":"HeartOfIron"},{"floor":12,"key":"Adrenaline Potion"},{"floor":22,"key":"LiquidMemories"},{"floor":27,"key":"Dexterity Potion"},{"floor":38,"key":"conspire:TimeTravelPotion"},{"floor":46,"key":"BloodPotion"}],"is_trial":false,"path_per_floor":["M","?","M","?","M","R","M","R","T","M","?","E","R","?","R","B",null,"M","M","?","?","M","R","E","R","T","M","?","$","E","M","R","B",null,"M","$","M","M","M","R","M","R","T","M","R","M","?","E","R","B",null],"character_chosen":"IRONCLAD","items_purchased":["AT_SunfireAegis"],"campfire_rested":0,"item_purchase_floors":[25],"current_hp_per_floor":[74,51,57,53,59,59,55,55,55,55,55,61,61,61,61,73,75,75,75,74,77,60,60,54,54,54,60,60,60,64,70,70,69,78,77,77,75,72,78,78,81,81,81,81,81,81,81,81,81,72],"gold":135,"neow_bonus":"THREE_ENEMY_KILL","is_daily":false,"chose_seed":false,"campfire_upgraded":10,"win_rate":0.0,"timestamp":1612000864,"path_taken":["M","?","M","?","M","R","M","R","T","M","?","E","R","?","R","BOSS","M","M","?","?","M","R","E","R","T","?","?","$","E","M","R","BOSS","M","$","M","M","M","R","M","R","T","M","R","M","?","E","R","BOSS"],"items_purchased_type":["Relic"],"build_version":"2020-12-22","purchased_purges":4,"victory":true,"max_hp_per_floor":[75,75,75,75,75,75,75,75,75,75,75,75,75,75,75,75,75,75,75,75,78,78,78,78,78,78,78,78,78,78,78,78,81,81,81,81,81,81,81,81,81,81,81,81,81,81,81,81,81,81],"card_choices":[{"not_picked":["conspire:ExplosiveBarrier","AT_GerminateFire","Shrug It Off"],"picked":"SKIP","floor":1},{"not_picked":["Replay:Undeath\u0027s Touch","Anger","Infernal Blade","AT_BodySlamDance"],"picked":"Iron Wave","floor":3},{"not_picked":["Replay:Undeath\u0027s Touch","Armaments","ReplayTheSpireMod:Strike From Hell","MostiFishMod:#F4004"],"picked":"AT_ShrugMaster","floor":5},{"not_picked":["Thunderclap","Havoc","AT_GerminateFire","Replay:Undeath\u0027s Touch","AT_IchimonjiDouble"],"picked":"SKIP","floor":7},{"not_picked":["Power Through","Burning Pact","Abandon","Intimidate","Searing Blow"],"picked":"SKIP","floor":10},{"not_picked":["Whirlwind+1","Wild Strike+1","Sever Soul+1","MostiFishMod:WingOfPhoenix","Spot Weakness"],"picked":"SKIP","floor":12},{"not_picked":["Feed+1","MostiFishMod:RainCloud+1","Brutality","Exhume"],"picked":"Berserk","floor":16},{"not_picked":["Battle Trance","Flex","AT_IchimonjiDouble+1","True Grit"],"picked":"conspire:Charge+1","floor":18},{"not_picked":["Sword Boomerang+1","Dark Embrace","Cleave+1","Life Link","Rampage+1"],"picked":"SKIP","floor":19},{"not_picked":["AT_IchimonjiDouble+1","Cleave+1","Anger+1","Dropkick+1","Body Slam+1"],"picked":"SKIP","floor":22},{"not_picked":["Anger+1","Shockwave","Limit Break","Shrug It Off","Demon Form"],"picked":"SKIP","floor":24},{"not_picked":["Thunderclap+1","conspire:Charge+1","Whirlwind+1","Anger+1","Combust"],"picked":"SKIP","floor":27},{"not_picked":["Iron Wave+1","Pommel Strike+1","AT_CaressingTears","Dropkick+1","Intimidate"],"picked":"SKIP","floor":30},{"not_picked":["ReplayTheSpireMod:Stacked","Perfected Strike+1","Thunderclap+1","Uppercut+1","ReplayTheSpireMod:Strike From Hell+1"],"picked":"SKIP","floor":31},{"not_picked":["MostiFishMod:ChineseTea","Corruption","MostiFishMod:KnuckleDown","Feed+1"],"picked":"REME_ACTH","floor":33},{"not_picked":["Anger+1","Infernal Blade+1","AT_BodySlamDance","Second Wind","Body Slam+1"],"picked":"SKIP","floor":35},{"not_picked":["Iron Wave+1","ReplayTheSpireMod:Strike From Hell+1","Run Through+1","Havoc","Heavy Blade+1"],"picked":"SKIP","floor":37},{"not_picked":["Combust","True Grit+1","Burning Pact","Dual Wield","Pummel+1"],"picked":"SKIP","floor":38},{"not_picked":["AT_BodySlamDance","Burning Pact","Heavy Blade+1","Pommel Strike+1","Twin Strike+1"],"picked":"SKIP","floor":39},{"not_picked":["ReplayTheSpireMod:Muscle Training","Immolate+1","Pommel Strike+1","Clash+1","ReplayTheSpireMod:Stacked"],"picked":"SKIP","floor":41},{"not_picked":["Iron Wave+1","conspire:Charge+1","Replay:Undeath\u0027s Touch+1","Shockwave+1","AT_BodySlamDance"],"picked":"SKIP","floor":44},{"not_picked":["Thunderclap+1","Ghostly Armor","Uppercut+1","Perfected Strike+1","AT_BodySlamDance"],"picked":"SKIP","floor":46},{"not_picked":["Abandon","Clothesline+1","ReplayTheSpireMod:Strike From Hell+1","MostiFishMod:#F4004+1","Warcry"],"picked":"SKIP","floor":48}],"player_experience":1361521,"relics_obtained":[{"floor":1,"key":"SynthV:TestCard"},{"floor":9,"key":"Charon\u0027s Ashes"},{"floor":12,"key":"HollowMod:LifeEnderRelic"},{"floor":20,"key":"Replay:Ringing Soul"},{"floor":24,"key":"Happy Flower"},{"floor":26,"key":"Iron Hammer"},{"floor":30,"key":"Bottled Lightning"},{"floor":43,"key":"Dota2Spire:BlackKingBar"},{"floor":48,"key":"Bag of Preparation"}],"event_choices":[{"damage_healed":0,"gold_gain":0,"player_choice":"Entered Light","damage_taken":23,"max_hp_gain":0,"max_hp_loss":0,"event_name":"Shining Light","floor":2,"gold_loss":0,"cards_upgraded":["Defend_R","Defend_R"]},{"damage_healed":0,"gold_gain":0,"player_choice":"Leave","damage_taken":0,"max_hp_gain":0,"max_hp_loss":0,"event_name":"conspire:Investor","floor":4,"gold_loss":0},{"damage_healed":0,"gold_gain":0,"player_choice":"Ignored","damage_taken":0,"max_hp_gain":0,"max_hp_loss":0,"event_name":"Liars Game","floor":14,"gold_loss":0},{"damage_healed":0,"gold_gain":0,"player_choice":"Copied","damage_taken":0,"max_hp_gain":0,"max_hp_loss":0,"event_name":"Duplicator","floor":21,"gold_loss":0,"cards_obtained":["AT_ShrugMaster"]},{"damage_healed":0,"gold_gain":0,"player_choice":"Ignored","damage_taken":0,"max_hp_gain":0,"max_hp_loss":0,"event_name":"Ghosts","floor":28,"gold_loss":0}],"is_beta":false,"boss_relics":[{"not_picked":["aspiration:SilentSkillbook","aspiration:WatcherSkillbook","conspire:SlowCooker"]},{"not_picked":["aspiration:PoetsPen_weak","Replay:Drink Me","OneHitWonderSystem"]}],"items_purged_floors":[25,29,36,36],"is_endless":false,"potions_floor_spawned":[1,10,12,22,27,31,33,38,39,46],"ascension_level":17}}