{"host":"auv68s8i97pkmhwr","time":1612004153,"event":{"mods":["A Penny For Your Troubles","AchievementEnabler","BaseMod","Best Route Mod","Bestiary","Better Altar","Better Match","Better Sensory Stone","Better Skull","Better Third Choice","Better Vampires","BetterRewards","Block Reminder","Colored Map","Colored Powertips","Dark Map","Displayed Cursed Tome","Minty Spire (QoL Compilation)","StSLib","SuperFastMode","Uncapped","Unceasing Turn Reminder"],"gold_per_floor":[112,126,201,220,232,264,281,281,281,301,329,329,329,654,654,750,750,769,498,164,180,180,213,224,258,283,355,381,395,426,442,442,547,547,557,571,621,634,484,510,510,543,543,569,585,585,612,612,612,613,613,613,130,161,161],"floor_reached":56,"language":"ENG","playtime":1885,"items_purged":["Strike_B","Strike_B","Strike_B","Pain","Defend_B"],"score":2548,"play_id":"44ea649f-0ec9-4f8f-8a59-f893c5fe9820","local_time":"20210130185553","is_ascension_mode":true,"campfire_choices":[{"data":"Capacitor","floor":8.0,"key":"SMITH"},{"data":"Coolheaded","floor":15.0,"key":"SMITH"},{"data":"Self Repair","floor":32.0,"key":"SMITH"},{"data":"Dualcast","floor":41.0,"key":"SMITH"},{"floor":46,"key":"RECALL"},{"data":"Zap","floor":49,"key":"SMITH"},{"data":"Conserve Battery","floor":52,"key":"SMITH"}],"circlet_count":0,"master_deck":["AscendersBane","Strike_B","Defend_B","Defend_B+1","Zap+1","Dualcast+1","Streamline+1","Conserve Battery+1","Cold Snap+1","Leap+1","Ball Lightning+1","Capacitor+1","Coolheaded+1","Electrodynamics","Consume+1","Self Repair+1","White Noise+1","Clumsy","Creative AI+1"],"relics":["Cracked Core","Letter Opener","Torii","Pantograph","Molten Egg 2","Bird Faced Urn","PreservedInsect","Pocketwatch","HandDrill","Toy Ornithopter","Happy Flower","Old Coin","Cursed Key","Anchor","Toxic Egg 2","Meat on the Bone","Tiny Chest","Potion Belt","Frozen Egg 2","Mummified Hand","Bag of Preparation","Busted Crown","Mango","Ginger","Bronze Scales","Turnip","Calipers","TheAbacus","War Paint"],"acts_visited":["Exordium","TheCity","TheBeyond","TheEnding"],"potions_floor_usage":[47,50,53,54,54,55,55,55],"damage_taken":[{"damage":8.0,"enemies":"Small Slimes","floor":1.0,"turns":2.0},{"damage":0.0,"enemies":"Cultist","floor":2.0,"turns":3.0},{"damage":0.0,"enemies":"2 Louse","floor":4.0,"turns":1.0},{"damage":2.0,"enemies":"Blue Slaver","floor":5.0,"turns":3.0},{"damage":0.0,"enemies":"Lagavulin","floor":6.0,"turns":3.0},{"damage":1.0,"enemies":"Lots of Slimes","floor":7.0,"turns":3.0},{"damage":1.0,"enemies":"3 Louse","floor":10.0,"turns":3.0},{"damage":1.0,"enemies":"Gremlin Nob","floor":11.0,"turns":3.0},{"damage":1.0,"enemies":"3 Sentries","floor":14.0,"turns":5.0},{"damage":2.0,"enemies":"The Guardian","floor":16.0,"turns":8.0},{"damage":7.0,"enemies":"Spheric Guardian","floor":18.0,"turns":3.0},{"damage":0.0,"enemies":"3 Byrds","floor":21.0,"turns":2.0},{"damage":9.0,"enemies":"Slavers","floor":23.0,"turns":4.0},{"damage":1.0,"enemies":"Centurion and Healer","floor":24.0,"turns":5.0},{"damage":16.0,"enemies":"Gremlin Leader","floor":25.0,"turns":5.0},{"damage":5.0,"enemies":"Book of Stabbing","floor":28.0,"turns":4.0},{"damage":6.0,"enemies":"3 Cultists","floor":29.0,"turns":4.0},{"damage":3.0,"enemies":"Gremlin Leader","floor":30.0,"turns":3.0},{"damage":17.0,"enemies":"Shelled Parasite and Fungi","floor":31.0,"turns":5.0},{"damage":42.0,"enemies":"Collector","floor":33.0,"turns":7.0},{"damage":4.0,"enemies":"Orb Walker","floor":35.0,"turns":3.0},{"damage":21.0,"enemies":"3 Shapes","floor":36.0,"turns":4.0},{"damage":25.0,"enemies":"Mind Bloom Boss Battle","floor":37.0,"turns":7.0},{"damage":21.0,"enemies":"3 Darklings","floor":38.0,"turns":4.0},{"damage":17.0,"enemies":"Reptomancer","floor":40.0,"turns":6.0},{"damage":0.0,"enemies":"Giant Head","floor":42.0,"turns":6.0},{"damage":22,"enemies":"Reptomancer","floor":44,"turns":6},{"damage":21,"enemies":"Jaw Worm Horde","floor":45,"turns":3},{"damage":24,"enemies":"Nemesis","floor":47,"turns":7},{"damage":45,"enemies":"Time Eater","floor":50,"turns":9},{"damage":2,"enemies":"Shield and Spear","floor":54,"turns":3},{"damage":59,"enemies":"The Heart","floor":55,"turns":9}],"seed_played":"-7880495739182376375","potions_obtained":[{"floor":2.0,"key":"Strength Potion"},{"floor":6.0,"key":"SteroidPotion"},{"floor":10.0,"key":"LiquidMemories"},{"floor":11.0,"key":"LiquidMemories"},{"floor":21.0,"key":"LiquidBronze"},{"floor":23.0,"key":"Block Potion"},{"floor":31.0,"key":"Fruit Juice"},{"floor":38.0,"key":"DistilledChaos"},{"floor":40.0,"key":"SpeedPotion"},{"floor":45,"key":"LiquidMemories"},{"floor":47,"key":"Explosive Potion"}],"is_trial":false,"path_per_floor":["M","M","?","M","M","E","M","R","T","M","E","?","?","E","R","B",null,"M","$","$","M","?","E","M","E","T","T","E","M","E","M","R","B",null,"M","M","?","M","$","E","R","E","T","E","M","R","E","?","R","B",null,"R","$","E","B",null],"character_chosen":"DEFECT","items_purchased":["Letter Opener","Pantograph","Molten Egg 2","Streamline+1","Conserve Battery","PreservedInsect","HandDrill","Cold Snap+1","Anchor","Toxic Egg 2","Consume+1","TheAbacus","Dexterity Potion","SkillPotion","Swift Potion"],"campfire_rested":0,"item_purchase_floors":[0,0,0,0,0,0,0,0,19,20,20,53,53,53,53],"current_hp_per_floor":[60,60,53,53,51,51,50,50,50,51,52,57,57,58,58,78,80,73,73,73,80,80,80,80,66,66,66,80,78,80,72,72,52,73,80,76,91,84,84,94,94,94,94,94,75,75,94,94,94,81,91,91,99,99,74],"gold":161,"neow_bonus":"","is_daily":false,"chose_seed":false,"campfire_upgraded":6,"win_rate":0.0,"timestamp":1612004153,"path_taken":["M","M","?","?","M","E","M","R","T","M","E","?","?","E","R","BOSS","M","?","$","M","?","E","?","E","T","?","E","M","E","M","R","BOSS","M","M","?","M","$","E","R","E","T","E","M","R","E","?","R","BOSS","R","$","E","BOSS"],"items_purchased_type":["Relic","Relic","Relic","Card","Card","Relic","Relic","Card","Relic","Relic","Card","Relic","Potion","Potion","Potion"],"build_version":"2020-12-22","purchased_purges":5,"victory":true,"max_hp_per_floor":[75,75,75,75,75,75,75,75,75,75,75,80,80,80,80,80,80,80,80,80,80,80,80,80,80,80,80,80,80,80,80,80,80,80,80,80,94,94,94,94,94,94,94,94,94,94,94,94,94,94,94,94,99,99,99],"card_choices":[{"not_picked":["Cold Snap+1","Reprogram"],"picked":"Leap","floor":1.0},{"not_picked":["Gash+1","Consume","Rebound+1"],"picked":"SKIP","floor":2.0},{"not_picked":["Redo","FTL+1","Amplify"],"picked":"SKIP","floor":4.0},{"not_picked":["Beam Cell+1","Gash+1"],"picked":"Ball Lightning+1","floor":5.0},{"not_picked":["Echo Form","Leap","Stack"],"picked":"SKIP","floor":6.0},{"not_picked":["Cold Snap+1","Stack"],"picked":"Capacitor","floor":7.0},{"not_picked":["Doom and Gloom+1","Compile Driver+1","Fusion"],"picked":"SKIP","floor":10.0},{"not_picked":["Turbo","Barrage+1","Sweeping Beam+1"],"picked":"SKIP","floor":11.0},{"not_picked":["Barrage+1","Darkness"],"picked":"Coolheaded","floor":14.0},{"not_picked":["Reboot","Seek"],"picked":"Electrodynamics","floor":16.0},{"not_picked":["Rebound+1","Redo","Fusion"],"picked":"SKIP","floor":18.0},{"not_picked":["Redo+1","Cold Snap+1","Go for the Eyes+1"],"picked":"SKIP","floor":21.0},{"not_picked":["Barrage+1","Auto Shields+1","Compile Driver+1"],"picked":"SKIP","floor":23.0},{"not_picked":["Melter+1","Chaos+1"],"picked":"White Noise+1","floor":24.0},{"not_picked":["Force Field+1","Ball Lightning+1","Rebound+1"],"picked":"SKIP","floor":25.0},{"not_picked":["Lockon+1","Redo+1","Cold Snap+1"],"picked":"SKIP","floor":28.0},{"not_picked":["Undo+1","Reinforced Body+1","Beam Cell+1"],"picked":"SKIP","floor":29.0},{"not_picked":["Steam Power+1","Sweeping Beam+1","Turbo+1"],"picked":"SKIP","floor":30.0},{"not_picked":["Turbo+1","Gash+1","Ball Lightning+1"],"picked":"SKIP","floor":31.0},{"not_picked":["Seek+1","Biased Cognition+1"],"picked":"Creative AI+1","floor":33.0},{"not_picked":["BootSequence+1"],"picked":"SKIP","floor":35.0},{"not_picked":["Streamline+1"],"picked":"SKIP","floor":36.0},{"not_picked":["Recycle+1"],"picked":"SKIP","floor":38.0},{"not_picked":["Rebound+1"],"picked":"SKIP","floor":40.0},{"not_picked":["Rebound+1"],"picked":"SKIP","floor":40.0},{"not_picked":["Reprogram+1"],"picked":"SKIP","floor":42.0},{"not_picked":["Hyperbeam+1"],"picked":"SKIP","floor":44},{"not_picked":["Stack+1"],"picked":"SKIP","floor":45},{"not_picked":["Compile Driver+1"],"picked":"SKIP","floor":47},{"not_picked":["Compile Driver+1"],"picked":"SKIP","floor":54}],"player_experience":1268635,"relics_obtained":[{"floor":6.0,"key":"Toy Ornithopter"},{"floor":11.0,"key":"Happy Flower"},{"floor":14.0,"key":"Old Coin"},{"floor":23.0,"key":"Meat on the Bone"},{"floor":25.0,"key":"Tiny Chest"},{"floor":26.0,"key":"Potion Belt"},{"floor":27.0,"key":"Frozen Egg 2"},{"floor":28.0,"key":"Mummified Hand"},{"floor":30.0,"key":"Bag of Preparation"},{"floor":37.0,"key":"Mango"},{"floor":40.0,"key":"Ginger"},{"floor":42.0,"key":"Bronze Scales"},{"floor":44,"key":"Turnip"},{"floor":47,"key":"Calipers"},{"floor":54,"key":"War Paint"}],"event_choices":[{"damage_healed":0.0,"max_hp_gain":0.0,"max_hp_loss":0.0,"gold_gain":75.0,"event_name":"FaceTrader","player_choice":"Touch","floor":3.0,"gold_loss":0.0,"damage_taken":7.0},{"damage_healed":0.0,"max_hp_gain":5.0,"max_hp_loss":0.0,"gold_gain":0.0,"event_name":"Big Fish","player_choice":"Donut","floor":12.0,"gold_loss":0.0,"damage_taken":0.0},{"damage_healed":0.0,"max_hp_gain":0.0,"max_hp_loss":0.0,"gold_gain":0.0,"event_name":"Lab","player_choice":"Got Potions","floor":13.0,"gold_loss":0.0,"damage_taken":0.0},{"damage_healed":0.0,"max_hp_gain":0.0,"max_hp_loss":0.0,"gold_gain":0.0,"event_name":"The Library","player_choice":"Read","floor":22.0,"gold_loss":0.0,"damage_taken":0.0,"cards_obtained":["Self Repair"]},{"damage_healed":0.0,"max_hp_gain":0.0,"max_hp_loss":0.0,"gold_gain":0.0,"event_name":"MindBloom","player_choice":"Fight","floor":37.0,"gold_loss":0.0,"damage_taken":0.0},{"damage_healed":0,"gold_gain":0,"player_choice":"Ignored","damage_taken":0,"max_hp_gain":0,"max_hp_loss":0,"event_name":"Tomb of Lord Red Mask","floor":48,"gold_loss":0}],"is_beta":false,"boss_relics":[{"not_picked":["SlaversCollar","Black Star"],"picked":"Cursed Key"},{"not_picked":["SacredBark","Empty Cage"],"picked":"Busted Crown"}],"items_purged_floors":[0,0,19,39,53],"is_endless":false,"potions_floor_spawned":[2,6,10,11,18,21,23,25,31,38,40,45,47],"ascension_level":10}}