{"host":"9kesdg97wkrx2bva","time":1612042277,"event":{"mods":["AchievementEnabler","BaseMod","Colored Map","GifTheSpireLib","Infinite Spire","Minty Spire (QoL Compilation)","Replay The Spire","StSLib"],"gold_per_floor":[110,110,129,149,74,102,102,113,167,202,202,215,230,242,242,242,242],"floor_reached":16,"language":"ENG","playtime":520,"items_purged":["Strike_B"],"score":217,"play_id":"a8925590-0dcf-40b3-8fed-148288c40ac5","local_time":"20210130153117","is_ascension_mode":true,"campfire_choices":[{"data":"Zap","floor":7,"key":"SMITH"},{"floor":11,"key":"REST"},{"data":"Defragment","floor":15,"key":"SMITH"}],"circlet_count":0,"master_deck":["AscendersBane","Strike_B","Strike_B","Strike_B","Defend_B","Defend_B","Defend_B","Zap+1","Dualcast","Panic Button","Chill","Streamline","Defragment+1","Ball Lightning","Rainbow","Leap","Crystallizer","FTL"],"relics":["Cracked Core","NeowsBlessing","Matryoshka","Quantum Egg","Lantern","Potion Belt"],"acts_visited":["Exordium"],"potions_floor_usage":[6,6,8,13],"damage_taken":[{"damage":0,"enemies":"Jaw Worm","floor":1,"turns":1},{"damage":0,"enemies":"Cultist","floor":3,"turns":1},{"damage":0,"enemies":"Small Slimes","floor":4,"turns":1},{"damage":25,"enemies":"Lagavulin","floor":6,"turns":6},{"damage":9,"enemies":"3 Louse","floor":8,"turns":2},{"damage":20,"enemies":"3 Sentries","floor":10,"turns":8},{"damage":0,"enemies":"Lots of Slimes","floor":12,"turns":3},{"damage":0,"enemies":"2 Fungi Beasts","floor":13,"turns":3},{"damage":0,"enemies":"Large Slime","floor":14,"turns":4},{"damage":53,"enemies":"Fading Forest","floor":16,"turns":10}],"seed_played":"550357128296273481","potions_obtained":[{"floor":1,"key":"Swift Potion"},{"floor":3,"key":"Explosive Potion"},{"floor":6,"key":"DistilledChaos"},{"floor":12,"key":"DistilledChaos"}],"is_trial":false,"path_per_floor":["M","?","M","M","$","E","R","M","T","E","R","M","M","M","R","B"],"character_chosen":"DEFECT","items_purchased":[],"campfire_rested":1,"item_purchase_floors":[],"current_hp_per_floor":[64,64,64,64,64,39,39,30,30,10,31,31,31,31,31,0,0],"gold":242,"neow_bonus":"THREE_ENEMY_KILL","is_daily":false,"chose_seed":false,"campfire_upgraded":2,"win_rate":0.0,"timestamp":1612042277,"path_taken":["M","?","M","?","$","E","R","M","T","E","R","M","M","M","R","BOSS"],"items_purchased_type":[],"build_version":"2020-12-22","purchased_purges":1,"victory":false,"max_hp_per_floor":[71,71,71,71,71,71,71,71,71,71,71,71,71,71,71,71,71],"card_choices":[{"not_picked":["Stack","Cold Snap"],"picked":"Panic Button","floor":1},{"not_picked":["BootSequence","Tempest"],"picked":"Chill","floor":3},{"not_picked":["Barrage","Leap"],"picked":"Streamline","floor":4},{"not_picked":["Go for the Eyes","Streamline"],"picked":"Defragment","floor":6},{"not_picked":["Force Field","Cold Snap"],"picked":"Ball Lightning","floor":8},{"not_picked":["Beam Cell","Auto Shields"],"picked":"Rainbow","floor":10},{"not_picked":["Rip and Tear","ReplaySort"],"picked":"Leap","floor":12},{"not_picked":["Scrape","BootSequence"],"picked":"Crystallizer","floor":13},{"not_picked":["Scrape","Redo"],"picked":"FTL","floor":14}],"player_experience":988712,"relics_obtained":[{"floor":6,"key":"Matryoshka"},{"floor":9,"key":"Quantum Egg"},{"floor":9,"key":"Lantern"},{"floor":10,"key":"Potion Belt"}],"event_choices":[{"cards_removed":["Defend_B"],"damage_healed":0,"gold_gain":0,"player_choice":"Purged","damage_taken":0,"max_hp_gain":0,"max_hp_loss":0,"event_name":"Purifier","floor":2,"gold_loss":0}],"is_beta":false,"boss_relics":[],"items_purged_floors":[5],"is_endless":false,"potions_floor_spawned":[1,3,6,12],"killed_by":"Fading Forest","ascension_level":18}}