{"host":"9n6i2vl93jt4o42q","time":1612029084,"event":{"mods":["BaseMod","Minty Spire (QoL Compilation)","Relic Stats"],"gold_per_floor":[118,118,1,1,1,1,30,45,45,45,71,87,87,99,99,174,174,184,13,13,31,81,81,114,130,178,178,205,205,37,55,55,129,129,147,158,83,108,108,108,33,61,61,71,85,85,85,119,119,119,119,119,119,44,44,44],"floor_reached":55,"language":"ENG","playtime":5093,"items_purged":["Strike_G"],"score":2063,"play_id":"27a221b4-3f80-42d1-a057-a5d728dad02a","local_time":"20210130185124","is_ascension_mode":true,"campfire_choices":[{"data":"Poisoned Stab","floor":6.0,"key":"SMITH"},{"data":"Catalyst","floor":13.0,"key":"SMITH"},{"data":"Bouncing Flask","floor":15.0,"key":"SMITH"},{"data":"Adrenaline","floor":23.0,"key":"SMITH"},{"data":"Deflect","floor":27.0,"key":"SMITH"},{"data":"Bullet Time","floor":32.0,"key":"SMITH"},{"floor":40.0,"key":"RECALL"},{"data":"Night Terror","floor":46.0,"key":"SMITH"},{"data":"Calculated Gamble","floor":47.0,"key":"SMITH"},{"data":"Acrobatics","floor":49.0,"key":"SMITH"},{"data":"Catalyst","floor":53.0,"key":"SMITH"}],"circlet_count":0,"master_deck":["AscendersBane","Strike_G+1","Strike_G","Strike_G+1","Strike_G+1","Defend_G","Defend_G","Defend_G","Defend_G","Defend_G","Survivor","Neutralize+1","Poisoned Stab+1","Noxious Fumes+1","Blur","Endless Agony","Bane","Catalyst+1","Bouncing Flask+1","Adrenaline+1","Deflect+1","Acrobatics+1","Backflip","Crippling Poison","PiercingWail+1","Bullet Time+1","Dagger Spray+1","Leg Sweep","Night Terror+1","Calculated Gamble+1","Madness","Madness","Catalyst+1","PiercingWail+1","Blur","Catalyst+1","Footwork"],"relics":["Ring of the Snake","NeowsBlessing","Whetstone","Eternal Feather","Gremlin Horn","Coffee Dripper","TwistedFunnel","Vajra","Oddly Smooth Stone","Ninja Scroll","Orrery","SlaversCollar","WingedGreaves","Prayer Wheel","Bronze Scales"],"acts_visited":["Exordium","TheCity","TheBeyond","TheEnding"],"potions_floor_usage":[],"damage_taken":[{"damage":0.0,"enemies":"Jaw Worm","floor":1.0,"turns":1.0},{"damage":0.0,"enemies":"Gremlin Nob","floor":7.0,"turns":1.0},{"damage":0.0,"enemies":"Small Slimes","floor":8.0,"turns":1.0},{"damage":20.0,"enemies":"Lagavulin","floor":11.0,"turns":5.0},{"damage":0.0,"enemies":"Cultist","floor":12.0,"turns":3.0},{"damage":9.0,"enemies":"Blue Slaver","floor":14.0,"turns":4.0},{"damage":18.0,"enemies":"The Guardian","floor":16.0,"turns":6.0},{"damage":14.0,"enemies":"Spheric Guardian","floor":18.0,"turns":4.0},{"damage":3.0,"enemies":"Shell Parasite","floor":21.0,"turns":3.0},{"damage":12.0,"enemies":"Book of Stabbing","floor":24.0,"turns":3.0},{"damage":8.0,"enemies":"Sentry and Sphere","floor":25.0,"turns":4.0},{"damage":25.0,"enemies":"Gremlin Leader","floor":28.0,"turns":3.0},{"damage":0.0,"enemies":"Chosen and Byrds","floor":31.0,"turns":3.0},{"damage":43.0,"enemies":"Automaton","floor":33.0,"turns":7.0},{"damage":0.0,"enemies":"Orb Walker","floor":35.0,"turns":2.0},{"damage":3.0,"enemies":"3 Shapes","floor":36.0,"turns":4.0},{"damage":2.0,"enemies":"Mind Bloom Boss Battle","floor":38.0,"turns":5.0},{"damage":1.0,"enemies":"Giant Head","floor":42.0,"turns":4.0},{"damage":22.0,"enemies":"Jaw Worm Horde","floor":44.0,"turns":5.0},{"damage":0.0,"enemies":"Spire Growth","floor":45.0,"turns":3.0},{"damage":30.0,"enemies":"Reptomancer","floor":48.0,"turns":4.0},{"damage":36.0,"enemies":"Awakened One","floor":50.0,"turns":9.0},{"damage":0.0,"enemies":"Time Eater","floor":51.0,"turns":4.0},{"damage":72,"enemies":"Shield and Spear","floor":55,"turns":8}],"seed_played":"-7209475553385837395","potions_obtained":[{"floor":1.0,"key":"DuplicationPotion"},{"floor":7.0,"key":"Strength Potion"},{"floor":10.0,"key":"Block Potion"},{"floor":12.0,"key":"Swift Potion"},{"floor":21.0,"key":"SpeedPotion"},{"floor":25.0,"key":"AttackPotion"},{"floor":36.0,"key":"Weak Potion"},{"floor":45.0,"key":"DuplicationPotion"},{"floor":48.0,"key":"SpeedPotion"}],"is_trial":false,"path_per_floor":["M","?","$","?","?","R","E","M","T","?","E","M","R","M","R","B",null,"M","$","?","M","?","R","E","M","T","R","E","?","$","M","R","B",null,"M","M","$","?","?","R","$","E","T","M","M","R","R","E","R","B","B",null,"R","$","E"],"character_chosen":"THE_SILENT","items_purchased":["Noxious Fumes","Blur","TwistedFunnel","Orrery","Catalyst","Footwork"],"campfire_rested":0,"item_purchase_floors":[3,3,19,30,41,54],"current_hp_per_floor":[59,64,64,43,43,43,43,43,43,43,23,23,32,23,35,17,58,44,44,44,41,41,53,41,33,33,45,20,34,34,34,49,6,55,55,52,52,50,37,55,55,54,54,32,32,53,71,41,62,26,26,60,71,71,0,0],"gold":44,"neow_bonus":"THREE_ENEMY_KILL","is_daily":false,"chose_seed":false,"campfire_upgraded":10,"win_rate":0.0,"timestamp":1612029084,"path_taken":["M","?","$","?","?","R","E","?","T","?","E","M","R","?","R","BOSS","M","$","?","M","?","R","E","M","T","R","E","?","?","M","R","BOSS","M","M","$","?","?","R","?","E","T","M","M","R","R","E","R","BOSS","BOSS","R","$","E"],"items_purchased_type":["Card","Card","Relic","Relic","Card","Card"],"build_version":"2020-12-22","purchased_purges":1,"victory":false,"max_hp_per_floor":[66,71,71,71,71,71,71,71,71,71,71,71,71,71,71,71,71,71,71,71,71,71,71,71,71,71,71,71,71,71,71,71,71,71,71,71,71,71,71,71,71,71,71,71,71,71,71,71,71,71,71,71,71,71,71,71],"relic_stats":{"Gremlin Horn":[18,18],"counters":[24,96],"Bronze Scales":[101],"Eternal Feather":149,"Prayer Wheel":2,"Whetstone":["Strike_G","Strike_G"],"obtain_stats":[{"TwistedFunnel":19,"NeowsBlessing":0,"Gremlin Horn":11,"Vajra":24,"Oddly Smooth Stone":26,"Eternal Feather":9,"Whetstone":7,"SlaversCollar":34,"Ninja Scroll":28,"Bronze Scales":48,"Orrery":30,"Prayer Wheel":42,"WingedGreaves":38,"Coffee Dripper":17,"Ring of the Snake":0},{"TwistedFunnel":8,"NeowsBlessing":0,"Gremlin Horn":4,"Vajra":10,"Oddly Smooth Stone":11,"Eternal Feather":3,"Whetstone":2,"SlaversCollar":14,"Ninja Scroll":12,"Bronze Scales":21,"Orrery":12,"Prayer Wheel":18,"WingedGreaves":17,"Coffee Dripper":7,"Ring of the Snake":0},{"TwistedFunnel":25,"NeowsBlessing":0,"Gremlin Horn":8,"Vajra":31,"Oddly Smooth Stone":35,"Eternal Feather":3,"Whetstone":2,"SlaversCollar":48,"Ninja Scroll":38,"Bronze Scales":75,"Orrery":38,"Prayer Wheel":63,"WingedGreaves":59,"Coffee Dripper":21,"Ring of the Snake":0}],"Ring of the Snake":[46]},"card_choices":[{"not_picked":["Well Laid Plans","Blur"],"picked":"Poisoned Stab","floor":1.0},{"not_picked":["Dodge and Roll","Poisoned Stab"],"picked":"Endless Agony","floor":7.0},{"not_picked":["Blade Dance","Quick Slash"],"picked":"Bane","floor":8.0},{"not_picked":["Deflect","Terror"],"picked":"Catalyst","floor":11.0},{"not_picked":["Heel Hook","Outmaneuver","Cloak And Dagger"],"picked":"SKIP","floor":12.0},{"not_picked":["Slice","Eviscerate"],"picked":"Bouncing Flask","floor":14.0},{"not_picked":["Die Die Die","A Thousand Cuts"],"picked":"Adrenaline","floor":16.0},{"not_picked":["Skewer","Slice"],"picked":"Deflect","floor":18.0},{"not_picked":["Slice","Quick Slash"],"picked":"Acrobatics","floor":21.0},{"not_picked":["Underhanded Strike","Finisher+1","Predator"],"picked":"SKIP","floor":24.0},{"not_picked":["All Out Attack","Prepared"],"picked":"Backflip","floor":25.0},{"not_picked":["Quick Slash","Grand Finale"],"picked":"Crippling Poison","floor":28.0},{"not_picked":["Bane","Deadly Poison"],"picked":"PiercingWail+1","floor":30.0},{"not_picked":["Quick Slash","Slice+1"],"picked":"Bullet Time","floor":30.0},{"not_picked":["Bane","Cloak And Dagger"],"picked":"Dagger Spray+1","floor":30.0},{"not_picked":["Poisoned Stab","Underhanded Strike"],"picked":"Leg Sweep","floor":31.0},{"not_picked":["Storm of Steel","Grand Finale"],"picked":"Night Terror","floor":33.0},{"not_picked":["Dagger Throw","Bane"],"picked":"Calculated Gamble","floor":35.0},{"not_picked":["Dash+1","Dagger Throw+1","Crippling Poison"],"picked":"SKIP","floor":36.0},{"not_picked":["Prepared","Infinite Blades"],"picked":"PiercingWail+1","floor":42.0},{"not_picked":["Bane","Underhanded Strike"],"picked":"Blur","floor":44.0},{"not_picked":["Outmaneuver+1","Dodge and Roll","Eviscerate+1"],"picked":"SKIP","floor":44.0},{"not_picked":["Blade Dance","Prepared+1"],"picked":"Catalyst+1","floor":45.0},{"not_picked":["Escape Plan","Dash","Sucker Punch"],"picked":"SKIP","floor":45.0},{"not_picked":["Eviscerate","Poisoned Stab","Flying Knee"],"picked":"SKIP","floor":48.0}],"player_experience":2336435,"relics_obtained":[{"floor":7.0,"key":"Whetstone"},{"floor":9.0,"key":"Eternal Feather"},{"floor":11.0,"key":"Gremlin Horn"},{"floor":24.0,"key":"Vajra"},{"floor":26.0,"key":"Oddly Smooth Stone"},{"floor":28.0,"key":"Ninja Scroll"},{"floor":38.0,"key":"WingedGreaves"},{"floor":42.0,"key":"Prayer Wheel"},{"floor":48.0,"key":"Bronze Scales"}],"event_choices":[{"damage_healed":0.0,"max_hp_gain":5.0,"max_hp_loss":0.0,"gold_gain":0.0,"event_name":"Big Fish","player_choice":"Donut","floor":2.0,"gold_loss":0.0,"damage_taken":0.0},{"damage_healed":0.0,"max_hp_gain":0.0,"max_hp_loss":0.0,"gold_gain":0.0,"event_name":"Shining Light","player_choice":"Entered Light","floor":4.0,"gold_loss":0.0,"damage_taken":21.0,"cards_upgraded":["Neutralize","Strike_G"]},{"damage_healed":0.0,"max_hp_gain":0.0,"max_hp_loss":0.0,"gold_gain":0.0,"event_name":"Upgrade Shrine","player_choice":"Upgraded","floor":5.0,"gold_loss":0.0,"damage_taken":0.0,"cards_upgraded":["Noxious Fumes"]},{"damage_healed":0.0,"max_hp_gain":0.0,"max_hp_loss":0.0,"gold_gain":0.0,"event_name":"Lab","player_choice":"Got Potions","floor":10.0,"gold_loss":0.0,"damage_taken":0.0},{"damage_healed":0.0,"max_hp_gain":0.0,"max_hp_loss":0.0,"gold_gain":50.0,"event_name":"Nest","player_choice":"Stole From Cult","floor":22.0,"gold_loss":0.0,"damage_taken":0.0},{"damage_healed":14.0,"max_hp_gain":0.0,"max_hp_loss":0.0,"gold_gain":0.0,"event_name":"The Library","player_choice":"Heal","floor":29.0,"gold_loss":0.0,"damage_taken":0.0},{"damage_healed":0.0,"max_hp_gain":0.0,"max_hp_loss":0.0,"gold_gain":0.0,"event_name":"MindBloom","player_choice":"Fight","floor":38.0,"gold_loss":0.0,"damage_taken":0.0},{"damage_healed":0.0,"max_hp_gain":0.0,"max_hp_loss":0.0,"gold_gain":0.0,"event_name":"Winding Halls","player_choice":"Embrace Madness","floor":39.0,"gold_loss":0.0,"damage_taken":13.0,"cards_obtained":["Madness","Madness"]}],"is_beta":false,"boss_relics":[{"not_picked":["Empty Cage","Runic Dome"],"picked":"Coffee Dripper"},{"not_picked":["Black Star","WristBlade"],"picked":"SlaversCollar"}],"items_purged_floors":[37],"is_endless":false,"potions_floor_spawned":[1,7,12,16,21,25,36,38,42,45,48],"killed_by":"Shield and Spear","ascension_level":20}}