{"host":"ty2cix8xj6r3ad26","time":1612036299,"event":{"mods":["AchievementEnabler","BaseMod","BetterRewards","Infinite Spire","Minty Spire (QoL Compilation)","Quick Restart","StSLib","SuperFastMode"],"gold_per_floor":[109,69,80,93,104,104,4,4,4,4,16,16,29,63,63,167,167,183,108,108,119,136,136,11,46,121,53,53,53,78,97,97,199,199,212,60,70,84,95,95,95,107,130,148,148,36,36,56,56,56],"floor_reached":51,"language":"ENG","playtime":2200,"items_purged":["Strike_P","Strike_P","Defend_P","Defend_P","Conclude+1"],"score":1554,"play_id":"d03c0e33-f9b0-41df-b388-c393863398d2","local_time":"20210130215139","is_ascension_mode":true,"campfire_choices":[{"data":"Eruption","floor":6,"key":"SMITH"},{"data":"SignatureMove","floor":10,"key":"SMITH"},{"data":"Vigilance","floor":12,"key":"SMITH"},{"data":"FlurryOfBlows","floor":15,"key":"SMITH"},{"data":"Vault","floor":23,"key":"SMITH"},{"data":"EmptyBody","floor":32,"key":"SMITH"},{"data":"FlurryOfBlows","floor":40,"key":"SMITH"},{"data":"Conclude","floor":45,"key":"SMITH"},{"data":"MentalFortress","floor":47,"key":"SMITH"},{"data":"Establishment","floor":49,"key":"SMITH"}],"circlet_count":0,"master_deck":["Defend_P+1","Eruption+1","Vigilance+1","SignatureMove+1","EmptyBody+1","Consecrate","FlurryOfBlows+1","Establishment+1","Vault+1","ClearTheMind+1","Protect+1","FlurryOfBlows+1","Tantrum+1","infinitespire:Gouge+1","MentalFortress+1"],"relics":["Ring of the Snake","Shuriken","Oddly Smooth Stone","Ornamental Fan","infinitespire:Cubic Diamond","Vajra","Pantograph","VioletLotus","infinitespire:Midas Blood","StoneCalendar","HornCleat","Matryoshka","Whetstone","Runic Dome","Membership Card","Anchor","War Paint"],"acts_visited":["Exordium","TheCity","TheBeyond"],"potions_floor_usage":[5,11,13,13,21,33,38,50],"damage_taken":[{"damage":3,"enemies":"2 Louse","floor":1,"turns":2},{"damage":0,"enemies":"Cultist","floor":3,"turns":6},{"damage":4,"enemies":"Jaw Worm","floor":4,"turns":2},{"damage":0,"enemies":"2 Fungi Beasts","floor":5,"turns":1},{"damage":0,"enemies":"3 Louse","floor":11,"turns":4},{"damage":0,"enemies":"Exordium Thugs","floor":13,"turns":2},{"damage":1,"enemies":"3 Sentries","floor":14,"turns":3},{"damage":0,"enemies":"Slime Boss","floor":16,"turns":2},{"damage":2,"enemies":"Shell Parasite","floor":18,"turns":6},{"damage":0,"enemies":"2 Thieves","floor":21,"turns":2},{"damage":0,"enemies":"Chosen and Byrds","floor":22,"turns":5},{"damage":0,"enemies":"Slavers","floor":25,"turns":5},{"damage":0,"enemies":"Book of Stabbing","floor":30,"turns":3},{"damage":0,"enemies":"Snake Plant","floor":31,"turns":1},{"damage":0,"enemies":"Automaton","floor":33,"turns":4},{"damage":0,"enemies":"Orb Walker","floor":35,"turns":3},{"damage":0,"enemies":"3 Darklings","floor":37,"turns":3},{"damage":2,"enemies":"Spire Growth","floor":38,"turns":3},{"damage":0,"enemies":"Maw","floor":39,"turns":4},{"damage":2,"enemies":"Sphere and 2 Shapes","floor":42,"turns":3},{"damage":0,"enemies":"Jaw Worm Horde","floor":44,"turns":3},{"damage":0,"enemies":"Spire Growth","floor":48,"turns":2},{"damage":0,"enemies":"Donu and Deca","floor":50,"turns":4}],"seed_played":"5397474100530915054","potions_obtained":[{"floor":1,"key":"LiquidBronze"},{"floor":2,"key":"StancePotion"},{"floor":2,"key":"BottledMiracle"},{"floor":2,"key":"Strength Potion"},{"floor":4,"key":"Dexterity Potion"},{"floor":5,"key":"SkillPotion"},{"floor":18,"key":"AttackPotion"},{"floor":21,"key":"LiquidMemories"},{"floor":25,"key":"GamblersBrew"},{"floor":31,"key":"SpeedPotion"},{"floor":42,"key":"SkillPotion"},{"floor":44,"key":"Fire Potion"}],"is_trial":false,"path_per_floor":["M","?","M","M","M","R","$","?","T","R","M","R","M","E","R","B",null,"M","?","?","M","M","R","$","E","T","$","?","AVR","E","M","R","B",null,"M","$","M","M","M","R","?","M","T","M","R","$","R","M","R","B",null],"character_chosen":"WATCHER","items_purchased":["SignatureMove","Shuriken","Oddly Smooth Stone","Prostrate","Ornamental Fan","Tantrum","Membership Card","MentalFortress"],"campfire_rested":0,"item_purchase_floors":[0,0,0,0,0,27,36,46],"current_hp_per_floor":[30,30,30,26,26,26,26,26,26,26,26,26,26,25,25,50,67,65,65,65,65,65,65,65,65,65,65,65,65,65,65,65,72,72,72,72,72,70,70,70,70,68,68,68,68,68,68,68,68,72],"gold":56,"neow_bonus":"","is_daily":false,"chose_seed":false,"campfire_upgraded":10,"win_rate":0.0,"timestamp":1612036299,"path_taken":["M","?","M","?","M","R","$","?","T","R","M","R","M","E","R","BOSS","M","?","?","?","M","R","$","E","T","?","?","AVR","E","?","R","BOSS","M","?","M","M","?","R","?","M","T","M","R","?","R","M","R","BOSS"],"items_purchased_type":["Card","Relic","Relic","Card","Relic","Card","Relic","Card"],"build_version":"2020-12-22","purchased_purges":5,"victory":true,"max_hp_per_floor":[72,72,72,72,72,72,72,72,72,72,72,72,72,72,72,72,72,72,72,72,72,72,72,72,72,72,72,72,72,72,72,72,72,72,72,72,72,72,72,72,72,72,72,72,72,72,72,72,72,72],"card_choices":[{"not_picked":["Pray","FollowUp"],"picked":"EmptyBody","floor":1},{"not_picked":["ThirdEye","Crescendo"],"picked":"Consecrate","floor":3},{"not_picked":["Study","WreathOfFlame","Prostrate"],"picked":"SKIP","floor":4},{"not_picked":["ThirdEye","LikeWater","Evaluate"],"picked":"SKIP","floor":5},{"not_picked":["ClearTheMind","EmptyBody"],"picked":"FlurryOfBlows","floor":11},{"not_picked":["Crescendo","PathToVictory","ReachHeaven"],"picked":"SKIP","floor":13},{"not_picked":["Study","FlyingSleeves"],"picked":"Establishment","floor":14},{"not_picked":["ConjureBlade","Brilliance"],"picked":"Vault","floor":16},{"not_picked":["SashWhip","EmptyMind"],"picked":"ClearTheMind","floor":18},{"not_picked":["Evaluate","CutThroughFate"],"picked":"Protect+1","floor":21},{"not_picked":["ClearTheMind","Fasting2","EmptyMind"],"picked":"SKIP","floor":22},{"not_picked":["PathToVictory","FlyingSleeves"],"picked":"FlurryOfBlows","floor":25},{"not_picked":["Sanctity","Perseverance","PathToVictory"],"picked":"SKIP","floor":30},{"not_picked":["BowlingBash","WreathOfFlame","Tantrum"],"picked":"SKIP","floor":31},{"not_picked":["EmptyFist+1","Sanctity+1","BowlingBash"],"picked":"SKIP","floor":35},{"not_picked":["LikeWater","Indignation+1","ClearTheMind"],"picked":"SKIP","floor":37},{"not_picked":["Perseverance+1","Prostrate+1","FollowUp+1"],"picked":"SKIP","floor":38},{"not_picked":["Nirvana+1","ClearTheMind","FlurryOfBlows"],"picked":"SKIP","floor":39},{"not_picked":["SignatureMove","PathToVictory","FollowUp+1"],"picked":"SKIP","floor":42},{"not_picked":["FearNoEvil","BowlingBash","EmptyMind+1"],"picked":"SKIP","floor":44},{"not_picked":["DeceiveReality+1","EmptyFist","SashWhip+1"],"picked":"SKIP","floor":48}],"player_experience":528009,"relics_obtained":[{"floor":9,"key":"Vajra"},{"floor":14,"key":"Pantograph"},{"floor":25,"key":"StoneCalendar"},{"floor":26,"key":"HornCleat"},{"floor":30,"key":"Whetstone"},{"floor":43,"key":"Anchor"},{"floor":43,"key":"War Paint"}],"event_choices":[{"damage_healed":0,"gold_gain":0,"player_choice":"Bought 3 Potions","damage_taken":0,"max_hp_gain":0,"max_hp_loss":0,"event_name":"The Woman in Blue","floor":2,"gold_loss":0},{"cards_removed":["Strike_P"],"damage_healed":0,"gold_gain":0,"player_choice":"Gave Gold","damage_taken":0,"max_hp_gain":0,"max_hp_loss":0,"event_name":"Beggar","floor":19,"gold_loss":75},{"cards_removed":["Prostrate"],"damage_healed":0,"gold_gain":0,"player_choice":"Gave Card","damage_taken":0,"relics_obtained":["infinitespire:Midas Blood"],"max_hp_gain":0,"max_hp_loss":0,"event_name":"WeMeetAgain","floor":20,"gold_loss":0},{"damage_healed":0,"gold_gain":0,"cards_transformed":["Strike_P"],"player_choice":"Transformed","damage_taken":0,"max_hp_gain":0,"max_hp_loss":0,"event_name":"Transmorgrifier","floor":28,"gold_loss":0,"cards_obtained":["Conclude"]},{"cards_removed":["Defend_P"],"damage_healed":0,"gold_gain":0,"player_choice":"Offered Basic","damage_taken":0,"max_hp_gain":0,"max_hp_loss":0,"event_name":"Bonfire Elementals","floor":41,"gold_loss":0}],"is_beta":false,"boss_relics":[{"not_picked":["Busted Crown","infinitespire:Cupcake"],"picked":"VioletLotus"},{"not_picked":["Calling Bell","Runic Pyramid"],"picked":"Runic Dome"}],"items_purged_floors":[0,7,24,29,46],"is_endless":false,"potions_floor_spawned":[1,4,5,18,21,25,31,42,44],"ascension_level":7}}