{"host":"04hh9gplt9wkfmr1","time":1612021629,"event":{"mods":["AchievementEnabler","BaseMod","Colored Map","KOR Keyword Fix","Minty Spire (QoL Compilation)","Rare Cards Sparkle","SuperFastMode"],"gold_per_floor":[110,60,135,135,310,339,339,370,425,425,435,435,450,467,467,562,562,532,492,269,269,269,269,269,269,269,269,269,269,269,269,269,269,269],"floor_reached":33,"language":"KOR","playtime":732,"items_purged":["Doubt"],"score":416,"play_id":"7a1972b3-8eea-446f-a46d-6013c9230b2a","local_time":"20210131004709","is_ascension_mode":true,"campfire_choices":[{"data":"Searing Blow","floor":7.0,"key":"SMITH"},{"data":"Searing Blow+1","floor":10.0,"key":"SMITH"},{"data":"Searing Blow+2","floor":12.0,"key":"SMITH"},{"data":"Searing Blow+3","floor":15.0,"key":"SMITH"},{"data":"Dual Wield","floor":24.0,"key":"SMITH"},{"data":"Searing Blow+5","floor":30.0,"key":"SMITH"},{"floor":32.0,"key":"REST"}],"circlet_count":0,"master_deck":["Strike_R+1","Strike_R","Strike_R","Defend_R","Defend_R","Defend_R+1","Defend_R+1","Bash","Searing Blow+6","Headbutt+1","Headbutt","Battle Trance","Double Tap","Demon Form","Dual Wield+1"],"relics":["Burning Blood","NeowsBlessing","Blood Vial","Blue Candle","War Paint","Ectoplasm","Tiny Chest","Whetstone","Darkstone Periapt","Omamori"],"acts_visited":["Exordium","TheCity"],"potions_floor_usage":[],"damage_taken":[{"damage":0.0,"enemies":"Jaw Worm","floor":1.0,"turns":1.0},{"damage":0.0,"enemies":"Lagavulin","floor":6.0,"turns":1.0},{"damage":0.0,"enemies":"3 Sentries","floor":8.0,"turns":2.0},{"damage":4.0,"enemies":"Small Slimes","floor":11.0,"turns":3.0},{"damage":0.0,"enemies":"Cultist","floor":13.0,"turns":2.0},{"damage":7.0,"enemies":"Exordium Thugs","floor":14.0,"turns":5.0},{"damage":65.0,"enemies":"Hexaghost","floor":16.0,"turns":8.0},{"damage":3.0,"enemies":"2 Thieves","floor":18.0,"turns":3.0},{"damage":1.0,"enemies":"Spheric Guardian","floor":21.0,"turns":3.0},{"damage":0.0,"enemies":"Snake Plant","floor":22.0,"turns":1.0},{"damage":53.0,"enemies":"Book of Stabbing","floor":23.0,"turns":5.0},{"damage":9.0,"enemies":"3 Cultists","floor":25.0,"turns":4.0},{"damage":22.0,"enemies":"Gremlin Leader","floor":27.0,"turns":5.0},{"damage":0.0,"enemies":"Centurion and Healer","floor":28.0,"turns":2.0},{"damage":11.0,"enemies":"Snecko","floor":29.0,"turns":4.0},{"damage":6.0,"enemies":"Shelled Parasite and Fungi","floor":31.0,"turns":3.0},{"damage":44,"enemies":"Collector","floor":33,"turns":6}],"seed_played":"7874162288300778123","potions_obtained":[{"floor":6.0,"key":"GamblersBrew"},{"floor":8.0,"key":"Explosive Potion"},{"floor":14.0,"key":"FearPotion"},{"floor":18.0,"key":"SkillPotion"},{"floor":22.0,"key":"DuplicationPotion"},{"floor":23.0,"key":"LiquidBronze"},{"floor":27.0,"key":"Fire Potion"},{"floor":28.0,"key":"Dexterity Potion"},{"floor":29.0,"key":"SneckoOil"}],"is_trial":false,"path_per_floor":["M","?","?","?","?","E","R","E","T","R","M","R","M","M","R","B",null,"M","?","$","M","M","E","R","M","T","E","M","M","R","M","R","B"],"character_chosen":"IRONCLAD","items_purchased":["Tiny Chest"],"campfire_rested":1,"item_purchase_floors":[20],"current_hp_per_floor":[80,80,69,62,62,68,68,76,76,76,80,80,80,79,79,21,80,80,80,80,80,80,33,33,32,32,18,26,23,23,25,49,7,7],"gold":269,"neow_bonus":"THREE_ENEMY_KILL","is_daily":false,"chose_seed":false,"campfire_upgraded":6,"win_rate":0.0,"timestamp":1612021629,"path_taken":["M","?","?","?","?","E","R","E","T","R","M","R","?","M","R","BOSS","M","?","?","M","?","E","R","M","T","E","M","M","R","M","R","BOSS"],"items_purchased_type":["Relic"],"build_version":"2020-12-22","purchased_purges":1,"victory":false,"max_hp_per_floor":[80,80,80,80,80,80,80,80,80,80,80,80,80,80,80,80,80,80,80,80,80,80,80,80,80,80,80,80,80,80,80,80,80,80],"card_choices":[{"not_picked":["Clash","Headbutt"],"picked":"Searing Blow","floor":1.0},{"not_picked":["Wild Strike","Flex","Burning Pact"],"picked":"SKIP","floor":6.0},{"not_picked":["Flex","Sentinel"],"picked":"Headbutt","floor":8.0},{"not_picked":["Body Slam","Exhume"],"picked":"Headbutt","floor":11.0},{"not_picked":["Blood for Blood","Heavy Blade","Rampage"],"picked":"SKIP","floor":13.0},{"not_picked":["Wild Strike","Twin Strike"],"picked":"Battle Trance","floor":14.0},{"not_picked":["Corruption","Limit Break"],"picked":"Double Tap","floor":16.0},{"not_picked":["Second Wind","Iron Wave","Pommel Strike"],"picked":"SKIP","floor":18.0},{"not_picked":["Iron Wave","Entrench","True Grit+1"],"picked":"SKIP","floor":21.0},{"not_picked":["Heavy Blade","Whirlwind"],"picked":"Demon Form","floor":22.0},{"not_picked":["Clash+1","Power Through+1"],"picked":"Dual Wield","floor":23.0},{"not_picked":["Dark Embrace","Sever Soul","Shrug It Off+1"],"picked":"SKIP","floor":25.0},{"not_picked":["Exhume","Shrug It Off","Headbutt"],"picked":"SKIP","floor":27.0},{"not_picked":["Anger","Dropkick","Rupture+1"],"picked":"SKIP","floor":28.0},{"not_picked":["True Grit","Pummel","Second Wind"],"picked":"SKIP","floor":29.0},{"not_picked":["Iron Wave+1","Perfected Strike","Clash"],"picked":"SKIP","floor":31.0}],"player_experience":105984,"relics_obtained":[{"floor":6.0,"key":"Blood Vial"},{"floor":8.0,"key":"Blue Candle"},{"floor":9.0,"key":"War Paint"},{"floor":23.0,"key":"Whetstone"},{"floor":26.0,"key":"Darkstone Periapt"},{"floor":27.0,"key":"Omamori"}],"event_choices":[{"cards_removed":["Strike_R"],"damage_healed":0.0,"max_hp_gain":0.0,"max_hp_loss":0.0,"gold_gain":0.0,"event_name":"The Cleric","player_choice":"Card Removal","floor":2.0,"gold_loss":50.0,"damage_taken":0.0},{"damage_healed":0.0,"max_hp_gain":0.0,"max_hp_loss":0.0,"gold_gain":75.0,"event_name":"World of Goop","player_choice":"Gather Gold","floor":3.0,"gold_loss":0.0,"damage_taken":11.0},{"cards_removed":["Strike_R"],"damage_healed":0.0,"max_hp_gain":0.0,"max_hp_loss":0.0,"gold_gain":0.0,"event_name":"Golden Wing","player_choice":"Card Removal","floor":4.0,"gold_loss":0.0,"damage_taken":7.0},{"damage_healed":0.0,"max_hp_gain":0.0,"max_hp_loss":0.0,"gold_gain":175.0,"event_name":"Liars Game","player_choice":"AGREE","floor":5.0,"gold_loss":0.0,"damage_taken":0.0,"cards_obtained":["Doubt"]},{"damage_healed":0.0,"max_hp_gain":0.0,"max_hp_loss":0.0,"gold_gain":0.0,"event_name":"Designer","player_choice":"Upgrade","floor":19.0,"gold_loss":40.0,"damage_taken":0.0,"cards_upgraded":["Searing Blow"]}],"is_beta":false,"boss_relics":[{"not_picked":["Tiny House","SacredBark"],"picked":"Ectoplasm"}],"items_purged_floors":[20],"is_endless":false,"potions_floor_spawned":[6,8,14,18,22,23,27,28,29],"killed_by":"Collector","ascension_level":4}}