{"host":"yecadp3kwkksam5a","time":1612017517,"event":{"mods":["BaseMod","Minty Spire (QoL Compilation)","StSLib","SuperFastMode","The Cursed"],"gold_per_floor":[109,109,184,205,228,261,261,261,261,284,322,347,370,411,411,532,532,547,43,43,56,56,56,97,110,136,136,176,195,229,253,253,374,374,395,148,148,162,178,212,212,30,30,55,55,91,91,134,134,134,134,134,4,44,44],"floor_reached":56,"language":"KOR","playtime":2104,"items_purged":["Lockon","Zap+1"],"score":1959,"play_id":"ed205781-0c2d-4585-8730-7e15e507a213","local_time":"20210130233837","is_ascension_mode":true,"campfire_choices":[{"data":"White Noise","floor":7.0,"key":"SMITH"},{"data":"Zap","floor":15.0,"key":"SMITH"},{"data":"Coolheaded","floor":23.0,"key":"SMITH"},{"data":"Double Energy","floor":27.0,"key":"SMITH"},{"data":"Hologram","floor":32.0,"key":"SMITH"},{"data":"Apotheosis","floor":41,"key":"SMITH"},{"floor":45,"key":"RECALL"},{"data":"Aggregate","floor":49,"key":"SMITH"},{"data":"Thunder Strike","floor":52,"key":"SMITH"}],"circlet_count":0,"master_deck":["AscendersBane","Dualcast+1","Mayhem+1","Mayhem+1","Mayhem+1","Mayhem+1","Mayhem+1","Mayhem+1","Mayhem+1","Mayhem+1","Mayhem+1","Mayhem+1","Gash","White Noise+1","Cold Snap","Gash","Heatsinks+1","Blizzard","Loop+1","Double Energy+1","All For One","Glacier","Creative AI+1","Streamline","Capacitor+1","Force Field","Static Discharge+1","Undo+1","Coolheaded+1","Doom and Gloom","Storm+1","Storm+1","Go for the Eyes","Glacier+1","Hologram+1","Static Discharge+1","Aggregate+1","Creative AI+1","Chaos","Apotheosis+1","Stack","Capacitor+1","Thunder Strike+1","Mayhem+1","Storm+1","Finesse","Heatsinks+1"],"relics":["Cracked Core","Bird Faced Urn","Golden Idol","Frozen Egg 2","Question Card","Pandora\u0027s Box","OrangePellets","Mango","Bird Faced Urn","Blood Vial","Lantern","DataDisk","Philosopher\u0027s Stone","Bronze Scales","InkBottle","Calipers","Symbiotic Virus","Bag of Marbles"],"acts_visited":["Exordium","TheCity","TheBeyond","TheEnding"],"potions_floor_usage":[55,55],"damage_taken":[{"damage":9.0,"enemies":"2 Louse","floor":1.0,"turns":4.0},{"damage":27.0,"enemies":"Small Slimes","floor":4.0,"turns":4.0},{"damage":8.0,"enemies":"Jaw Worm","floor":5.0,"turns":5.0},{"damage":31.0,"enemies":"3 Sentries","floor":6.0,"turns":6.0},{"damage":14.0,"enemies":"Red Slaver","floor":10.0,"turns":5.0},{"damage":22.0,"enemies":"Gremlin Nob","floor":11.0,"turns":4.0},{"damage":29.0,"enemies":"Lots of Slimes","floor":12.0,"turns":5.0},{"damage":27.0,"enemies":"Exordium Wildlife","floor":13.0,"turns":4.0},{"damage":30.0,"enemies":"3 Sentries","floor":14.0,"turns":5.0},{"damage":29.0,"enemies":"The Guardian","floor":16.0,"turns":7.0},{"damage":4.0,"enemies":"3 Byrds","floor":18.0,"turns":2.0},{"damage":12.0,"enemies":"Chosen","floor":21.0,"turns":4.0},{"damage":38.0,"enemies":"Book of Stabbing","floor":24.0,"turns":5.0},{"damage":24.0,"enemies":"Snake Plant","floor":25.0,"turns":2.0},{"damage":47.0,"enemies":"Slavers","floor":28.0,"turns":3.0},{"damage":14.0,"enemies":"Centurion and Healer","floor":29.0,"turns":3.0},{"damage":53.0,"enemies":"Book of Stabbing","floor":30.0,"turns":4.0},{"damage":8.0,"enemies":"Cultist and Chosen","floor":31.0,"turns":3.0},{"damage":10.0,"enemies":"Champ","floor":33.0,"turns":5.0},{"damage":23.0,"enemies":"3 Darklings","floor":35.0,"turns":2.0},{"damage":12,"enemies":"3 Shapes","floor":38,"turns":2},{"damage":18,"enemies":"Writhing Mass","floor":39,"turns":2},{"damage":2,"enemies":"Giant Head","floor":40,"turns":5},{"damage":12,"enemies":"Sphere and 2 Shapes","floor":44,"turns":3},{"damage":12,"enemies":"Reptomancer","floor":46,"turns":3},{"damage":14,"enemies":"Giant Head","floor":48,"turns":4},{"damage":74,"enemies":"Donu and Deca","floor":50,"turns":5},{"damage":96,"enemies":"Shield and Spear","floor":54,"turns":4},{"damage":56,"enemies":"The Heart","floor":55,"turns":3}],"seed_played":"-1159079223566844328","potions_obtained":[{"floor":1.0,"key":"Strength Potion"},{"floor":10.0,"key":"Strength Potion"},{"floor":11.0,"key":"FocusPotion"},{"floor":21.0,"key":"PotionOfCapacity"}],"is_trial":false,"path_per_floor":["M","?","?","M","M","E","R","?","T","M","E","M","M","E","R","B",null,"M","$","?","M","?","R","E","M","T","R","E","M","E","M","R","B",null,"M","$","?","M","M","E","R","$","T","M","R","E","?","E","R","B",null,"R","$","E","B",null],"character_chosen":"DEFECT","items_purchased":["Coolheaded","OrangePellets","Mango","Apotheosis","Capacitor+1","Storm+1","Finesse"],"campfire_rested":0,"item_purchase_floors":[19,19,19,36,42,53,53],"current_hp_per_floor":[69,51,40,33,45,36,36,36,36,48,50,45,44,38,38,37,66,70,84,84,89,89,89,71,67,67,67,66,89,64,89,89,89,89,89,89,86,89,89,89,89,89,89,89,89,89,89,89,89,81,87,87,87,41,59],"gold":44,"neow_bonus":"UPGRADE_CARD","is_daily":false,"chose_seed":false,"campfire_upgraded":8,"win_rate":0.0,"timestamp":1612017517,"path_taken":["M","?","?","M","M","E","R","?","T","?","E","M","M","E","R","BOSS","M","$","?","?","?","R","E","M","T","R","E","M","E","M","R","BOSS","M","$","?","M","M","E","R","?","T","M","R","E","?","E","R","BOSS","R","$","E","BOSS"],"items_purchased_type":["Card","Relic","Relic","Card","Card","Card","Card"],"build_version":"2020-12-22","purchased_purges":2,"victory":true,"max_hp_per_floor":[75,75,75,75,75,75,75,75,75,75,75,75,75,75,75,75,75,75,89,89,89,89,89,89,89,89,89,89,89,89,89,89,89,89,89,89,89,89,89,89,89,89,89,89,89,89,89,89,89,89,89,89,89,89,89],"card_choices":[{"not_picked":["Rip and Tear","Chill"],"picked":"Gash","floor":1.0},{"not_picked":["Sweeping Beam","Steam"],"picked":"White Noise","floor":4.0},{"not_picked":["Conserve Battery","Compile Driver"],"picked":"Cold Snap","floor":5.0},{"not_picked":["Coolheaded","Seek"],"picked":"Gash","floor":6.0},{"not_picked":["Conserve Battery","Static Discharge+1"],"picked":"Heatsinks+1","floor":10.0},{"not_picked":["Consume","Rebound"],"picked":"Blizzard","floor":11.0},{"not_picked":["Sweeping Beam","Compile Driver"],"picked":"Loop+1","floor":12.0},{"not_picked":["Go for the Eyes","Stack"],"picked":"Double Energy","floor":13.0},{"not_picked":["Auto Shields","Hyperbeam","FTL"],"picked":"SKIP","floor":14.0},{"not_picked":["Hyperbeam","Reboot","Echo Form+1"],"picked":"All For One","floor":16.0},{"not_picked":["Streamline","FTL","Genetic Algorithm"],"picked":"Undo+1","floor":18.0},{"not_picked":["Doom and Gloom","Gash","Coolheaded"],"picked":"Storm+1","floor":21.0},{"not_picked":["Rebound","Amplify","Steam"],"picked":"Storm+1","floor":24.0},{"not_picked":["Heatsinks+1","Skim","Compile Driver"],"picked":"Go for the Eyes","floor":25.0},{"not_picked":["Blizzard","Coolheaded","Stack"],"picked":"Glacier+1","floor":28.0},{"not_picked":["Capacitor+1","Force Field","Gash"],"picked":"Hologram","floor":29.0},{"not_picked":["Stack+1","Loop+1","Compile Driver"],"picked":"Static Discharge+1","floor":30.0},{"not_picked":["Stack","Redo","Hologram+1"],"picked":"Aggregate","floor":31.0},{"not_picked":["Biased Cognition+1","Rainbow","Echo Form+1"],"picked":"Creative AI+1","floor":33.0},{"not_picked":["Stack+1","FTL","Undo"],"picked":"Chaos","floor":35.0},{"not_picked":["Cold Snap","Doom and Gloom","Consume+1","Go for the Eyes"],"picked":"SKIP","floor":38},{"not_picked":["Rebound","Streamline","Redo"],"picked":"Stack","floor":39},{"not_picked":["Amplify","Ball Lightning+1","Static Discharge+1","Barrage"],"picked":"SKIP","floor":40},{"not_picked":["Barrage","Reprogram","Cold Snap","Streamline"],"picked":"SKIP","floor":44},{"not_picked":["Conserve Battery","Streamline","Compile Driver+1"],"picked":"Thunder Strike","floor":46},{"not_picked":["Barrage","Ball Lightning+1","Sweeping Beam","Conserve Battery+1"],"picked":"SKIP","floor":48},{"not_picked":["Auto Shields","Go for the Eyes+1","Rebound+1"],"picked":"Heatsinks+1","floor":54}],"player_experience":544587,"relics_obtained":[{"floor":6.0,"key":"Frozen Egg 2"},{"floor":14.0,"key":"Question Card"},{"floor":24.0,"key":"Bird Faced Urn"},{"floor":26.0,"key":"Blood Vial"},{"floor":28.0,"key":"Lantern"},{"floor":30.0,"key":"DataDisk"},{"floor":40,"key":"Bronze Scales"},{"floor":43,"key":"InkBottle"},{"floor":46,"key":"Calipers"},{"floor":48,"key":"Symbiotic Virus"},{"floor":54,"key":"Bag of Marbles"}],"event_choices":[{"damage_healed":0.0,"max_hp_gain":0.0,"max_hp_loss":0.0,"gold_gain":0.0,"event_name":"Golden Idol","player_choice":"Take Damage","floor":2.0,"gold_loss":0.0,"damage_taken":18.0,"relics_obtained":["Golden Idol"]},{"damage_healed":0.0,"max_hp_gain":0.0,"max_hp_loss":0.0,"gold_gain":75.0,"event_name":"World of Goop","player_choice":"Gather Gold","floor":3.0,"gold_loss":0.0,"damage_taken":11.0},{"damage_healed":0.0,"max_hp_gain":0.0,"max_hp_loss":0.0,"gold_gain":0.0,"cards_transformed":["Strike_B"],"event_name":"Living Wall","player_choice":"Change","floor":8.0,"gold_loss":0.0,"damage_taken":0.0,"cards_obtained":["Lockon"]},{"damage_healed":0.0,"max_hp_gain":0.0,"max_hp_loss":0.0,"gold_gain":0.0,"cards_transformed":["Steam Power"],"event_name":"Transmorgrifier","player_choice":"Transformed","floor":20.0,"gold_loss":0.0,"damage_taken":0.0,"cards_obtained":["Doom and Gloom"]},{"damage_healed":0.0,"max_hp_gain":0.0,"max_hp_loss":0.0,"gold_gain":0.0,"event_name":"Vampires","player_choice":"Ignored","floor":22.0,"gold_loss":0.0,"damage_taken":0.0},{"damage_healed":0,"gold_gain":0,"player_choice":"Punched","damage_taken":3,"max_hp_gain":0,"max_hp_loss":0,"event_name":"Designer","floor":37,"gold_loss":0},{"damage_healed":0,"gold_gain":0,"player_choice":"Copied","damage_taken":0,"max_hp_gain":0,"max_hp_loss":0,"event_name":"Duplicator","floor":47,"gold_loss":0,"cards_obtained":["Mayhem"]}],"is_beta":false,"boss_relics":[{"not_picked":["Ectoplasm","Runic Pyramid"],"picked":"Pandora\u0027s Box"},{"not_picked":["Snecko Eye","Inserter"],"picked":"Philosopher\u0027s Stone"}],"items_purged_floors":[36,42],"is_endless":false,"potions_floor_spawned":[1,10,11,13,16,18,21,29,30,33,44,46,48,54],"ascension_level":12}}