{"host":"2js2pxuugveqjuf7","time":1612048871,"event":{"mods":["BaseMod","Colored Map","Minty Spire (QoL Compilation)","Quick Restart","Random Character Button","Relic Stats","StSLib"],"gold_per_floor":[115,115,129,139,155,189,207,0,0,0,27,47,67,82,82,184,184,202,202,202,222,241,241,241,241],"floor_reached":24,"language":"ENG","playtime":2406,"items_purged":[],"score":318,"play_id":"47290c8a-c0fd-4aa9-b2a5-312f6828a5f8","local_time":"20210130172111","is_ascension_mode":true,"campfire_choices":[{"floor":15.0,"key":"REST"},{"data":"Power Through","floor":23.0,"key":"SMITH"}],"circlet_count":0,"master_deck":["AscendersBane","Bash","Power Through","Disarm","Feel No Pain","True Grit","Shrug It Off","Twin Strike","Power Through+1","Bandage Up","Fire Breathing","Pain","Sword Boomerang","Double Tap","Sword Boomerang","Entrench","Reaper","Rampage","Rampage","Bludgeon","Berserk","Dropkick","Hemokinesis","Dual Wield","Headbutt","Headbutt","Flame Barrier","Barricade"],"relics":["SacredBark","Incense Burner","Gremlin Horn","Self Forming Clay","WarpedTongs","Sundial","Pandora\u0027s Box","Mummified Hand"],"acts_visited":["Exordium","TheCity"],"potions_floor_usage":[],"damage_taken":[{"damage":8.0,"enemies":"Jaw Worm","floor":1.0,"turns":5.0},{"damage":6.0,"enemies":"Cultist","floor":3.0,"turns":3.0},{"damage":2.0,"enemies":"Small Slimes","floor":4.0,"turns":5.0},{"damage":10.0,"enemies":"Red Slaver","floor":5.0,"turns":5.0},{"damage":22.0,"enemies":"Gremlin Nob","floor":6.0,"turns":6.0},{"damage":7.0,"enemies":"3 Louse","floor":7.0,"turns":5.0},{"damage":16.0,"enemies":"Lagavulin","floor":11.0,"turns":10.0},{"damage":3.0,"enemies":"Exordium Wildlife","floor":12.0,"turns":4.0},{"damage":4.0,"enemies":"Looter","floor":13.0,"turns":4.0},{"damage":1.0,"enemies":"Blue Slaver","floor":14.0,"turns":2.0},{"damage":24.0,"enemies":"Hexaghost","floor":16.0,"turns":14.0},{"damage":17.0,"enemies":"Chosen","floor":18.0,"turns":5.0},{"damage":22.0,"enemies":"2 Thieves","floor":21.0,"turns":4.0},{"damage":21.0,"enemies":"Cultist and Chosen","floor":22.0,"turns":6.0},{"damage":48,"enemies":"Slavers","floor":24,"turns":4}],"seed_played":"1976691708204553050","potions_obtained":[{"floor":1.0,"key":"SpeedPotion"},{"floor":11.0,"key":"ElixirPotion"},{"floor":12.0,"key":"DistilledChaos"},{"floor":13.0,"key":"Dexterity Potion"},{"floor":14.0,"key":"Fire Potion"}],"is_trial":false,"path_per_floor":["M","?","M","M","M","E","M","$","T","?","E","M","M","M","R","B",null,"M","?","T","M","M","R","E"],"character_chosen":"IRONCLAD","items_purchased":["Power Through","Bandage Up","Fire Breathing"],"campfire_rested":1,"item_purchase_floors":[8,8,8],"current_hp_per_floor":[64,64,58,56,46,24,17,17,17,17,5,6,2,5,29,9,62,53,53,53,43,30,30,0,0],"gold":241,"neow_bonus":"BOSS_RELIC","is_daily":false,"chose_seed":false,"campfire_upgraded":1,"win_rate":0.0,"timestamp":1612048871,"path_taken":["M","?","M","?","M","E","M","$","T","?","E","?","M","M","R","BOSS","M","?","?","M","M","R","E"],"items_purchased_type":["Card","Card","Card"],"build_version":"2020-12-22","purchased_purges":0,"victory":false,"max_hp_per_floor":[80,80,80,80,80,80,80,80,80,80,80,80,80,80,80,80,80,80,80,80,80,80,80,80,80],"relic_stats":{"Gremlin Horn":[5,5],"counters":[15,82],"Self Forming Clay":[141],"Sundial":[2],"Mummified Hand":[4],"Pandora\u0027s Box":["Rampage","Rampage","Bludgeon","Berserk","Dropkick","Hemokinesis","Dual Wield","Headbutt","Headbutt"],"obtain_stats":[{"Gremlin Horn":6,"Self Forming Clay":9,"Sundial":11,"Mummified Hand":20,"SacredBark":0,"Pandora\u0027s Box":17,"Incense Burner":2,"Burning Blood":0,"WarpedTongs":10},{"Gremlin Horn":5,"Self Forming Clay":6,"Sundial":7,"Mummified Hand":12,"SacredBark":0,"Pandora\u0027s Box":11,"Incense Burner":1,"Burning Blood":0,"WarpedTongs":6},{"Gremlin Horn":24,"Self Forming Clay":29,"Sundial":39,"Mummified Hand":68,"SacredBark":0,"Pandora\u0027s Box":63,"Incense Burner":5,"Burning Blood":0,"WarpedTongs":29}],"WarpedTongs":[52]},"card_choices":[{"not_picked":["True Grit","Body Slam"],"picked":"Power Through","floor":1.0},{"not_picked":["Heavy Blade","Body Slam"],"picked":"Disarm","floor":3.0},{"not_picked":["Sword Boomerang","Hemokinesis"],"picked":"Feel No Pain","floor":4.0},{"not_picked":["Blood for Blood","Armaments"],"picked":"True Grit","floor":5.0},{"not_picked":["Clash","Sword Boomerang"],"picked":"Shrug It Off","floor":6.0},{"not_picked":["Clothesline","Twin Strike","Limit Break"],"picked":"SKIP","floor":7.0},{"not_picked":["Clothesline","Limit Break"],"picked":"Twin Strike","floor":7.0},{"not_picked":["Thunderclap","Anger"],"picked":"Sword Boomerang","floor":11.0},{"not_picked":["Bloodletting","Perfected Strike"],"picked":"Double Tap","floor":12.0},{"not_picked":["Pommel Strike","Clothesline"],"picked":"Sword Boomerang","floor":13.0},{"not_picked":["Thunderclap","Pommel Strike"],"picked":"Entrench","floor":14.0},{"not_picked":["Juggernaut","Impervious"],"picked":"Reaper","floor":16.0},{"not_picked":["Wild Strike","Perfected Strike","Flex"],"picked":"SKIP","floor":18.0},{"not_picked":["Combust","Sword Boomerang"],"picked":"Flame Barrier","floor":21.0},{"not_picked":["Headbutt","Infernal Blade"],"picked":"Barricade","floor":22.0}],"player_experience":331524,"relics_obtained":[{"floor":6.0,"key":"Gremlin Horn"},{"floor":9.0,"key":"Self Forming Clay"},{"floor":11.0,"key":"Sundial"},{"floor":20.0,"key":"Mummified Hand"}],"event_choices":[{"damage_healed":0.0,"max_hp_gain":0.0,"max_hp_loss":0.0,"gold_gain":0.0,"event_name":"WeMeetAgain","player_choice":"Gave Potion","floor":2.0,"gold_loss":0.0,"damage_taken":0.0,"relics_obtained":["Incense Burner"]},{"damage_healed":0.0,"max_hp_gain":0.0,"max_hp_loss":0.0,"gold_gain":0.0,"event_name":"Accursed Blacksmith","player_choice":"Rummage","floor":10.0,"gold_loss":0.0,"damage_taken":0.0,"relics_obtained":["WarpedTongs"],"cards_obtained":["Pain"]},{"damage_healed":0.0,"max_hp_gain":0.0,"max_hp_loss":0.0,"gold_gain":0.0,"event_name":"Vampires","player_choice":"Ignored","floor":19.0,"gold_loss":0.0,"damage_taken":0.0}],"is_beta":false,"boss_relics":[{"not_picked":["Philosopher\u0027s Stone","Busted Crown"],"picked":"Pandora\u0027s Box"}],"items_purged_floors":[],"is_endless":false,"potions_floor_spawned":[1,11,12,13,14],"killed_by":"Slavers","ascension_level":10}}