{"host":"52m1o8iwwagurbjs","time":1612034963,"event":{"mods":["AchievementEnabler","BaseMod","Bestiary","Colored Powertips","GifTheSpireLib","Minty Spire (QoL Compilation)","Quick Restart","RNG Fix","Relic Stats","StSLib"],"gold_per_floor":[99,99,99,99,24,24,24,24,24,24,24,24,24,24,24,24,24,0,0],"floor_reached":18,"language":"ENG","playtime":758,"items_purged":["Strike_B"],"score":170,"play_id":"7ecac57e-efb7-42c4-8668-0cd5feee79f8","local_time":"20210130142923","is_ascension_mode":false,"campfire_choices":[{"data":"Coolheaded","floor":6.0,"key":"SMITH"},{"data":"Zap","floor":10,"key":"SMITH"},{"data":"Redo","floor":15,"key":"SMITH"}],"circlet_count":0,"master_deck":["Strike_B","Strike_B","Strike_B","Defend_B","Defend_B","Defend_B","Defend_B","Zap+1","Dualcast","Rebound+1","Go for the Eyes","Coolheaded+1","Redo+1","Compile Driver","Cold Snap","Reboot"],"relics":["Ectoplasm","Juzu Bracelet","Boot","Sundial","Inserter"],"acts_visited":["Exordium","TheCity"],"potions_floor_usage":[12,16],"damage_taken":[{"damage":0.0,"enemies":"Cultist","floor":1.0,"turns":4.0},{"damage":0.0,"enemies":"2 Louse","floor":3.0,"turns":2.0},{"damage":0.0,"enemies":"Small Slimes","floor":4.0,"turns":2.0},{"damage":14.0,"enemies":"3 Sentries","floor":7.0,"turns":9.0},{"damage":3,"enemies":"3 Louse","floor":11,"turns":3},{"damage":1,"enemies":"Lagavulin","floor":12,"turns":7},{"damage":0,"enemies":"Blue Slaver","floor":14,"turns":3},{"damage":2,"enemies":"Slime Boss","floor":16,"turns":11},{"damage":12,"enemies":"2 Thieves","floor":18,"turns":5}],"seed_played":"-7846026936286894005","potions_obtained":[{"floor":1.0,"key":"DuplicationPotion"},{"floor":4.0,"key":"BlessingOfTheForge"},{"floor":12,"key":"DistilledChaos"}],"is_trial":false,"path_per_floor":["M","?","M","M","$","R","E","?","T","R","M","E","?","M","R","B",null,"M"],"character_chosen":"DEFECT","items_purchased":[],"campfire_rested":0,"item_purchase_floors":[],"current_hp_per_floor":[75,75,75,75,75,75,61,61,61,61,58,57,57,57,57,55,75,63,63],"gold":0,"neow_bonus":"BOSS_RELIC","is_daily":false,"chose_seed":false,"campfire_upgraded":3,"win_rate":0.0,"timestamp":1612034963,"path_taken":["M","?","M","M","$","R","E","?","T","R","M","E","?","M","R","BOSS","M"],"items_purchased_type":[],"build_version":"2020-12-22","purchased_purges":1,"victory":false,"max_hp_per_floor":[75,75,75,75,75,75,75,75,75,75,75,75,75,75,75,75,75,75,75],"relic_stats":{"Inserter":[2],"counters":[9,46],"Sundial":[4],"Ectoplasm":242,"Juzu Bracelet":0,"Boot":[36],"obtain_stats":[{"Inserter":17,"Sundial":12,"Ectoplasm":0,"Juzu Bracelet":7,"Cracked Core":0,"Boot":9},{"Inserter":8,"Sundial":6,"Ectoplasm":0,"Juzu Bracelet":4,"Cracked Core":0,"Boot":4},{"Inserter":41,"Sundial":27,"Ectoplasm":0,"Juzu Bracelet":17,"Cracked Core":0,"Boot":17}]},"card_choices":[{"not_picked":["Go for the Eyes","BootSequence"],"picked":"Rebound","floor":1.0},{"not_picked":["Barrage","Stack"],"picked":"Go for the Eyes","floor":3.0},{"not_picked":["Compile Driver","Barrage"],"picked":"Coolheaded","floor":4.0},{"not_picked":["Rip and Tear","Meteor Strike","Machine Learning"],"picked":"SKIP","floor":7.0},{"not_picked":["Beam Cell","Reinforced Body"],"picked":"Redo","floor":11},{"not_picked":["Loop","Barrage"],"picked":"Compile Driver","floor":12},{"not_picked":["Go for the Eyes","Barrage"],"picked":"Cold Snap","floor":14},{"not_picked":["Multi-Cast","Core Surge"],"picked":"Reboot","floor":16}],"player_experience":1264918,"relics_obtained":[{"floor":7.0,"key":"Juzu Bracelet"},{"floor":9,"key":"Boot"},{"floor":12,"key":"Sundial"}],"event_choices":[{"damage_healed":0.0,"max_hp_gain":0.0,"max_hp_loss":0.0,"gold_gain":0.0,"event_name":"Living Wall","player_choice":"Grow","floor":2.0,"gold_loss":0.0,"damage_taken":0.0,"cards_upgraded":["Rebound"]},{"damage_healed":0,"gold_gain":0,"player_choice":"Ignored","damage_taken":0,"max_hp_gain":0,"max_hp_loss":0,"event_name":"Golden Idol","floor":8,"gold_loss":0},{"damage_healed":0,"gold_gain":0,"player_choice":"Ignored","damage_taken":0,"max_hp_gain":0,"max_hp_loss":0,"event_name":"NoteForYourself","floor":13,"gold_loss":0}],"is_beta":false,"boss_relics":[{"not_picked":["Coffee Dripper","Nuclear Battery"],"picked":"Inserter"}],"items_purged_floors":[5],"is_endless":false,"potions_floor_spawned":[1,4,12],"killed_by":"2 Thieves","ascension_level":0}}