{"host":"bxn2em57qlx5u4i0","time":1612018434,"event":{"mods":["BaseMod","Colored Map","Colored Powertips","Highlight Path","Minty Spire (QoL Compilation)","Random Character Button","Relic Sorter","Relic Stats","StSLib","SuperFastMode"],"gold_per_floor":[114,9,9,9,26,26,55,55,80,80,106,106,130,150,150,246,246,269,285,305,324,324,324,364,364,364,388,413,453,503,541,541,630,630,648,668,233,258,258,302,302,346,346,346,74,74,74,133,8,8,8,8,8,8,8,43,43,43],"floor_reached":57,"language":"ENG","playtime":1685,"items_purged":["Strike_G","Strike_G","Strike_G"],"score":1977,"play_id":"81655fa2-0e8f-46ed-ade5-823b930174fe","local_time":"20210130095354","is_ascension_mode":true,"campfire_choices":[{"data":"Noxious Fumes","floor":6.0,"key":"SMITH"},{"data":"Predator","floor":8.0,"key":"SMITH"},{"data":"Dagger Spray","floor":10.0,"key":"SMITH"},{"data":"Survivor","floor":15.0,"key":"SMITH"},{"data":"1","floor":23.0,"key":"LIFT"},{"data":"2","floor":25.0,"key":"LIFT"},{"data":"3","floor":32.0,"key":"LIFT"},{"floor":44,"key":"REST"},{"floor":47,"key":"RECALL"},{"floor":50,"key":"REST"},{"floor":54,"key":"REST"}],"circlet_count":0,"master_deck":["AscendersBane","Strike_G","Defend_G","Defend_G","Defend_G","Defend_G","Survivor+1","Neutralize","Dagger Throw","Crippling Poison+1","Dagger Spray+1","Noxious Fumes+1","Deflect","Predator+1","Backflip","Malaise","Caltrops+1","Escape Plan","Noxious Fumes+1","Skewer+1","Backflip","Burst","Adrenaline","Blur","Footwork","Sadistic Nature","Catalyst","Escape Plan+1","PiercingWail"],"relics":["Ring of the Snake","Bag of Marbles","Omamori","Blood Vial","Golden Idol","Calling Bell","Akabeko","Meat on the Bone","Girya","FaceOfCleric","Bottled Lightning","Ginger","Tough Bandages","Oddly Smooth Stone","Fusion Hammer","Kunai","MealTicket","Paper Crane","TwistedFunnel","Gambling Chip","Strawberry"],"acts_visited":["Exordium","TheCity","TheBeyond","TheEnding"],"potions_floor_usage":[38,56,57],"damage_taken":[{"damage":0.0,"enemies":"2 Louse","floor":1.0,"turns":3.0},{"damage":8.0,"enemies":"Small Slimes","floor":5.0,"turns":3.0},{"damage":15.0,"enemies":"3 Sentries","floor":7.0,"turns":4.0},{"damage":26.0,"enemies":"Lagavulin","floor":11.0,"turns":5.0},{"damage":5.0,"enemies":"Jaw Worm","floor":13.0,"turns":2.0},{"damage":0.0,"enemies":"Lots of Slimes","floor":14.0,"turns":1.0},{"damage":6.0,"enemies":"Hexaghost","floor":16.0,"turns":8.0},{"damage":0.0,"enemies":"Chosen","floor":18.0,"turns":3.0},{"damage":21.0,"enemies":"Spheric Guardian","floor":19.0,"turns":6.0},{"damage":6.0,"enemies":"Snake Plant","floor":20.0,"turns":5.0},{"damage":0.0,"enemies":"Shelled Parasite and Fungi","floor":21.0,"turns":1.0},{"damage":27.0,"enemies":"Slavers","floor":24.0,"turns":4.0},{"damage":15.0,"enemies":"Snecko","floor":27.0,"turns":4.0},{"damage":6.0,"enemies":"Centurion and Healer","floor":28.0,"turns":3.0},{"damage":19.0,"enemies":"Gremlin Leader","floor":29.0,"turns":4.0},{"damage":15.0,"enemies":"Book of Stabbing","floor":31.0,"turns":7.0},{"damage":33.0,"enemies":"Automaton","floor":33.0,"turns":9.0},{"damage":0.0,"enemies":"3 Shapes","floor":35.0,"turns":5.0},{"damage":0.0,"enemies":"Orb Walker","floor":36.0,"turns":1.0},{"damage":29,"enemies":"Transient","floor":38,"turns":6},{"damage":17,"enemies":"Nemesis","floor":40,"turns":7},{"damage":0,"enemies":"Reptomancer","floor":42,"turns":4},{"damage":13,"enemies":"2 Orb Walkers","floor":48,"turns":5},{"damage":15,"enemies":"Awakened One","floor":51,"turns":18},{"damage":39,"enemies":"Donu and Deca","floor":52,"turns":12},{"damage":47,"enemies":"Shield and Spear","floor":56,"turns":6},{"damage":91,"enemies":"The Heart","floor":57,"turns":5}],"seed_played":"4083412040620543960","potions_obtained":[{"floor":7.0,"key":"Explosive Potion"},{"floor":11.0,"key":"Block Potion"},{"floor":14.0,"key":"EssenceOfSteel"},{"floor":18.0,"key":"SteroidPotion"},{"floor":19.0,"key":"Block Potion"},{"floor":21.0,"key":"EssenceOfSteel"},{"floor":28.0,"key":"Poison Potion"},{"floor":35.0,"key":"Regen Potion"},{"floor":42,"key":"LiquidBronze"},{"floor":48,"key":"AttackPotion"}],"is_trial":false,"path_per_floor":["M","$","?","?","M","R","E","R","T","R","E","?","M","M","R","B",null,"M","M","M","M","?","R","E","R","T","M","M","E","?","E","R","B",null,"M","M","$","M","?","E","?","E","T","R","$","$","R","?","$","R","B","B",null,"R","$","E","B"],"character_chosen":"THE_SILENT","items_purchased":["Noxious Fumes","Deflect","Kunai","Footwork","TwistedFunnel"],"campfire_rested":3,"item_purchase_floors":[2,2,37,37,45],"current_hp_per_floor":[59,59,64,64,56,56,41,41,41,41,15,15,12,14,14,10,51,53,34,42,44,44,44,32,32,32,32,41,37,37,37,37,19,58,61,64,64,53,43,41,41,44,44,66,76,76,76,64,77,77,63,39,69,79,79,52,0,0],"gold":43,"neow_bonus":"TRANSFORM_TWO_CARDS","is_daily":false,"chose_seed":false,"campfire_upgraded":4,"win_rate":0.0,"timestamp":1612018434,"path_taken":["M","$","?","?","M","R","E","R","T","R","E","?","M","M","R","BOSS","M","M","M","M","?","R","E","R","T","?","M","E","?","E","R","BOSS","M","M","$","M","?","E","?","E","T","R","$","$","R","?","$","R","BOSS","BOSS","R","$","E","BOSS"],"items_purchased_type":["Card","Card","Relic","Card","Relic"],"build_version":"2020-12-22","purchased_purges":3,"victory":false,"max_hp_per_floor":[60,60,65,65,65,65,65,65,65,65,65,65,65,65,65,65,65,65,65,65,65,65,65,66,66,66,67,68,69,69,70,70,71,71,72,73,73,74,74,75,75,76,76,76,76,76,76,77,77,77,78,79,79,79,79,87,87,87],"relic_stats":{"Blood Vial":40,"Tough Bandages":[129],"FaceOfCleric":15,"counters":[27,141],"Golden Idol":185,"Gambling Chip":[9],"MealTicket":23,"Ginger":[5],"Kunai":[10],"obtain_stats":[{"TwistedFunnel":45,"Girya":17,"Golden Idol":12,"Oddly Smooth Stone":31,"Omamori":9,"Ginger":26,"Paper Crane":42,"Akabeko":17,"Blood Vial":11,"Calling Bell":17,"Tough Bandages":29,"FaceOfCleric":22,"Gambling Chip":48,"Strawberry":56,"MealTicket":40,"Fusion Hammer":34,"Bag of Marbles":7,"Bottled Lightning":24,"Kunai":37,"Ring of the Snake":0,"Meat on the Bone":17},{"TwistedFunnel":22,"Girya":7,"Golden Idol":4,"Oddly Smooth Stone":16,"Omamori":3,"Ginger":12,"Paper Crane":22,"Akabeko":7,"Blood Vial":4,"Calling Bell":7,"Tough Bandages":15,"FaceOfCleric":11,"Gambling Chip":23,"Strawberry":26,"MealTicket":21,"Fusion Hammer":17,"Bag of Marbles":3,"Bottled Lightning":12,"Kunai":19,"Ring of the Snake":0,"Meat on the Bone":7},{"TwistedFunnel":95,"Girya":26,"Golden Idol":15,"Oddly Smooth Stone":63,"Omamori":10,"Ginger":45,"Paper Crane":95,"Akabeko":26,"Blood Vial":15,"Calling Bell":26,"Tough Bandages":56,"FaceOfCleric":41,"Gambling Chip":100,"Strawberry":136,"MealTicket":91,"Fusion Hammer":72,"Bag of Marbles":10,"Bottled Lightning":45,"Kunai":78,"Ring of the Snake":0,"Meat on the Bone":26}],"Ring of the Snake":[54],"Meat on the Bone":120},"card_choices":[{"not_picked":["Finisher","Calculated Gamble"],"picked":"Dagger Spray","floor":1.0},{"not_picked":["Dagger Spray","Slice"],"picked":"Predator","floor":5.0},{"not_picked":["Eviscerate","Noxious Fumes","Terror"],"picked":"SKIP","floor":7.0},{"not_picked":["Acrobatics","Flying Knee","Caltrops"],"picked":"SKIP","floor":11.0},{"not_picked":["Eviscerate","Quick Slash","Prepared"],"picked":"SKIP","floor":13.0},{"not_picked":["Crippling Poison","Outmaneuver"],"picked":"Backflip","floor":14.0},{"not_picked":["Phantasmal Killer","Die Die Die"],"picked":"Malaise","floor":16.0},{"not_picked":["Reflex","Blade Dance"],"picked":"Caltrops+1","floor":18.0},{"not_picked":["Deadly Poison","Expertise"],"picked":"Escape Plan","floor":19.0},{"not_picked":["Blade Dance","Quick Slash+1"],"picked":"Noxious Fumes+1","floor":20.0},{"not_picked":["Night Terror","Deflect","Endless Agony"],"picked":"SKIP","floor":21.0},{"not_picked":["Glass Knife","Blur"],"picked":"Skewer+1","floor":24.0},{"not_picked":["Poisoned Stab","Reflex","Prepared"],"picked":"SKIP","floor":27.0},{"not_picked":["Underhanded Strike","Tactician+1","Blade Dance"],"picked":"SKIP","floor":28.0},{"not_picked":["Crippling Poison","Skewer"],"picked":"Backflip","floor":29.0},{"not_picked":["Reflex","Venomology"],"picked":"Burst","floor":31.0},{"not_picked":["Burst","Tools of the Trade"],"picked":"Adrenaline","floor":33.0},{"not_picked":["Masterful Stab","Infinite Blades","Cloak And Dagger"],"picked":"SKIP","floor":35.0},{"not_picked":["Cloak And Dagger","Masterful Stab"],"picked":"Blur","floor":36.0},{"not_picked":["Bane+1","Dagger Throw+1","Well Laid Plans"],"picked":"SKIP","floor":38},{"not_picked":["Discovery","Swift Strike"],"picked":"Sadistic Nature","floor":39},{"not_picked":["Skewer","Infinite Blades"],"picked":"Catalyst","floor":40},{"not_picked":["Deflect","Underhanded Strike+1","Quick Slash"],"picked":"SKIP","floor":42},{"not_picked":["Crippling Poison+1","Caltrops"],"picked":"Escape Plan+1","floor":48},{"not_picked":["Poisoned Stab","Dagger Throw+1"],"picked":"PiercingWail","floor":56}],"player_experience":2974836,"relics_obtained":[{"floor":7.0,"key":"Bag of Marbles"},{"floor":9.0,"key":"Omamori"},{"floor":11.0,"key":"Blood Vial"},{"floor":17.0,"key":"Akabeko"},{"floor":17.0,"key":"Meat on the Bone"},{"floor":17.0,"key":"Girya"},{"floor":24.0,"key":"Bottled Lightning"},{"floor":26.0,"key":"Ginger"},{"floor":29.0,"key":"Tough Bandages"},{"floor":31.0,"key":"Oddly Smooth Stone"},{"floor":40,"key":"MealTicket"},{"floor":42,"key":"Paper Crane"},{"floor":48,"key":"Gambling Chip"},{"floor":56,"key":"Strawberry"}],"event_choices":[{"damage_healed":0.0,"max_hp_gain":5.0,"max_hp_loss":0.0,"gold_gain":0.0,"event_name":"Big Fish","player_choice":"Donut","floor":3.0,"gold_loss":0.0,"damage_taken":0.0},{"damage_healed":0.0,"max_hp_gain":0.0,"max_hp_loss":0.0,"gold_gain":0.0,"event_name":"Living Wall","player_choice":"Grow","floor":4.0,"gold_loss":0.0,"damage_taken":0.0,"cards_upgraded":["Crippling Poison"]},{"damage_healed":0.0,"max_hp_gain":0.0,"max_hp_loss":0.0,"gold_gain":0.0,"event_name":"Golden Idol","player_choice":"Take Wound","floor":12.0,"gold_loss":0.0,"damage_taken":0.0,"relics_obtained":["Golden Idol"],"cards_obtained":["Injury"]},{"damage_healed":0.0,"max_hp_gain":0.0,"max_hp_loss":0.0,"gold_gain":0.0,"event_name":"FaceTrader","player_choice":"Trade","floor":22.0,"gold_loss":0.0,"damage_taken":0.0,"relics_obtained":["FaceOfCleric"]},{"damage_healed":0.0,"max_hp_gain":0.0,"max_hp_loss":0.0,"gold_gain":50.0,"event_name":"Nest","player_choice":"Stole From Cult","floor":30.0,"gold_loss":0.0,"damage_taken":0.0},{"damage_healed":0,"gold_gain":0,"player_choice":"Memory 3","damage_taken":10,"max_hp_gain":0,"max_hp_loss":0,"event_name":"SensoryStone","floor":39,"gold_loss":0},{"damage_healed":0,"gold_gain":0,"player_choice":"Ignored","damage_taken":0,"max_hp_gain":0,"max_hp_loss":0,"event_name":"Tomb of Lord Red Mask","floor":41,"gold_loss":0},{"damage_healed":0,"gold_gain":0,"player_choice":"Fight","damage_taken":0,"max_hp_gain":0,"max_hp_loss":0,"event_name":"Mysterious Sphere","floor":48,"gold_loss":0}],"is_beta":false,"boss_relics":[{"not_picked":["SlaversCollar","SacredBark"],"picked":"Calling Bell"},{"not_picked":["Runic Dome","Cursed Key"],"picked":"Fusion Hammer"}],"items_purged_floors":[37,45,49],"is_endless":false,"potions_floor_spawned":[7,11,13,14,18,19,21,28,35,42,48],"killed_by":"The Heart","ascension_level":20}}