{"host":"eeeqmyc7a1933jos","time":1612004060,"event":{"mods":["2.2 Compatiblity","Act Like it!","BaseMod","CapriCore","Colored Powertips","Conspire","Downfall","Elementarium","Friendly Minions","Gensokyo","GifTheSpireLib","Gremlin Mod","Hallownest","Hermit","Hubris","Infinite Spire","Jorbs\u0027s Wanderer Trilogy","Marisa????????","Mimic Mod","Minty Spire (QoL Compilation)","Pale of the Ancients","Random Character Button","Random Character Mod","Rare Cards Sparkle","Reimu??????","Relic Sorter","Relic Stats","SIMod","StSLib","The Administrix","The Bug Knight","The Disciple","The Dragon Tamer","The Hierophant","The Immortal","The Marked","The Mystic","The Runesmith","The Senshi","The Servant 0.9.4","The Vixen","TheFirefly","Wandering Minibosses"],"gold_per_floor":[114,39,39,55,55,83,83,117,150,150,184,213,213,229,229,327,327,346,346,363,363,363,283,59,73,155,155,173,208,208,237,237,334,334,347,347,384,384,400,400,236,236,236,266,266,284,284,296,296,296,310,325,325,86,86,86,86,112,112,112],"floor_reached":61,"language":"ENG","playtime":4396,"items_purged":["DTMod:TargetDefense","DTMod:TargetDefense","DTMod:Strike","DTMod:Strike","Burn"],"score":1686,"play_id":"8e4aca47-dbee-4534-8c64-3696797aa450","local_time":"20210130115420","is_ascension_mode":true,"metric_token":2771,"campfire_choices":[{"data":"DTMod:CrossStep","floor":7,"key":"SMITH"},{"data":"1","floor":10,"key":"LIFT"},{"data":"2","floor":13,"key":"LIFT"},{"data":"3","floor":15,"key":"LIFT"},{"data":"DTMod:CrossStep","floor":32,"key":"SMITH"},{"data":"hubris:Rewind","floor":40,"key":"SMITH"},{"data":"DTMod:RunningTactic","floor":42,"key":"SMITH"},{"data":"Hallownest:skillCityofTearsMap","floor":45,"key":"SMITH"},{"data":"DTMod:RepeatStrike","floor":47,"key":"SMITH"},{"data":"DTMod:MaximumCharge","floor":49,"key":"SMITH"},{"data":"DTMod:DoubleHit","floor":55,"key":"SMITH"},{"floor":57,"key":"REST"}],"dtmod_dragon_data":[32,56,0,2,0,4],"circlet_count":0,"master_deck":["DTMod:DoubleHit+1","DTMod:SwitchingTactic","DTMod:CrossStep+1","DTMod:MasterPlan","DTMod:RepeatStrike+1","DTMod:BalancedStrike","DTMod:MasterPlan","DTMod:GearUp+1","DTMod:TagTeam","DTMod:BuildUp","Hallownest:skillCityofTearsMap+1","hubris:Insight","DTMod:CrossStep+1","DTMod:Threaten+1","DTMod:Hide","hubris:Rewind+1","DTMod:Adaptation+1","DTMod:Hide","DTMod:Hide","Burn","DTMod:BuildUp+1","DTMod:RunningTactic+1","DTMod:Harmonize+1","DTMod:ComboAttack+1","DTMod:Hide+1","DTMod:MaximumCharge+1","DTMod:CrossStep+1","Madness"],"relics":["DTMod:PactStone","Hallownest:DreamNailRelic","Girya","hubris:Potato","hubris:TenFootPole","Orichalcum","RuthlessExorcism:ReiMu","Empty Cage","Frozen Egg 2","Calipers","Snecko Eye","Boot","Runesmith:AutoHammer","conspire:RunicOctahedron","infinitespire:CheckeredPen","Mummified Hand","conspire:GiftBox","paleoftheancients:Timepiece","Ice Cream","Gremlin Horn","paleoftheancients:SoulOfTheWatcher","hubris:Towel","Lantern"],"acts_visited":["Exordium","Hallownest:Greenpath","Hallownest:CityofTears","Hallownest:KingdomsEdge"],"potions_floor_usage":[31,33,50,50,60],"damage_taken":[{"damage":0,"enemies":"Hallownest:2_Tiktiks_and_1_Crawlid","floor":1,"turns":5},{"damage":0,"enemies":"Hallownest:monsterHuskGuard","floor":4,"turns":4},{"damage":2,"enemies":"Hallownest:eliteMossKnight","floor":6,"turns":15},{"damage":0,"enemies":"Hallownest:eliteVengeflyKing","floor":8,"turns":6},{"damage":0,"enemies":"Hallownest:2_MossCreeps","floor":9,"turns":5},{"damage":0,"enemies":"Hallownest:2_MossCreeps","floor":11,"turns":4},{"damage":3,"enemies":"Hallownest:eliteCrystalGuardian","floor":12,"turns":5},{"damage":0,"enemies":"Hallownest:2_MossCreeps","floor":14,"turns":2},{"damage":0,"enemies":"Hallownest:BossFalseKnight","floor":16,"turns":8},{"damage":2,"enemies":"Hallownest:Guard_and_Sentry","floor":18,"turns":4},{"damage":0,"enemies":"Hallownest:3_Youths","floor":20,"turns":5},{"damage":10,"enemies":"Hallownest:3_Mistakes","floor":25,"turns":8},{"damage":0,"enemies":"Hallownest:monsterMisterMushroom","floor":28,"turns":7},{"damage":0,"enemies":"Hallownest:Nosk","floor":29,"turns":9},{"damage":0,"enemies":"Hallownest:eliteWatcherKnight","floor":31,"turns":17},{"damage":0,"enemies":"Hallownest:BossGrimm","floor":33,"turns":18},{"damage":0,"enemies":"Hallownest:Shield_Heavy","floor":35,"turns":4},{"damage":10,"enemies":"conspire:MimicChest","floor":37,"turns":9},{"damage":1,"enemies":"Hallownest:3_Siblings","floor":39,"turns":18},{"damage":0,"enemies":"Hallownest:eliteHiveKnight","floor":44,"turns":5},{"damage":0,"enemies":"Hallownest:2_Great","floor":46,"turns":3},{"damage":0,"enemies":"Hallownest:2_Wing_and_1_Kings","floor":48,"turns":5},{"damage":0,"enemies":"Hallownest:BossHollowKnight","floor":50,"turns":9},{"damage":0,"enemies":"Hallownest:BossHollowKnight","floor":51,"turns":8},{"damage":4,"enemies":"Hallownest:BossHollowKnight","floor":52,"turns":4},{"damage":61,"enemies":"Hallownest:BossHollowKnight","floor":56,"turns":8},{"damage":2,"enemies":"paleoftheancients:N","floor":60,"turns":12}],"seed_played":"1743017396448606499","potions_obtained":[{"floor":1,"key":"Energy Potion"},{"floor":4,"key":"GrandPatriotsElixir:ReiMu"},{"floor":8,"key":"Strength Potion"},{"floor":14,"key":"SmokeBomb"},{"floor":18,"key":"EssenceOfSteel"},{"floor":29,"key":"AttackPotion"},{"floor":39,"key":"hexamod:SoulburnPotion"},{"floor":46,"key":"SkillPotion"},{"floor":51,"key":"SteroidPotion"}],"is_trial":false,"path_per_floor":["M","$","?","M","?","E","R","E","MIM","R","MIM","E","R","M","R","B",null,"M","?","M","?","?","?","$","M","T","AVR","M","E","?","E","R","B",null,"M","?","?","?","M","R","$","R","T","E","R","M","R","M","R","B","M","M","?","$","R","M","R","T","?","B",null],"character_chosen":"THE_DT","items_purchased":["hubris:Insight","DTMod:CrossStep","DTMod:RunningTactic","Madness"],"campfire_rested":1,"item_purchase_floors":[24,24,41,54],"current_hp_per_floor":[49,49,49,49,49,47,47,47,47,47,47,44,44,44,44,44,49,47,45,45,45,45,45,45,35,35,35,35,35,29,29,29,29,49,49,49,39,39,38,38,38,38,38,38,38,38,38,38,38,49,49,47,47,47,47,17,31,31,31,39],"gold":112,"neow_bonus":"TEN_PERCENT_HP_BONUS","is_daily":false,"chose_seed":false,"campfire_upgraded":8,"win_rate":0.0,"timestamp":1612004060,"path_taken":["M","$","?","M","?","E","R","E","MIM","R","?","E","R","M","R","BOSS","M","?","?","?","?","?","$","M","T","AVR","?","E","?","E","R","BOSS","M","?","?","?","M","R","$","R","T","E","R","?","R","M","R","BOSS","M","M","?","$","R","M","R","T","?","BOSS"],"items_purchased_type":["Card","Card","Card","Card"],"build_version":"2020-12-22","purchased_purges":5,"victory":true,"max_hp_per_floor":[49,49,49,49,49,49,49,49,49,49,49,49,49,49,49,49,49,49,49,49,49,49,49,49,49,49,49,49,49,49,49,49,49,49,49,49,49,49,49,49,49,49,49,49,49,49,49,49,49,49,49,49,49,49,49,49,49,49,49,49],"relic_stats":{"Gremlin Horn":[9,10],"counters":[27,207],"Mummified Hand":[97],"Snecko Eye":[226,259,257,247],"Orichalcum":[252],"Boot":[7],"obtain_stats":[{"Ice Cream":50,"Girya":6,"Lantern":58,"Calipers":27,"Gremlin Horn":50,"conspire:RunicOctahedron":34,"Hallownest:DreamNailRelic":5,"infinitespire:CheckeredPen":37,"Orichalcum":11,"Frozen Egg 2":26,"hubris:Towel":53,"Empty Cage":17,"Boot":29,"paleoftheancients:Timepiece":50,"conspire:GiftBox":44,"DTMod:PactStone":0,"Mummified Hand":43,"Snecko Eye":27,"hubris:TenFootPole":9,"Runesmith:AutoHammer":31,"paleoftheancients:SoulOfTheWatcher":51,"hubris:Potato":8,"RuthlessExorcism:ReiMu":12},{"Ice Cream":23,"Girya":3,"Lantern":26,"Calipers":12,"Gremlin Horn":23,"conspire:RunicOctahedron":16,"Hallownest:DreamNailRelic":2,"infinitespire:CheckeredPen":18,"Orichalcum":6,"Frozen Egg 2":12,"hubris:Towel":25,"Empty Cage":9,"Boot":14,"paleoftheancients:Timepiece":23,"conspire:GiftBox":20,"DTMod:PactStone":0,"Mummified Hand":19,"Snecko Eye":12,"hubris:TenFootPole":5,"Runesmith:AutoHammer":15,"paleoftheancients:SoulOfTheWatcher":24,"hubris:Potato":4,"RuthlessExorcism:ReiMu":7},{"Ice Cream":175,"Girya":24,"Lantern":195,"Calipers":71,"Gremlin Horn":175,"conspire:RunicOctahedron":122,"Hallownest:DreamNailRelic":9,"infinitespire:CheckeredPen":135,"Orichalcum":39,"Frozen Egg 2":71,"hubris:Towel":187,"Empty Cage":54,"Boot":87,"paleoftheancients:Timepiece":175,"conspire:GiftBox":158,"DTMod:PactStone":0,"Mummified Hand":153,"Snecko Eye":71,"hubris:TenFootPole":35,"Runesmith:AutoHammer":104,"paleoftheancients:SoulOfTheWatcher":183,"hubris:Potato":30,"RuthlessExorcism:ReiMu":44}]},"card_choices":[{"not_picked":["DTMod:BurningForce","DTMod:Feint"],"picked":"DTMod:CrossStep","floor":1},{"not_picked":["DTMod:ComboAttack","DTMod:MagicField"],"picked":"DTMod:MasterPlan","floor":4},{"not_picked":["DTMod:BreakAttack","DTMod:BuildUp"],"picked":"DTMod:RepeatStrike","floor":6},{"not_picked":["DTMod:HeatWave","DTMod:CleansingStrike"],"picked":"DTMod:BalancedStrike","floor":8},{"not_picked":["DTMod:ForkedFire","DTMod:HeatWave"],"picked":"DTMod:OpeningTactic","floor":12},{"not_picked":["DTMod:FlameSlash","DTMod:Coolant"],"picked":"DTMod:MasterPlan","floor":14},{"not_picked":["DTMod:RepeatStrike","DTMod:Inferno"],"picked":"DTMod:GearUp","floor":16},{"not_picked":["DTMod:CleansingStrike","DTMod:CalculatedDefense","DTMod:Dissolve"],"picked":"SKIP","floor":18},{"not_picked":["DTMod:Weaken+1","DTMod:Overwhelm+1","DTMod:BlazingStrike"],"picked":"SKIP","floor":20},{"not_picked":["DTMod:Weaken+1","DTMod:Overwhelm+1","DTMod:BlazingStrike"],"picked":"SKIP","floor":20},{"not_picked":["DTMod:FlameSlash+1","DTMod:MasterPlan+1"],"picked":"DTMod:TagTeam","floor":22},{"not_picked":["DTMod:Weaken+1","DTMod:BurningEnergy"],"picked":"DTMod:BuildUp","floor":22},{"not_picked":["DTMod:HeatWave","DTMod:InvisibleFlame"],"picked":"DTMod:Threaten+1","floor":25},{"not_picked":["DTMod:Haste","DTMod:LastStand"],"picked":"DTMod:Hide","floor":28},{"not_picked":["DTMod:Haste","DTMod:Overwhelm","DTMod:StarRain"],"picked":"SKIP","floor":29},{"not_picked":["infinitespire:FinalStrike","infinitespire:Oblivion"],"picked":"hubris:Rewind","floor":30},{"not_picked":["DTMod:Conduct","DTMod:DeepFocus+1"],"picked":"DTMod:Adaptation+1","floor":31},{"not_picked":["DTMod:LightShield","DTMod:StunTrap"],"picked":"DTMod:Inferno","floor":33},{"not_picked":["DTMod:ForkedFire","DTMod:BlazingStrike+1","DTMod:MagicField+1"],"picked":"SKIP","floor":35},{"not_picked":["DTMod:CleansingStrike","DTMod:Haste+1"],"picked":"DTMod:BuildUp+1","floor":39},{"not_picked":["DTMod:Outburst","DTMod:SealedStrike"],"picked":"DTMod:Harmonize+1","floor":44},{"not_picked":["DTMod:StunTrap","DTMod:CleansingStrike+1"],"picked":"DTMod:ComboAttack+1","floor":44},{"not_picked":["DTMod:Adaptation+1","DTMod:BizarreTactic"],"picked":"DTMod:Hide+1","floor":46},{"not_picked":["DTMod:Feint+1","DTMod:MasterPlan+1"],"picked":"DTMod:MaximumCharge","floor":48},{"not_picked":["DTMod:Weaken","DTMod:FlameSlash+1","DTMod:Observe"],"picked":"SKIP","floor":51},{"not_picked":["DTMod:HeatWave","DTMod:ComboAttack"],"picked":"DTMod:CrossStep+1","floor":52}],"player_experience":1638100,"relics_obtained":[{"floor":6,"key":"Girya"},{"floor":8,"key":"hubris:Potato"},{"floor":9,"key":"hubris:TenFootPole"},{"floor":11,"key":"Orichalcum"},{"floor":12,"key":"RuthlessExorcism:ReiMu"},{"floor":26,"key":"Frozen Egg 2"},{"floor":29,"key":"Boot"},{"floor":31,"key":"Runesmith:AutoHammer"},{"floor":37,"key":"infinitespire:CheckeredPen"},{"floor":43,"key":"Mummified Hand"},{"floor":44,"key":"conspire:GiftBox"},{"floor":51,"key":"paleoftheancients:SoulOfTheWatcher"},{"floor":58,"key":"Lantern"}],"event_choices":[],"is_beta":false,"boss_relics":[{"not_picked":["Runic Pyramid","Velvet Choker"],"picked":"Empty Cage"},{"not_picked":["Cursed Key","Tiny House"],"picked":"conspire:RunicOctahedron"}],"items_purged_floors":[2,24,27,41,54],"is_endless":false,"potions_floor_spawned":[1,4,8,14,18,29,39,46,48,51],"ascension_level":1}}