{"host":"zk6vb2npgw3pu6j2","time":1612002792,"event":{"mods":["Act Like it!","Aspiration","Bard","BaseMod","Beaked The Cultist","Bestiary","Better Note","Better Sensory Stone","CapriCore","Conspire","Downfall","Friendly Minions","Gensokyo","GifTheSpireLib","Hallownest","Hermit","Hubris","Koishi","Marisa????????","Marked Mod","Minty Spire (QoL Compilation)","Quarter Circle Forward PUNCH!","Reimu??????","Reliquary","Replay The Spire","Retaliation","StSLib","The Administrix","The Alterego","The Blue Laboratory","The Bug Knight","The Construct","The Exalted","The Hierophant","The Immortal","The Marked","The Runesmith","The Senshi","The Servant 0.9.4","The Wild Card","TheVacant","Wandering Minibosses","yUi"],"gold_per_floor":[110,110,109,34,48,48,69,69,94,94,89,99,99,117,117,214,214,234,244,244,244,254,276,276,282,305,80,80,80,126,126,126,224,224,266,316,219,233,37,37,37,89,89,101,116,116,69,84,84,79,79,79,5,34,29,29],"floor_reached":55,"language":"ENG","playtime":3990,"items_purged":["Strike_MRS"],"score":826,"play_id":"d84abe04-5cf3-467a-93dc-03ef0628ca63","local_time":"20210130053312","is_ascension_mode":true,"campfire_choices":[{"data":"MachineGunSpark","floor":6,"key":"SMITH"},{"floor":8,"key":"REST"},{"data":"MasterSpark","floor":10,"key":"SMITH"},{"floor":13,"key":"REST"},{"data":"Discovery","floor":15,"key":"SMITH"},{"data":"MillisecondPulsars","floor":24,"key":"SMITH"},{"floor":32,"key":"REST"},{"data":"ManaRampage","floor":40,"key":"SMITH"},{"floor":46,"key":"RECALL"},{"floor":49,"key":"REST"},{"data":"PowerUp","floor":52,"key":"SMITH"}],"circlet_count":0,"master_deck":["Strike_MRS","Defend_MRS","Defend_MRS","Defend_MRS","MasterSpark+1","UpSweep","Discovery+1","MachineGunSpark+1","Heel Hook","Flying Knee","Dodge and Roll","GrandCross","SporeBomb","EventHorizon","OortCloud+1","EnergyFlow","DeepEcoloBomb","MilkyWay","SuperPerseids","GravityBeat","GrandCross","GravityBeat","GravityBeat","OortCloud","Pot Of Greed","Pot Of Greed","Pot Of Greed","ManaRampage+1","DarkMatter+1","Sickly","NonDirectionalLaser","OrrerysSun+1","PowerUp+1","Acceleration","PowerUp+1","UnstableBomb+1","AsteroidBelt+1","downfall:Icky","Pot Of Greed","EnergyFlow","PropBag+1"],"relics":["MiniHakkero","qcfpunch:Handcuffs","ReplayTheSpireMod:TigerMarble","Gensokyo:MarisaPhilosophersStone","bronze:MakeshiftBattery","conspire:TopHat","hubris:EmptyBottle","Grinning Jar","conspire:RoyalGoblet","Ring of Greed","MealTicket","Golden Egg","reliquary:PorcupineQuills","Bromod:ArcaneMomentum","Ornamental Fan","HollowMod:PaleOreRelic","Nunchaku","Meat on the Bone"],"acts_visited":["Gensokyo:Gensokyo","Gensokyo:Gensokyoer","Gensokyo:Gensokyoest","TheEnding"],"potions_floor_usage":[33,50,50,54,55,55,55],"damage_taken":[{"damage":0,"enemies":"Gensokyo:3_Fairies","floor":1,"turns":4},{"damage":0,"enemies":"Gensokyo:Python","floor":3,"turns":6},{"damage":10,"enemies":"Gensokyo:Gryphon","floor":5,"turns":3},{"damage":22,"enemies":"Gensokyo:Mamizou","floor":7,"turns":11},{"damage":16,"enemies":"Gensokyo:Mamizou","floor":11,"turns":6},{"damage":0,"enemies":"Gensokyo:LivingMonolith","floor":12,"turns":2},{"damage":2,"enemies":"Gensokyo:Gryphon_and_Rabbit","floor":14,"turns":2},{"damage":7,"enemies":"Gensokyo:Kokoro","floor":16,"turns":6},{"damage":0,"enemies":"Gensokyo:Chomper","floor":18,"turns":3},{"damage":0,"enemies":"Gensokyo:AngelMirror","floor":19,"turns":2},{"damage":8,"enemies":"Gensokyo:Chomper_and_Gloop","floor":22,"turns":4},{"damage":7,"enemies":"Gensokyo:Reisen","floor":23,"turns":6},{"damage":1,"enemies":"Gensokyo:Wraith","floor":25,"turns":4},{"damage":43,"enemies":"Gensokyo:Eternal_Rivals","floor":33,"turns":8},{"damage":8,"enemies":"Gensokyo:3_Bats","floor":35,"turns":3},{"damage":15,"enemies":"Gensokyo:3_Boulders","floor":37,"turns":8},{"damage":0,"enemies":"Gensokyo:Sharpion","floor":38,"turns":2},{"damage":0,"enemies":"Gensokyo:Doremy","floor":42,"turns":5},{"damage":21,"enemies":"Gensokyo:Dusk_and_Dawn","floor":44,"turns":4},{"damage":0,"enemies":"Gensokyo:SeedOfUnknown","floor":45,"turns":4},{"damage":48,"enemies":"Gensokyo:Kasen","floor":48,"turns":8},{"damage":11,"enemies":"Gensokyo:Yuyuko","floor":50,"turns":6},{"damage":28,"enemies":"Shield and Spear","floor":54,"turns":6},{"damage":54,"enemies":"The Heart","floor":55,"turns":3}],"seed_played":"-1307054375950921454","potions_obtained":[{"floor":3,"key":"blueLaboratory:NullPotion"},{"floor":5,"key":"blueLaboratory:FruitPreserves"},{"floor":12,"key":"Energy Potion"},{"floor":19,"key":"Strength Potion"}],"is_trial":false,"path_per_floor":["M","?","M","$","M","R","E","R","T","R","?","M","R","M","R","B",null,"M","M","?","?","M","E","R","M","T","$","?","?","T","?","R","B",null,"M","?","M","M","$","R","?","E","T","M","M","R","$","E","R","B",null,"R","$","E","B"],"character_chosen":"MARISA","items_purchased":["OortCloud","hubris:EmptyBottle","PowerUp","reliquary:PorcupineQuills","AsteroidBelt","LiquidMemories"],"campfire_rested":4,"item_purchase_floors":[27,27,39,39,47,53],"current_hp_per_floor":[75,75,75,75,65,65,43,65,65,65,49,49,71,69,69,62,75,75,75,75,75,67,60,60,59,59,59,59,59,59,59,75,32,75,67,67,52,52,67,67,75,75,75,54,58,58,73,25,47,47,75,75,75,47,0,0],"gold":29,"neow_bonus":"RANDOM_COLORLESS","is_daily":false,"chose_seed":false,"campfire_upgraded":6,"win_rate":0.0,"timestamp":1612002792,"path_taken":["M","?","M","?","M","R","E","R","T","R","?","M","R","M","R","BOSS","M","?","?","?","?","E","R","M","T","$","?","?","?","?","R","BOSS","M","?","M","M","?","R","?","E","T","M","M","R","$","E","R","BOSS","R","$","E","BOSS"],"items_purchased_type":["Card","Relic","Card","Relic","Card","Potion"],"build_version":"2020-12-22","purchased_purges":1,"victory":false,"max_hp_per_floor":[75,75,75,75,75,75,75,75,75,75,75,75,75,75,75,75,75,75,75,75,75,75,75,75,75,75,75,75,75,75,75,75,75,75,75,75,75,75,75,75,75,75,75,75,75,75,75,75,75,75,75,75,75,75,75,75],"card_choices":[{"not_picked":["ReplayTheSpireMod:Trickstab","Enlightenment"],"picked":"Discovery","floor":0},{"not_picked":["MysteriousBeam","Acceleration"],"picked":"MachineGunSpark","floor":1},{"not_picked":["BlazeAway","WitchLeyline"],"picked":"GrandCross","floor":3},{"not_picked":["WitchOfGreed","Orbital"],"picked":"SporeBomb","floor":5},{"not_picked":["ManaConvection","DarkMatter"],"picked":"EventHorizon","floor":7},{"not_picked":["DarkSpark","SuperNova"],"picked":"EnergyFlow","floor":11},{"not_picked":["GalacticHalo","DragonMeteor"],"picked":"DeepEcoloBomb","floor":12},{"not_picked":["MysteriousBeam","MagicAbsorber"],"picked":"MilkyWay","floor":14},{"not_picked":["SatelliteIllusion","FinalSpark"],"picked":"MillisecondPulsars","floor":16},{"not_picked":["ShootingEcho","EnergyRecoil"],"picked":"SuperPerseids","floor":18},{"not_picked":["MysteriousBeam+1","SporeBomb"],"picked":"GravityBeat","floor":19},{"not_picked":["StarlightTyphoon","Robbery"],"picked":"GrandCross","floor":22},{"not_picked":["SporeBomb","GrandCross"],"picked":"GravityBeat","floor":23},{"not_picked":["DeepEcoloBomb","MysteriousBeam+1"],"picked":"GravityBeat","floor":25},{"not_picked":["BigCrunch","StarDustReverie"],"picked":"ManaRampage","floor":33},{"not_picked":["AlicesGift+1","GravityBeat"],"picked":"DarkMatter+1","floor":35},{"not_picked":["6A","WitchLeyline"],"picked":"NonDirectionalLaser","floor":37},{"not_picked":["MysteriousBeam+1","ChargeUpSpray"],"picked":"OrrerysSun+1","floor":38},{"not_picked":["OpenUniverse","NonDirectionalLaser"],"picked":"Acceleration","floor":42},{"not_picked":["ShootingEcho","SuperPerseids"],"picked":"PowerUp","floor":44},{"not_picked":["DragonMeteor+1","SporeBomb+1"],"picked":"UnstableBomb+1","floor":45},{"not_picked":["DarkMatter","OneTimeOff"],"picked":"EnergyFlow","floor":48},{"not_picked":["EnergyRecoil+1","SuperPerseids"],"picked":"PropBag+1","floor":54}],"player_experience":289630,"relics_obtained":[{"floor":7,"key":"qcfpunch:Handcuffs"},{"floor":9,"key":"ReplayTheSpireMod:TigerMarble"},{"floor":11,"key":"Gensokyo:MarisaPhilosophersStone"},{"floor":23,"key":"conspire:TopHat"},{"floor":30,"key":"Grinning Jar"},{"floor":36,"key":"Ring of Greed"},{"floor":36,"key":"MealTicket"},{"floor":36,"key":"Golden Egg"},{"floor":42,"key":"Bromod:ArcaneMomentum"},{"floor":43,"key":"Ornamental Fan"},{"floor":48,"key":"HollowMod:PaleOreRelic"},{"floor":54,"key":"Nunchaku"}],"event_choices":[{"damage_healed":0,"gold_gain":0,"player_choice":"Leave","damage_taken":0,"max_hp_gain":0,"max_hp_loss":0,"event_name":"conspire:Investor","floor":28,"gold_loss":0}],"is_beta":false,"boss_relics":[{"not_picked":["Pandora\u0027s Box","Replay:Drink Me"],"picked":"bronze:MakeshiftBattery"},{"not_picked":["hubris:RunicObelisk","aspiration:RunicSpoon"],"picked":"conspire:RoyalGoblet"}],"items_purged_floors":[4],"is_endless":false,"potions_floor_spawned":[3,5,12,19,22,25,33,37,38,45,54],"killed_by":"The Heart","ascension_level":1}}