{"host":"Jinnai","time":1612032683,"event":{"mods":["BaseMod","Bestiary","Block Reminder","Colored Map","Colored Powertips","Highlight Path","Minty Spire (QoL Compilation)","Quick Restart","Relic Stats","StSLib"],"gold_per_floor":[11,29,29,48,67,67,100,113,137,2,35,35,51,80,80,155,155,171,171,199,124,124,154,154,181,181,193,221,231,301,311,311,390,390,400,412,412,412],"floor_reached":37,"language":"ENG","playtime":1752,"items_purged":["Defend_P"],"score":1073,"play_id":"facd72d5-ae5a-4cbe-b33b-f00bb3a3b2d6","local_time":"20210130135123","is_ascension_mode":true,"campfire_choices":[{"data":"Apotheosis","floor":6,"key":"SMITH"},{"floor":12,"key":"REST"},{"floor":15,"key":"REST"},{"data":"Fasting2","floor":24,"key":"SMITH"},{"data":"ForeignInfluence","floor":32,"key":"SMITH"}],"circlet_count":0,"master_deck":["AscendersBane","Defend_P","Defend_P","Eruption","Vigilance","Apotheosis+1","BowlingBash","WheelKick+1","EmptyMind","WheelKick","ForeignInfluence+1","Wireheading","Fasting2+1","Consecrate+1","CutThroughFate","FlurryOfBlows","Consecrate","DeusExMachina","FearNoEvil","Bite","Bite","Bite","Bite","Bite","ThirdEye+1","Evaluate","Tantrum","FollowUp","EmptyFist","Indignation","Ragnarok","Consecrate+1"],"relics":["HolyWater","Happy Flower","Bag of Marbles","Whetstone","Red Mask","Ancient Tea Set","Orichalcum","PreservedInsect","Frozen Egg 2","Matryoshka","Philosopher\u0027s Stone"],"acts_visited":["Exordium","TheCity","TheBeyond"],"potions_floor_usage":[7,18],"damage_taken":[{"damage":0,"enemies":"2 Louse","floor":1,"turns":3},{"damage":1,"enemies":"Cultist","floor":2,"turns":3},{"damage":7,"enemies":"Jaw Worm","floor":4,"turns":3},{"damage":10,"enemies":"Looter","floor":5,"turns":4},{"damage":2,"enemies":"3 Sentries","floor":7,"turns":5},{"damage":6,"enemies":"Exordium Wildlife","floor":8,"turns":2},{"damage":32,"enemies":"Gremlin Nob","floor":11,"turns":4},{"damage":0,"enemies":"2 Fungi Beasts","floor":13,"turns":2},{"damage":2,"enemies":"3 Sentries","floor":14,"turns":5},{"damage":0,"enemies":"Slime Boss","floor":16,"turns":2},{"damage":3,"enemies":"Spheric Guardian","floor":18,"turns":3},{"damage":0,"enemies":"Masked Bandits","floor":20,"turns":2},{"damage":24,"enemies":"Slavers","floor":23,"turns":2},{"damage":0,"enemies":"Gremlin Leader","floor":25,"turns":5},{"damage":0,"enemies":"3 Byrds","floor":27,"turns":3},{"damage":6,"enemies":"Slavers","floor":28,"turns":2},{"damage":3,"enemies":"Centurion and Healer","floor":29,"turns":4},{"damage":12,"enemies":"Chosen and Byrds","floor":31,"turns":5},{"damage":18,"enemies":"Collector","floor":33,"turns":5},{"damage":0,"enemies":"Orb Walker","floor":35,"turns":1},{"damage":12,"enemies":"3 Darklings","floor":36,"turns":5},{"damage":54,"enemies":"Writhing Mass","floor":37,"turns":4}],"seed_played":"4336074527446451845","potions_obtained":[{"floor":1,"key":"Swift Potion"},{"floor":2,"key":"Explosive Potion"},{"floor":3,"key":"LiquidMemories"},{"floor":7,"key":"SpeedPotion"},{"floor":8,"key":"BottledMiracle"},{"floor":20,"key":"SpeedPotion"}],"is_trial":false,"path_per_floor":["M","M","?","M","M","R","E","M","T","$","E","R","M","E","R","B",null,"M","?","?","$","?","E","R","E","T","M","E","M","T","M","R","B",null,"M","M","M"],"character_chosen":"WATCHER","items_purchased":["Fasting2","Consecrate"],"campfire_rested":2,"item_purchase_floors":[10,10],"current_hp_per_floor":[61,60,60,53,43,43,41,35,35,35,3,23,23,21,41,41,61,58,47,47,47,47,25,25,37,37,43,43,46,46,41,41,38,45,45,45,0,0],"gold":412,"neow_bonus":"RANDOM_COLORLESS_2","is_daily":false,"chose_seed":false,"campfire_upgraded":3,"win_rate":0.0,"timestamp":1612032683,"path_taken":["M","M","?","M","M","R","E","M","T","?","E","R","?","E","R","BOSS","M","?","?","?","?","E","R","E","T","M","E","M","?","M","R","BOSS","M","M","M"],"items_purchased_type":["Card","Card"],"build_version":"2020-12-18","purchased_purges":1,"victory":false,"max_hp_per_floor":[68,68,68,68,68,68,68,68,68,68,68,68,68,68,68,68,68,68,47,47,47,47,47,47,47,47,47,47,47,47,47,47,47,47,47,47,47,47],"relic_stats":{"Happy Flower":[18],"counters":[22,74],"PreservedInsect":42,"Whetstone":["Consecrate","WheelKick"],"Orichalcum":[84],"obtain_stats":[{"Matryoshka":30,"Happy Flower":7,"HolyWater":17,"Philosopher\u0027s Stone":34,"PreservedInsect":26,"Bag of Marbles":11,"Red Mask":20,"Whetstone":14,"PureWater":0,"Orichalcum":25,"Frozen Egg 2":28,"Ancient Tea Set":23},{"Matryoshka":17,"Happy Flower":5,"HolyWater":10,"Philosopher\u0027s Stone":19,"PreservedInsect":14,"Bag of Marbles":7,"Red Mask":12,"Whetstone":9,"PureWater":0,"Orichalcum":14,"Frozen Egg 2":16,"Ancient Tea Set":13},{"Matryoshka":54,"Happy Flower":18,"HolyWater":33,"Philosopher\u0027s Stone":64,"PreservedInsect":45,"Bag of Marbles":24,"Red Mask":38,"Whetstone":31,"PureWater":0,"Orichalcum":45,"Frozen Egg 2":50,"Ancient Tea Set":40}]},"card_choices":[{"not_picked":["Metamorphosis","Transmutation"],"picked":"Apotheosis","floor":0},{"not_picked":["EmptyMind","Vengeance"],"picked":"BowlingBash","floor":1},{"not_picked":["ClearTheMind","PathToVictory"],"picked":"WheelKick","floor":2},{"not_picked":["PathToVictory","EmptyBody"],"picked":"EmptyMind","floor":4},{"not_picked":["EmptyBody","Protect"],"picked":"WheelKick","floor":5},{"not_picked":["SashWhip","JustLucky"],"picked":"ForeignInfluence","floor":7},{"not_picked":["FollowUp","ClearTheMind"],"picked":"Wireheading","floor":8},{"not_picked":["CarveReality","Fasting2"],"picked":"CutThroughFate","floor":11},{"not_picked":["PathToVictory","CutThroughFate"],"picked":"FlurryOfBlows","floor":13},{"not_picked":["Sanctity","Halt"],"picked":"Consecrate","floor":14},{"not_picked":["Scrawl","ConjureBlade"],"picked":"DeusExMachina","floor":16},{"not_picked":["Protect","FlurryOfBlows"],"picked":"FearNoEvil","floor":18},{"not_picked":["CutThroughFate","Halt"],"picked":"ThirdEye+1","floor":20},{"not_picked":["SashWhip","Alpha"],"picked":"Evaluate","floor":23},{"not_picked":["FearNoEvil","Study"],"picked":"Tantrum","floor":25},{"not_picked":["PathToVictory","JustLucky"],"picked":"FollowUp","floor":27},{"not_picked":["Crescendo+1","JustLucky"],"picked":"EmptyFist","floor":28},{"not_picked":["JustLucky","Consecrate"],"picked":"Indignation","floor":29},{"not_picked":["SignatureMove","CrushJoints","PathToVictory"],"picked":"SKIP","floor":31},{"not_picked":["MasterReality+1","Judgement"],"picked":"Ragnarok","floor":33},{"not_picked":["Evaluate","PathToVictory+1","Consecrate"],"picked":"SKIP","floor":35},{"not_picked":["EmptyBody+1","EmptyFist"],"picked":"Consecrate+1","floor":36}],"player_experience":1602993,"relics_obtained":[{"floor":7,"key":"Happy Flower"},{"floor":11,"key":"Bag of Marbles"},{"floor":14,"key":"Whetstone"},{"floor":20,"key":"Red Mask"},{"floor":23,"key":"Ancient Tea Set"},{"floor":25,"key":"Orichalcum"},{"floor":26,"key":"PreservedInsect"},{"floor":28,"key":"Frozen Egg 2"},{"floor":30,"key":"Matryoshka"}],"event_choices":[{"damage_healed":0,"gold_gain":0,"player_choice":"Got Potions","damage_taken":0,"max_hp_gain":0,"max_hp_loss":0,"event_name":"Lab","floor":3,"gold_loss":0},{"damage_healed":0,"gold_gain":0,"player_choice":"Became a vampire","damage_taken":0,"max_hp_gain":0,"max_hp_loss":21,"event_name":"Vampires","floor":19,"gold_loss":0,"cards_obtained":["Bite","Bite","Bite","Bite","Bite"]},{"damage_healed":0,"gold_gain":0,"player_choice":"Fought Bandits","damage_taken":0,"max_hp_gain":0,"max_hp_loss":0,"event_name":"Masked Bandits","floor":20,"gold_loss":0},{"cards_removed":["Defend_P"],"damage_healed":0,"gold_gain":0,"player_choice":"Elegance","damage_taken":0,"max_hp_gain":0,"max_hp_loss":0,"event_name":"Back to Basics","floor":22,"gold_loss":0}],"is_beta":true,"boss_relics":[{"not_picked":["Ectoplasm","Busted Crown"],"picked":"HolyWater"},{"not_picked":["Astrolabe","VioletLotus"],"picked":"Philosopher\u0027s Stone"}],"items_purged_floors":[21],"is_endless":false,"potions_floor_spawned":[1,2,7,8,13,20,27,29,33],"killed_by":"Writhing Mass","ascension_level":20}}