{"host":"sc0o2qwpf9j16a4i","time":1612028138,"event":{"mods":["AchievementEnabler","BaseMod","BetterRewards","Block Reminder","Colored Map","Colored Powertips","Custom Start","Highlight Path","Minty Spire (QoL Compilation)","Relic Stats"],"gold_per_floor":[110,110,110,122,135,161,161,179,204,20,35,63,73,91,91,187,237,250,30,30,46,123,151,151,186,186,200,233,248,248,264,264,364,364,377,394,439,12,30,56,74,124,124,135,164,164,197,207,207,207],"floor_reached":51,"language":"ENG","playtime":1792,"items_purged":[],"score":1261,"play_id":"32faf6e5-ebdf-4672-a1f8-c53253a3cbcb","local_time":"20210130193538","daily_mods":["Cursed Run","Red Cards","DeadlyEvents"],"is_ascension_mode":false,"campfire_choices":[{"data":"Footwork","floor":7,"key":"SMITH"},{"data":"Bouncing Flask","floor":15,"key":"SMITH"},{"data":"True Grit","floor":24,"key":"SMITH"},{"data":"After Image","floor":32,"key":"SMITH"},{"floor":46,"key":"REST"},{"floor":49,"key":"REST"}],"circlet_count":0,"master_deck":["Defend_G","Defend_G","Defend_G+1","Defend_G","Defend_G","Survivor+1","Neutralize","Cloak And Dagger+1","Dagger Spray+1","Footwork+1","True Grit+1","Dagger Throw","Clumsy","Accuracy","Deadly Poison","Acrobatics","After Image+1","Bouncing Flask+1","Shame","Juggernaut+1","Underhanded Strike","Anger","Crippling Poison","Necronomicurse","Footwork","Decay","Spot Weakness","Regret","Dodge and Roll","Barricade","Acrobatics+1","Bite","Bite","Bite","Bite","Bite+1","Skewer+1","Parasite","Corpse Explosion","Underhanded Strike","Flame Barrier+1","Regret","Blade Dance+1","Rage+1","Acrobatics+1","Dark Embrace+1","Acrobatics+1","Feel No Pain","Dagger Throw+1","Prepared+1","Leg Sweep+1","Spot Weakness+1","Pain","Rage+1","Impervious","Deflect+1","Injury"],"relics":["Cursed Key","Darkstone Periapt","Du-Vu Doll","Anchor","Centennial Puzzle","Oddly Smooth Stone","Tiny Chest","Tiny House","ClockworkSouvenir","Necronomicon","Shuriken","HornCleat","Happy Flower","Letter Opener","The Courier","Fusion Hammer","Whetstone","Orrery","Lantern","War Paint","Bronze Scales","Dead Branch","Blue Candle","Potion Belt","Bird Faced Urn"],"acts_visited":["Exordium","TheCity","TheBeyond"],"potions_floor_usage":[6,16,23,23,23,31,35,50,50,50,50],"damage_taken":[{"damage":0,"enemies":"Jaw Worm","floor":1,"turns":5},{"damage":0,"enemies":"2 Louse","floor":4,"turns":2},{"damage":0,"enemies":"Small Slimes","floor":5,"turns":3},{"damage":12,"enemies":"Lagavulin","floor":6,"turns":9},{"damage":0,"enemies":"Looter","floor":8,"turns":4},{"damage":0,"enemies":"Lots of Slimes","floor":11,"turns":2},{"damage":16,"enemies":"Gremlin Nob","floor":12,"turns":4},{"damage":8,"enemies":"Exordium Thugs","floor":13,"turns":4},{"damage":0,"enemies":"Looter","floor":14,"turns":3},{"damage":1,"enemies":"Hexaghost","floor":16,"turns":8},{"damage":0,"enemies":"3 Byrds","floor":18,"turns":4},{"damage":0,"enemies":"Chosen","floor":21,"turns":3},{"damage":0,"enemies":"Slavers","floor":23,"turns":4},{"damage":20,"enemies":"Gremlin Leader","floor":25,"turns":5},{"damage":4,"enemies":"Snake Plant","floor":27,"turns":3},{"damage":9,"enemies":"Book of Stabbing","floor":28,"turns":5},{"damage":1,"enemies":"Centurion and Healer","floor":29,"turns":5},{"damage":0,"enemies":"Cultist and Chosen","floor":31,"turns":4},{"damage":0,"enemies":"Champ","floor":33,"turns":7},{"damage":0,"enemies":"Orb Walker","floor":35,"turns":2},{"damage":0,"enemies":"3 Darklings","floor":36,"turns":4},{"damage":1,"enemies":"Maw","floor":39,"turns":4},{"damage":0,"enemies":"Nemesis","floor":40,"turns":3},{"damage":9,"enemies":"Transient","floor":41,"turns":5},{"damage":4,"enemies":"Mind Bloom Boss Battle","floor":42,"turns":7},{"damage":0,"enemies":"Sphere and 2 Shapes","floor":44,"turns":1},{"damage":0,"enemies":"Reptomancer","floor":45,"turns":3},{"damage":3,"enemies":"Nemesis","floor":47,"turns":3},{"damage":0,"enemies":"4 Shapes","floor":48,"turns":2},{"damage":19,"enemies":"Time Eater","floor":50,"turns":9}],"seed_played":"-2879419983051217194","potions_obtained":[{"floor":4,"key":"AttackPotion"},{"floor":6,"key":"Energy Potion"},{"floor":13,"key":"Strength Potion"},{"floor":16,"key":"Strength Potion"},{"floor":17,"key":"CunningPotion"},{"floor":28,"key":"CunningPotion"},{"floor":29,"key":"SteroidPotion"},{"floor":31,"key":"Fruit Juice"},{"floor":36,"key":"SteroidPotion"},{"floor":42,"key":"GamblersBrew"},{"floor":47,"key":"SkillPotion"},{"floor":48,"key":"Weak Potion"}],"is_trial":true,"path_per_floor":["M","?","?","M","M","E","R","M","T","$","M","E","M","M","R","B",null,"M","$","?","M","T","E","R","E","T","M","E","M","?","M","R","B",null,"M","M","T","$","M","E","M","?","T","M","E","R","E","M","R","B",null],"character_chosen":"THE_SILENT","items_purchased":["Accuracy","Oddly Smooth Stone","ClockworkSouvenir","Crippling Poison","Orrery","Lantern","Feel No Pain","War Paint"],"campfire_rested":2,"item_purchase_floors":[10,10,19,19,38,38,38,38],"current_hp_per_floor":[70,70,70,70,70,58,58,58,64,64,64,48,40,40,40,45,87,87,87,77,77,83,83,83,63,69,65,56,55,55,66,66,76,84,84,84,90,90,89,90,84,87,93,93,96,96,96,96,96,94],"gold":207,"neow_bonus":"","is_daily":false,"chose_seed":false,"campfire_upgraded":4,"win_rate":0.0,"timestamp":1612028138,"path_taken":["M","?","?","?","?","E","R","M","T","?","M","E","M","M","R","BOSS","M","$","?","M","?","E","R","E","T","M","E","M","?","M","R","BOSS","M","M","?","$","M","E","M","?","T","?","E","R","E","M","R","BOSS"],"items_purchased_type":["Card","Relic","Relic","Card","Relic","Relic","Card","Relic"],"build_version":"2020-12-22","purchased_purges":0,"victory":true,"max_hp_per_floor":[70,70,70,70,70,70,70,70,76,76,76,76,76,76,76,82,87,87,87,93,93,99,99,99,99,105,105,105,105,73,78,78,84,84,84,84,90,90,90,90,90,90,96,96,96,96,96,96,96,102],"relic_stats":{"Darkstone Periapt":54,"Happy Flower":[22],"counters":[30,127],"Dead Branch":[30],"Blue Candle":[9],"Letter Opener":[167],"Whetstone":["Dagger Spray","Bite"],"War Paint":["Survivor","Defend_G"],"Cursed Key":5,"Centennial Puzzle":[35],"Shuriken":[30],"Bronze Scales":[84],"Bird Faced Urn":[8],"Tiny Chest":1,"Necronomicon":[18],"obtain_stats":[{"Darkstone Periapt":0,"Lantern":38,"Tiny House":17,"Whetstone":37,"Cursed Key":0,"ClockworkSouvenir":19,"Centennial Puzzle":9,"HornCleat":23,"Tiny Chest":12,"Fusion Hammer":34,"Necronomicon":20,"Potion Belt":45,"Happy Flower":25,"Dead Branch":42,"Blue Candle":43,"Oddly Smooth Stone":10,"The Courier":28,"Letter Opener":26,"War Paint":38,"Du-Vu Doll":0,"Anchor":6,"Shuriken":22,"Bronze Scales":40,"Bird Faced Urn":47,"Orrery":38},{"Darkstone Periapt":0,"Lantern":21,"Tiny House":10,"Whetstone":21,"Cursed Key":0,"ClockworkSouvenir":11,"Centennial Puzzle":5,"HornCleat":13,"Tiny Chest":7,"Fusion Hammer":19,"Necronomicon":11,"Potion Belt":27,"Happy Flower":14,"Dead Branch":25,"Blue Candle":25,"Oddly Smooth Stone":5,"The Courier":16,"Letter Opener":14,"War Paint":21,"Du-Vu Doll":0,"Anchor":4,"Shuriken":12,"Bronze Scales":23,"Bird Faced Urn":28,"Orrery":21},{"Darkstone Periapt":0,"Lantern":90,"Tiny House":44,"Whetstone":90,"Cursed Key":0,"ClockworkSouvenir":48,"Centennial Puzzle":23,"HornCleat":55,"Tiny Chest":29,"Fusion Hammer":84,"Necronomicon":48,"Potion Belt":113,"Happy Flower":60,"Dead Branch":109,"Blue Candle":109,"Oddly Smooth Stone":23,"The Courier":68,"Letter Opener":60,"War Paint":90,"Du-Vu Doll":0,"Anchor":19,"Shuriken":51,"Bronze Scales":97,"Bird Faced Urn":116,"Orrery":90}]},"card_choices":[{"not_picked":["Outmaneuver","Flex"],"picked":"Cloak And Dagger","floor":1},{"not_picked":["Sentinel","Prepared"],"picked":"Dagger Spray","floor":4},{"not_picked":["Flex","Perfected Strike"],"picked":"Footwork","floor":5},{"not_picked":["Second Wind","Slice"],"picked":"True Grit","floor":6},{"not_picked":["Flying Knee","Dodge and Roll"],"picked":"Dagger Throw","floor":8},{"not_picked":["Clothesline","Dagger Spray"],"picked":"Deadly Poison","floor":11},{"not_picked":["Perfected Strike","Sucker Punch"],"picked":"Acrobatics","floor":12},{"not_picked":["Second Wind","Ghostly Armor"],"picked":"After Image","floor":13},{"not_picked":["Catalyst","Anger"],"picked":"Bouncing Flask","floor":14},{"not_picked":["After Image","Immolate"],"picked":"Juggernaut","floor":16},{"not_picked":["PiercingWail","Flex"],"picked":"Underhanded Strike","floor":17},{"not_picked":["Flex","Clash"],"picked":"Anger","floor":18},{"not_picked":["Bouncing Flask","Well Laid Plans"],"picked":"Footwork","floor":21},{"not_picked":["Pommel Strike+1","Heavy Blade"],"picked":"Spot Weakness","floor":23},{"not_picked":["Rampage","Entrench","Terror"],"picked":"SKIP","floor":25},{"not_picked":["Iron Wave","Outmaneuver"],"picked":"Dodge and Roll","floor":27},{"not_picked":["Acrobatics+1","Clash"],"picked":"Barricade","floor":28},{"not_picked":["Dropkick+1","Clothesline"],"picked":"Acrobatics+1","floor":29},{"not_picked":["Pommel Strike+1","Eviscerate"],"picked":"Skewer+1","floor":31},{"not_picked":["Die Die Die","Unload"],"picked":"Corpse Explosion","floor":33},{"not_picked":["Sucker Punch+1","Second Wind"],"picked":"Underhanded Strike","floor":35},{"not_picked":["Burning Pact+1","Bloodletting"],"picked":"Flame Barrier+1","floor":36},{"not_picked":["Shrug It Off","Rupture+1"],"picked":"Blade Dance+1","floor":38},{"not_picked":["Immolate","Slice+1"],"picked":"Rage+1","floor":38},{"not_picked":["Glass Knife","Hemokinesis"],"picked":"Acrobatics+1","floor":38},{"not_picked":["Seeing Red","Clothesline+1"],"picked":"Dark Embrace+1","floor":38},{"not_picked":["PiercingWail","After Image"],"picked":"Acrobatics+1","floor":38},{"not_picked":["Dagger Spray+1","Havoc"],"picked":"Dagger Throw+1","floor":39},{"not_picked":["Caltrops","Sucker Punch+1"],"picked":"Prepared+1","floor":40},{"not_picked":["Finisher","Headbutt+1"],"picked":"Leg Sweep+1","floor":41},{"not_picked":["Ghostly Armor","Deflect+1"],"picked":"Spot Weakness+1","floor":42},{"not_picked":["Riddle With Holes+1","Pommel Strike+1"],"picked":"Rage+1","floor":44},{"not_picked":["Rampage","Terror","Clash+1"],"picked":"SKIP","floor":45},{"not_picked":["Endless Agony+1","Shrug It Off"],"picked":"Impervious","floor":47},{"not_picked":["Slice+1","Clothesline"],"picked":"Deflect+1","floor":48}],"player_experience":1100490,"relics_obtained":[{"floor":6,"key":"Anchor"},{"floor":9,"key":"Centennial Puzzle"},{"floor":12,"key":"Tiny Chest"},{"floor":20,"key":"Necronomicon"},{"floor":22,"key":"Shuriken"},{"floor":23,"key":"HornCleat"},{"floor":25,"key":"Happy Flower"},{"floor":26,"key":"Letter Opener"},{"floor":28,"key":"The Courier"},{"floor":37,"key":"Whetstone"},{"floor":40,"key":"Bronze Scales"},{"floor":42,"key":"Dead Branch"},{"floor":43,"key":"Blue Candle"},{"floor":45,"key":"Potion Belt"},{"floor":47,"key":"Bird Faced Urn"}],"event_choices":[{"damage_healed":0,"gold_gain":0,"player_choice":"Ignored","damage_taken":0,"max_hp_gain":0,"max_hp_loss":0,"event_name":"Golden Wing","floor":2,"gold_loss":0},{"damage_healed":0,"gold_gain":0,"player_choice":"Upgraded","damage_taken":0,"max_hp_gain":0,"max_hp_loss":0,"event_name":"Upgrade Shrine","floor":3,"gold_loss":0,"cards_upgraded":["Cloak And Dagger"]},{"damage_healed":0,"gold_gain":0,"player_choice":"Obtained Book","damage_taken":16,"max_hp_gain":0,"max_hp_loss":0,"event_name":"Cursed Tome","floor":20,"gold_loss":0},{"damage_healed":0,"gold_gain":0,"player_choice":"Became a vampire","damage_taken":0,"max_hp_gain":0,"max_hp_loss":32,"event_name":"Vampires","floor":30,"gold_loss":0,"cards_obtained":["Bite","Bite","Bite","Bite","Bite"]},{"damage_healed":0,"gold_gain":0,"player_choice":"Fight","damage_taken":0,"max_hp_gain":0,"max_hp_loss":0,"event_name":"MindBloom","floor":42,"gold_loss":0}],"is_beta":false,"boss_relics":[{"not_picked":["Pandora\u0027s Box","WristBlade"],"picked":"Tiny House"},{"not_picked":["Coffee Dripper","Philosopher\u0027s Stone"],"picked":"Fusion Hammer"}],"items_purged_floors":[],"is_endless":false,"potions_floor_spawned":[4,6,13,16,18,28,29,31,36,42,44,47,48],"ascension_level":0}}