{"host":"5p9hybygolzp0efr","time":1612026226,"event":{"mods":["AchievementEnabler","BaseMod","Bestiary","Colored Map","Minty Spire (QoL Compilation)","Permanent Neow","Relic Stats","StSLib"],"gold_per_floor":[119,132,132,151,3,3,25,25,25],"floor_reached":8,"language":"ENG","playtime":305,"items_purged":[],"score":46,"play_id":"b3650fb2-0bde-4f17-991b-87c0334f4bd1","local_time":"20210131010346","is_ascension_mode":false,"campfire_choices":[{"data":"Searing Blow","floor":6,"key":"SMITH"}],"circlet_count":0,"master_deck":["Strike_R","Strike_R","Strike_R","Strike_R","Strike_R","Defend_R","Defend_R","Defend_R","Defend_R","Bash","Perfected Strike","Searing Blow+1","Feed","True Grit"],"relics":["Burning Blood","Odd Mushroom"],"acts_visited":["Exordium"],"potions_floor_usage":[8],"damage_taken":[{"damage":9,"enemies":"Jaw Worm","floor":1,"turns":4},{"damage":6,"enemies":"Small Slimes","floor":2,"turns":3},{"damage":0,"enemies":"2 Louse","floor":4,"turns":2},{"damage":29,"enemies":"The Mushroom Lair","floor":7,"turns":5},{"damage":42,"enemies":"Lagavulin","floor":8,"turns":11}],"seed_played":"6550894125863453812","potions_obtained":[{"floor":4,"key":"SpeedPotion"}],"is_trial":false,"path_per_floor":["M","M","?","M","$","R","?","E"],"character_chosen":"IRONCLAD","items_purchased":["Feed"],"campfire_rested":0,"item_purchase_floors":[5],"current_hp_per_floor":[77,77,77,80,80,80,60,18,18],"gold":25,"neow_bonus":"THREE_CARDS","is_daily":false,"chose_seed":false,"campfire_upgraded":1,"win_rate":0.0,"timestamp":1612026226,"path_taken":["M","M","?","M","$","R","?","E"],"items_purchased_type":["Card"],"build_version":"2020-12-22","purchased_purges":0,"victory":false,"max_hp_per_floor":[80,80,80,80,80,80,83,83,83],"relic_stats":{"counters":[5,25],"obtain_stats":[{"Odd Mushroom":7,"Burning Blood":0},{"Odd Mushroom":4,"Burning Blood":0},{"Odd Mushroom":14,"Burning Blood":0}],"Burning Blood":21},"card_choices":[{"not_picked":["Warcry","Armaments"],"picked":"Perfected Strike","floor":0},{"not_picked":["Warcry","Ghostly Armor"],"picked":"Searing Blow","floor":1},{"not_picked":["Pummel","Twin Strike","Perfected Strike"],"picked":"SKIP","floor":2},{"not_picked":["Reckless Charge","Second Wind","Wild Strike"],"picked":"SKIP","floor":4},{"not_picked":["Anger","Armaments"],"picked":"True Grit","floor":7}],"player_experience":580709,"relics_obtained":[{"floor":7,"key":"Odd Mushroom"}],"event_choices":[{"damage_healed":0,"gold_gain":0,"player_choice":"Ignored","damage_taken":0,"max_hp_gain":0,"max_hp_loss":0,"event_name":"Liars Game","floor":3,"gold_loss":0},{"damage_healed":0,"gold_gain":0,"player_choice":"Fought Mushrooms","damage_taken":0,"max_hp_gain":0,"max_hp_loss":0,"event_name":"Mushrooms","floor":7,"gold_loss":0}],"is_beta":false,"boss_relics":[],"items_purged_floors":[],"is_endless":false,"potions_floor_spawned":[4],"killed_by":"Lagavulin","ascension_level":0}}