{"host":"gzk4gkgy3zij1c51","time":1612021129,"event":{"mods":["BaseMod","Colored Map","Downfall","Highlight Path","Marked Mod","Minty Spire (QoL Compilation)","Relic Stats","StSLib","everything is the same but u backflip on backflip"],"gold_per_floor":[99,117,117,117,32,58,104,121,146,160,260,60,89,4,17,17,17,17],"floor_reached":16,"language":"ENG","playtime":941,"items_purged":[],"score":298,"play_id":"cf019446-593e-453b-851b-2bef81feb4d3","local_time":"20210130153849","is_ascension_mode":true,"campfire_choices":[{"data":"hexamod:Float","floor":1,"key":"SMITH"},{"data":"hexamod:ApocalypticArmor","floor":12,"key":"SMITH"}],"circlet_count":0,"master_deck":["hexamod:Strike","hexamod:Strike","hexamod:Strike","hexamod:Defend","hexamod:Defend","hexamod:Defend+1","hexamod:Defend","hexamod:Sear+1","hexamod:Float+1","hexamod:Firestarter","hexamod:ApocalypticArmor+1","hexamod:ThirdSeal","hexamod:FastForward+1","hexamod:NightmareGuise","hexamod:FlamesFromBeyond","hexamod:ExtraCrispy","hexamod:FourthSeal","hexamod:StepThrough","hexamod:GhostflameBarrier","hexamod:FlamesFromBeyond","downfall:Haunted","downfall:Haunted","Normality","Doubt","Injury","hexamod:SixthSeal","hexamod:SpectersWail","hexamod:Hexaguard","hexamod:EmpoweredFlame","hexamod:RadiantFlame","hexamod:SoulSteal"],"relics":["hexamod:SpiritBrand","Happy Flower","hexamod:InflammatoryLetter","War Paint","Incense Burner","Darkstone Periapt","downfall:HeartBlessingBlue","downfall:HeartBlessingGreen","hexamod:CandleOfCauterizing"],"acts_visited":["Exordium"],"potions_floor_usage":[10,13,16,16],"damage_taken":[{"damage":0,"enemies":"Cultist","floor":2,"turns":3},{"damage":0,"enemies":"downfall:FleeingMerchant","floor":5,"turns":4},{"damage":37,"enemies":"Gremlin Nob","floor":6,"turns":4},{"damage":2,"enemies":"Jaw Worm","floor":8,"turns":3},{"damage":20,"enemies":"Lagavulin","floor":9,"turns":7},{"damage":4,"enemies":"Small Slimes","floor":10,"turns":3},{"damage":18,"enemies":"3 Sentries","floor":13,"turns":9},{"damage":1,"enemies":"downfall:FleeingMerchant","floor":14,"turns":4},{"damage":3,"enemies":"Exordium Wildlife","floor":15,"turns":3},{"damage":47,"enemies":"IC_STATUS_ARCHETYPE","floor":16,"turns":8}],"seed_played":"1411115667612463345","potions_obtained":[{"floor":2,"key":"ColorlessPotion"},{"floor":6,"key":"Dexterity Potion"},{"floor":10,"key":"Swift Potion"},{"floor":10,"key":"Fire Potion"},{"floor":13,"key":"Dexterity Potion"}],"is_trial":false,"path_per_floor":["R","M","T","?","$","E","T","M","E","M","?","R","E","$","M","B"],"character_chosen":"THE_SPIRIT","items_purchased":["hexamod:ThirdSeal","hexamod:RadiantFlame"],"campfire_rested":0,"item_purchase_floors":[5,14],"current_hp_per_floor":[70,70,70,70,70,33,33,31,11,7,42,52,34,33,30,0,0,0],"gold":17,"neow_bonus":"RANDOM_COMMON_RELIC","is_daily":false,"chose_seed":false,"campfire_upgraded":2,"win_rate":0.0,"timestamp":1612021129,"path_taken":["R","M","?","?","$","E","T","M","E","M","?","R","E","$","M","BOSS"],"items_purchased_type":["Card","Card"],"build_version":"2020-12-22","purchased_purges":0,"victory":false,"max_hp_per_floor":[70,70,70,70,70,70,70,70,70,70,105,115,115,115,115,115,115,115],"relic_stats":{"Darkstone Periapt":30,"Happy Flower":[16],"counters":[10,48],"War Paint":["hexamod:FastForward","hexamod:Sear"],"obtain_stats":[{"Darkstone Periapt":11,"hexamod:CandleOfCauterizing":13,"Happy Flower":0,"downfall:HeartBlessingBlue":12,"downfall:HeartBlessingGreen":12,"hexamod:InflammatoryLetter":3,"Incense Burner":9,"War Paint":6,"hexamod:SpiritBrand":0},{"Darkstone Periapt":6,"hexamod:CandleOfCauterizing":7,"Happy Flower":0,"downfall:HeartBlessingBlue":6,"downfall:HeartBlessingGreen":6,"hexamod:InflammatoryLetter":1,"Incense Burner":5,"War Paint":3,"hexamod:SpiritBrand":0},{"Darkstone Periapt":24,"hexamod:CandleOfCauterizing":33,"Happy Flower":0,"downfall:HeartBlessingBlue":24,"downfall:HeartBlessingGreen":24,"hexamod:InflammatoryLetter":3,"Incense Burner":21,"War Paint":11,"hexamod:SpiritBrand":0}]},"card_choices":[{"not_picked":["hexamod:InspiringFlames","hexamod:Hexaguard"],"picked":"hexamod:Firestarter","floor":2},{"not_picked":["hexamod:FlamesFromBeyond","hexamod:EmpoweredFlame"],"picked":"hexamod:ApocalypticArmor","floor":5},{"not_picked":["hexamod:WildfireWeapon","hexamod:GhostLash"],"picked":"hexamod:FastForward","floor":6},{"not_picked":["hexamod:Firestarter","hexamod:SuperheatedStrike"],"picked":"hexamod:NightmareGuise","floor":6},{"not_picked":["hexamod:BacktrackSmack","hexamod:InspiringFlames"],"picked":"hexamod:FlamesFromBeyond","floor":8},{"not_picked":["hexamod:BacktrackSmack","hexamod:NightmareStrike"],"picked":"hexamod:ExtraCrispy","floor":8},{"not_picked":["hexamod:FastForward","hexamod:TimeWarp"],"picked":"hexamod:FourthSeal","floor":9},{"not_picked":["hexamod:ChargedBarrage","hexamod:ThirdSeal"],"picked":"hexamod:StepThrough","floor":9},{"not_picked":["hexamod:BacktrackSmack","hexamod:NightmareGuise"],"picked":"hexamod:GhostflameBarrier","floor":10},{"not_picked":["hexamod:ChargedBarrage","hexamod:SuperheatedStrike"],"picked":"hexamod:FlamesFromBeyond","floor":10},{"not_picked":["hexamod:SwordOfDarkness","hexamod:FlamesFromBeyond"],"picked":"hexamod:SpectersWail","floor":13},{"not_picked":["hexamod:AdvancingGuard","hexamod:Incineration"],"picked":"hexamod:Hexaguard","floor":13},{"not_picked":["hexamod:StepThrough","hexamod:RainOfEmbers"],"picked":"hexamod:EmpoweredFlame","floor":14},{"not_picked":["hexamod:Haunt","hexamod:HauntingEcho"],"picked":"hexamod:SoulSteal","floor":15}],"player_experience":1097196,"relics_obtained":[{"floor":3,"key":"hexamod:InflammatoryLetter"},{"floor":6,"key":"War Paint"},{"floor":9,"key":"Incense Burner"},{"floor":13,"key":"hexamod:CandleOfCauterizing"}],"event_choices":[],"is_beta":false,"boss_relics":[],"items_purged_floors":[],"is_endless":false,"potions_floor_spawned":[2,6,10],"killed_by":"IC_STATUS_ARCHETYPE","ascension_level":5}}