{"host":"gaqyve1328ta0etl","time":1612001952,"event":{"mods":["BaseMod","Colored Map","Colored Powertips","Googly Eyes","Minty Spire (QoL Compilation)","Shop Mod","StSLib","SuperFastMode","The Hierophant","The Runesmith"],"gold_per_floor":[113,128,139,157,157,157,82,82,133,33,72,72,97,97,97,201,201,222,241,116,116,130,130,130,172,172,172,188,188,203,50,50,50,50],"floor_reached":33,"language":"ENG","playtime":781,"items_purged":["Strike_R","Strike_R","Strike_R"],"score":449,"play_id":"bae104a4-5424-4444-800b-939a4b56c40c","local_time":"20210130021912","is_ascension_mode":true,"campfire_choices":[{"data":"Body Slam","floor":6,"key":"SMITH"},{"data":"Body Slam","floor":8,"key":"SMITH"},{"floor":12,"key":"REST"},{"data":"Inflame","floor":15,"key":"SMITH"},{"floor":23,"key":"REST"},{"floor":24,"key":"REST"},{"data":"Entrench","floor":27,"key":"SMITH"},{"data":"Whirlwind","floor":29,"key":"SMITH"},{"floor":32,"key":"REST"}],"circlet_count":0,"master_deck":["AscendersBane","Strike_R","Defend_R","Defend_R","Defend_R","Defend_R","Bash","Body Slam+1","Body Slam+1","Whirlwind+1","Inflame+1","Iron Wave","Feed","Entrench+1","Burning Pact"],"relics":["Burning Blood","NeowsBlessing","CeramicFish","Bag of Marbles","WingedGreaves","Cursed Key","Blue Candle","Medical Kit"],"acts_visited":["Exordium","TheCity"],"potions_floor_usage":[16,22,25,33],"damage_taken":[{"damage":0,"enemies":"Cultist","floor":1,"turns":1},{"damage":0,"enemies":"Jaw Worm","floor":2,"turns":1},{"damage":0,"enemies":"Small Slimes","floor":3,"turns":1},{"damage":16,"enemies":"Looter","floor":4,"turns":4},{"damage":40,"enemies":"3 Sentries","floor":11,"turns":12},{"damage":0,"enemies":"Lots of Slimes","floor":13,"turns":1},{"damage":58,"enemies":"The Guardian","floor":16,"turns":15},{"damage":0,"enemies":"3 Byrds","floor":18,"turns":4},{"damage":14,"enemies":"Chosen","floor":19,"turns":4},{"damage":39,"enemies":"Centurion and Healer","floor":22,"turns":5},{"damage":34,"enemies":"Slavers","floor":25,"turns":8},{"damage":21,"enemies":"Snake Plant","floor":28,"turns":5},{"damage":32,"enemies":"Snecko","floor":30,"turns":5},{"damage":147,"enemies":"Automaton","floor":33,"turns":12}],"seed_played":"-9010188682175683310","potions_obtained":[{"floor":1,"key":"FairyPotion"},{"floor":3,"key":"SteroidPotion"},{"floor":18,"key":"Strength Potion"},{"floor":22,"key":"BloodPotion"},{"floor":30,"key":"Regen Potion"}],"is_trial":false,"path_per_floor":["M","M","M","M","?","R","$","R","T","$","E","R","M","T","R","B",null,"M","M","$","?","M","R","R","E","T","R","M","R","M","$","R","B"],"character_chosen":"IRONCLAD","items_purchased":["Medical Kit"],"campfire_rested":4,"item_purchase_floors":[31],"current_hp_per_floor":[78,80,80,70,63,63,63,63,63,63,29,53,59,59,59,7,62,71,63,63,63,33,58,83,75,75,75,63,63,40,40,68,0,0],"gold":50,"neow_bonus":"THREE_ENEMY_KILL","is_daily":false,"chose_seed":false,"campfire_upgraded":5,"win_rate":0.0,"timestamp":1612001952,"path_taken":["M","M","?","M","?","R","$","R","T","$","E","R","M","?","R","BOSS","M","M","$","?","M","R","R","E","T","R","M","R","M","?","R","BOSS"],"items_purchased_type":["Relic"],"build_version":"2020-12-22","purchased_purges":3,"victory":false,"max_hp_per_floor":[80,80,80,80,80,80,80,80,80,80,80,80,80,80,80,80,80,83,83,83,83,86,86,86,89,89,89,92,92,95,95,95,95,95],"card_choices":[{"not_picked":["Clothesline","Second Wind","Warcry"],"picked":"SKIP","floor":1},{"not_picked":["Clash","Second Wind"],"picked":"Body Slam","floor":2},{"not_picked":["Clothesline","Cleave"],"picked":"Body Slam","floor":3},{"not_picked":["Havoc","Perfected Strike"],"picked":"Whirlwind","floor":4},{"not_picked":["Feel No Pain","Impervious"],"picked":"Inflame","floor":11},{"not_picked":["Armaments","Pommel Strike"],"picked":"Iron Wave","floor":13},{"not_picked":["Corruption","Reaper"],"picked":"Feed","floor":16},{"not_picked":["Inflame+1","Twin Strike"],"picked":"Entrench","floor":18},{"not_picked":["Clothesline","Sword Boomerang","Shockwave"],"picked":"SKIP","floor":19},{"not_picked":["Twin Strike","Rage","Reckless Charge"],"picked":"SKIP","floor":22},{"not_picked":["Demon Form","Rage"],"picked":"Burning Pact","floor":25},{"not_picked":["Evolve","Flex","Inflame"],"picked":"SKIP","floor":28},{"not_picked":["Thunderclap+1","Flex","Sword Boomerang+1"],"picked":"SKIP","floor":30}],"player_experience":2057446,"relics_obtained":[{"floor":9,"key":"CeramicFish"},{"floor":11,"key":"Bag of Marbles"},{"floor":14,"key":"WingedGreaves"},{"floor":25,"key":"Blue Candle"}],"event_choices":[{"cards_removed":["Strike_R"],"damage_healed":0,"gold_gain":0,"player_choice":"Card Removal","damage_taken":7,"max_hp_gain":0,"max_hp_loss":0,"event_name":"Golden Wing","floor":5,"gold_loss":0},{"damage_healed":0,"gold_gain":0,"player_choice":"Ignored","damage_taken":0,"max_hp_gain":0,"max_hp_loss":0,"event_name":"The Mausoleum","floor":21,"gold_loss":0}],"is_beta":false,"boss_relics":[{"not_picked":["Philosopher\u0027s Stone","Runic Pyramid"],"picked":"Cursed Key"}],"items_purged_floors":[7,10,20],"is_endless":false,"potions_floor_spawned":[1,3,13,18,22,30],"killed_by":"Automaton","ascension_level":12}}