{"host":"5kirneupyg4uzd3w","time":1612023897,"event":{"mods":["BaseMod","Colored Map","Custom Start","Minty Spire (QoL Compilation)","StSLib","SuperFastMode"],"gold_per_floor":[118,131,131,131,143,143,159,190,190,190,190,35,47,57,57,57,57],"floor_reached":16,"language":"KOR","playtime":399,"items_purged":[],"score":204,"play_id":"1e707e4d-3449-4344-ba32-85321964048a","local_time":"20210131012457","is_ascension_mode":true,"campfire_choices":[{"data":"Pommel Strike","floor":6.0,"key":"SMITH"},{"floor":10.0,"key":"REST"},{"data":"Heavy Blade","floor":15.0,"key":"SMITH"}],"circlet_count":0,"master_deck":["AscendersBane","Strike_R","Strike_R","Strike_R","Strike_R","Defend_R","Defend_R","Defend_R","Defend_R","Bash","Exhume","Pommel Strike+1","Double Tap","Iron Wave","Combust","Reaper","Sword Boomerang","Heavy Blade+1"],"relics":["Burning Blood","Dream Catcher","Red Skull"],"acts_visited":["Exordium"],"potions_floor_usage":[16,16],"damage_taken":[{"damage":7.0,"enemies":"Cultist","floor":1.0,"turns":4.0},{"damage":6.0,"enemies":"2 Louse","floor":2.0,"turns":4.0},{"damage":11.0,"enemies":"Jaw Worm","floor":5.0,"turns":4.0},{"damage":32.0,"enemies":"Exordium Thugs","floor":7.0,"turns":4.0},{"damage":29.0,"enemies":"Lagavulin","floor":8.0,"turns":7.0},{"damage":11.0,"enemies":"Blue Slaver","floor":13.0,"turns":3.0},{"damage":17.0,"enemies":"Looter","floor":14.0,"turns":3.0},{"damage":56,"enemies":"The Guardian","floor":16,"turns":9}],"seed_played":"-1168371492714119094","potions_obtained":[{"floor":2.0,"key":"Explosive Potion"},{"floor":5.0,"key":"LiquidMemories"},{"floor":7.0,"key":"Fire Potion"},{"floor":11.0,"key":"Energy Potion"}],"is_trial":false,"path_per_floor":["M","M","?","?","M","R","M","E","T","R","?","$","M","M","R","B"],"character_chosen":"IRONCLAD","items_purchased":["Reaper"],"campfire_rested":1,"item_purchase_floors":[12],"current_hp_per_floor":[67,67,67,67,62,62,36,13,13,35,35,35,43,39,39,0,0],"gold":57,"neow_bonus":"ONE_RANDOM_RARE_CARD","is_daily":false,"chose_seed":false,"campfire_upgraded":2,"win_rate":0.0,"timestamp":1612023897,"path_taken":["M","M","?","?","M","R","M","E","T","R","?","$","?","M","R","BOSS"],"items_purchased_type":["Card"],"build_version":"2020-12-22","purchased_purges":0,"victory":false,"max_hp_per_floor":[75,75,75,75,75,75,75,75,75,75,75,75,75,75,75,75,75],"card_choices":[{"not_picked":["Warcry","Heavy Blade"],"picked":"Pommel Strike","floor":1.0},{"not_picked":["Cleave","Thunderclap"],"picked":"Double Tap","floor":2.0},{"not_picked":["Cleave","Entrench","Iron Wave"],"picked":"SKIP","floor":5.0},{"not_picked":["Rage","Clash"],"picked":"Combust","floor":7.0},{"not_picked":["Headbutt","Shockwave","Rage"],"picked":"SKIP","floor":8.0},{"not_picked":["Brutality","Perfected Strike"],"picked":"Sword Boomerang","floor":13.0},{"not_picked":["Dark Embrace","Clash"],"picked":"Heavy Blade","floor":14.0}],"player_experience":284993,"relics_obtained":[{"floor":8.0,"key":"Dream Catcher"},{"floor":9.0,"key":"Red Skull"}],"event_choices":[{"damage_healed":0.0,"max_hp_gain":0.0,"max_hp_loss":0.0,"gold_gain":0.0,"event_name":"Liars Game","player_choice":"Ignored","floor":3.0,"gold_loss":0.0,"damage_taken":0.0},{"damage_healed":0.0,"max_hp_gain":0.0,"max_hp_loss":0.0,"gold_gain":0.0,"cards_transformed":["Strike_R"],"event_name":"Living Wall","player_choice":"Change","floor":4.0,"gold_loss":0.0,"damage_taken":0.0,"cards_obtained":["Iron Wave"]},{"damage_healed":0.0,"max_hp_gain":0.0,"max_hp_loss":0.0,"gold_gain":0.0,"event_name":"Lab","player_choice":"Got Potions","floor":11.0,"gold_loss":0.0,"damage_taken":0.0}],"is_beta":false,"boss_relics":[],"items_purged_floors":[],"is_endless":false,"potions_floor_spawned":[2,5,7],"killed_by":"The Guardian","ascension_level":20}}