{"host":"9jkzatiwan7o33sr","time":1612038644,"event":{"mods":["AchievementEnabler","Act Like it!","Aspiration","BaseMod","Colored Map","Colored Powertips","Conspire","Downfall","GifTheSpireLib","Hallownest","Hermit","Hubris","Infinite Spire","Jorbs\u0027s Wanderer Trilogy","Mad Scientist","Mimic Mod","Minty Spire (QoL Compilation)","Permanent Neow","Shade Mod","StSLib","Stuff the Spire","Td1madao Mod","The Bladedancer","The Bug Knight","The Cursed","The Forsaken","The Hierophant","The Jungle","The Mystic","The Necromancer","The Poker Player","The Servant 0.9.4","The Witch","[IsaacMod]????"],"gold_per_floor":[111,171,93,93,93,128,95,95,175,200,55,55,71,83,83,183,183,183],"floor_reached":17,"language":"ENG","playtime":1138,"items_purged":[],"score":151,"play_id":"71f110fb-e49a-4e80-84c3-31a92d2bfbc3","local_time":"20210130213044","is_ascension_mode":false,"campfire_choices":[{"data":"StuffTheSpire:Innocence","floor":8,"key":"SMITH"},{"floor":15,"key":"REST"}],"circlet_count":0,"master_deck":["MadScienceMod:Strike_MadScience","MadScienceMod:Strike_MadScience","MadScienceMod:Strike_MadScience","MadScienceMod:Strike_MadScience","MadScienceMod:Defend_MadScience","MadScienceMod:Defend_MadScience","MadScienceMod:Defend_MadScience","MadScienceMod:Defend_MadScience","MadScienceMod:PoweredStrike","MadScienceMod:HideBehindJunk","MadScienceMod:Bombardment","MadScienceMod:NowOrNever","MadScienceMod:FlameCannon","StuffTheSpire:Innocence+1","MadScienceMod:FlexibleSpear","MadScienceMod:RecyclingStation","MadScienceMod:ShrinkRay","MadScienceMod:Refuel","MadScienceMod:Tinker","MadScienceMod:Jetpack"],"relics":["MadScienceMod:FuelTank","HushsDoor","GuppysHead","infinitespire:BottledMercury","MoneyPower","conspire:DecoderRing","Odd Mushroom","Bag of Marbles","SlaversCollar"],"acts_visited":["Exordium","TheCity"],"potions_floor_usage":[],"damage_taken":[{"damage":2,"enemies":"2 Louse","floor":1,"turns":3},{"damage":14,"enemies":"HollowMod:MossKnight","floor":6,"turns":10},{"damage":6,"enemies":"The Mushroom Lair","floor":10,"turns":4},{"damage":4,"enemies":"Jaw Worm","floor":13,"turns":3},{"damage":0,"enemies":"Small Slimes","floor":14,"turns":2},{"damage":65,"enemies":"Slime Boss","floor":16,"turns":13}],"seed_played":"-7506042930972266644","potions_obtained":[{"floor":14,"key":"Fire Potion"},{"floor":16,"key":"FearPotion"}],"is_trial":false,"path_per_floor":["M","?","$","?","?","E","$","R","T","?","$","?","M","M","R","B",null],"character_chosen":"MAD_SCIENTIST","items_purchased":["MadScienceMod:NowOrNever","MadScienceMod:FlameCannon","MadScienceMod:RecyclingStation","Bag of Marbles"],"campfire_rested":1,"item_purchase_floors":[3,3,7,11],"current_hp_per_floor":[80,80,80,73,70,56,56,56,56,50,50,50,46,46,70,5,82,82],"gold":183,"neow_bonus":"TEN_PERCENT_HP_BONUS","is_daily":false,"chose_seed":false,"campfire_upgraded":1,"win_rate":0.0,"timestamp":1612038644,"path_taken":["M","?","$","?","?","E","$","R","T","?","$","?","M","M","R","BOSS"],"items_purchased_type":["Card","Card","Card","Relic"],"build_version":"2020-12-22","purchased_purges":0,"victory":false,"max_hp_per_floor":[82,82,82,82,82,82,82,82,82,82,82,82,82,82,82,82,82,82],"card_choices":[{"not_picked":["MadScienceMod:EnergyBarrier","MadScienceMod:JunkLaser"],"picked":"MadScienceMod:Bombardment","floor":1},{"not_picked":["MadScienceMod:TimeDilationField","MadScienceMod:PowerArmor"],"picked":"MadScienceMod:FlexibleSpear","floor":6},{"not_picked":["Bomb","MadScienceMod:MechanicalClaw"],"picked":"MadScienceMod:ShrinkRay","floor":10},{"not_picked":["MadScienceMod:ExploreOptions","MadScienceMod:Sprocket"],"picked":"MadScienceMod:Refuel","floor":13},{"not_picked":["MadScienceMod:Sprocket","MadScienceMod:Strafe"],"picked":"MadScienceMod:Tinker","floor":14},{"not_picked":["MadScienceMod:MechanicalSnecko","MadScienceMod:Postpone"],"picked":"MadScienceMod:Jetpack","floor":16}],"player_experience":618882,"relics_obtained":[{"floor":6,"key":"MoneyPower"},{"floor":9,"key":"conspire:DecoderRing"},{"floor":10,"key":"Odd Mushroom"}],"event_choices":[{"damage_healed":0,"gold_gain":60,"player_choice":"Gained Gold","damage_taken":0,"max_hp_gain":0,"max_hp_loss":0,"event_name":"Golden Wing","floor":2,"gold_loss":0},{"damage_healed":0,"gold_gain":0,"player_choice":"Success","damage_taken":3,"relics_obtained":["infinitespire:BottledMercury"],"max_hp_gain":0,"max_hp_loss":0,"event_name":"Scrap Ooze","floor":5,"gold_loss":0},{"damage_healed":0,"gold_gain":0,"player_choice":"Fought Mushrooms","damage_taken":0,"max_hp_gain":0,"max_hp_loss":0,"event_name":"Mushrooms","floor":10,"gold_loss":0},{"damage_healed":0,"gold_gain":0,"player_choice":"Disagree","damage_taken":0,"max_hp_gain":0,"max_hp_loss":0,"event_name":"conspire:LoneGhost","floor":12,"gold_loss":0}],"is_beta":false,"boss_relics":[{"not_picked":["Coffee Dripper","Fusion Hammer"],"picked":"SlaversCollar"},{"not_picked":[]}],"items_purged_floors":[],"is_endless":false,"potions_floor_spawned":[14,16],"ascension_level":0}}