{"host":"fdq5pmhluajjrf8d","time":1612033208,"event":{"mods":["BaseMod","Minty Spire (QoL Compilation)"],"gold_per_floor":[114,114,130,130,130,161,161,194,245,245,270,291,291,176,176,272,272,257,278,278,303,303,303,318,318,318,318,339,339,339],"floor_reached":29,"language":"ENG","playtime":1070,"items_purged":["Pain"],"score":466,"play_id":"34ed9cc8-b257-4411-8474-3ff79c46af0c","local_time":"20210130140008","is_ascension_mode":true,"campfire_choices":[{"floor":7.0,"key":"REST"},{"floor":10.0,"key":"REST"},{"floor":13.0,"key":"REST"},{"data":"Loop","floor":15.0,"key":"SMITH"},{"floor":23.0,"key":"REST"},{"data":"Fission","floor":27,"key":"SMITH"}],"circlet_count":0,"master_deck":["AscendersBane","Strike_B+1","Strike_B","Strike_B","Strike_B","Defend_B","Defend_B","Defend_B+1","Defend_B","Zap","Dualcast","Ball Lightning","Injury","Ball Lightning","Redo","Echo Form","Loop+1","Fission+1","Multi-Cast","Tempest"],"relics":["Cracked Core","Golden Idol","WarpedTongs","Pen Nib","Mercury Hourglass","DataDisk","Nuclear Battery","Unceasing Top"],"acts_visited":["Exordium","TheCity"],"potions_floor_usage":[24,28],"damage_taken":[{"damage":2.0,"enemies":"2 Louse","floor":1.0,"turns":3.0},{"damage":2.0,"enemies":"Jaw Worm","floor":3.0,"turns":3.0},{"damage":18.0,"enemies":"3 Sentries","floor":6.0,"turns":5.0},{"damage":43.0,"enemies":"Gremlin Nob","floor":8.0,"turns":4.0},{"damage":0.0,"enemies":"Cultist","floor":11.0,"turns":2.0},{"damage":0.0,"enemies":"Exordium Wildlife","floor":12.0,"turns":1.0},{"damage":10.0,"enemies":"The Guardian","floor":16.0,"turns":7.0},{"damage":20.0,"enemies":"2 Thieves","floor":18.0,"turns":4.0},{"damage":18.0,"enemies":"Shell Parasite","floor":19.0,"turns":3.0},{"damage":25.0,"enemies":"Sentry and Sphere","floor":21.0,"turns":4.0},{"damage":0,"enemies":"Snecko","floor":24,"turns":2},{"damage":4,"enemies":"Cultist and Chosen","floor":28,"turns":3},{"damage":33,"enemies":"Chosen and Byrds","floor":29,"turns":4}],"seed_played":"430769139815277978","potions_obtained":[{"floor":3.0,"key":"ColorlessPotion"},{"floor":6.0,"key":"BlessingOfTheForge"},{"floor":16.0,"key":"Strength Potion"},{"floor":18.0,"key":"AttackPotion"},{"floor":21.0,"key":"AttackPotion"},{"floor":25,"key":"ColorlessPotion"}],"is_trial":false,"path_per_floor":["M","?","M","?","?","E","R","E","T","R","M","M","R","$","R","B",null,"M","M","?","M","?","R","M","?","T","R","M","M"],"character_chosen":"DEFECT","items_purchased":["Loop"],"campfire_rested":4,"item_purchase_floors":[14],"current_hp_per_floor":[69,69,67,44,44,26,49,6,6,29,29,29,52,52,52,42,69,49,31,31,6,6,29,29,29,29,29,25,0,0],"gold":339,"neow_bonus":"TEN_PERCENT_HP_BONUS","is_daily":false,"chose_seed":false,"campfire_upgraded":2,"win_rate":0.0,"timestamp":1612033208,"path_taken":["M","?","M","?","?","E","R","E","T","R","M","?","R","$","R","BOSS","M","M","?","M","?","R","M","?","T","R","M","M"],"items_purchased_type":["Card"],"build_version":"2020-12-22","purchased_purges":1,"victory":false,"max_hp_per_floor":[78,78,78,78,78,78,78,78,78,78,78,78,78,78,78,78,78,78,78,78,78,78,78,78,78,78,78,78,78,78],"card_choices":[{"not_picked":["Turbo","Go for the Eyes"],"picked":"Ball Lightning","floor":1.0},{"not_picked":["Coolheaded","Cold Snap"],"picked":"Ball Lightning","floor":3.0},{"not_picked":["Coolheaded","Blizzard"],"picked":"Redo","floor":6.0},{"not_picked":["Sweeping Beam","Rebound","Gash"],"picked":"SKIP","floor":8.0},{"not_picked":["Darkness","Streamline","Genetic Algorithm"],"picked":"SKIP","floor":11.0},{"not_picked":["Recycle","Leap"],"picked":"Echo Form","floor":12.0},{"not_picked":["Rainbow","Meteor Strike"],"picked":"Fission","floor":16.0},{"not_picked":["Gash","Steam+1","Ball Lightning"],"picked":"SKIP","floor":18.0},{"not_picked":["Hologram","Compile Driver+1","Stack"],"picked":"SKIP","floor":19.0},{"not_picked":["Redo","Beam Cell"],"picked":"Multi-Cast","floor":21.0},{"not_picked":["Capacitor","Rebound"],"picked":"Tempest","floor":24},{"not_picked":["Gash","Sweeping Beam","Redo"],"picked":"SKIP","floor":28}],"player_experience":1944641,"relics_obtained":[{"floor":6.0,"key":"Pen Nib"},{"floor":8.0,"key":"Mercury Hourglass"},{"floor":9.0,"key":"DataDisk"},{"floor":26,"key":"Unceasing Top"}],"event_choices":[{"damage_healed":0.0,"max_hp_gain":0.0,"max_hp_loss":0.0,"gold_gain":0.0,"event_name":"Golden Idol","player_choice":"Take Wound","floor":2.0,"gold_loss":0.0,"damage_taken":0.0,"relics_obtained":["Golden Idol"],"cards_obtained":["Injury"]},{"damage_healed":0.0,"max_hp_gain":0.0,"max_hp_loss":0.0,"gold_gain":0.0,"event_name":"Shining Light","player_choice":"Entered Light","floor":4.0,"gold_loss":0.0,"damage_taken":23.0,"cards_upgraded":["Strike_B","Defend_B"]},{"damage_healed":0.0,"max_hp_gain":0.0,"max_hp_loss":0.0,"gold_gain":0.0,"event_name":"Accursed Blacksmith","player_choice":"Rummage","floor":5.0,"gold_loss":0.0,"damage_taken":0.0,"relics_obtained":["WarpedTongs"],"cards_obtained":["Pain"]},{"damage_healed":0.0,"max_hp_gain":0.0,"max_hp_loss":0.0,"gold_gain":0.0,"event_name":"Cursed Tome","player_choice":"Ignored","floor":20.0,"gold_loss":0.0,"damage_taken":0.0},{"damage_healed":0.0,"max_hp_gain":0.0,"max_hp_loss":0.0,"gold_gain":0.0,"event_name":"Vampires","player_choice":"Ignored","floor":22.0,"gold_loss":0.0,"damage_taken":0.0},{"damage_healed":0,"gold_gain":0,"player_choice":"Got Potions","damage_taken":0,"max_hp_gain":0,"max_hp_loss":0,"event_name":"Lab","floor":25,"gold_loss":0}],"is_beta":false,"boss_relics":[{"not_picked":["SlaversCollar","Busted Crown"],"picked":"Nuclear Battery"}],"items_purged_floors":[14],"is_endless":false,"potions_floor_spawned":[3,6,16,18,21],"killed_by":"Chosen and Byrds","ascension_level":20}}