{"host":"ijtzdp8x8o2bpzki","time":1612029773,"event":{"mods":["AchievementEnabler","BaseMod","Colored Map","Colored Powertips","DeckTracker","Lobotomy","LobotomyExtend","Minty Spire (QoL Compilation)"],"gold_per_floor":[117,117,49,49,70,85,106,106,106,106,122,122,122,145,145,273,273,291,143,166,81,81,115,115,115,141,141,141,158,158,178,178,275,275,286,286,286,302,302,302],"floor_reached":39,"language":"ENG","playtime":2011,"items_purged":[],"score":464,"play_id":"9821e4a2-6616-4705-bd26-d1fdd7e37353","local_time":"20210130210253","is_ascension_mode":false,"campfire_choices":[{"floor":8,"key":"REST"},{"floor":13,"key":"REST"},{"floor":15,"key":"REST"},{"floor":24,"key":"REST"},{"floor":30,"key":"REST"},{"data":"Bouncing Flask","floor":32,"key":"SMITH"}],"circlet_count":0,"master_deck":["Survivor+1","Neutralize+1","VoidDream","Deadly Poison","Bouncing Flask+1","FieryBird","Corpse Explosion+1","SpiderBud","RedShoes","BeautyBeast","Poisoned Stab","Bloodbath","Deadly Poison","ShyLook","Flying Knee","Deflect","Concentrate+1","Dagger Throw","Tools of the Trade","Calculated Gamble","Heel Hook","OSAHOGD","Slice","Deadly Poison","Bane","Dodge and Roll+1","MHz","Poisoned Stab","DespairKnight","Footwork","BlackArmy","Blur+1","GalaxyChild","PiercingWail+1","MeltingLove","Corpse Explosion+1","CurseOfTheBell","QueenOfHatred","Slice+1","Funeral"],"relics":["Ring of the Snake","CogitoBucket","LetterFromLob","Bloody Idol","Paper Crane","LuminousBracelet","Pandora\u0027s Box","Orrery","Toxic Egg 2","Potion Belt","Juzu Bracelet","Pear","BehaviorAdjustment","Calling Bell","Bag of Marbles","Molten Egg 2","Tough Bandages","War Paint"],"acts_visited":["Exordium","TheCity","TheBeyond"],"potions_floor_usage":[6,16,23,23,33],"damage_taken":[{"damage":0,"enemies":"2 Louse","floor":1,"turns":4},{"damage":2,"enemies":"Cultist","floor":5,"turns":4},{"damage":10,"enemies":"Jaw Worm","floor":6,"turns":3},{"damage":22,"enemies":"Gremlin Gang","floor":7,"turns":2},{"damage":8,"enemies":"Exordium Thugs","floor":11,"turns":5},{"damage":22,"enemies":"2 Fungi Beasts","floor":14,"turns":3},{"damage":29,"enemies":"Slime Boss","floor":16,"turns":14},{"damage":11,"enemies":"Shell Parasite","floor":18,"turns":5},{"damage":13,"enemies":"Spheric Guardian","floor":20,"turns":4},{"damage":85,"enemies":"Gremlin Leader","floor":23,"turns":8},{"damage":27,"enemies":"Chosen and Byrds","floor":29,"turns":4},{"damage":10,"enemies":"Centurion and Healer","floor":31,"turns":3},{"damage":144,"enemies":"Champ","floor":33,"turns":16},{"damage":9,"enemies":"3 Shapes","floor":35,"turns":5},{"damage":18,"enemies":"3 Darklings","floor":38,"turns":3},{"damage":108,"enemies":"4 Shapes","floor":39,"turns":4}],"seed_played":"6179729368926717524","potions_obtained":[{"floor":4,"key":"FairyPotion"},{"floor":4,"key":"Ancient Potion"},{"floor":4,"key":"Swift Potion"},{"floor":5,"key":"Dexterity Potion"},{"floor":6,"key":"Fruit Juice"},{"floor":11,"key":"DistilledChaos"},{"floor":16,"key":"GamblersBrew"},{"floor":23,"key":"PowerPotion"},{"floor":29,"key":"SpeedPotion"},{"floor":33,"key":"Weak Potion"}],"is_trial":false,"path_per_floor":["M","?","$","?","M","M","M","R","T","?","M","?","R","M","R","B",null,"M","$","M","?","?","E","R","?","T","T","?","M","R","M","R","B",null,"M","?","?","M","M"],"character_chosen":"THE_SILENT","items_purchased":["Bouncing Flask","Orrery"],"campfire_rested":5,"item_purchase_floors":[3,19],"current_hp_per_floor":[70,53,53,53,51,46,24,46,46,31,23,16,38,31,58,40,90,85,85,75,75,75,22,49,49,54,64,64,53,83,82,82,36,100,100,100,100,92,0,0],"gold":302,"neow_bonus":"","is_daily":false,"chose_seed":false,"campfire_upgraded":1,"win_rate":0.0,"timestamp":1612029773,"path_taken":["M","?","$","?","M","?","M","R","T","?","M","?","R","M","R","BOSS","M","$","?","?","?","E","R","?","T","?","?","M","R","M","R","BOSS","M","?","?","M","M"],"items_purchased_type":["Card","Relic"],"build_version":"2020-12-22","purchased_purges":0,"victory":false,"max_hp_per_floor":[70,70,70,70,70,75,75,75,75,75,75,75,75,90,90,90,90,90,90,90,90,90,90,90,90,90,100,100,100,100,100,100,100,100,100,100,100,100,100,100],"card_choices":[{"not_picked":["GalaxyChild","PunishingBird"],"picked":"VoidDream","floor":1},{"not_picked":["Flechettes","Backflip"],"picked":"Deadly Poison","floor":1},{"not_picked":["FairyFestival","Yin"],"picked":"FieryBird","floor":5},{"not_picked":["Cloak And Dagger","Blur"],"picked":"Corpse Explosion","floor":5},{"not_picked":["Murderer","Bloodbath"],"picked":"SpiderBud","floor":6},{"not_picked":["Cloak And Dagger","Caltrops","Accuracy"],"picked":"SKIP","floor":6},{"not_picked":["Cloak And Dagger","Caltrops","Accuracy"],"picked":"SKIP","floor":6},{"not_picked":["PunishingBird","MeatLantern"],"picked":"RedShoes","floor":7},{"not_picked":["Terror","Cloak And Dagger","Masterful Stab"],"picked":"SKIP","floor":7},{"not_picked":["Wellcheers","OSAHOGD"],"picked":"BeautyBeast","floor":11},{"not_picked":["Endless Agony","Calculated Gamble"],"picked":"Poisoned Stab","floor":11},{"not_picked":["CherryBlossoms","Freischutz","Murderer"],"picked":"Singing Bowl","floor":14},{"not_picked":["Laetitia","WallGazer"],"picked":"Bloodbath","floor":14},{"not_picked":["Infinite Blades","Outmaneuver"],"picked":"Deadly Poison","floor":14},{"not_picked":["Wellcheers","UniverseFragment"],"picked":"ShyLook","floor":16},{"not_picked":["Venomology","Phantasmal Killer"],"picked":"Night Terror","floor":16},{"not_picked":["Scorched","FairyFestival"],"picked":"OSAHOGD","floor":18},{"not_picked":["Predator","PiercingWail","Dagger Spray"],"picked":"SKIP","floor":18},{"not_picked":["Flechettes","Blade Dance"],"picked":"Slice","floor":19},{"not_picked":["Heel Hook+1","Reflex"],"picked":"Deadly Poison","floor":19},{"not_picked":["Infinite Blades","Prepared+1"],"picked":"Die Die Die","floor":19},{"not_picked":["Prepared","Slice"],"picked":"Bane","floor":19},{"not_picked":["Venomology","Underhanded Strike"],"picked":"Dodge and Roll+1","floor":19},{"not_picked":["UniverseFragment","CherryBlossoms"],"picked":"MHz","floor":20},{"not_picked":["Sucker Punch","Heel Hook"],"picked":"Poisoned Stab","floor":20},{"not_picked":["FairyFestival","CherryBlossoms"],"picked":"DespairKnight","floor":23},{"not_picked":["Leg Sweep+1","Slice"],"picked":"Footwork","floor":23},{"not_picked":["Wellcheers","WallGazer","CherryBlossoms"],"picked":"Singing Bowl","floor":29},{"not_picked":["HeroicMonk","GreedKing"],"picked":"BlackArmy","floor":29},{"not_picked":["Bouncing Flask+1","Quick Slash"],"picked":"Blur+1","floor":29},{"not_picked":["CrumblingArmor","MeatLantern"],"picked":"GalaxyChild","floor":31},{"not_picked":["Flying Knee","Skewer"],"picked":"PiercingWail+1","floor":31},{"not_picked":["UniverseFragment","PunishingBird"],"picked":"MeltingLove","floor":33},{"not_picked":["Tools of the Trade","Venomology+1"],"picked":"Corpse Explosion+1","floor":33},{"not_picked":["Mercenary","Murderer","FairyFestival"],"picked":"Singing Bowl","floor":35},{"not_picked":["HappyTeddy","FairyFestival"],"picked":"QueenOfHatred","floor":35},{"not_picked":["Dagger Throw+1","Outmaneuver+1"],"picked":"Slice+1","floor":35},{"not_picked":["Porccubus","LaLuna"],"picked":"Funeral","floor":38},{"not_picked":["Dagger Throw+1","Dagger Spray+1","Crippling Poison+1"],"picked":"SKIP","floor":38}],"player_experience":96114,"relics_obtained":[{"floor":1,"key":"LetterFromLob"},{"floor":9,"key":"Paper Crane"},{"floor":23,"key":"Potion Belt"},{"floor":26,"key":"Juzu Bracelet"},{"floor":27,"key":"Pear"},{"floor":34,"key":"Bag of Marbles"},{"floor":34,"key":"Molten Egg 2"},{"floor":34,"key":"Tough Bandages"}],"event_choices":[{"damage_healed":0,"gold_gain":0,"player_choice":"Take Damage","damage_taken":17,"relics_obtained":["Golden Idol"],"max_hp_gain":0,"max_hp_loss":0,"event_name":"Golden Idol","floor":2,"gold_loss":0},{"damage_healed":0,"gold_gain":0,"player_choice":"Got Potions","damage_taken":0,"max_hp_gain":0,"max_hp_loss":0,"event_name":"Lab","floor":4,"gold_loss":0},{"damage_healed":0,"gold_gain":0,"player_choice":"Entered Light","damage_taken":15,"max_hp_gain":0,"max_hp_loss":0,"event_name":"Shining Light","floor":10,"gold_loss":0,"cards_upgraded":["Survivor","Neutralize"]},{"cards_removed":["Strike_G"],"damage_healed":0,"gold_gain":0,"player_choice":"Card Removal","damage_taken":7,"max_hp_gain":0,"max_hp_loss":0,"event_name":"Golden Wing","floor":12,"gold_loss":0},{"damage_healed":0,"gold_gain":0,"player_choice":"Obtained Relic","damage_taken":0,"relics_obtained":["Toxic Egg 2"],"max_hp_gain":0,"max_hp_loss":0,"event_name":"Addict","floor":21,"gold_loss":85},{"damage_healed":0,"gold_gain":0,"player_choice":"Gave Idol","damage_taken":0,"relics_obtained":["Bloody Idol"],"max_hp_gain":0,"max_hp_loss":0,"event_name":"Forgotten Altar","floor":22,"relics_lost":["Golden Idol"],"gold_loss":0},{"damage_healed":0,"gold_gain":0,"player_choice":"Ignored","damage_taken":0,"max_hp_gain":0,"max_hp_loss":0,"event_name":"Vampires","floor":25,"gold_loss":0},{"damage_healed":0,"gold_gain":0,"player_choice":"Ignored","damage_taken":0,"max_hp_gain":0,"max_hp_loss":0,"event_name":"Cursed Tome","floor":28,"gold_loss":0},{"cards_removed":["Night Terror"],"damage_healed":0,"gold_gain":0,"player_choice":"Removed Skill","damage_taken":0,"max_hp_gain":0,"max_hp_loss":0,"event_name":"Falling","floor":36,"gold_loss":0},{"cards_removed":["Terror"],"damage_healed":0,"gold_gain":0,"player_choice":"Gave Card","damage_taken":0,"relics_obtained":["War Paint"],"max_hp_gain":0,"max_hp_loss":0,"event_name":"WeMeetAgain","floor":37,"gold_loss":0}],"is_beta":false,"boss_relics":[{"not_picked":["Snecko Eye","Coffee Dripper"],"picked":"Pandora\u0027s Box"},{"not_picked":["HoveringKite","Astrolabe"],"picked":"Calling Bell"}],"items_purged_floors":[],"is_endless":false,"potions_floor_spawned":[5,6,11,14,16,18,23,29,33],"killed_by":"4 Shapes","ascension_level":0}}