{"host":"5kirneupyg4uzd3w","time":1612028413,"event":{"mods":["BaseMod","Colored Map","Custom Start","Minty Spire (QoL Compilation)","StSLib","SuperFastMode"],"gold_per_floor":[119,119,44,44,57,57,76,96,96,110,136,136,165,185,185,263,263,235,72,86,86,103,130,130,130,130,130,146,174,191,220,220,295,295,314,162,173,183,199,227,227,247,247,279,0,19,38,66,66,66,66,66,66,66,96,96,96],"floor_reached":56,"language":"KOR","playtime":2700,"items_purged":["Strike_R","Strike_R"],"score":2117,"play_id":"61f16165-9689-4955-8def-75b873068127","local_time":"20210131024013","is_ascension_mode":true,"campfire_choices":[{"data":"Wild Strike","floor":6.0,"key":"SMITH"},{"data":"Flame Barrier","floor":12.0,"key":"SMITH"},{"data":"Disarm","floor":15.0,"key":"SMITH"},{"data":"Perfected Strike","floor":25.0,"key":"SMITH"},{"floor":27.0,"key":"REST"},{"data":"Perfected Strike","floor":32.0,"key":"SMITH"},{"floor":41.0,"key":"RECALL"},{"floor":49.0,"key":"REST"},{"data":"Offering","floor":53.0,"key":"SMITH"}],"circlet_count":0,"master_deck":["AscendersBane","Strike_R","Defend_R","Defend_R","Defend_R+1","Bash","Thunderclap","Pummel","Pommel Strike","Shockwave","Flame Barrier+1","Wild Strike+1","Disarm+1","Shrug It Off","Offering+1","Barricade","Carnage+1","Feed","Perfected Strike+1","Perfected Strike+1","Perfected Strike+1","Entrench","Reaper","Flame Barrier","Impervious","Pommel Strike","Second Wind+1","Body Slam","Offering","Dark Embrace","Pommel Strike+1","Double Tap+1","Parasite","Pommel Strike","Wild Strike","Pommel Strike+1","Shrug It Off+1","Pommel Strike","Perfected Strike+1"],"relics":["Burning Blood","Spirit Poop","Boot","Prayer Wheel","Odd Mushroom","Snecko Eye","Sundial","Oddly Smooth Stone","Incense Burner","Toy Ornithopter","Mark of Pain","Strawberry","Happy Flower","Toxic Egg 2","Mummified Hand","War Paint"],"acts_visited":["Exordium","TheCity","TheBeyond","TheEnding"],"potions_floor_usage":[56,56],"damage_taken":[{"damage":2.0,"enemies":"Cultist","floor":1.0,"turns":4.0},{"damage":7.0,"enemies":"Jaw Worm","floor":5.0,"turns":4.0},{"damage":9.0,"enemies":"2 Louse","floor":7.0,"turns":3.0},{"damage":15.0,"enemies":"Gremlin Gang","floor":8.0,"turns":5.0},{"damage":6.0,"enemies":"Looter","floor":10.0,"turns":4.0},{"damage":8.0,"enemies":"Gremlin Nob","floor":11.0,"turns":3.0},{"damage":19.0,"enemies":"Lagavulin","floor":13.0,"turns":7.0},{"damage":8.0,"enemies":"The Mushroom Lair","floor":14.0,"turns":3.0},{"damage":19.0,"enemies":"Hexaghost","floor":16.0,"turns":9.0},{"damage":9.0,"enemies":"2 Thieves","floor":18.0,"turns":4.0},{"damage":9.0,"enemies":"Chosen","floor":20.0,"turns":3.0},{"damage":7.0,"enemies":"Snake Plant","floor":22.0,"turns":3.0},{"damage":33.0,"enemies":"Book of Stabbing","floor":23.0,"turns":4.0},{"damage":9.0,"enemies":"Centurion and Healer","floor":28.0,"turns":6.0},{"damage":27.0,"enemies":"Gremlin Leader","floor":29.0,"turns":4.0},{"damage":6.0,"enemies":"Cultist and Chosen","floor":30.0,"turns":4.0},{"damage":10.0,"enemies":"Slavers","floor":31.0,"turns":9.0},{"damage":30.0,"enemies":"Champ","floor":33.0,"turns":16.0},{"damage":2.0,"enemies":"Orb Walker","floor":35.0,"turns":3.0},{"damage":16.0,"enemies":"3 Shapes","floor":37.0,"turns":6.0},{"damage":6.0,"enemies":"Writhing Mass","floor":38.0,"turns":4.0},{"damage":6.0,"enemies":"Jaw Worm Horde","floor":39.0,"turns":6.0},{"damage":19.0,"enemies":"Giant Head","floor":40.0,"turns":6.0},{"damage":0.0,"enemies":"Sphere and 2 Shapes","floor":42.0,"turns":7.0},{"damage":29.0,"enemies":"Nemesis","floor":44.0,"turns":7.0},{"damage":6.0,"enemies":"Writhing Mass","floor":46.0,"turns":5.0},{"damage":6.0,"enemies":"Spire Growth","floor":47.0,"turns":4.0},{"damage":42.0,"enemies":"Giant Head","floor":48.0,"turns":7.0},{"damage":53.0,"enemies":"Time Eater","floor":50.0,"turns":11.0},{"damage":42.0,"enemies":"Awakened One","floor":51.0,"turns":13.0},{"damage":69.0,"enemies":"Shield and Spear","floor":55.0,"turns":7.0},{"damage":30,"enemies":"The Heart","floor":56,"turns":8}],"seed_played":"-3372281545222203502","potions_obtained":[{"floor":7.0,"key":"Fire Potion"},{"floor":10.0,"key":"GamblersBrew"},{"floor":11.0,"key":"Dexterity Potion"},{"floor":13.0,"key":"Swift Potion"},{"floor":16.0,"key":"ElixirPotion"},{"floor":23.0,"key":"Weak Potion"},{"floor":30.0,"key":"Block Potion"},{"floor":31.0,"key":"SmokeBomb"},{"floor":39.0,"key":"Ancient Potion"},{"floor":40.0,"key":"PowerPotion"},{"floor":48.0,"key":"DistilledChaos"},{"floor":55.0,"key":"Weak Potion"}],"is_trial":false,"path_per_floor":["M","?","$","?","M","R","M","M","T","M","E","R","E","?","R","B",null,"M","$","M","?","M","E","?","R","T","R","M","E","M","E","R","B",null,"M","$","M","M","M","E","R","M","T","E","$","M","M","E","R","B","B",null,"R","$","E","B"],"character_chosen":"IRONCLAD","items_purchased":["Flame Barrier","Feed","Body Slam","Toxic Egg 2"],"campfire_rested":2,"item_purchase_floors":[3,19,36,45],"current_hp_per_floor":[72,72,72,72,71,71,68,59,59,59,57,57,44,42,42,29,64,61,61,58,58,57,30,24,24,24,46,46,25,25,38,38,20,66,76,76,75,75,84,78,78,84,84,70,70,70,75,51,80,43,18,77,77,77,14,0,0],"gold":96,"neow_bonus":"TRANSFORM_TWO_CARDS","is_daily":false,"chose_seed":false,"campfire_upgraded":6,"win_rate":0.0,"timestamp":1612028413,"path_taken":["M","?","?","?","M","R","?","M","T","M","E","R","E","?","R","BOSS","M","$","M","?","M","E","?","R","T","R","M","E","?","E","R","BOSS","M","$","M","M","M","E","R","M","T","E","$","M","M","E","R","BOSS","BOSS","R","$","E","BOSS"],"items_purchased_type":["Card","Card","Card","Relic"],"build_version":"2020-12-22","purchased_purges":2,"victory":false,"max_hp_per_floor":[75,75,75,75,75,75,75,75,75,75,75,75,75,75,75,75,75,75,75,75,75,75,75,75,75,75,75,78,78,78,81,81,81,81,81,81,84,84,87,94,94,94,94,97,97,97,97,97,97,97,97,97,97,97,97,97,97],"card_choices":[{"not_picked":["Seeing Red","Heavy Blade"],"picked":"Pommel Strike","floor":1.0},{"not_picked":["Intimidate","Hemokinesis"],"picked":"Wild Strike","floor":5.0},{"not_picked":["Warcry","Combust"],"picked":"Disarm","floor":7.0},{"not_picked":["Headbutt","Pommel Strike","Anger"],"picked":"SKIP","floor":8.0},{"not_picked":["Sever Soul","Dropkick"],"picked":"Shrug It Off","floor":10.0},{"not_picked":["Twin Strike","Armaments","Reckless Charge"],"picked":"SKIP","floor":11.0},{"not_picked":["Seeing Red","Perfected Strike"],"picked":"Offering","floor":13.0},{"not_picked":["Juggernaut","Impervious"],"picked":"Barricade","floor":16.0},{"not_picked":["Perfected Strike+1","Intimidate"],"picked":"Carnage+1","floor":18.0},{"not_picked":["Spot Weakness+1","Thunderclap","Perfected Strike"],"picked":"SKIP","floor":18.0},{"not_picked":["Havoc","Rampage"],"picked":"Perfected Strike","floor":20.0},{"not_picked":["Flex","Burning Pact"],"picked":"Perfected Strike","floor":20.0},{"not_picked":["Shockwave","Havoc"],"picked":"Perfected Strike+1","floor":22.0},{"not_picked":["Rampage+1","Infernal Blade","Burning Pact"],"picked":"SKIP","floor":22.0},{"not_picked":["Wild Strike","Rage"],"picked":"Entrench","floor":23.0},{"not_picked":["Burning Pact","Warcry","Headbutt"],"picked":"SKIP","floor":28.0},{"not_picked":["Disarm","Whirlwind","Cleave"],"picked":"SKIP","floor":28.0},{"not_picked":["Anger","Thunderclap","Heavy Blade+1"],"picked":"SKIP","floor":29.0},{"not_picked":["Wild Strike","Pummel"],"picked":"Reaper","floor":30.0},{"not_picked":["Havoc","Pummel","Warcry"],"picked":"SKIP","floor":30.0},{"not_picked":["Flex","Brutality"],"picked":"Flame Barrier","floor":31.0},{"not_picked":["Bludgeon","Feed"],"picked":"Impervious","floor":33.0},{"not_picked":["Blood for Blood+1","Burning Pact"],"picked":"Pommel Strike","floor":35.0},{"not_picked":["Shrug It Off","Intimidate"],"picked":"Second Wind+1","floor":35.0},{"not_picked":["Heavy Blade","Clothesline","Clash+1"],"picked":"SKIP","floor":37.0},{"not_picked":["Pummel","Battle Trance","Body Slam+1"],"picked":"SKIP","floor":37.0},{"not_picked":["Iron Wave","Carnage"],"picked":"Offering","floor":38.0},{"not_picked":["Body Slam","Wild Strike"],"picked":"Dark Embrace","floor":38.0},{"not_picked":["Clash","Headbutt","Hemokinesis"],"picked":"SKIP","floor":39.0},{"not_picked":["Body Slam","Flex","Clash"],"picked":"SKIP","floor":39.0},{"not_picked":["Clash","Cleave+1","Flame Barrier"],"picked":"SKIP","floor":40.0},{"not_picked":["Clash","Havoc+1"],"picked":"Pommel Strike+1","floor":42.0},{"not_picked":["Burning Pact","Rage"],"picked":"Double Tap","floor":42.0},{"not_picked":["Heavy Blade+1","Cleave","Disarm"],"picked":"SKIP","floor":44.0},{"not_picked":["Shrug It Off+1","Clash"],"picked":"Pommel Strike","floor":46.0},{"not_picked":["Flex+1","Ghostly Armor+1"],"picked":"Wild Strike","floor":46.0},{"not_picked":["Feed","Feel No Pain"],"picked":"Pommel Strike+1","floor":47.0},{"not_picked":["Clash","Bloodletting+1"],"picked":"Shrug It Off+1","floor":47.0},{"not_picked":["Clash","Intimidate+1"],"picked":"Pommel Strike","floor":48.0},{"not_picked":["Feed","Barricade"],"picked":"Perfected Strike+1","floor":55.0}],"player_experience":286232,"relics_obtained":[{"floor":9.0,"key":"Boot"},{"floor":13.0,"key":"Prayer Wheel"},{"floor":14.0,"key":"Odd Mushroom"},{"floor":23.0,"key":"Sundial"},{"floor":26.0,"key":"Oddly Smooth Stone"},{"floor":29.0,"key":"Incense Burner"},{"floor":31.0,"key":"Toy Ornithopter"},{"floor":40.0,"key":"Strawberry"},{"floor":44.0,"key":"Happy Flower"},{"floor":48.0,"key":"Mummified Hand"},{"floor":55.0,"key":"War Paint"}],"event_choices":[{"damage_healed":0.0,"max_hp_gain":0.0,"max_hp_loss":0.0,"gold_gain":0.0,"cards_transformed":["Strike_R"],"event_name":"Living Wall","player_choice":"Change","floor":2.0,"gold_loss":0.0,"damage_taken":0.0,"cards_obtained":["Shockwave"]},{"cards_removed":["Injury"],"damage_healed":0.0,"max_hp_gain":0.0,"max_hp_loss":0.0,"gold_gain":0.0,"event_name":"Bonfire Elementals","player_choice":"Offered Curse","floor":4.0,"gold_loss":0.0,"damage_taken":0.0,"relics_obtained":["Spirit Poop"]},{"damage_healed":0.0,"max_hp_gain":0.0,"max_hp_loss":0.0,"gold_gain":0.0,"event_name":"Mushrooms","player_choice":"Fought Mushrooms","floor":14.0,"gold_loss":0.0,"damage_taken":0.0},{"damage_healed":0.0,"max_hp_gain":0.0,"max_hp_loss":0.0,"gold_gain":0.0,"event_name":"Vampires","player_choice":"Ignored","floor":21.0,"gold_loss":0.0,"damage_taken":0.0},{"damage_healed":0.0,"max_hp_gain":0.0,"max_hp_loss":0.0,"gold_gain":0.0,"event_name":"Knowing Skull","player_choice":"","floor":24.0,"potions_obtained":[],"gold_loss":0.0,"damage_taken":6.0,"cards_obtained":[]}],"is_beta":false,"boss_relics":[{"not_picked":["Empty Cage","SacredBark"],"picked":"Snecko Eye"},{"not_picked":["Sozu","Black Blood"],"picked":"Mark of Pain"}],"items_purged_floors":[19,36],"is_endless":false,"potions_floor_spawned":[7,10,11,13,14,16,23,30,31,39,40,46,47,48,55],"killed_by":"The Heart","ascension_level":20}}