{"host":"9slw7l0ws16384qq","time":1612048325,"event":{"mods":["A Penny For Your Troubles","BaseMod","Colored Map","Downfall","Evolution","Hubris","Minty Spire (QoL Compilation)","Replay The Spire","StS++","StSLib"],"gold_per_floor":[99,116,116,26,39,39,39,55,55,40,66,66,81,101,112,213,213,13,28,28,28,28,57,57,73,86,86,316,216,231,251,261,366,366,366,380,255,255,255,255,255,274,301,301,314,314,327,177,187,188,188,214,39,39,39,39],"floor_reached":57,"language":"FRA","playtime":3395,"items_purged":["Guardian:Defend_Guardian","Guardian:Reroute","Guardian:Reroute","Guardian:CurlUp","Guardian:Reroute"],"score":1277,"play_id":"1a3c8416-9cd3-404a-ab16-b681998f81d9","local_time":"20210131001205","is_ascension_mode":false,"campfire_choices":[{"floor":1.0,"key":"RECALL"},{"data":"Guardian:TwinSlam","floor":9.0,"key":"SMITH"},{"floor":12.0,"key":"REST"},{"data":"Guardian:Suspension+1","floor":18.0,"key":"PURGE"},{"data":"Guardian:ExploitGems","floor":29.0,"key":"SMITH"},{"data":"Guardian:Clone","floor":35.0,"key":"SMITH"},{"data":"Guardian:Repulse","floor":40.0,"key":"SMITH"},{"data":"Guardian:Defend_Guardian","floor":44.0,"key":"SMITH"},{"floor":46.0,"key":"REST"}],"circlet_count":1,"master_deck":["Guardian:Defend_Guardian+1","Guardian:TwinSlam+1","Guardian:ExploitGems+1","Guardian:Clone+1","Guardian:HyperBeam_Guardian+1","Guardian:Clone+1","Guardian:Repulse+1"],"relics":["Guardian:ModeShifter","EVO:Axolotl","Circlet","Guardian:PickAxe","StSpp:SailingBoat","Chameleon Ring","Odd Mushroom","Astrolabe","downfall:HeartBlessingGreen","downfall:HeartBlessingRed","MutagenicStrength","hubris:BottledRain","hubris:Towel","downfall:HeartBlessingBlue","Runic Dome","hubris:MysteriousPyramids","Guardian:PocketSentry","Turnip"],"acts_visited":["Exordium","TheCity","TheBeyond","TheEnding"],"potions_floor_usage":[56,56],"damage_taken":[{"damage":6.0,"enemies":"Jaw Worm","floor":2.0,"turns":3.0},{"damage":4.0,"enemies":"Jaw Worm","floor":3.0,"turns":4.0},{"damage":0.0,"enemies":"downfall:FleeingMerchant","floor":4.0,"turns":4.0},{"damage":3.0,"enemies":"Small Slimes","floor":5.0,"turns":3.0},{"damage":0.0,"enemies":"Cultist","floor":8.0,"turns":3.0},{"damage":5.0,"enemies":"downfall:FleeingMerchant","floor":10.0,"turns":4.0},{"damage":7.0,"enemies":"3 Sentries","floor":11.0,"turns":6.0},{"damage":3.0,"enemies":"Lots of Slimes","floor":13.0,"turns":3.0},{"damage":0.0,"enemies":"The Mushroom Lair","floor":14.0,"turns":4.0},{"damage":0.0,"enemies":"3 Louse","floor":15.0,"turns":3.0},{"damage":2.0,"enemies":"DF_ARCHETYPE_STREAMLINE","floor":16.0,"turns":8.0},{"damage":6.0,"enemies":"Shell Parasite","floor":19.0,"turns":3.0},{"damage":5.0,"enemies":"Replay:Snechameleon","floor":23.0,"turns":2.0},{"damage":6.0,"enemies":"Chosen and Byrds","floor":25.0,"turns":2.0},{"damage":10.0,"enemies":"Centurion and Healer","floor":26.0,"turns":3.0},{"damage":6.0,"enemies":"downfall:FleeingMerchant","floor":28.0,"turns":3.0},{"damage":0.0,"enemies":"3 Cultists","floor":30.0,"turns":1.0},{"damage":4.0,"enemies":"Shelled Parasite and Fungi","floor":31.0,"turns":3.0},{"damage":0.0,"enemies":"Sentry and Sphere","floor":32.0,"turns":2.0},{"damage":9.0,"enemies":"SI_MIRROR_ARCHETYPE","floor":33.0,"turns":2.0},{"damage":0.0,"enemies":"3 Shapes","floor":36.0,"turns":1.0},{"damage":5.0,"enemies":"Orb Walker","floor":42.0,"turns":2.0},{"damage":0.0,"enemies":"Nemesis","floor":43.0,"turns":1.0},{"damage":0.0,"enemies":"Writhing Mass","floor":45.0,"turns":1.0},{"damage":0.0,"enemies":"4 Shapes","floor":47.0,"turns":1.0},{"damage":0.0,"enemies":"Jaw Worm Horde","floor":49.0,"turns":1.0},{"damage":0.0,"enemies":"IC_BLOCK_ARCHETYPE","floor":50.0,"turns":1.0},{"damage":0.0,"enemies":"downfall:CharBossMerchant","floor":52.0,"turns":2.0},{"damage":0,"enemies":"downfall:NeowBoss","floor":55,"turns":5},{"damage":3,"enemies":"downfall:NeowBossFinal","floor":56,"turns":3}],"seed_played":"3777273587479197399","potions_obtained":[{"floor":8.0,"key":"SpeedPotion"},{"floor":11.0,"key":"Elixir"},{"floor":14.0,"key":"Toxic Potion"},{"floor":15.0,"key":"Dexterity Potion"},{"floor":22.0,"key":"CultistPotion"}],"is_trial":false,"path_per_floor":["R","M","?","$","M","R","T","M","R","$","E","R","M","?","M","B",null,"R_BF","M","?","?","?","E","T","M","M","?","$","R","M","M","M","B",null,"R","M","$","?","?","R","T","M","E","R","M","R","M","$","M","B",null,"E","$","R","B","B",null],"character_chosen":"GUARDIAN","items_purchased":[],"campfire_rested":2,"item_purchase_floors":[],"current_hp_per_floor":[56,59,55,55,52,52,52,52,52,47,40,64,61,61,61,59,80,80,74,74,74,74,69,69,63,53,53,47,57,57,53,53,44,90,90,90,90,90,90,90,90,85,85,85,85,90,90,90,90,90,90,90,90,90,90,87],"gold":39,"neow_bonus":"ONE_RARE_RELIC","is_daily":false,"chose_seed":false,"campfire_upgraded":5,"win_rate":0.0,"timestamp":1612048325,"path_taken":["R","M","?","$","M","R","T","M","R","$","E","R","M","?","M","BOSS","R_BF","M","?","?","?","E","T","M","?","?","$","R","M","M","M","BOSS","R","M","$","?","?","R","T","?","E","R","M","R","M","$","M","BOSS","E","$","R","BOSS","BOSS"],"items_purchased_type":[],"build_version":"2020-12-22","purchased_purges":5,"victory":true,"max_hp_per_floor":[80,80,80,80,80,80,80,80,80,80,80,80,80,80,80,80,80,80,80,80,80,80,80,80,80,80,80,80,90,90,90,90,90,90,90,90,90,90,90,90,90,90,90,90,90,90,90,90,90,90,90,90,90,90,90,90],"card_choices":[{"not_picked":["Guardian:Gem_Lightblue","Guardian:RefractedBeam"],"picked":"Guardian:Gem_White","floor":2.0},{"not_picked":["Guardian:FloatingOrbs","Guardian:TemporalShield","Guardian:CrystalBeam"],"picked":"SKIP","floor":4.0},{"not_picked":["Guardian:TimeBomb","Guardian:TemporalShield"],"picked":"Guardian:Gem_Cyan","floor":5.0},{"not_picked":["Guardian:Gem_Red","Guardian:ShieldCharger"],"picked":"Guardian:Gem_White","floor":8.0},{"not_picked":["Guardian:ShieldSpikes","Guardian:Gem_Red","Guardian:Planning"],"picked":"SKIP","floor":10.0},{"not_picked":["Guardian:Gem_Cyan","Guardian:Gem_Lightblue","Guardian:RollAttack"],"picked":"SKIP","floor":11.0},{"not_picked":["Guardian:ChargeCore","Guardian:Gem_Crimson"],"picked":"Guardian:ExploitGems","floor":13.0},{"not_picked":["Guardian:Gem_Green","Guardian:TemporalShield"],"picked":"Guardian:Clone","floor":15.0},{"not_picked":["Guardian:PrimingBeam","Guardian:Gem_Red","Guardian:Incinerate"],"picked":"SKIP","floor":19.0},{"not_picked":["Guardian:PrismaticBarrier+1","Guardian:DonusPower"],"picked":"Guardian:Gem_Yellow","floor":23.0},{"not_picked":["Guardian:ShieldCharger","Guardian:PiercingHide","Guardian:Gem_Green"],"picked":"SKIP","floor":25.0},{"not_picked":["Guardian:Gem_Red","Guardian:PrismaticBarrier","Guardian:Suspension"],"picked":"SKIP","floor":26.0},{"not_picked":["Guardian:BronzeArmor","Guardian:RevengeProtocol","Guardian:SpikerProtocol"],"picked":"SKIP","floor":28.0},{"not_picked":["Guardian:BronzeOrb+1","Guardian:Gem_Lightblue","Guardian:PrismaticBeam+1"],"picked":"SKIP","floor":30.0},{"not_picked":["Guardian:Gem_Red","Guardian:Planning"],"picked":"Guardian:Repulse","floor":31.0},{"not_picked":["Guardian:TemporalStrike","Guardian:RollAttack","Guardian:TimeSifter"],"picked":"SKIP","floor":32.0},{"not_picked":["Guardian:GuardianWhirl","Guardian:ShieldCharger+1","Guardian:Gem_Cyan"],"picked":"SKIP","floor":36.0},{"not_picked":["Guardian:TimeBomb","Guardian:WalkerClaw+1","Guardian:PrismaticBeam+1"],"picked":"SKIP","floor":42.0},{"not_picked":["Guardian:Gem_Purple","Guardian:PrimingBeam+1","Guardian:DecasProtection"],"picked":"SKIP","floor":43.0},{"not_picked":["Guardian:PrimingBeam","Guardian:TemporalShield+1","Guardian:Suspension"],"picked":"SKIP","floor":45.0},{"not_picked":["Guardian:Gem_Lightblue","Guardian:CrystalBeam+1","Guardian:Harden"],"picked":"SKIP","floor":47.0},{"not_picked":["Guardian:Recover+1","Guardian:PolyBeam+1","Guardian:Planning"],"picked":"SKIP","floor":49.0},{"not_picked":["Guardian:PiercingHide","Guardian:Preprogram","Guardian:Incinerate"],"picked":"SKIP","floor":52.0}],"player_experience":1555633,"relics_obtained":[{"floor":7.0,"key":"StSpp:SailingBoat"},{"floor":11.0,"key":"Chameleon Ring"},{"floor":14.0,"key":"Odd Mushroom"},{"floor":23.0,"key":"hubris:BottledRain"},{"floor":41.0,"key":"hubris:MysteriousPyramids"},{"floor":43.0,"key":"Guardian:PocketSentry"},{"floor":52.0,"key":"Turnip"}],"event_choices":[{"damage_healed":0.0,"max_hp_gain":0.0,"max_hp_loss":0.0,"gold_gain":0.0,"event_name":"Mushrooms","player_choice":"Fought Mushrooms","floor":14.0,"gold_loss":0.0,"damage_taken":0.0},{"damage_healed":0.0,"max_hp_gain":0.0,"max_hp_loss":0.0,"gold_gain":0.0,"event_name":"Drug Dealer","player_choice":"Inject Mutagens","floor":21.0,"gold_loss":0.0,"damage_taken":0.0,"relics_obtained":["MutagenicStrength"]}],"is_beta":false,"boss_relics":[{"not_picked":["Cursed Key","Snecko Eye"],"picked":"Astrolabe"},{"not_picked":["Guardian:StasisSlotReductionRelic","Replay:Ancient Bell"],"picked":"Runic Dome"}],"items_purged_floors":[4,28,37,48,53],"is_endless":false,"potions_floor_spawned":[8,11,14,15,16,23,30,31,32,43,45,49],"ascension_level":0}}