{"host":"tetk82fuf8thwxol","time":1612042803,"event":{"mods":["AchievementEnabler","BaseMod","BetterRewards","GifTheSpireLib","Hermit","Jorbs\u0027s Wanderer Trilogy","Minty Spire (QoL Compilation)","Permanent Neow","Quick Restart","Shop Mod","Spicy Shops","StSLib","The Bug Knight","The Cursed","The Forsaken","The Runesmith"],"gold_per_floor":[112,112,128,9999,9999,9999,9999,9999,9999,9999,9999,9999,9999,9999,9999,9999,9999,9999,9591,9591,9591,9235,9235,9235,9235,9235,9235,9235,9235,9235,8835,8835,8835,8835,8835,8495,8495,8495,8302,8302,8302,8302,8302,8302,8302,8302,8001,8001,8001,8001],"floor_reached":51,"language":"ENG","playtime":1992,"items_purged":["Strike_G","Defend_G","Strike_G","Dagger Spray"],"score":1197,"play_id":"ff7135fb-5b7e-429e-a637-8a954180e912","local_time":"20210130154003","is_ascension_mode":true,"campfire_choices":[{"data":"Apotheosis","floor":7,"key":"SMITH"},{"data":"Riddle With Holes","floor":13,"key":"SMITH"},{"floor":15,"key":"RECALL"},{"floor":23,"key":"REST"},{"data":"RitualDagger","floor":32,"key":"SMITH"},{"floor":40,"key":"REST"},{"data":"Die Die Die","floor":46,"key":"SMITH"},{"data":"Bouncing Flask","floor":49,"key":"SMITH"}],"circlet_count":0,"master_deck":["AscendersBane","Strike_G","Strike_G","Defend_G","Defend_G+1","Defend_G","Survivor+1","Neutralize","Bane","Finisher","Apotheosis+1","Riddle With Holes+1","Catalyst","Noxious Fumes","Die Die Die+1","Caltrops","RitualDagger+1","Poisoned Stab+1","A Thousand Cuts+1","Noxious Fumes+1","Sadistic Nature+1","Backstab+1","Deadly Poison","Backstab+1","Parasite","Bouncing Flask+1"],"relics":["Ring of the Snake","Membership Card","Snake Skull","FossilizedHelix","PreservedInsect","Smiling Mask","HollowMod:LifeEnderRelic","Akabeko","theForsaken:Gavel","Ectoplasm","Lantern","Kunai","Red Mask","Pen Nib","StrikeDummy","theForsaken:Lifeblossom","Boot","Lizard Tail","Question Card","Frozen Egg 2","Shuriken","War Paint","Blood Vial","Ancient Tea Set","Philosopher\u0027s Stone","TwistedFunnel","Mummified Hand","HandDrill","Incense Burner","Mercury Hourglass","Bag of Marbles","Anchor","Ornamental Fan","Bronze Scales","DollysMirror","Gremlin Horn"],"acts_visited":["Exordium","TheCity","TheBeyond"],"potions_floor_usage":[24,28,33,41,50],"damage_taken":[{"damage":0,"enemies":"2 Louse","floor":1,"turns":3},{"damage":4,"enemies":"Small Slimes","floor":3,"turns":5},{"damage":4,"enemies":"Lagavulin","floor":6,"turns":8},{"damage":0,"enemies":"Cultist","floor":8,"turns":3},{"damage":0,"enemies":"Gremlin Nob","floor":10,"turns":3},{"damage":0,"enemies":"Red Slaver","floor":12,"turns":4},{"damage":1,"enemies":"Lagavulin","floor":14,"turns":4},{"damage":24,"enemies":"The Guardian","floor":16,"turns":11},{"damage":0,"enemies":"Spheric Guardian","floor":18,"turns":3},{"damage":20,"enemies":"Masked Bandits","floor":21,"turns":3},{"damage":7,"enemies":"Slavers","floor":24,"turns":3},{"damage":0,"enemies":"Chosen","floor":27,"turns":1},{"damage":0,"enemies":"Snecko","floor":28,"turns":3},{"damage":5,"enemies":"Book of Stabbing","floor":30,"turns":2},{"damage":24,"enemies":"Champ","floor":33,"turns":6},{"damage":28,"enemies":"3 Shapes","floor":35,"turns":3},{"damage":0,"enemies":"3 Darklings","floor":38,"turns":2},{"damage":0,"enemies":"Spire Growth","floor":41,"turns":3},{"damage":0,"enemies":"Reptomancer","floor":42,"turns":1},{"damage":0,"enemies":"Jaw Worm Horde","floor":44,"turns":3},{"damage":0,"enemies":"Sphere and 2 Shapes","floor":45,"turns":2},{"damage":0,"enemies":"Writhing Mass","floor":48,"turns":2},{"damage":73,"enemies":"Awakened One","floor":50,"turns":7}],"seed_played":"6089185022388924917","potions_obtained":[{"floor":3,"key":"LiquidMemories"},{"floor":10,"key":"EssenceOfSteel"},{"floor":16,"key":"Weak Potion"},{"floor":24,"key":"GamblersBrew"},{"floor":27,"key":"PowerPotion"},{"floor":28,"key":"SpeedPotion"},{"floor":33,"key":"Weak Potion"},{"floor":41,"key":"Block Potion"}],"is_trial":false,"path_per_floor":["M","?","M","$","?","E","R","M","T","E","?","M","R","E","R","B",null,"M","$","?","?","$","R","E","?","T","M","M","T","E","$","R","B",null,"M","$","?","M","$","R","M","E","T","M","M","R","$","M","R","B",null],"character_chosen":"THE_SILENT","items_purchased":["Membership Card","Snake Skull","FossilizedHelix","PreservedInsect","Apotheosis","Lantern","Kunai","Die Die Die","Caltrops","Pen Nib","StrikeDummy","theForsaken:Lifeblossom","Boot","Shuriken","War Paint","Blood Vial","Ancient Tea Set","Noxious Fumes+1","TwistedFunnel","Mummified Hand","Sadistic Nature+1","HandDrill","Mercury Hourglass","Bag of Marbles","Bronze Scales","Deadly Poison","DollysMirror","Gremlin Horn"],"campfire_rested":2,"item_purchase_floors":[4,4,4,4,4,19,19,19,19,22,22,22,22,31,31,31,31,36,36,36,36,36,39,39,47,47,47,47],"current_hp_per_floor":[70,70,66,66,66,62,62,62,62,62,62,62,62,61,61,37,67,67,67,67,47,47,70,69,63,63,66,71,71,69,69,69,53,71,51,51,51,58,58,77,77,77,77,77,77,77,77,77,77,5],"gold":8001,"neow_bonus":"TEN_PERCENT_HP_BONUS","is_daily":false,"chose_seed":false,"campfire_upgraded":5,"win_rate":0.0,"timestamp":1612042803,"path_taken":["M","?","M","$","?","E","R","M","T","E","?","?","R","E","R","BOSS","M","?","?","?","$","R","E","?","T","M","M","?","E","$","R","BOSS","M","$","?","M","?","R","M","E","T","M","?","R","$","M","R","BOSS"],"items_purchased_type":["Relic","Relic","Relic","Relic","Card","Relic","Relic","Card","Card","Relic","Relic","Relic","Relic","Relic","Relic","Relic","Relic","Card","Relic","Relic","Card","Relic","Relic","Relic","Relic","Card","Relic","Relic"],"build_version":"2020-12-22","purchased_purges":4,"victory":true,"max_hp_per_floor":[77,77,77,77,77,77,77,77,77,77,77,77,77,77,77,77,77,77,77,77,77,77,77,77,77,77,77,77,77,77,77,77,77,77,77,77,77,77,77,77,77,77,77,77,77,77,77,77,77,77],"card_choices":[{"not_picked":["Dodge and Roll","Underhanded Strike"],"picked":"Bane","floor":1},{"not_picked":["Acrobatics","Flying Knee"],"picked":"Finisher","floor":3},{"not_picked":["Unload","Flying Knee","Prepared"],"picked":"SKIP","floor":6},{"not_picked":["Choke","Sucker Punch"],"picked":"Riddle With Holes","floor":8},{"not_picked":["Eviscerate","Unload"],"picked":"Dagger Spray","floor":10},{"not_picked":["Concentrate","Sucker Punch","Underhanded Strike"],"picked":"SKIP","floor":12},{"not_picked":["Endless Agony","Malaise"],"picked":"Catalyst","floor":14},{"not_picked":["Poisoned Stab","Eviscerate+1"],"picked":"Noxious Fumes","floor":18},{"not_picked":["All Out Attack","Dagger Spray","Reflex+1"],"picked":"SKIP","floor":24},{"not_picked":["Leg Sweep","Underhanded Strike","Accuracy+1"],"picked":"SKIP","floor":27},{"not_picked":["Acrobatics","Dash","Accuracy+1"],"picked":"SKIP","floor":28},{"not_picked":["Accuracy+1","All Out Attack+1","Prepared"],"picked":"Poisoned Stab+1","floor":30},{"not_picked":["Grand Finale","Night Terror","Phantasmal Killer"],"picked":"A Thousand Cuts+1","floor":33},{"not_picked":["Sucker Punch+1","Outmaneuver+1","Terror+1","Dash"],"picked":"SKIP","floor":35},{"not_picked":["Dagger Spray","Blade Dance","Deflect","Acrobatics"],"picked":"SKIP","floor":38},{"not_picked":["Heel Hook+1","Acrobatics","PiercingWail+1","Dagger Throw"],"picked":"SKIP","floor":41},{"not_picked":["Glass Knife","Underhanded Strike+1","Dagger Spray","Predator+1"],"picked":"SKIP","floor":42},{"not_picked":["Riddle With Holes+1","Slice","Quick Slash","Deflect+1"],"picked":"SKIP","floor":44},{"not_picked":["Acrobatics","Bane","Distraction"],"picked":"Backstab+1","floor":45},{"not_picked":["Outmaneuver","Skewer","Slice+1"],"picked":"Bouncing Flask","floor":48}],"player_experience":268241,"relics_obtained":[{"floor":6,"key":"Smiling Mask"},{"floor":9,"key":"HollowMod:LifeEnderRelic"},{"floor":10,"key":"Akabeko"},{"floor":14,"key":"theForsaken:Gavel"},{"floor":21,"key":"Red Mask"},{"floor":24,"key":"Lizard Tail"},{"floor":29,"key":"Question Card"},{"floor":30,"key":"Frozen Egg 2"},{"floor":37,"key":"Incense Burner"},{"floor":42,"key":"Anchor"},{"floor":43,"key":"Ornamental Fan"}],"event_choices":[{"cards_removed":["Strike_G"],"damage_healed":0,"gold_gain":0,"player_choice":"Forget","damage_taken":0,"max_hp_gain":0,"max_hp_loss":0,"event_name":"Living Wall","floor":2,"gold_loss":0},{"damage_healed":0,"gold_gain":0,"player_choice":"Ignored","damage_taken":0,"max_hp_gain":0,"max_hp_loss":0,"event_name":"Golden Wing","floor":5,"gold_loss":0},{"cards_removed":["Defend_G"],"damage_healed":0,"gold_gain":0,"player_choice":"Offered Basic","damage_taken":0,"max_hp_gain":0,"max_hp_loss":0,"event_name":"Bonfire Elementals","floor":11,"gold_loss":0},{"damage_healed":0,"gold_gain":0,"player_choice":"Fought Bandits","damage_taken":0,"max_hp_gain":0,"max_hp_loss":0,"event_name":"Masked Bandits","floor":21,"gold_loss":0},{"damage_healed":0,"gold_gain":0,"player_choice":"Joined the Cult","damage_taken":6,"max_hp_gain":0,"max_hp_loss":0,"event_name":"Nest","floor":25,"gold_loss":0,"cards_obtained":["RitualDagger"]},{"damage_healed":0,"gold_gain":0,"player_choice":"Relic","damage_taken":0,"max_hp_gain":0,"max_hp_loss":0,"event_name":"Wheel of Change","floor":37,"gold_loss":0}],"is_beta":false,"boss_relics":[{"not_picked":["Black Star","Velvet Choker"],"picked":"Ectoplasm"},{"not_picked":["Pandora\u0027s Box","WristBlade"],"picked":"Philosopher\u0027s Stone"}],"items_purged_floors":[4,4,19,31],"is_endless":false,"potions_floor_spawned":[3,10,16,24,27,28,33,38,41,42],"ascension_level":10}}