{"host":"nj4msrt0z6tj4wtb","time":1612033866,"event":{"mods":["AchievementEnabler","BaseMod","Colored Map","Colored Powertips","DeckTracker","Highlight Path","Keyboard Shortcuts","Minty Spire (QoL Compilation)","Quick Restart","Random Character Button","StSLib","SuperFastMode"],"gold_per_floor":[117,129,142,160,235,235,260,289,301,333,345,357,369,396,408,518,530,562,601,317,416,416,416,428,446,446,446,446],"floor_reached":27,"language":"KOR","playtime":892,"items_purged":["Strike_R"],"score":258,"play_id":"55b52261-9020-4d63-8abe-64e27e84af2e","local_time":"20210131041106","is_ascension_mode":true,"campfire_choices":[{"data":"Wild Strike","floor":6.0,"key":"SMITH"},{"data":"Seeing Red","floor":12.0,"key":"SMITH"},{"data":"Fire Breathing","floor":15.0,"key":"SMITH"},{"data":"Armaments","floor":23.0,"key":"SMITH"}],"circlet_count":0,"master_deck":["Strike_R","Strike_R","Strike_R","Defend_R","Defend_R","Defend_R","Defend_R","Bash","Deep Breath","Disarm","Wild Strike+1","Reckless Charge","Rampage","Fire Breathing+1","Seeing Red+1","Dual Wield","Limit Break","Body Slam+1","Armaments+1","Feel No Pain","Wild Strike"],"relics":["Burning Blood","MawBank","MealTicket","Mark of Pain","Red Mask","Medical Kit","Mummified Hand","PreservedInsect"],"acts_visited":["Exordium","TheCity"],"potions_floor_usage":[25],"damage_taken":[{"damage":4.0,"enemies":"Jaw Worm","floor":1.0,"turns":4.0},{"damage":3.0,"enemies":"2 Louse","floor":2.0,"turns":3.0},{"damage":14.0,"enemies":"Small Slimes","floor":3.0,"turns":5.0},{"damage":16.0,"enemies":"3 Louse","floor":4.0,"turns":4.0},{"damage":16.0,"enemies":"Gremlin Nob","floor":7.0,"turns":3.0},{"damage":11.0,"enemies":"Blue Slaver","floor":8.0,"turns":3.0},{"damage":4.0,"enemies":"Red Slaver","floor":10.0,"turns":3.0},{"damage":17.0,"enemies":"Lots of Slimes","floor":14.0,"turns":4.0},{"damage":4.0,"enemies":"The Guardian","floor":16.0,"turns":13.0},{"damage":17.0,"enemies":"Chosen","floor":18.0,"turns":4.0},{"damage":61.0,"enemies":"Masked Bandits","floor":19.0,"turns":4.0},{"damage":24.0,"enemies":"2 Thieves","floor":24.0,"turns":4.0},{"damage":8,"enemies":"3 Cultists","floor":25,"turns":5},{"damage":9,"enemies":"Centurion and Healer","floor":27,"turns":6}],"seed_played":"3977272878933189498","potions_obtained":[{"floor":4.0,"key":"Fire Potion"},{"floor":7.0,"key":"LiquidBronze"},{"floor":8.0,"key":"HeartOfIron"},{"floor":14.0,"key":"Energy Potion"},{"floor":19.0,"key":"BlessingOfTheForge"},{"floor":24.0,"key":"Swift Potion"}],"is_trial":false,"path_per_floor":["M","M","M","M","?","R","E","M","T","M","$","R","?","M","R","B",null,"M","?","$","?","T","R","M","M","T","M"],"character_chosen":"IRONCLAD","items_purchased":["Medical Kit","Feel No Pain"],"campfire_rested":0,"item_purchase_floors":[20,20],"current_hp_per_floor":[80,80,72,62,51,51,41,36,36,38,53,53,46,35,35,37,80,69,14,29,29,29,29,11,9,9,0,0],"gold":446,"neow_bonus":"RANDOM_COLORLESS","is_daily":false,"chose_seed":false,"campfire_upgraded":4,"win_rate":0.0,"timestamp":1612033866,"path_taken":["M","M","M","M","?","R","E","M","T","M","$","R","?","M","R","BOSS","M","?","$","?","?","R","M","M","T","M"],"items_purchased_type":["Relic","Card"],"build_version":"2020-12-22","purchased_purges":1,"victory":false,"max_hp_per_floor":[80,80,80,80,80,80,80,80,80,80,80,80,80,80,80,80,80,80,80,80,80,80,80,80,80,80,80,80],"card_choices":[{"not_picked":["Purity","Trip"],"picked":"Deep Breath","floor":0.0},{"not_picked":["Intimidate","Headbutt"],"picked":"Disarm","floor":1.0},{"not_picked":["Anger","Clothesline","Iron Wave"],"picked":"SKIP","floor":2.0},{"not_picked":["Anger","Ghostly Armor"],"picked":"Wild Strike","floor":3.0},{"not_picked":["Thunderclap","Havoc"],"picked":"Reckless Charge","floor":4.0},{"not_picked":["Armaments","Havoc"],"picked":"Rampage","floor":7.0},{"not_picked":["Sword Boomerang","Iron Wave"],"picked":"Fire Breathing","floor":8.0},{"not_picked":["Twin Strike","Sword Boomerang"],"picked":"Seeing Red","floor":10.0},{"not_picked":["Iron Wave","Sword Boomerang"],"picked":"Dual Wield","floor":14.0},{"not_picked":["Feed","Juggernaut"],"picked":"Limit Break","floor":16.0},{"not_picked":["Headbutt","Disarm"],"picked":"Body Slam+1","floor":18.0},{"not_picked":["Heavy Blade","Metallicize"],"picked":"Armaments","floor":19.0},{"not_picked":["Sword Boomerang","Body Slam","Clothesline"],"picked":"SKIP","floor":24.0},{"not_picked":["Thunderclap+1","Twin Strike+1"],"picked":"Wild Strike","floor":25}],"player_experience":650564,"relics_obtained":[{"floor":7.0,"key":"MawBank"},{"floor":9.0,"key":"MealTicket"},{"floor":19.0,"key":"Red Mask"},{"floor":22.0,"key":"Mummified Hand"},{"floor":26,"key":"PreservedInsect"}],"event_choices":[{"damage_healed":0.0,"max_hp_gain":0.0,"max_hp_loss":0.0,"gold_gain":75.0,"event_name":"World of Goop","player_choice":"Gather Gold","floor":5.0,"gold_loss":0.0,"damage_taken":11.0},{"cards_removed":["Strike_R"],"damage_healed":0.0,"max_hp_gain":0.0,"max_hp_loss":0.0,"gold_gain":0.0,"event_name":"Golden Wing","player_choice":"Card Removal","floor":13.0,"gold_loss":0.0,"damage_taken":7.0},{"damage_healed":0.0,"max_hp_gain":0.0,"max_hp_loss":0.0,"gold_gain":0.0,"event_name":"Masked Bandits","player_choice":"Fought Bandits","floor":19.0,"gold_loss":0.0,"damage_taken":0.0},{"damage_healed":0.0,"max_hp_gain":0.0,"max_hp_loss":0.0,"gold_gain":99.0,"event_name":"Nest","player_choice":"Stole From Cult","floor":21.0,"gold_loss":0.0,"damage_taken":0.0}],"is_beta":false,"boss_relics":[{"not_picked":["Ectoplasm","Black Star"],"picked":"Mark of Pain"}],"items_purged_floors":[20],"is_endless":false,"potions_floor_spawned":[4,7,8,14,19,24],"killed_by":"Centurion and Healer","ascension_level":4}}