{"host":"yvb207ks1sg3cxef","time":1612004409,"event":{"mods":["2.2 Compatiblity","BaseMod","Bestiary","Colored Powertips","Minty Spire (QoL Compilation)","Permanent Neow","Quick Restart","Relic Stats","StSLib"],"gold_per_floor":[210,37,37,37,50,69,89,89,89,107,132,132,161,178,178,252,252,270,241,291,291,20,20,20,20],"floor_reached":24,"language":"ENG","playtime":4601,"items_purged":[],"score":412,"play_id":"5d2a6d2d-013d-4f7e-b9fc-cd37de8e8bc2","local_time":"20210130163009","is_ascension_mode":true,"campfire_choices":[{"data":"Noxious Fumes","floor":8.0,"key":"SMITH"},{"data":"Neutralize","floor":12.0,"key":"SMITH"},{"data":"Noxious Fumes","floor":15.0,"key":"SMITH"},{"data":"Footwork","floor":23,"key":"SMITH"}],"circlet_count":0,"master_deck":["AscendersBane","Strike_G","Strike_G","Defend_G","Defend_G","Defend_G","Defend_G","Defend_G","Survivor","Neutralize+1","Dagger Throw","Noxious Fumes+1","Backstab","Noxious Fumes+1","Underhanded Strike","Backflip","Underhanded Strike","Malaise","Leg Sweep+1","A Thousand Cuts+1","Sucker Punch+1","Calculated Gamble","Well Laid Plans","Footwork+1"],"relics":["Ring of the Snake","ClockworkSouvenir","HornCleat","The Courier","Singing Bowl","Snake Skull","Astrolabe","Art of War","Medical Kit"],"acts_visited":["TheCity"],"potions_floor_usage":[24],"damage_taken":[{"damage":1.0,"enemies":"Small Slimes","floor":1.0,"turns":3.0},{"damage":1.0,"enemies":"Jaw Worm","floor":5.0,"turns":7.0},{"damage":0.0,"enemies":"Cultist","floor":6.0,"turns":3.0},{"damage":0.0,"enemies":"Exordium Wildlife","floor":7.0,"turns":4.0},{"damage":0.0,"enemies":"3 Louse","floor":10.0,"turns":4.0},{"damage":12.0,"enemies":"Lagavulin","floor":11.0,"turns":7.0},{"damage":16.0,"enemies":"Gremlin Nob","floor":13.0,"turns":4.0},{"damage":5.0,"enemies":"Large Slime","floor":14.0,"turns":5.0},{"damage":8.0,"enemies":"Slime Boss","floor":16.0,"turns":7.0},{"damage":4,"enemies":"Spheric Guardian","floor":18,"turns":6},{"damage":7,"enemies":"2 Thieves","floor":19,"turns":4},{"damage":52,"enemies":"Slavers","floor":24,"turns":4}],"seed_played":"-6533294837113488063","potions_obtained":[{"floor":7.0,"key":"PowerPotion"},{"floor":11.0,"key":"Swift Potion"},{"floor":14.0,"key":"BlessingOfTheForge"},{"floor":19,"key":"SteroidPotion"}],"is_trial":false,"path_per_floor":["M","$","?","?","M","M","M","R","T","M","E","R","E","M","R","B",null,"M","M","?","?","$","R","E"],"character_chosen":"THE_SILENT","items_purchased":["ClockworkSouvenir","Art of War","Medical Kit"],"campfire_rested":0,"item_purchase_floors":[2,22,22],"current_hp_per_floor":[58,58,63,63,62,62,62,62,62,62,50,50,34,29,29,21,59,55,48,48,48,48,48,0,0],"gold":20,"neow_bonus":"HUNDRED_GOLD","is_daily":false,"chose_seed":false,"campfire_upgraded":4,"win_rate":0.0,"timestamp":1612004409,"path_taken":["M","$","?","?","M","M","?","R","T","M","E","R","E","M","R","BOSS","M","M","?","?","$","R","E"],"items_purchased_type":["Relic","Relic","Relic"],"build_version":"2020-12-22","purchased_purges":0,"victory":false,"max_hp_per_floor":[66,66,71,71,71,71,71,71,71,71,71,71,71,71,71,71,71,71,71,71,71,71,71,71,71],"relic_stats":{"Singing Bowl":0,"counters":[12,58],"Astrolabe":["Leg Sweep","A Thousand Cuts","Sucker Punch"],"Snake Skull":[31],"Art of War":[2],"Medical Kit":[0],"obtain_stats":[{"HornCleat":4,"Singing Bowl":11,"Astrolabe":17,"The Courier":9,"Snake Skull":13,"Art of War":22,"Medical Kit":22,"Ring of the Snake":0,"ClockworkSouvenir":2},{"HornCleat":1,"Singing Bowl":6,"Astrolabe":9,"The Courier":4,"Snake Skull":7,"Art of War":11,"Medical Kit":11,"Ring of the Snake":0,"ClockworkSouvenir":1},{"HornCleat":3,"Singing Bowl":28,"Astrolabe":44,"The Courier":17,"Snake Skull":32,"Art of War":54,"Medical Kit":54,"Ring of the Snake":0,"ClockworkSouvenir":3}],"Ring of the Snake":[24]},"card_choices":[{"not_picked":["Deadly Poison","Slice"],"picked":"Quick Slash","floor":1.0},{"not_picked":["Terror","Deflect"],"picked":"Dagger Throw","floor":5.0},{"not_picked":["Endless Agony","Dagger Throw"],"picked":"Noxious Fumes","floor":6.0},{"not_picked":["Expertise","Bouncing Flask"],"picked":"Backstab","floor":7.0},{"not_picked":["Cloak And Dagger","Setup"],"picked":"Noxious Fumes","floor":10.0},{"not_picked":["Dagger Throw","Dodge and Roll"],"picked":"Underhanded Strike","floor":11.0},{"not_picked":["Masterful Stab","A Thousand Cuts"],"picked":"Backflip","floor":13.0},{"not_picked":["Deflect","Outmaneuver"],"picked":"Underhanded Strike","floor":14.0},{"not_picked":["Phantasmal Killer","Night Terror"],"picked":"Malaise","floor":16.0},{"not_picked":["Quick Slash","Blade Dance"],"picked":"Calculated Gamble","floor":18},{"not_picked":["Dodge and Roll","Blade Dance"],"picked":"Well Laid Plans","floor":19}],"player_experience":504784,"relics_obtained":[{"floor":9.0,"key":"The Courier"},{"floor":11.0,"key":"Singing Bowl"},{"floor":13.0,"key":"Snake Skull"}],"event_choices":[{"damage_healed":0.0,"max_hp_gain":5.0,"max_hp_loss":0.0,"gold_gain":0.0,"event_name":"Big Fish","player_choice":"Donut","floor":3.0,"gold_loss":0.0,"damage_taken":0.0},{"cards_removed":["Quick Slash"],"damage_healed":0.0,"max_hp_gain":0.0,"max_hp_loss":0.0,"gold_gain":0.0,"event_name":"WeMeetAgain","player_choice":"Gave Card","floor":4.0,"gold_loss":0.0,"damage_taken":0.0,"relics_obtained":["HornCleat"]},{"damage_healed":0,"gold_gain":50,"player_choice":"Stole From Cult","damage_taken":0,"max_hp_gain":0,"max_hp_loss":0,"event_name":"Nest","floor":20,"gold_loss":0},{"damage_healed":0,"gold_gain":0,"player_choice":"Read","damage_taken":0,"max_hp_gain":0,"max_hp_loss":0,"event_name":"The Library","floor":21,"gold_loss":0,"cards_obtained":["Footwork"]}],"is_beta":false,"boss_relics":[{"not_picked":["Empty Cage","SacredBark"],"picked":"Astrolabe"}],"items_purged_floors":[],"is_endless":false,"potions_floor_spawned":[7,11,14,19],"killed_by":"Slavers","ascension_level":20}}