{"host":"hkj1blq6xqcrzx6o","time":1612021347,"event":{"mods":["BaseMod","Downfall","Lobotomy","Minty Spire (QoL Compilation)","Replay The Spire","StSLib","The Cursed","The Servant 0.9.4"],"gold_per_floor":[115,115,127,127,138,138,138,138,161,161,195,209,14,25,25,25,25],"floor_reached":16,"language":"ZHS","playtime":598,"items_purged":[],"score":100,"play_id":"12173ec7-3f35-4501-a220-36b7f58ae149","local_time":"20210130234227","is_ascension_mode":false,"campfire_choices":[{"floor":6,"key":"REST"},{"data":"Magnetism","floor":8,"key":"SMITH"},{"data":"Double Energy","floor":10,"key":"SMITH"},{"floor":15,"key":"REST"}],"circlet_count":0,"master_deck":["Strike_B","Strike_B","Strike_B+1","Strike_B","Defend_B+1","Defend_B","Defend_B","Zap","Dualcast","Magnetism+1","Static Discharge","Double Energy+1","Aggregate","Iron Wave","Steam","ReplayTheSpireMod:Repulse","ReplayTheSpireMod:Omega Cannon","Cold Snap+1","Storm"],"relics":["Cracked Core","Eternal Feather","Replay:Baseball","Unceasing Top"],"acts_visited":["Exordium"],"potions_floor_usage":[11,16],"damage_taken":[{"damage":1,"enemies":"2 Louse","floor":1,"turns":3},{"damage":3,"enemies":"Small Slimes","floor":3,"turns":3},{"damage":10,"enemies":"Cultist","floor":5,"turns":4},{"damage":16,"enemies":"Lagavulin","floor":11,"turns":6},{"damage":30,"enemies":"Exordium Thugs","floor":12,"turns":3},{"damage":0,"enemies":"Lots of Slimes","floor":14,"turns":1},{"damage":40,"enemies":"The Guardian","floor":16,"turns":5}],"seed_played":"8260172329219019610","potions_obtained":[{"floor":5,"key":"BlessingOfTheForge"},{"floor":14,"key":"DistilledChaos"}],"is_trial":false,"path_per_floor":["M","?","M","?","M","R","?","R","T","R","E","M","$","M","R","B"],"character_chosen":"DEFECT","items_purchased":["ReplayTheSpireMod:Omega Cannon","Cold Snap+1"],"campfire_rested":2,"item_purchase_floors":[13,13],"current_hp_per_floor":[53,38,35,23,13,41,41,47,47,53,37,7,7,7,38,0,0],"gold":25,"neow_bonus":"RANDOM_COLORLESS_2","is_daily":false,"chose_seed":false,"campfire_upgraded":2,"win_rate":0.0,"timestamp":1612021347,"path_taken":["M","?","M","?","M","R","?","R","T","R","E","?","?","M","R","BOSS"],"items_purchased_type":["Card","Card"],"build_version":"2020-12-22","purchased_purges":0,"victory":false,"max_hp_per_floor":[75,75,75,75,75,75,75,75,75,75,75,75,75,75,75,75,75],"card_choices":[{"not_picked":["Thinking Ahead","Violence"],"picked":"Magnetism","floor":0},{"not_picked":["Streamline","BasicCrystalCard"],"picked":"Static Discharge","floor":1},{"not_picked":["Steam","Sweeping Beam"],"picked":"Double Energy","floor":3},{"not_picked":["Conserve Battery","Doom and Gloom"],"picked":"Aggregate","floor":5},{"not_picked":["Panic Button","Skim"],"picked":"Steam","floor":11},{"not_picked":["Cold Snap","Gash"],"picked":"ReplayTheSpireMod:Repulse","floor":12},{"not_picked":["Streamline","Skim"],"picked":"Storm","floor":14}],"player_experience":17760,"relics_obtained":[{"floor":9,"key":"Replay:Baseball"},{"floor":11,"key":"Unceasing Top"}],"event_choices":[{"damage_healed":0,"gold_gain":0,"player_choice":"Entered Light","damage_taken":15,"max_hp_gain":0,"max_hp_loss":0,"event_name":"Shining Light","floor":2,"gold_loss":0,"cards_upgraded":["Defend_B","Strike_B"]},{"damage_healed":0,"gold_gain":0,"player_choice":"Success","damage_taken":12,"relics_obtained":["Eternal Feather"],"max_hp_gain":0,"max_hp_loss":0,"event_name":"Scrap Ooze","floor":4,"gold_loss":0},{"cards_removed":["Defend_B"],"damage_healed":0,"gold_gain":0,"player_choice":"Took Card","damage_taken":0,"max_hp_gain":0,"max_hp_loss":0,"event_name":"NoteForYourself","floor":7,"gold_loss":0,"cards_obtained":["Iron Wave"]}],"is_beta":false,"boss_relics":[],"items_purged_floors":[],"is_endless":false,"potions_floor_spawned":[5,14],"killed_by":"The Guardian","ascension_level":0}}