{"host":"nxnzcl474ro3ewbj","time":1612046192,"event":{"mods":["2.2 Compatiblity","Act Like it!","BaseMod","Better Third Choice","Better-Laid Plans","Colored Map","Custom Start","Highlight Path","Keyboard Shortcuts","Minty Spire (QoL Compilation)","Quick Restart","Rare Cards Sparkle","Relic Stats","Shop Mod","Slay the Relics Exporter","StSLib","SuperFastMode"],"gold_per_floor":[115,125,125,141,156,156,215,242,267,298,134,149,149,149,149,223,223,243,261,261,279,296,296,327,327,327,327,327,62,74,74,74,74,74],"floor_reached":33,"language":"KOR","playtime":533,"items_purged":["Pain","Strike_R"],"score":555,"play_id":"2e757a80-8d4e-413e-b992-821a9f02cfdb","local_time":"20210131073632","is_ascension_mode":true,"campfire_choices":[{"data":"Whirlwind","floor":6,"key":"SMITH"},{"data":"Spot Weakness","floor":13,"key":"SMITH"},{"data":"Inflame","floor":15,"key":"SMITH"},{"floor":23,"key":"REST"},{"floor":25,"key":"REST"},{"floor":28,"key":"REST"},{"data":"Limit Break","floor":32,"key":"SMITH"}],"circlet_count":0,"master_deck":["AscendersBane","Strike_R","Strike_R","Defend_R","Defend_R","Defend_R","Defend_R","Bash","Finesse","Whirlwind+1","Sword Boomerang","True Grit","Spot Weakness+1","Inflame+1","Limit Break+1","Shrug It Off","Metallicize+1","Immolate","Shrug It Off"],"relics":["Burning Blood","WarpedTongs","PreservedInsect","MealTicket","Oddly Smooth Stone","Empty Cage","Nloth\u0027s Gift","Anchor","Calipers","Enchiridion","Chemical X"],"acts_visited":["Exordium","TheCity"],"potions_floor_usage":[7,7,21,22,33],"damage_taken":[{"damage":10,"enemies":"Cultist","floor":1,"turns":4},{"damage":12,"enemies":"Jaw Worm","floor":2,"turns":4},{"damage":11,"enemies":"Small Slimes","floor":4,"turns":3},{"damage":25,"enemies":"Looter","floor":5,"turns":4},{"damage":15,"enemies":"Gremlin Nob","floor":7,"turns":3},{"damage":13,"enemies":"3 Sentries","floor":8,"turns":3},{"damage":17,"enemies":"Gremlin Nob","floor":10,"turns":3},{"damage":8,"enemies":"Blue Slaver","floor":12,"turns":3},{"damage":46,"enemies":"The Guardian","floor":16,"turns":10},{"damage":32,"enemies":"Chosen","floor":18,"turns":7},{"damage":18,"enemies":"Spheric Guardian","floor":19,"turns":4},{"damage":20,"enemies":"Snake Plant","floor":21,"turns":4},{"damage":27,"enemies":"Centurion and Healer","floor":22,"turns":5},{"damage":18,"enemies":"Gremlin Leader","floor":24,"turns":4},{"damage":41,"enemies":"Chosen and Byrds","floor":30,"turns":5},{"damage":27,"enemies":"Champ","floor":33,"turns":3}],"seed_played":"4285162038432173533","potions_obtained":[{"floor":1,"key":"Explosive Potion"},{"floor":4,"key":"Weak Potion"},{"floor":5,"key":"SteroidPotion"},{"floor":10,"key":"ElixirPotion"},{"floor":16,"key":"BloodPotion"},{"floor":21,"key":"DuplicationPotion"},{"floor":24,"key":"DuplicationPotion"},{"floor":30,"key":"Energy Potion"}],"is_trial":false,"path_per_floor":["M","M","?","M","M","R","?","E","T","E","$","M","R","?","R","B",null,"M","M","?","M","M","R","E","R","T","?","R","$","M","?","R","B"],"character_chosen":"IRONCLAD","items_purchased":["Inflame","Chemical X"],"campfire_rested":3,"item_purchase_floors":[11,29],"current_hp_per_floor":[64,58,58,53,34,34,25,18,18,14,29,27,27,54,54,14,65,39,27,27,29,8,32,20,44,44,23,47,62,27,27,27,0,0],"gold":74,"neow_bonus":"RANDOM_COLORLESS","is_daily":false,"chose_seed":false,"campfire_upgraded":4,"win_rate":0.0,"timestamp":1612046192,"path_taken":["M","M","?","?","M","R","?","E","T","E","$","M","R","?","R","BOSS","M","M","?","?","M","R","E","R","T","?","R","$","M","?","R","BOSS"],"items_purchased_type":["Card","Relic"],"build_version":"2020-12-22","purchased_purges":2,"victory":false,"max_hp_per_floor":[75,75,75,75,75,75,75,75,75,82,82,82,82,82,82,82,82,82,82,82,82,82,82,82,82,82,82,82,82,82,82,82,82,82],"relic_stats":{"counters":[16,69],"MealTicket":30,"PreservedInsect":100,"Nloth\u0027s Gift":0,"Chemical X":[4],"obtain_stats":[{"Anchor":24,"Calipers":26,"Strawberry":10,"Oddly Smooth Stone":9,"Enchiridion":27,"MealTicket":8,"PreservedInsect":7,"Nloth\u0027s Gift":20,"Chemical X":29,"Empty Cage":17,"Burning Blood":0,"WarpedTongs":3},{"Anchor":14,"Calipers":14,"Strawberry":7,"Oddly Smooth Stone":6,"Enchiridion":14,"MealTicket":6,"PreservedInsect":5,"Nloth\u0027s Gift":11,"Chemical X":14,"Empty Cage":9,"Burning Blood":0,"WarpedTongs":2},{"Anchor":61,"Calipers":61,"Strawberry":24,"Oddly Smooth Stone":21,"Enchiridion":61,"MealTicket":21,"PreservedInsect":18,"Nloth\u0027s Gift":48,"Chemical X":61,"Empty Cage":37,"Burning Blood":0,"WarpedTongs":8}],"Burning Blood":90,"WarpedTongs":[61]},"card_choices":[{"not_picked":["Forethought","Mind Blast"],"picked":"Finesse","floor":0},{"not_picked":["Shrug It Off","Burning Pact"],"picked":"Whirlwind","floor":1},{"not_picked":["Sever Soul","Armaments"],"picked":"Sword Boomerang","floor":2},{"not_picked":["Cleave","Clothesline"],"picked":"True Grit","floor":4},{"not_picked":["Rage","Clothesline","Thunderclap"],"picked":"SKIP","floor":5},{"not_picked":["Rage","Clothesline","Thunderclap"],"picked":"SKIP","floor":5},{"not_picked":["Dark Embrace","Infernal Blade"],"picked":"Spot Weakness","floor":8},{"not_picked":["Warcry","Juggernaut","Clash"],"picked":"SKIP","floor":10},{"not_picked":["Body Slam","Entrench","Combust"],"picked":"SKIP","floor":12},{"not_picked":["Feed","Juggernaut"],"picked":"Limit Break","floor":16},{"not_picked":["True Grit","Power Through"],"picked":"Shrug It Off","floor":18},{"not_picked":["Shockwave","Heavy Blade"],"picked":"Metallicize+1","floor":19},{"not_picked":["Infernal Blade","Ghostly Armor","Headbutt"],"picked":"SKIP","floor":21},{"not_picked":["Rupture","Body Slam","Anger"],"picked":"SKIP","floor":22},{"not_picked":["Entrench","Combust+1"],"picked":"Immolate","floor":24},{"not_picked":["Entrench","Iron Wave"],"picked":"Shrug It Off","floor":30}],"player_experience":83732,"relics_obtained":[{"floor":7,"key":"PreservedInsect"},{"floor":8,"key":"MealTicket"},{"floor":9,"key":"Oddly Smooth Stone"},{"floor":10,"key":"Strawberry"},{"floor":24,"key":"Anchor"},{"floor":26,"key":"Calipers"},{"floor":27,"key":"Enchiridion"}],"event_choices":[{"damage_healed":0,"gold_gain":0,"player_choice":"Rummage","damage_taken":0,"relics_obtained":["WarpedTongs"],"max_hp_gain":0,"max_hp_loss":0,"event_name":"Accursed Blacksmith","floor":3,"gold_loss":0,"cards_obtained":["Pain"]},{"damage_healed":0,"gold_gain":0,"player_choice":"Searched \u00271\u0027 times","damage_taken":0,"max_hp_gain":0,"max_hp_loss":0,"event_name":"Dead Adventurer","floor":7,"gold_loss":0},{"damage_healed":27,"gold_gain":0,"player_choice":"Banana","damage_taken":0,"max_hp_gain":0,"max_hp_loss":0,"event_name":"Big Fish","floor":14,"gold_loss":0},{"damage_healed":0,"gold_gain":0,"player_choice":"Traded Relic","damage_taken":0,"relics_obtained":["Nloth\u0027s Gift"],"max_hp_gain":0,"max_hp_loss":0,"event_name":"N\u0027loth","floor":20,"relics_lost":["Strawberry"],"gold_loss":0},{"damage_healed":0,"gold_gain":0,"player_choice":"Obtained Book","damage_taken":21,"max_hp_gain":0,"max_hp_loss":0,"event_name":"Cursed Tome","floor":27,"gold_loss":0},{"damage_healed":0,"gold_gain":0,"player_choice":"Ignored","damage_taken":0,"max_hp_gain":0,"max_hp_loss":0,"event_name":"Ghosts","floor":31,"gold_loss":0}],"is_beta":false,"boss_relics":[{"not_picked":["Ectoplasm","SlaversCollar"],"picked":"Empty Cage"}],"items_purged_floors":[11,29],"is_endless":false,"potions_floor_spawned":[1,4,5,10,16,21,24,30],"killed_by":"Champ","ascension_level":17}}