{"host":"hkj1blq6xqcrzx6o","time":1612022823,"event":{"mods":["BaseMod","Downfall","Lobotomy","Minty Spire (QoL Compilation)","Replay The Spire","StSLib","The Cursed","The Servant 0.9.4"],"gold_per_floor":[119,119,30,50,60,60,60,60,110,185,198,198,209,219,219,219,219],"floor_reached":16,"language":"ZHS","playtime":430,"items_purged":[],"score":92,"play_id":"6aa79af7-0e8c-4d24-bca7-87771a890fbb","local_time":"20210131000703","is_ascension_mode":false,"campfire_choices":[{"data":"Crystallizer","floor":6,"key":"SMITH"},{"data":"Loop","floor":12,"key":"SMITH"},{"data":"Jack Of All Trades","floor":15,"key":"SMITH"}],"circlet_count":0,"master_deck":["Strike_B","Strike_B","Strike_B","Strike_B","Defend_B","Defend_B","Defend_B","Defend_B","Zap","Dualcast","Jack Of All Trades+1","Loop+1","Crystallizer+1","Gash","Double Energy","Streamline"],"relics":["Cracked Core","NeowsBlessing","Counterbalance","Bird Faced Urn","Replay:Antivirus Software","Mirror"],"acts_visited":["Exordium"],"potions_floor_usage":[16,16,16],"damage_taken":[{"damage":0,"enemies":"Cultist","floor":1,"turns":1},{"damage":0,"enemies":"2 Louse","floor":4,"turns":1},{"damage":0,"enemies":"Jaw Worm","floor":5,"turns":1},{"damage":9,"enemies":"Blue Slaver","floor":11,"turns":3},{"damage":12,"enemies":"Gremlin Gang","floor":13,"turns":4},{"damage":2,"enemies":"Red Slaver","floor":14,"turns":2},{"damage":55,"enemies":"The Guardian","floor":16,"turns":7}],"seed_played":"-8254146149985442337","potions_obtained":[{"floor":11,"key":"Swift Potion"},{"floor":13,"key":"Fire Potion"},{"floor":14,"key":"Fire Potion"}],"is_trial":false,"path_per_floor":["M","?","$","M","M","R","?","?","T","T","M","R","M","M","R","B"],"character_chosen":"DEFECT","items_purchased":["Jack Of All Trades"],"campfire_rested":0,"item_purchase_floors":[3],"current_hp_per_floor":[75,75,75,75,75,75,63,63,63,63,58,58,50,50,50,0,0],"gold":219,"neow_bonus":"THREE_ENEMY_KILL","is_daily":false,"chose_seed":false,"campfire_upgraded":3,"win_rate":0.0,"timestamp":1612022823,"path_taken":["M","?","?","?","M","R","?","?","T","?","M","R","M","M","R","BOSS"],"items_purchased_type":["Card"],"build_version":"2020-12-22","purchased_purges":0,"victory":false,"max_hp_per_floor":[75,75,75,75,75,75,75,75,75,75,75,75,75,75,75,75,75],"card_choices":[{"not_picked":["ReplayTheSpireMod:Reroute Power","Skim"],"picked":"BasicCrystalCard","floor":1},{"not_picked":["Consume","Heatsinks"],"picked":"Loop","floor":4},{"not_picked":["Barrage","Sweeping Beam"],"picked":"Crystallizer","floor":5},{"not_picked":["ReplayTheSpireMod:GoodbyeWorld","Panic Button"],"picked":"Gash","floor":11},{"not_picked":["Aggregate","Ball Lightning"],"picked":"Double Energy","floor":13},{"not_picked":["Steam","Go for the Eyes"],"picked":"Streamline","floor":14}],"player_experience":19367,"relics_obtained":[{"floor":9,"key":"Replay:Antivirus Software"},{"floor":10,"key":"Mirror"}],"event_choices":[{"cards_removed":["BasicCrystalCard"],"damage_healed":5,"gold_gain":0,"player_choice":"Offered Common","damage_taken":0,"max_hp_gain":0,"max_hp_loss":0,"event_name":"Bonfire Elementals","floor":2,"gold_loss":0},{"cards_removed":["BasicCrystalCard"],"damage_healed":5,"gold_gain":0,"player_choice":"Offered Special","damage_taken":0,"max_hp_gain":0,"max_hp_loss":0,"event_name":"Bonfire Elementals","floor":2,"gold_loss":0},{"damage_healed":0,"gold_gain":0,"player_choice":"Success","damage_taken":12,"relics_obtained":["Counterbalance"],"max_hp_gain":0,"max_hp_loss":0,"event_name":"Scrap Ooze","floor":7,"gold_loss":0},{"damage_healed":0,"gold_gain":0,"player_choice":"Searched \u00272\u0027 times","damage_taken":0,"relics_obtained":["Bird Faced Urn"],"max_hp_gain":0,"max_hp_loss":0,"event_name":"Dead Adventurer","floor":8,"gold_loss":0}],"is_beta":false,"boss_relics":[],"items_purged_floors":[],"is_endless":false,"potions_floor_spawned":[11,13,14],"killed_by":"The Guardian","ascension_level":0}}