{"host":"uidy69bgx28xzt88","time":1612028738,"event":{"mods":["BaseMod","Minty Spire (QoL Compilation)","Relic Stats"],"gold_per_floor":[111,127,140,315,315,20,20,51,51,51,68,99,99,99,99,197,197,209,134,148,63,74,74,104,104,104,117,117,152,170,188,188,292,292,306,318,318,335,350,350,383,383,383,383,396,1,51,61,61,61],"floor_reached":51,"language":"ENG","playtime":5258,"items_purged":["Doubt","Strike_B"],"score":1158,"play_id":"d64f214a-6061-40ed-81fa-48bed08e5fdc","local_time":"20210130194538","is_ascension_mode":true,"campfire_choices":[{"data":"Loop","floor":7.0,"key":"SMITH"},{"data":"Buffer","floor":10.0,"key":"SMITH"},{"data":"Aggregate","floor":13,"key":"SMITH"},{"data":"Static Discharge","floor":15,"key":"SMITH"},{"data":"Creative AI","floor":23,"key":"SMITH"},{"floor":28,"key":"REST"},{"data":"Glacier","floor":32,"key":"SMITH"},{"data":"Buffer","floor":40,"key":"SMITH"},{"data":"Reinforced Body","floor":42,"key":"SMITH"},{"data":"Force Field","floor":44,"key":"SMITH"},{"data":"Undo","floor":49,"key":"SMITH"}],"circlet_count":0,"master_deck":["Strike_B","Strike_B","Defend_B","Defend_B","Defend_B","Zap","Dualcast","Static Discharge+1","Glacier+1","Aggregate+1","Loop+1","Buffer+1","Go for the Eyes+1","Sweeping Beam+1","Creative AI+1","Sunder+1","Reinforced Body+1","Defragment+1","Force Field+1","Buffer+1","Hologram+1","Undo+1"],"relics":["Cracked Core","Art of War","Pear","Pen Nib","Molten Egg 2","Bottled Tornado","Happy Flower","HornCleat","Nuclear Battery","Nunchaku","Symbiotic Virus","Matryoshka","InkBottle","Busted Crown","Regal Pillow","Singing Bowl","Boot","Emotion Chip","Ice Cream"],"acts_visited":["Exordium","TheCity","TheBeyond"],"potions_floor_usage":[12,12,16,22,24,29,30,33,50,50],"damage_taken":[{"damage":1.0,"enemies":"Cultist","floor":1.0,"turns":4.0},{"damage":7.0,"enemies":"Jaw Worm","floor":2.0,"turns":3.0},{"damage":2.0,"enemies":"2 Louse","floor":3.0,"turns":4.0},{"damage":24.0,"enemies":"3 Sentries","floor":8.0,"turns":9.0},{"damage":0.0,"enemies":"Exordium Wildlife","floor":11.0,"turns":3.0},{"damage":0,"enemies":"Gremlin Nob","floor":12,"turns":6},{"damage":12,"enemies":"Hexaghost","floor":16,"turns":12},{"damage":8,"enemies":"2 Thieves","floor":18,"turns":5},{"damage":0,"enemies":"Chosen","floor":20,"turns":2},{"damage":0,"enemies":"Snecko","floor":22,"turns":8},{"damage":45,"enemies":"Gremlin Leader","floor":24,"turns":8},{"damage":0,"enemies":"Snake Plant","floor":27,"turns":6},{"damage":5,"enemies":"Slavers","floor":29,"turns":6},{"damage":0,"enemies":"3 Cultists","floor":30,"turns":6},{"damage":0,"enemies":"Shelled Parasite and Fungi","floor":31,"turns":10},{"damage":0,"enemies":"Collector","floor":33,"turns":12},{"damage":14,"enemies":"3 Darklings","floor":35,"turns":5},{"damage":0,"enemies":"Orb Walker","floor":36,"turns":4},{"damage":0,"enemies":"Writhing Mass","floor":38,"turns":6},{"damage":0,"enemies":"3 Darklings","floor":39,"turns":9},{"damage":5,"enemies":"Nemesis","floor":41,"turns":5},{"damage":0,"enemies":"Jaw Worm Horde","floor":45,"turns":5},{"damage":0,"enemies":"Mind Bloom Boss Battle","floor":47,"turns":8},{"damage":0,"enemies":"Maw","floor":48,"turns":6},{"damage":0,"enemies":"Time Eater","floor":50,"turns":16}],"seed_played":"4271566292740691502","potions_obtained":[{"floor":3.0,"key":"SpeedPotion"},{"floor":8.0,"key":"Block Potion"},{"floor":11.0,"key":"Strength Potion"},{"floor":16,"key":"Energy Potion"},{"floor":20,"key":"DistilledChaos"},{"floor":24,"key":"SneckoOil"},{"floor":29,"key":"BlessingOfTheForge"},{"floor":31,"key":"Swift Potion"},{"floor":35,"key":"BlessingOfTheForge"},{"floor":39,"key":"DuplicationPotion"},{"floor":45,"key":"LiquidBronze"},{"floor":47,"key":"AttackPotion"},{"floor":48,"key":"Swift Potion"}],"is_trial":false,"path_per_floor":["M","M","M","?","T","$","R","E","T","R","M","E","R","?","R","B",null,"M","?","M","?","M","R","E","?","T","M","R","E","M","M","R","B",null,"M","M","?","M","M","R","E","R","T","R","M","$","?","M","R","B",null],"character_chosen":"DEFECT","items_purchased":["Pen Nib","Loop","Emotion Chip"],"campfire_rested":1,"item_purchase_floors":[6,6,46],"current_hp_per_floor":[67,60,58,58,68,68,68,44,44,44,44,44,44,37,37,25,70,62,62,62,62,62,62,17,17,17,17,42,37,37,37,37,37,73,59,59,59,59,59,59,54,54,54,54,56,56,58,58,58,58],"gold":61,"neow_bonus":"RANDOM_COMMON_RELIC","is_daily":false,"chose_seed":false,"campfire_upgraded":10,"win_rate":0.0,"timestamp":1612028738,"path_taken":["M","M","M","?","?","$","R","E","T","R","M","E","R","?","R","BOSS","M","?","M","?","M","R","E","?","T","M","R","E","M","M","R","BOSS","M","?","?","M","M","R","E","R","T","R","M","$","?","M","R","BOSS"],"items_purchased_type":["Relic","Card","Relic"],"build_version":"2020-12-22","purchased_purges":2,"victory":true,"max_hp_per_floor":[75,75,75,75,85,85,85,85,85,85,85,85,85,85,85,85,85,85,85,85,85,85,85,85,85,85,85,85,85,85,85,85,85,85,85,85,85,85,85,85,85,85,85,85,87,87,89,89,89,89],"relic_stats":{"Nunchaku":[12],"Regal Pillow":0,"Emotion Chip":[0,0,0,0,0],"Busted Crown":16,"Happy Flower":[46],"Singing Bowl":4,"counters":[25,168],"Pen Nib":[17],"Art of War":[55],"Boot":[9],"obtain_stats":[{"Ice Cream":47,"Regal Pillow":41,"Pear":5,"Happy Flower":12,"Singing Bowl":43,"Pen Nib":6,"Bottled Tornado":9,"Boot":43,"Nuclear Battery":17,"Nunchaku":21,"Emotion Chip":46,"HornCleat":14,"Matryoshka":26,"Busted Crown":34,"Molten Egg 2":8,"Art of War":0,"Cracked Core":0,"Symbiotic Virus":24,"InkBottle":29},{"Ice Cream":23,"Regal Pillow":21,"Pear":3,"Happy Flower":6,"Singing Bowl":21,"Pen Nib":3,"Bottled Tornado":4,"Boot":21,"Nuclear Battery":7,"Nunchaku":9,"Emotion Chip":22,"HornCleat":6,"Matryoshka":11,"Busted Crown":16,"Molten Egg 2":4,"Art of War":0,"Cracked Core":0,"Symbiotic Virus":11,"InkBottle":13},{"Ice Cream":146,"Regal Pillow":133,"Pear":11,"Happy Flower":29,"Singing Bowl":133,"Pen Nib":11,"Bottled Tornado":20,"Boot":133,"Nuclear Battery":41,"Nunchaku":48,"Emotion Chip":138,"HornCleat":29,"Matryoshka":64,"Busted Crown":104,"Molten Egg 2":20,"Art of War":0,"Cracked Core":0,"Symbiotic Virus":64,"InkBottle":76}],"InkBottle":[37]},"card_choices":[{"not_picked":["Barrage","Gash"],"picked":"Static Discharge","floor":1.0},{"not_picked":["Compile Driver","Heatsinks"],"picked":"Glacier","floor":2.0},{"not_picked":["Beam Cell","Gash"],"picked":"Aggregate","floor":3.0},{"not_picked":["Leap","Turbo"],"picked":"Buffer","floor":8.0},{"not_picked":["Recycle","Consume"],"picked":"Go for the Eyes+1","floor":11.0},{"not_picked":["Stack","Scrape+1"],"picked":"Sweeping Beam+1","floor":12},{"not_picked":["Core Surge+1","Hyperbeam+1"],"picked":"Creative AI","floor":16},{"not_picked":["Steam","Gash+1"],"picked":"Sunder+1","floor":18},{"not_picked":["Conserve Battery","Steam","Hello World"],"picked":"SKIP","floor":20},{"not_picked":["Loop","Beam Cell+1"],"picked":"Reinforced Body","floor":22},{"not_picked":["Static Discharge","Streamline+1"],"picked":"Defragment","floor":24},{"not_picked":["Ball Lightning+1","Hello World"],"picked":"Force Field","floor":27},{"not_picked":["Rainbow","Hologram","Compile Driver+1"],"picked":"SKIP","floor":29},{"not_picked":["Rebound+1","Fusion+1","Go for the Eyes+1"],"picked":"SKIP","floor":30},{"not_picked":["Gash+1","Steam","Fission"],"picked":"SKIP","floor":31},{"not_picked":["Machine Learning","Echo Form"],"picked":"Buffer","floor":33},{"not_picked":["Stack+1"],"picked":"SKIP","floor":35},{"not_picked":["Redo"],"picked":"SKIP","floor":36},{"not_picked":["Go for the Eyes+1"],"picked":"SKIP","floor":38},{"not_picked":[],"picked":"Hologram+1","floor":39},{"not_picked":["Ball Lightning+1"],"picked":"SKIP","floor":41},{"not_picked":["Go for the Eyes+1"],"picked":"Singing Bowl","floor":45},{"not_picked":["Reprogram"],"picked":"Singing Bowl","floor":47},{"not_picked":[],"picked":"Undo","floor":48}],"player_experience":265997,"relics_obtained":[{"floor":5.0,"key":"Pear"},{"floor":8.0,"key":"Molten Egg 2"},{"floor":9.0,"key":"Bottled Tornado"},{"floor":12,"key":"Happy Flower"},{"floor":24,"key":"Symbiotic Virus"},{"floor":26,"key":"Matryoshka"},{"floor":29,"key":"InkBottle"},{"floor":41,"key":"Regal Pillow"},{"floor":43,"key":"Singing Bowl"},{"floor":43,"key":"Boot"},{"floor":47,"key":"Ice Cream"}],"event_choices":[{"damage_healed":0.0,"max_hp_gain":0.0,"max_hp_loss":0.0,"gold_gain":175.0,"event_name":"Liars Game","player_choice":"AGREE","floor":4.0,"gold_loss":0.0,"damage_taken":0.0,"cards_obtained":["Doubt"]},{"damage_healed":0,"gold_gain":0,"player_choice":"Success","damage_taken":7,"relics_obtained":["HornCleat"],"max_hp_gain":0,"max_hp_loss":0,"event_name":"Scrap Ooze","floor":14,"gold_loss":0},{"cards_removed":["Strike_B"],"damage_healed":0,"gold_gain":0,"player_choice":"Gave Gold","damage_taken":0,"max_hp_gain":0,"max_hp_loss":0,"event_name":"Beggar","floor":19,"gold_loss":75},{"damage_healed":0,"gold_gain":0,"player_choice":"Obtained Relic","damage_taken":0,"relics_obtained":["Nunchaku"],"max_hp_gain":0,"max_hp_loss":0,"event_name":"Addict","floor":21,"gold_loss":85},{"damage_healed":0,"gold_gain":0,"player_choice":"Upgraded","damage_taken":0,"max_hp_gain":0,"max_hp_loss":0,"event_name":"Upgrade Shrine","floor":25,"gold_loss":0,"cards_upgraded":["Defragment"]},{"cards_removed":["Defend_B"],"damage_healed":0,"gold_gain":0,"player_choice":"Removed Skill","damage_taken":0,"max_hp_gain":0,"max_hp_loss":0,"event_name":"Falling","floor":37,"gold_loss":0},{"damage_healed":0,"gold_gain":0,"player_choice":"Fight","damage_taken":0,"max_hp_gain":0,"max_hp_loss":0,"event_name":"MindBloom","floor":47,"gold_loss":0}],"is_beta":false,"boss_relics":[{"not_picked":["Philosopher\u0027s Stone","Velvet Choker"],"picked":"Nuclear Battery"},{"not_picked":["Cursed Key","Snecko Eye"],"picked":"Busted Crown"}],"items_purged_floors":[6,46],"is_endless":false,"potions_floor_spawned":[3,8,11,16,20,24,29,31,35,39,45,47,48],"ascension_level":8}}