{"host":"johnydays","time":1612022338,"event":{"mods":["BaseMod","Bestiary","Block Reminder","Colored Map","Colored Powertips","DeckTracker","Highlight Path","Minty Spire (QoL Compilation)","Relic Stats","Slay-I","StSLib","SuperFastMode"],"gold_per_floor":[119,138,16,32,47,81,81,112,138,171,136,167,186,203,203,280,280,311,88,100,119,119,153,75,75,75,107,107,107,127,157,157,228,228,241,241,259,277,277,312,324,358,428,458,474,255,255,290,290,290,290,290,94,124,124],"floor_reached":56,"language":"ENG","playtime":4317,"items_purged":["Corpse Explosion","Deflect"],"score":2501,"play_id":"e2860765-c862-448d-9986-6a739ff09ab9","local_time":"20210130155858","is_ascension_mode":true,"campfire_choices":[{"data":"Catalyst","floor":15.0,"key":"SMITH"},{"data":"Apotheosis","floor":25.0,"key":"SMITH"},{"data":"Adrenaline","floor":29.0,"key":"SMITH"},{"data":"Calculated Gamble","floor":32.0,"key":"SMITH"},{"floor":49,"key":"RECALL"},{"data":"Prepared","floor":52,"key":"SMITH"}],"circlet_count":0,"master_deck":["AscendersBane","Survivor","Neutralize","Tools of the Trade","Corpse Explosion","A Thousand Cuts","PiercingWail","Endless Agony","Die Die Die","Noxious Fumes","Tactician","Noxious Fumes","Deflect","Malaise","Footwork","Backflip","PiercingWail","Adrenaline+1","Backflip","Catalyst+1","Venomology","Backflip","Apotheosis+1","Reflex","Ghostly","Ghostly","Ghostly","Ghostly","Ghostly","PiercingWail+1","Calculated Gamble+1","Backflip","Die Die Die","Concentrate","Prepared+1","Reflex","Prepared+1","Backflip"],"relics":["Bag of Marbles","Anchor","Omamori","Oddly Smooth Stone","Centennial Puzzle","SlaversCollar","Nunchaku","Lantern","Tiny Chest","Nloth\u0027s Gift","Meat on the Bone","Cursed Key","Question Card","PreservedInsect","Bottled Tornado","Regal Pillow","Potion Belt","Ninja Scroll","InkBottle"],"acts_visited":["Exordium","TheCity","TheBeyond","TheEnding"],"potions_floor_usage":[35,38,40,41,44,45,50,50,54,55,55,55],"damage_taken":[{"damage":4.0,"enemies":"Small Slimes","floor":1.0,"turns":3.0},{"damage":8.0,"enemies":"Jaw Worm","floor":2.0,"turns":4.0},{"damage":0.0,"enemies":"2 Louse","floor":4.0,"turns":3.0},{"damage":0.0,"enemies":"Lots of Slimes","floor":5.0,"turns":2.0},{"damage":7.0,"enemies":"3 Sentries","floor":6.0,"turns":4.0},{"damage":16.0,"enemies":"Gremlin Nob","floor":8.0,"turns":6.0},{"damage":1.0,"enemies":"Lagavulin","floor":10.0,"turns":6.0},{"damage":12.0,"enemies":"3 Sentries","floor":12.0,"turns":4.0},{"damage":0.0,"enemies":"2 Fungi Beasts","floor":13.0,"turns":2.0},{"damage":0.0,"enemies":"Exordium Thugs","floor":14.0,"turns":2.0},{"damage":0.0,"enemies":"Slime Boss","floor":16.0,"turns":7.0},{"damage":11.0,"enemies":"Chosen","floor":18.0,"turns":5.0},{"damage":3.0,"enemies":"2 Thieves","floor":20.0,"turns":5.0},{"damage":7.0,"enemies":"Sentry and Sphere","floor":21.0,"turns":4.0},{"damage":3.0,"enemies":"Gremlin Leader","floor":23.0,"turns":5.0},{"damage":0.0,"enemies":"Slavers","floor":27.0,"turns":3.0},{"damage":0.0,"enemies":"Snake Plant","floor":30.0,"turns":5.0},{"damage":0.0,"enemies":"Gremlin Leader","floor":31.0,"turns":7.0},{"damage":2.0,"enemies":"Automaton","floor":33.0,"turns":10.0},{"damage":5,"enemies":"3 Darklings","floor":35,"turns":3},{"damage":0,"enemies":"3 Shapes","floor":37,"turns":2},{"damage":2,"enemies":"Spire Growth","floor":38,"turns":7},{"damage":2,"enemies":"Reptomancer","floor":40,"turns":5},{"damage":0,"enemies":"3 Darklings","floor":41,"turns":2},{"damage":0,"enemies":"Nemesis","floor":42,"turns":7},{"damage":0,"enemies":"Giant Head","floor":44,"turns":7},{"damage":0,"enemies":"Writhing Mass","floor":45,"turns":6},{"damage":3,"enemies":"Reptomancer","floor":48,"turns":5},{"damage":0,"enemies":"Donu and Deca","floor":50,"turns":6},{"damage":4,"enemies":"Shield and Spear","floor":54,"turns":6},{"damage":6,"enemies":"The Heart","floor":55,"turns":7}],"seed_played":"9132118085154989010","potions_obtained":[{"floor":4.0,"key":"SpeedPotion"},{"floor":8.0,"key":"Fire Potion"},{"floor":10.0,"key":"CultistPotion"},{"floor":12.0,"key":"PowerPotion"},{"floor":16.0,"key":"ColorlessPotion"},{"floor":18.0,"key":"DistilledChaos"},{"floor":20.0,"key":"LiquidBronze"},{"floor":21.0,"key":"Energy Potion"},{"floor":31.0,"key":"Fire Potion"},{"floor":37,"key":"Energy Potion"},{"floor":40,"key":"Fire Potion"},{"floor":48,"key":"Block Potion"}],"is_trial":false,"path_per_floor":["M","M","$","M","M","E","?","E","T","E","?","E","M","M","R","B",null,"M","$","M","M","?","E","$","R","T","E","?","R","M","E","R","B",null,"M","?","M","M","T","E","M","E","T","E","M","$","?","E","R","B",null,"R","$","E","B",null],"character_chosen":"THE_SILENT","items_purchased":["Footwork","Deflect","Backflip","Apotheosis","Calculated Gamble","Potion Belt","SmokeBomb"],"campfire_rested":0,"item_purchase_floors":[3,3,19,19,24,46,53],"current_hp_per_floor":[55,47,47,47,47,40,40,24,24,23,39,27,27,27,27,27,56,45,45,42,35,33,30,30,30,30,30,30,30,30,30,30,28,32,27,27,27,25,25,23,23,23,23,23,23,23,23,20,20,20,28,28,28,24,18],"gold":124,"neow_bonus":"BOSS_RELIC","is_daily":false,"chose_seed":false,"campfire_upgraded":5,"win_rate":0.0,"timestamp":1612022338,"path_taken":["M","M","$","M","M","E","?","E","T","E","?","E","?","M","R","BOSS","M","$","M","M","?","E","$","R","T","E","?","R","?","E","R","BOSS","M","?","M","M","?","E","M","E","T","E","M","$","?","E","R","BOSS","R","$","E","BOSS"],"items_purchased_type":["Card","Card","Card","Card","Card","Relic","Potion"],"build_version":"2020-12-18","purchased_purges":2,"victory":true,"max_hp_per_floor":[66,66,66,66,66,66,66,66,66,66,66,66,66,66,66,66,66,66,66,66,66,33,33,33,33,33,33,33,33,33,33,33,33,33,33,33,33,33,33,33,33,33,33,33,33,33,31,31,31,31,31,31,31,31,31],"relic_stats":{"Centennial Puzzle":[33],"Nunchaku":[11],"Regal Pillow":0,"counters":[31,150],"Tiny Chest":1,"PreservedInsect":267,"Nloth\u0027s Gift":3,"Cursed Key":2,"Question Card":6,"obtain_stats":[{"Potion Belt":46,"Lantern":26,"Regal Pillow":44,"Oddly Smooth Stone":10,"PreservedInsect":42,"Omamori":9,"Bottled Tornado":43,"Cursed Key":34,"Question Card":40,"SlaversCollar":17,"Anchor":8,"Centennial Puzzle":12,"Nunchaku":23,"Ninja Scroll":48,"Pandora\u0027s Box":0,"Tiny Chest":27,"Bag of Marbles":6,"Nloth\u0027s Gift":28,"InkBottle":54,"Ring of the Snake":0,"Meat on the Bone":31},{"Potion Belt":27,"Lantern":15,"Regal Pillow":26,"Oddly Smooth Stone":7,"PreservedInsect":25,"Omamori":6,"Bottled Tornado":25,"Cursed Key":19,"Question Card":23,"SlaversCollar":11,"Anchor":6,"Centennial Puzzle":8,"Nunchaku":15,"Ninja Scroll":28,"Pandora\u0027s Box":0,"Tiny Chest":16,"Bag of Marbles":5,"Nloth\u0027s Gift":16,"InkBottle":30,"Ring of the Snake":0,"Meat on the Bone":18},{"Potion Belt":126,"Lantern":62,"Regal Pillow":120,"Oddly Smooth Stone":28,"PreservedInsect":113,"Omamori":22,"Bottled Tornado":113,"Cursed Key":87,"Question Card":104,"SlaversCollar":43,"Anchor":22,"Centennial Puzzle":32,"Nunchaku":62,"Ninja Scroll":131,"Pandora\u0027s Box":0,"Tiny Chest":65,"Bag of Marbles":16,"Nloth\u0027s Gift":65,"InkBottle":143,"Ring of the Snake":0,"Meat on the Bone":77}],"InkBottle":[20],"Meat on the Bone":0},"card_choices":[{"not_picked":["Deadly Poison","Flying Knee"],"picked":"Deflect","floor":1.0},{"not_picked":["Heel Hook","Prepared"],"picked":"Malaise","floor":2.0},{"not_picked":["Dagger Throw","Caltrops"],"picked":"Backflip","floor":4.0},{"not_picked":["Outmaneuver","Prepared"],"picked":"PiercingWail","floor":5.0},{"not_picked":["Underhanded Strike","Acrobatics","Flying Knee"],"picked":"SKIP","floor":6.0},{"not_picked":["A Thousand Cuts","Escape Plan"],"picked":"Adrenaline","floor":8.0},{"not_picked":["Expertise","Tactician","Eviscerate"],"picked":"SKIP","floor":10.0},{"not_picked":["Finisher","Setup"],"picked":"Backflip","floor":12.0},{"not_picked":["PiercingWail","Infinite Blades","Tactician"],"picked":"SKIP","floor":13.0},{"not_picked":["Terror","Cloak And Dagger"],"picked":"Catalyst","floor":14.0},{"not_picked":["Glass Knife","Storm of Steel"],"picked":"Venomology","floor":16.0},{"not_picked":["PiercingWail","Cloak And Dagger","Infinite Blades+1"],"picked":"SKIP","floor":18.0},{"not_picked":["Reflex","Bane","Prepared"],"picked":"SKIP","floor":20.0},{"not_picked":["Blade Dance","Prepared"],"picked":"Reflex","floor":21.0},{"not_picked":["Poisoned Stab","Bane"],"picked":"PiercingWail+1","floor":23.0},{"not_picked":["Heel Hook+1","Deflect","Predator"],"picked":"SKIP","floor":27.0},{"not_picked":["Tactician","Setup","Blade Dance"],"picked":"SKIP","floor":30.0},{"not_picked":["Dagger Spray","Caltrops"],"picked":"Backflip","floor":31.0},{"not_picked":["Grand Finale","A Thousand Cuts"],"picked":"Die Die Die","floor":33.0},{"not_picked":["Skewer","Slice","Backstab+1"],"picked":"SKIP","floor":35},{"not_picked":["Well Laid Plans","Deflect"],"picked":"Concentrate","floor":37},{"not_picked":["Phantasmal Killer","Dagger Throw"],"picked":"Prepared+1","floor":38},{"not_picked":["Caltrops+1","Underhanded Strike"],"picked":"Reflex","floor":40},{"not_picked":["Heel Hook","Poisoned Stab+1","Slice+1","Riddle With Holes"],"picked":"SKIP","floor":41},{"not_picked":["Unload","Accuracy","Wraith Form v2"],"picked":"Prepared","floor":42},{"not_picked":["Masterful Stab+1","Unload","Malaise","Predator"],"picked":"SKIP","floor":44},{"not_picked":["Masterful Stab","All Out Attack","Flying Knee"],"picked":"Backflip","floor":45},{"not_picked":["Bullet Time","Underhanded Strike","Noxious Fumes+1","Reflex"],"picked":"SKIP","floor":48},{"not_picked":["Malaise","Cloak And Dagger","Dagger Spray","Dagger Throw"],"picked":"SKIP","floor":54}],"player_experience":488855,"relics_obtained":[{"floor":6.0,"key":"Bag of Marbles"},{"floor":8.0,"key":"Anchor"},{"floor":9.0,"key":"Omamori"},{"floor":10.0,"key":"Oddly Smooth Stone"},{"floor":12.0,"key":"Centennial Puzzle"},{"floor":23.0,"key":"Nunchaku"},{"floor":26.0,"key":"Lantern"},{"floor":27.0,"key":"Tiny Chest"},{"floor":31.0,"key":"Meat on the Bone"},{"floor":40,"key":"Question Card"},{"floor":42,"key":"PreservedInsect"},{"floor":43,"key":"Bottled Tornado"},{"floor":44,"key":"Regal Pillow"},{"floor":48,"key":"Ninja Scroll"},{"floor":54,"key":"InkBottle"}],"event_choices":[{"damage_healed":0.0,"max_hp_gain":0.0,"max_hp_loss":0.0,"gold_gain":0.0,"event_name":"Liars Game","player_choice":"Ignored","floor":7.0,"gold_loss":0.0,"damage_taken":0.0},{"damage_healed":16.0,"max_hp_gain":0.0,"max_hp_loss":0.0,"gold_gain":0.0,"event_name":"The Cleric","player_choice":"Healed","floor":11.0,"gold_loss":35.0,"damage_taken":0.0},{"damage_healed":0.0,"max_hp_gain":0.0,"max_hp_loss":33.0,"gold_gain":0.0,"event_name":"Ghosts","player_choice":"Became a Ghost","floor":22.0,"gold_loss":0.0,"damage_taken":0.0,"cards_obtained":["Ghostly","Ghostly","Ghostly","Ghostly","Ghostly"]},{"damage_healed":0.0,"max_hp_gain":0.0,"max_hp_loss":0.0,"gold_gain":0.0,"event_name":"N\u0027loth","player_choice":"Traded Relic","floor":28.0,"relics_lost":["Pandora\u0027s Box"],"gold_loss":0.0,"damage_taken":0.0,"relics_obtained":["Nloth\u0027s Gift"]},{"damage_healed":0,"gold_gain":0,"player_choice":"Ignored","damage_taken":0,"max_hp_gain":0,"max_hp_loss":0,"event_name":"SecretPortal","floor":36,"gold_loss":0},{"damage_healed":0,"gold_gain":0,"player_choice":"Max HP","damage_taken":0,"max_hp_gain":0,"max_hp_loss":2,"event_name":"Winding Halls","floor":47,"gold_loss":0}],"is_beta":true,"boss_relics":[{"not_picked":["Calling Bell","Philosopher\u0027s Stone"],"picked":"SlaversCollar"},{"not_picked":["WristBlade","Runic Dome"],"picked":"Cursed Key"}],"items_purged_floors":[46,53],"is_endless":false,"potions_floor_spawned":[4,8,10,12,13,16,18,20,21,31,37,40,48],"ascension_level":14}}