{"host":"08sn1703g14rasc1","time":1612047294,"event":{"mods":["AchievementEnabler","BaseMod","Colored Map","Colored Powertips","Hermit","Minty Spire (QoL Compilation)","StSLib"],"gold_per_floor":[115,115,115,133,133,167,167,93,117,142,153,164,0,13,13,108,108,125,224,224,224,243,243,243],"floor_reached":23,"language":"ENG","playtime":535,"items_purged":[],"score":314,"play_id":"bf707669-2388-44e8-97fb-00e9cdab388a","local_time":"20210130145454","is_ascension_mode":true,"campfire_choices":[{"floor":7.0,"key":"REST"},{"data":"Eruption","floor":15.0,"key":"SMITH"}],"circlet_count":0,"master_deck":["Strike_P+1","Strike_P+1","Strike_P+1","Defend_P+1","Defend_P+1","Defend_P+1","Eruption+1","Vigilance","Prostrate+1","BattleHymn","Prostrate","Pray","SpiritShield","PathToVictory","ConjureBlade","PathToVictory","EmptyBody","Brilliance","EmptyFist","Prostrate+1"],"relics":["PureWater","NeowsBlessing","Pen Nib","Ancient Tea Set","TeardropLocket","Membership Card","SacredBark","Oddly Smooth Stone"],"acts_visited":["Exordium","TheCity"],"potions_floor_usage":[18,22],"damage_taken":[{"damage":0.0,"enemies":"Jaw Worm","floor":1.0,"turns":1.0},{"damage":0.0,"enemies":"2 Louse","floor":4.0,"turns":1.0},{"damage":0.0,"enemies":"Gremlin Nob","floor":6.0,"turns":1.0},{"damage":4.0,"enemies":"3 Sentries","floor":10.0,"turns":3.0},{"damage":0.0,"enemies":"Small Slimes","floor":11.0,"turns":3.0},{"damage":0.0,"enemies":"Blue Slaver","floor":12.0,"turns":3.0},{"damage":0.0,"enemies":"Exordium Thugs","floor":14.0,"turns":3.0},{"damage":47.0,"enemies":"Hexaghost","floor":16.0,"turns":5.0},{"damage":23,"enemies":"3 Byrds","floor":18,"turns":6},{"damage":1,"enemies":"Shell Parasite","floor":22,"turns":5},{"damage":35,"enemies":"Slavers","floor":23,"turns":3}],"seed_played":"4576478656725572529","potions_obtained":[{"floor":1.0,"key":"Swift Potion"},{"floor":4.0,"key":"AttackPotion"},{"floor":6.0,"key":"EssenceOfSteel"},{"floor":12.0,"key":"SpeedPotion"}],"is_trial":false,"path_per_floor":["M","?","?","M","?","E","R","$","T","E","M","M","$","M","R","B",null,"M","?","?","?","M","E"],"character_chosen":"WATCHER","items_purchased":["SpiritShield","Membership Card","EmptyBody"],"campfire_rested":1,"item_purchase_floors":[8,13,13],"current_hp_per_floor":[65,65,51,51,44,44,65,65,65,61,61,61,61,61,61,14,58,35,35,35,35,34,0,0],"gold":243,"neow_bonus":"THREE_ENEMY_KILL","is_daily":false,"chose_seed":false,"campfire_upgraded":1,"win_rate":0.0,"timestamp":1612047294,"path_taken":["M","?","?","M","?","E","R","?","T","E","M","M","$","?","R","BOSS","M","?","?","?","M","E"],"items_purchased_type":["Card","Relic","Card"],"build_version":"2020-12-22","purchased_purges":0,"victory":false,"max_hp_per_floor":[72,72,72,72,72,72,72,72,72,72,72,72,72,72,72,72,72,72,72,72,72,72,72,72],"card_choices":[{"not_picked":["Tantrum","Evaluate"],"picked":"Prostrate","floor":1.0},{"not_picked":["FearNoEvil","FollowUp"],"picked":"Prostrate","floor":4.0},{"not_picked":["Study","WheelKick"],"picked":"Pray","floor":6.0},{"not_picked":["Halt","FlyingSleeves"],"picked":"PathToVictory","floor":10.0},{"not_picked":["WaveOfTheHand","ClearTheMind"],"picked":"ConjureBlade","floor":11.0},{"not_picked":["WindmillStrike","Halt"],"picked":"PathToVictory","floor":12.0},{"not_picked":["EmptyFist","CutThroughFate","Indignation"],"picked":"SKIP","floor":14.0},{"not_picked":["Judgement","SpiritShield"],"picked":"Brilliance","floor":16.0},{"not_picked":["Halt+1","SashWhip"],"picked":"EmptyFist","floor":18},{"not_picked":["Pray","Halt"],"picked":"Prostrate+1","floor":22}],"player_experience":493784,"relics_obtained":[{"floor":6.0,"key":"Pen Nib"},{"floor":9.0,"key":"Ancient Tea Set"},{"floor":10.0,"key":"TeardropLocket"}],"event_choices":[{"damage_healed":0.0,"max_hp_gain":0.0,"max_hp_loss":0.0,"gold_gain":0.0,"cards_transformed":["Strike_P"],"event_name":"Living Wall","player_choice":"Change","floor":2.0,"gold_loss":0.0,"damage_taken":0.0,"cards_obtained":["BattleHymn"]},{"damage_healed":0.0,"max_hp_gain":0.0,"max_hp_loss":0.0,"gold_gain":0.0,"event_name":"Shining Light","player_choice":"Entered Light","floor":3.0,"gold_loss":0.0,"damage_taken":14.0,"cards_upgraded":["Prostrate","Defend_P"]},{"cards_removed":["Defend_P"],"damage_healed":0.0,"max_hp_gain":0.0,"max_hp_loss":0.0,"gold_gain":0.0,"event_name":"Golden Wing","player_choice":"Card Removal","floor":5.0,"gold_loss":0.0,"damage_taken":7.0},{"damage_healed":0,"gold_gain":99,"player_choice":"Stole From Cult","damage_taken":0,"max_hp_gain":0,"max_hp_loss":0,"event_name":"Nest","floor":19,"gold_loss":0},{"damage_healed":0,"gold_gain":0,"player_choice":"Simplicity","damage_taken":0,"max_hp_gain":0,"max_hp_loss":0,"event_name":"Back to Basics","floor":20,"gold_loss":0,"cards_upgraded":["Strike_P","Strike_P","Strike_P","Defend_P","Defend_P"]},{"damage_healed":0,"gold_gain":0,"player_choice":"Opened","damage_taken":0,"relics_obtained":["Oddly Smooth Stone"],"max_hp_gain":0,"max_hp_loss":0,"event_name":"The Mausoleum","floor":21,"gold_loss":0}],"is_beta":false,"boss_relics":[{"not_picked":["Busted Crown","Velvet Choker"],"picked":"SacredBark"}],"items_purged_floors":[],"is_endless":false,"potions_floor_spawned":[1,4,6,12],"killed_by":"Slavers","ascension_level":8}}