{"host":"hspm0s97xpvpwopl","time":1612038522,"event":{"mods":["BaseMod","Better Third Choice","Colored Map","Colored Powertips","Curses Come First","Downfall","Hermit","JesterMod","Minty Spire (QoL Compilation)","Relic Stats","Robot Space Explorer","Shop Mod","Spicy Shops","StSLib","The Cursed","The Marked","The Runesmith"],"gold_per_floor":[99,113,127,73,73,89,89,89,123,143,163,175,194,207,222,222,222,222],"floor_reached":16,"language":"ENG","playtime":1231,"items_purged":[],"score":108,"play_id":"382dc88f-3456-43ee-90de-690aefcdbb9a","local_time":"20210130142842","is_ascension_mode":false,"campfire_choices":[{"floor":1,"key":"RECALL"}],"circlet_count":0,"master_deck":["bronze:Strike","bronze:Strike","bronze:Strike","bronze:Strike","bronze:Defend","bronze:Defend","bronze:Defend","bronze:Defend","bronze:Replicate","bronze:Goto","bronze:WildBeam","bronze:Shield","bronze:Boost","bronze:Repulsor","bronze:Iterate","bronze:Repair","bronze:WildBeam","bronze:ClassDefault","bronze:FineTuning","bronze:Backtrace","bronze:DelayedSlice","bronze:DigitalCarnage"],"relics":["bronze:BronzeCore","Ancient Tea Set","Incense Burner","Torii"],"acts_visited":["Exordium"],"potions_floor_usage":[16],"damage_taken":[{"damage":2,"enemies":"Jaw Worm","floor":2,"turns":4},{"damage":1,"enemies":"Cultist","floor":3,"turns":3},{"damage":0,"enemies":"downfall:FleeingMerchant","floor":4,"turns":4},{"damage":0,"enemies":"Small Slimes","floor":6,"turns":3},{"damage":11,"enemies":"Gremlin Nob","floor":9,"turns":4},{"damage":20,"enemies":"Exordium Thugs","floor":10,"turns":5},{"damage":2,"enemies":"2 Fungi Beasts","floor":11,"turns":3},{"damage":3,"enemies":"Lots of Slimes","floor":12,"turns":5},{"damage":2,"enemies":"Exordium Thugs","floor":13,"turns":4},{"damage":1,"enemies":"Blue Slaver","floor":14,"turns":2},{"damage":3,"enemies":"Gremlin Gang","floor":15,"turns":4},{"damage":79,"enemies":"SI_SHIV_ARCHETYPE","floor":16,"turns":10}],"seed_played":"-976340474902816394","potions_obtained":[{"floor":6,"key":"SmokeBomb"},{"floor":10,"key":"Ancient Potion"},{"floor":13,"key":"bronze:FreeFunctionsPotion"}],"is_trial":false,"path_per_floor":["R","M","M","$","?","M","T","T","E","M","M","M","M","M","M","B"],"character_chosen":"THE_AUTOMATON","items_purchased":["bronze:Repulsor"],"campfire_rested":0,"item_purchase_floors":[4],"current_hp_per_floor":[77,75,74,74,74,74,74,74,63,50,55,59,65,64,68,0,0,0],"gold":222,"neow_bonus":"TEN_PERCENT_HP_BONUS","is_daily":false,"chose_seed":false,"campfire_upgraded":0,"win_rate":0.0,"timestamp":1612038522,"path_taken":["R","M","M","$","?","M","T","?","E","M","M","?","M","?","M","BOSS"],"items_purchased_type":["Card"],"build_version":"2020-12-22","purchased_purges":0,"victory":false,"max_hp_per_floor":[77,77,77,77,77,77,77,77,77,77,77,77,77,77,77,77,77,77],"relic_stats":{"Torii":26,"counters":[12,51],"obtain_stats":[{"bronze:BronzeCore":0,"Torii":9,"Incense Burner":8,"Ancient Tea Set":7},{"bronze:BronzeCore":0,"Torii":5,"Incense Burner":4,"Ancient Tea Set":4},{"bronze:BronzeCore":0,"Torii":18,"Incense Burner":14,"Ancient Tea Set":14}]},"card_choices":[{"not_picked":["bronze:Invalidate","bronze:DelayedSlice"],"picked":"bronze:WildBeam","floor":2},{"not_picked":["bronze:ItsAFeature","bronze:HardenedForm"],"picked":"bronze:Shield","floor":3},{"not_picked":["bronze:Shield","bronze:Backtrace"],"picked":"bronze:Boost","floor":4},{"not_picked":["bronze:Deprecate","bronze:OilSpill"],"picked":"bronze:Iterate","floor":6},{"not_picked":["bronze:BugBarrage","bronze:Frontload"],"picked":"bronze:Repair","floor":9},{"not_picked":["bronze:Safeguard","bronze:Allocate"],"picked":"bronze:WildBeam","floor":10},{"not_picked":["bronze:Invalidate","bronze:WildBeam"],"picked":"bronze:ClassDefault","floor":11},{"not_picked":["bronze:Invalidate","bronze:BitShift"],"picked":"bronze:FineTuning","floor":12},{"not_picked":["bronze:Overheat","bronze:Invalidate"],"picked":"bronze:Backtrace","floor":13},{"not_picked":["bronze:Turbo","bronze:BugBarrage"],"picked":"bronze:DelayedSlice","floor":14},{"not_picked":["bronze:BuggyMess","bronze:Branch"],"picked":"bronze:DigitalCarnage","floor":15}],"player_experience":332456,"relics_obtained":[{"floor":7,"key":"Ancient Tea Set"},{"floor":8,"key":"Incense Burner"},{"floor":9,"key":"Torii"}],"event_choices":[],"is_beta":false,"boss_relics":[],"items_purged_floors":[],"is_endless":false,"potions_floor_spawned":[6,10,13],"killed_by":"SI_SHIV_ARCHETYPE","ascension_level":0}}