{"host":"mvbzhnmyzfpc2155","time":1612048760,"event":{"mods":["BaseMod","Downfall","Hermit","Minty Spire (QoL Compilation)","StSLib","The Cursed"],"gold_per_floor":[99,115,75,75,87,87,87,113,123,123,223,243,243,262,282,282,282,282],"floor_reached":16,"language":"ENG","playtime":964,"items_purged":[],"score":102,"play_id":"4bc0d96a-b785-4a55-9b8a-19dac58872d7","local_time":"20210130181920","is_ascension_mode":false,"campfire_choices":[{"floor":1,"key":"RECALL"},{"data":"Guardian:ChargeCore","floor":10,"key":"SMITH"},{"data":"Guardian:TemporalStrike","floor":13,"key":"SMITH"}],"circlet_count":0,"master_deck":["Guardian:Strike_Guardian","Guardian:Strike_Guardian","Guardian:Strike_Guardian","Guardian:Defend_Guardian","Guardian:Defend_Guardian","Guardian:Defend_Guardian","Guardian:CurlUp","Guardian:TwinSlam","Guardian:BronzeOrb","Guardian:TemporalStrike+1","Guardian:WalkerClaw","Guardian:PrimingBeam","Guardian:ChargeCore+1","Guardian:ChargeCore","Guardian:TemporalStrike"],"relics":["Guardian:ModeShifter","Regal Pillow","Centennial Puzzle"],"acts_visited":["Exordium"],"potions_floor_usage":[],"damage_taken":[{"damage":0,"enemies":"Small Slimes","floor":2,"turns":5},{"damage":0,"enemies":"downfall:FleeingMerchant","floor":3,"turns":4},{"damage":2,"enemies":"2 Louse","floor":5,"turns":3},{"damage":15,"enemies":"Gremlin Nob","floor":8,"turns":5},{"damage":1,"enemies":"Cultist","floor":9,"turns":3},{"damage":14,"enemies":"Large Slime","floor":12,"turns":6},{"damage":0,"enemies":"2 Fungi Beasts","floor":14,"turns":2},{"damage":31,"enemies":"Gremlin Gang","floor":15,"turns":4},{"damage":30,"enemies":"WA_ARCHETYPE_RETAIN","floor":16,"turns":6}],"seed_played":"6613304647523564287","potions_obtained":[{"floor":8,"key":"Fire Potion"},{"floor":9,"key":"DuplicationPotion"},{"floor":14,"key":"DuplicationPotion"}],"is_trial":false,"path_per_floor":["R","M","$","?","M","?","T","E","M","R","?","M","R","M","M","B"],"character_chosen":"GUARDIAN","items_purchased":["Guardian:TemporalStrike"],"campfire_rested":0,"item_purchase_floors":[3],"current_hp_per_floor":[88,88,88,88,86,86,86,71,70,70,70,56,56,56,25,0,0,0],"gold":282,"neow_bonus":"TEN_PERCENT_HP_BONUS","is_daily":false,"chose_seed":false,"campfire_upgraded":2,"win_rate":0.0,"timestamp":1612048760,"path_taken":["R","M","$","?","M","?","T","E","M","R","?","M","R","M","M","BOSS"],"items_purchased_type":["Card"],"build_version":"2020-12-22","purchased_purges":0,"victory":false,"max_hp_per_floor":[88,88,88,88,88,88,88,88,88,88,88,88,88,88,88,88,88,88],"card_choices":[{"not_picked":["Guardian:ChargeCore","Guardian:Emergency"],"picked":"Guardian:Gem_Lightblue","floor":2},{"not_picked":["Guardian:DecasProtection","Guardian:BronzeArmor"],"picked":"Guardian:BronzeOrb","floor":3},{"not_picked":["Guardian:PrimingBeam","Guardian:DecasProtection"],"picked":"Guardian:WalkerClaw","floor":5},{"not_picked":["Guardian:Gem_Cyan","Guardian:BronzeOrb"],"picked":"Guardian:PrimingBeam","floor":8},{"not_picked":["Guardian:Planning","Guardian:Reroute"],"picked":"Guardian:ChargeCore","floor":9},{"not_picked":["Guardian:Emergency","Guardian:Gem_Red"],"picked":"Guardian:Gem_White","floor":12},{"not_picked":["Guardian:BronzeOrb","Guardian:TemporalStrike"],"picked":"Guardian:ChargeCore","floor":14},{"not_picked":["Guardian:PrismaticBarrier","Guardian:Harden"],"picked":"Guardian:TemporalStrike","floor":15}],"player_experience":6957,"relics_obtained":[{"floor":7,"key":"Regal Pillow"},{"floor":8,"key":"Centennial Puzzle"}],"event_choices":[],"is_beta":false,"boss_relics":[],"items_purged_floors":[],"is_endless":false,"potions_floor_spawned":[8,9,14],"killed_by":"WA_ARCHETYPE_RETAIN","ascension_level":0}}