{"host":"t1puqh5lxz8sp6fn","time":1612033691,"event":{"mods":["AchievementEnabler","BaseMod","Colored Powertips","Minty Spire (QoL Compilation)","Rare Cards Sparkle","Relic Stats","StSLib"],"gold_per_floor":[12,12,30,48,66,98,73,73,146,146,146],"floor_reached":10,"playtime":412,"items_purged":[],"score":112,"play_id":"62605633-7241-4fd9-b78c-8f1d37915248","local_time":"20210130160811","is_ascension_mode":true,"campfire_choices":[],"circlet_count":0,"master_deck":["AscendersBane","Strike_G","Strike_G","Strike_G","Defend_G","Defend_G","Defend_G","Defend_G","Survivor","Neutralize","Phantasmal Killer","Riddle With Holes","Bouncing Flask","Quick Slash","Bane","Backflip","Escape Plan","PiercingWail","Malaise"],"relics":["Ring of the Snake","CaptainsWheel","InkBottle"],"acts_visited":["Exordium"],"potions_floor_usage":[],"damage_taken":[{"damage":2.0,"enemies":"Cultist","floor":1.0,"turns":4.0},{"damage":0.0,"enemies":"Small Slimes","floor":3.0,"turns":2.0},{"damage":1.0,"enemies":"Jaw Worm","floor":4.0,"turns":3.0},{"damage":23.0,"enemies":"Lots of Slimes","floor":5.0,"turns":6.0},{"damage":24.0,"enemies":"3 Sentries","floor":6.0,"turns":7.0},{"damage":24,"enemies":"Lagavulin","floor":10,"turns":5}],"seed_played":"4734121336492273357","potions_obtained":[{"floor":1.0,"key":"Strength Potion"},{"floor":6.0,"key":"Strength Potion"}],"is_trial":false,"path_per_floor":["M","$","M","M","M","E","$","?","T","E"],"character_chosen":"THE_SILENT","items_purchased":["PiercingWail"],"campfire_rested":0,"item_purchase_floors":[7],"current_hp_per_floor":[61,61,61,60,37,13,13,13,13,0,0],"gold":146,"neow_bonus":"TRANSFORM_TWO_CARDS","is_daily":false,"chose_seed":false,"campfire_upgraded":0,"win_rate":0.0,"timestamp":1612033691,"path_taken":["M","?","M","?","M","E","$","?","T","E"],"items_purchased_type":["Card"],"build_version":"2020-12-13","purchased_purges":0,"victory":false,"max_hp_per_floor":[70,70,70,70,70,70,70,70,70,70,70],"relic_stats":{"counters":[6,27],"obtain_stats":[{"CaptainsWheel":6,"InkBottle":9,"Ring of the Snake":0},{"CaptainsWheel":5,"InkBottle":5,"Ring of the Snake":0},{"CaptainsWheel":22,"InkBottle":22,"Ring of the Snake":0}],"InkBottle":[1],"Ring of the Snake":[12]},"card_choices":[{"not_picked":["Distraction","Deadly Poison"],"picked":"Bouncing Flask","floor":1.0},{"not_picked":["Prepared","Outmaneuver"],"picked":"Quick Slash","floor":3.0},{"not_picked":["Dagger Throw","Outmaneuver"],"picked":"Bane","floor":4.0},{"not_picked":["Well Laid Plans","Slice"],"picked":"Backflip","floor":5.0},{"not_picked":["Bouncing Flask","Deflect"],"picked":"Escape Plan","floor":6.0}],"player_experience":456168,"relics_obtained":[{"floor":6.0,"key":"CaptainsWheel"},{"floor":9,"key":"InkBottle"}],"event_choices":[{"damage_healed":0,"gold_gain":0,"cards_transformed":["Strike_G"],"player_choice":"Transformed","damage_taken":0,"max_hp_gain":0,"max_hp_loss":0,"event_name":"Transmorgrifier","floor":8,"gold_loss":0,"cards_obtained":["Malaise"]}],"is_beta":false,"boss_relics":[],"items_purged_floors":[],"is_endless":false,"potions_floor_spawned":[1,6],"killed_by":"Lagavulin","ascension_level":13}}