{"host":"o3b7ow6d1xe49css","time":1612049325,"event":{"mods":["Act Like it!","Aspiration","BaseMod","Bestiary","Better Altar","Better Match","Better Note","Better Sensory Stone","Better Skull","Better Third Choice","Colored Powertips","Conspire","Energized Spire","Force Act Four","GifTheSpireLib","Halation","Hermit","Hubris","Infinite Spire","Lobotomy","Minty Spire (QoL Compilation)","Quick Restart","Rare Cards Sparkle","Relic Filter Mod","Reliquary","Replay The Spire","Spicy Shops","Spikes Relics","Spire Arcade","StSLib","Stuff the Spire","The Blue Laboratory","Wandering Minibosses"],"gold_per_floor":[117,127,144,144,144,144,144,144],"floor_reached":7,"language":"ENG","playtime":173,"items_purged":[],"score":51,"play_id":"d6655c70-0974-4529-b643-a7a9b4f4c82c","local_time":"20210130142845","daily_mods":["Heirloom","Flight"],"is_ascension_mode":true,"campfire_choices":[{"data":"Eruption","floor":6,"key":"SMITH"}],"circlet_count":0,"master_deck":["Strike_P","Strike_P","Strike_P","Strike_P","Defend_P","Defend_P","Defend_P","Defend_P","Eruption+1","Vigilance","Mercenary","Replay:BluntJabs","Scorched","FollowUp","Wireheading"],"relics":["StuffTheSpire:OccultApparatus","Ring of Chaos","hubris:Potato","CogitoBucket"],"acts_visited":["Exordium"],"potions_floor_usage":[],"damage_taken":[{"damage":0,"enemies":"Jaw Worm","floor":1,"turns":3},{"damage":0,"enemies":"2 Louse","floor":2,"turns":3},{"damage":0,"enemies":"Small Slimes","floor":3,"turns":2},{"damage":22,"enemies":"Lagavulin","floor":7,"turns":2}],"seed_played":"-3564375804932958211","potions_obtained":[{"floor":1,"key":"EssenceOfSteel"}],"is_trial":true,"path_per_floor":["M","M","M","?","?","R","E"],"character_chosen":"WATCHER","items_purchased":[],"campfire_rested":0,"item_purchase_floors":[],"current_hp_per_floor":[72,72,72,77,77,77,55,55],"gold":144,"neow_bonus":"","is_daily":false,"chose_seed":false,"campfire_upgraded":1,"win_rate":0.0,"timestamp":1612049325,"path_taken":["M","M","M","?","?","R","E"],"items_purchased_type":[],"build_version":"2020-12-22","purchased_purges":0,"victory":false,"max_hp_per_floor":[72,72,72,77,77,77,77,77],"card_choices":[{"not_picked":["Bloodbath","Rudolta"],"picked":"Mercenary","floor":1},{"not_picked":["Replay:ManipulateFuture","CarveReality"],"picked":"Replay:BluntJabs","floor":1},{"not_picked":["PunishingBird","FairyFestival"],"picked":"Scorched","floor":2},{"not_picked":["ClearTheMind","CutThroughFate"],"picked":"FollowUp","floor":2},{"not_picked":["VoidDream","FieryBird","NakedNest"],"picked":"Singing Bowl","floor":3},{"not_picked":["ReachHeaven","SashWhip"],"picked":"Wireheading","floor":3}],"player_experience":1203273,"relics_obtained":[],"event_choices":[{"damage_healed":0,"gold_gain":0,"player_choice":"Donut","damage_taken":0,"max_hp_gain":5,"max_hp_loss":0,"event_name":"Big Fish","floor":4,"gold_loss":0}],"is_beta":false,"boss_relics":[],"items_purged_floors":[],"is_endless":false,"potions_floor_spawned":[1],"killed_by":"Lagavulin","ascension_level":5}}