{"host":"ywif2ugnepgiw45s","time":1612013770,"event":{"mods":["Act Like it!","BaseMod","Better Skull","Downfall","Elementarium","GifTheSpireLib","Hermit","Marisa????????","Minty Spire (QoL Compilation)","READ ME - Guardian Mod","Replay The Spire","Shade Mod","Shop Mod","StSLib","The Cursed","The Jungle","The Runesmith","The Servant 0.9.4"],"gold_per_floor":[99,119,219,219,234,259,271,183,206,218,246,12,47,58,69,69,69,69],"floor_reached":16,"language":"ENG","playtime":725,"items_purged":[],"score":112,"play_id":"3de2c28f-c601-438f-baea-bff272b85508","local_time":"20210130083610","is_ascension_mode":false,"campfire_choices":[{"floor":1,"key":"RECALL"},{"floor":8,"key":"REST"}],"circlet_count":0,"master_deck":["champ:Strike+1","champ:Strike","champ:Strike","champ:Strike+1","champ:Defend","champ:Defend+1","champ:Defend","champ:Defend","champ:Execute+1","champ:Taunt","champ:BringItOn","champ:CrownThrow","champ:FancyFootwork","downfall:Malfunctioning","champ:GladiatorForm","champ:IronFortress","champ:CrookedStrike","champ:Lariat"],"relics":["champ:ChampionCrown","ReplayTheSpireMod:Ring of Exchange","ReplayTheSpireMod:Ring of Sloth","MawBank","HornCleat","downfall:HeartBlessingRed","MerchantsRug","Pen Nib"],"acts_visited":["Exordium"],"potions_floor_usage":[6,12],"damage_taken":[{"damage":20,"enemies":"Cultist","floor":2,"turns":4},{"damage":11,"enemies":"Jaw Worm","floor":5,"turns":4},{"damage":60,"enemies":"3 Sentries","floor":6,"turns":13},{"damage":0,"enemies":"2 Louse","floor":9,"turns":2},{"damage":0,"enemies":"Exordium Wildlife","floor":11,"turns":3},{"damage":12,"enemies":"downfall:FleeingMerchant","floor":12,"turns":5},{"damage":17,"enemies":"Replay:BlueRogue","floor":13,"turns":7},{"damage":10,"enemies":"Large Slime","floor":14,"turns":5},{"damage":17,"enemies":"2 Fungi Beasts","floor":15,"turns":4},{"damage":0,"enemies":"WA_ARCHETYPE_RETAIN","floor":16,"turns":1}],"seed_played":"-2182406256549986946","potions_obtained":[{"floor":2,"key":"SmokeBomb"},{"floor":5,"key":"champ:OpenerPotion"},{"floor":11,"key":"AttackPotion"},{"floor":14,"key":"Dexterity Potion"},{"floor":15,"key":"ColorlessPotion"}],"is_trial":false,"path_per_floor":["R","M","?","?","M","E","T","R","M","?","M","$","E","M","M","B"],"character_chosen":"THE_CHAMP","items_purchased":["MerchantsRug","champ:IronFortress"],"campfire_rested":1,"item_purchase_floors":[12,12],"current_hp_per_floor":[90,90,90,90,79,29,29,56,56,56,56,44,37,27,20,20,20,20],"gold":69,"neow_bonus":"UPGRADE_CARD","is_daily":false,"chose_seed":false,"campfire_upgraded":0,"win_rate":0.0,"timestamp":1612013770,"path_taken":["R","M","?","?","M","E","T","R","M","?","M","$","E","?","M","BOSS"],"items_purchased_type":["Relic","Card"],"build_version":"2020-12-22","purchased_purges":0,"victory":false,"max_hp_per_floor":[90,90,90,90,90,90,90,90,90,90,90,90,90,90,90,90,90,90],"card_choices":[{"not_picked":["champ:PerfectedStrike","champ:FlashCut"],"picked":"champ:BringItOn","floor":2},{"not_picked":["champ:DefensiveShout","champ:BladeFlurry","champ:FanOfKnives"],"picked":"SKIP","floor":5},{"not_picked":["champ:DefensiveShout","champ:BladeFlurry","champ:FanOfKnives"],"picked":"SKIP","floor":5},{"not_picked":["champ:StanceDance","champ:HeartStrike"],"picked":"champ:CrownThrow","floor":6},{"not_picked":["champ:Haymaker","champ:StanceDance"],"picked":"champ:FancyFootwork","floor":9},{"not_picked":["champ:CrownThrow","champ:PreemptiveStrike","champ:FlashCut"],"picked":"SKIP","floor":11},{"not_picked":["champ:GutPunch","champ:Circumvent"],"picked":"champ:GladiatorForm","floor":12},{"not_picked":["champ:PerfectedStrike","champ:RecklessLeap","champ:BerserkersShout"],"picked":"SKIP","floor":13},{"not_picked":["champ:Endure","champ:BladeFlurry"],"picked":"champ:CrookedStrike","floor":14},{"not_picked":["champ:FanOfKnives","champ:Circumvent"],"picked":"champ:Lariat","floor":15}],"player_experience":1739400,"relics_obtained":[{"floor":4,"key":"ReplayTheSpireMod:Ring of Exchange"},{"floor":4,"key":"ReplayTheSpireMod:Ring of Sloth"},{"floor":6,"key":"MawBank"},{"floor":7,"key":"HornCleat"},{"floor":13,"key":"Pen Nib"}],"event_choices":[],"is_beta":false,"boss_relics":[],"items_purged_floors":[],"is_endless":false,"potions_floor_spawned":[2,5,11,14,15],"killed_by":"WA_ARCHETYPE_RETAIN","ascension_level":0}}