{"host":"cxnoj7uui3q38n47","time":1612039839,"event":{"mods":["BaseMod","Hermit","Lobotomy","Minty Spire (QoL Compilation)","StSLib","The Cursed"],"gold_per_floor":[217,234,234,247,258,258,288,14,14,28,40,75,6,6,6,132,132,146,146,166,182,182,182],"floor_reached":22,"language":"ENG","playtime":1875,"items_purged":[],"score":198,"play_id":"0acf848a-92b5-49e4-8980-5d7719699476","local_time":"20210130145039","is_ascension_mode":false,"campfire_choices":[{"data":"hermit:Glare","floor":6.0,"key":"SMITH"},{"floor":15.0,"key":"REST"}],"circlet_count":0,"master_deck":["hermit:Strike_Hermit","hermit:Strike_Hermit","hermit:Strike_Hermit","hermit:Strike_Hermit","hermit:Defend_Hermit","hermit:Defend_Hermit","hermit:Defend_Hermit","hermit:Defend_Hermit","hermit:Snapshot","hermit:Covet","hermit:Ricochet","hermit:BodyArmor","hermit:Glare+1","hermit:ShadowCloak","hermit:Desperado","hermit:Determination","hermit:LowProfile","hermit:Misfire","hermit:WideOpen","hermit:PistolWhip","hermit:Maintenance","hermit:FinalCanter","hermit:ShadowCloak","hermit:Snipe+1","hermit:Malice+1"],"relics":["hermit:ClaspedLocket","hermit:Spyglass","Lantern","CaptainsWheel","Unceasing Top","Golden Idol","Enchiridion"],"acts_visited":["Exordium","TheCity"],"potions_floor_usage":[],"damage_taken":[{"damage":3.0,"enemies":"Jaw Worm","floor":1.0,"turns":3.0},{"damage":0.0,"enemies":"Cultist","floor":2.0,"turns":2.0},{"damage":0.0,"enemies":"Small Slimes","floor":4.0,"turns":2.0},{"damage":0.0,"enemies":"Looter","floor":5.0,"turns":3.0},{"damage":24.0,"enemies":"3 Sentries","floor":7.0,"turns":9.0},{"damage":3.0,"enemies":"2 Fungi Beasts","floor":10.0,"turns":5.0},{"damage":0.0,"enemies":"Blue Slaver","floor":11.0,"turns":4.0},{"damage":18.0,"enemies":"Lagavulin","floor":12.0,"turns":6.0},{"damage":10.0,"enemies":"Slime Boss","floor":16.0,"turns":12.0},{"damage":14.0,"enemies":"Chosen","floor":18.0,"turns":6.0},{"damage":10.0,"enemies":"Shell Parasite","floor":20.0,"turns":6.0},{"damage":26.0,"enemies":"Snake Plant","floor":21.0,"turns":4.0},{"damage":12,"enemies":"Cultist and Chosen","floor":22,"turns":4}],"seed_played":"-268270215723866171","potions_obtained":[{"floor":5.0,"key":"Explosive Potion"},{"floor":10.0,"key":"DistilledChaos"},{"floor":11.0,"key":"Ancient Potion"},{"floor":16.0,"key":"Swift Potion"},{"floor":21.0,"key":"Explosive Potion"}],"is_trial":false,"path_per_floor":["M","M","?","M","M","R","E","$","T","M","M","E","$","?","R","B",null,"M","?","M","M","M"],"character_chosen":"HERMIT","items_purchased":["Lantern","hermit:Determination","hermit:LowProfile","hermit:Maintenance"],"campfire_rested":1,"item_purchase_floors":[8,8,8,13],"current_hp_per_floor":[72,72,72,72,72,72,48,48,48,45,45,27,27,9,31,21,75,61,45,35,9,0,0],"gold":182,"neow_bonus":"HUNDRED_GOLD","is_daily":false,"chose_seed":false,"campfire_upgraded":1,"win_rate":0.0,"timestamp":1612039839,"path_taken":["M","M","?","?","M","R","E","$","T","M","M","E","$","?","R","BOSS","M","?","M","M","M"],"items_purchased_type":["Card","Card","Card","Card"],"build_version":"2020-12-22","purchased_purges":0,"victory":false,"max_hp_per_floor":[75,75,75,75,75,75,75,75,75,75,75,75,75,75,75,75,75,75,75,75,75,75,75],"card_choices":[{"not_picked":["hermit:LowProfile","hermit:DeadMansHand"],"picked":"hermit:Ricochet","floor":1.0},{"not_picked":["hermit:Roulette","hermit:Coalescence"],"picked":"hermit:BodyArmor","floor":2.0},{"not_picked":["hermit:HoleUp","hermit:LuckOfTheDraw"],"picked":"hermit:Glare","floor":4.0},{"not_picked":["hermit:SprayPray","hermit:BodyArmor"],"picked":"hermit:ShadowCloak","floor":5.0},{"not_picked":["hermit:EternalForm","hermit:Manifest"],"picked":"hermit:Desperado","floor":7.0},{"not_picked":["hermit:Roulette","hermit:Feint"],"picked":"hermit:Misfire","floor":10.0},{"not_picked":["hermit:FlashPowder","hermit:ShadowCloak"],"picked":"hermit:WideOpen","floor":11.0},{"not_picked":["hermit:HighCaliber","hermit:Misfire"],"picked":"hermit:PistolWhip","floor":12.0},{"not_picked":["hermit:FromBeyond","hermit:Dissolve"],"picked":"hermit:FinalCanter","floor":16.0},{"not_picked":["hermit:Misfire+1","hermit:BodyArmor"],"picked":"hermit:ShadowCloak","floor":18.0},{"not_picked":["hermit:BodyArmor+1","hermit:Showdown"],"picked":"hermit:Snipe+1","floor":20.0},{"not_picked":["hermit:Midnight","hermit:Misfire"],"picked":"hermit:Malice+1","floor":21.0}],"player_experience":246995,"relics_obtained":[{"floor":7.0,"key":"hermit:Spyglass"},{"floor":9.0,"key":"CaptainsWheel"},{"floor":12.0,"key":"Unceasing Top"},{"floor":19.0,"key":"Enchiridion"}],"event_choices":[{"damage_healed":0.0,"max_hp_gain":0.0,"max_hp_loss":0.0,"gold_gain":0.0,"event_name":"NoteForYourself","player_choice":"Ignored","floor":3.0,"gold_loss":0.0,"damage_taken":0.0},{"damage_healed":0.0,"max_hp_gain":0.0,"max_hp_loss":0.0,"gold_gain":0.0,"event_name":"Golden Idol","player_choice":"Take Damage","floor":14.0,"gold_loss":0.0,"damage_taken":18.0,"relics_obtained":["Golden Idol"]},{"damage_healed":0.0,"max_hp_gain":0.0,"max_hp_loss":0.0,"gold_gain":0.0,"event_name":"Cursed Tome","player_choice":"Obtained Book","floor":19.0,"gold_loss":0.0,"damage_taken":16.0}],"is_beta":false,"boss_relics":[{"not_picked":["Empty Cage","Busted Crown"],"picked":"hermit:ClaspedLocket"}],"items_purged_floors":[],"is_endless":false,"potions_floor_spawned":[5,10,11,12,16,21],"killed_by":"Cultist and Chosen","ascension_level":0}}