{"host":"jbw470l122a0du6q","time":1612020330,"event":{"mods":["BaseMod","Better Altar","Better Match","Better Note","Better Sensory Stone","Better Skull","Better Third Choice","Dark Map","Downfall","Duelist Mod","GifTheSpireLib","Hermit","MarisaÅiñ∂âJÅ@ñÇóùçπÅj","Minty Spire (QoL Compilation)","StSLib","The Construct","The Cursed","The Disciple","The Marked","The Runesmith","The Servant 0.9.4"],"gold_per_floor":[138,138,138,138,157,157,188,188,188,188,250,250,140,174,174,271,271,290,290,41,54,54,54,83,83,156,156,81,81,81,95,95,192,192,206,221,232,232,285,316,316,343,343,9898,9910,9910,9923,9209,9209,9209],"floor_reached":51,"language":"ENG","playtime":3619,"items_purged":["theDuelist:TyrantWing"],"score":811,"play_id":"b7c20f6a-7354-45bc-a159-16398ae13f2c","local_time":"20210130102530","is_ascension_mode":true,"campfire_choices":[{"data":"theDuelist:Yami","floor":6.0,"key":"SMITH"},{"data":"theDuelist:Yami","floor":8.0,"key":"SMITH"},{"floor":10.0,"key":"REST"},{"data":"theDuelist:PowerKaishin","floor":15.0,"key":"SMITH"},{"floor":23.0,"key":"REST"},{"floor":25.0,"key":"REST"},{"data":"theDuelist:SwordsBurning","floor":27.0,"key":"SMITH"},{"data":"theDuelist:BookSecret","floor":29.0,"key":"SMITH"},{"data":"theDuelist:BerserkerCrush","floor":32.0,"key":"SMITH"},{"floor":41,"key":"REST"},{"data":"theDuelist:ApprenticeIllusionMagician+1","floor":46,"key":"SMITH"},{"data":"theDuelist:ApprenticeIllusionMagician+2","floor":49,"key":"SMITH"}],"circlet_count":0,"master_deck":["theDuelist:CastleWalls","theDuelist:CastleWalls","theDuelist:DarkMagician","theDuelist:MysticalElf","theDuelist:MysticalElf","theDuelist:NeoMagic","theDuelist:NeoMagic","theDuelist:Yami+1","Apotheosis+1","theDuelist:BerserkerCrush+1","theDuelist:Yami+1","theDuelist:AlienTelepath","theDuelist:LegendaryFlameLord","theDuelist:PowerKaishin+1","theDuelist:SwordsBurning+1","theDuelist:CosmoBrain+1","theDuelist:CastleDarkIllusions+1","theDuelist:BookSecret+1","theDuelist:GateGuardian","theDuelist:ApprenticeIllusionMagician+3","theDuelist:WhiteHowling+1","theDuelist:ChaosSeed","theDuelist:GoblinSecret+1","theDuelist:DefenseDraw","theDuelist:GoblinSecret+1","theDuelist:SkilledDarkMagician","Mayhem+1"],"relics":["theDuelist:CardPoolRelic","theDuelist:CardPoolBasicRelic","theDuelist:BoosterPackPoolRelic","theDuelist:CardPoolAddRelic","theDuelist:CardPoolMinusRelic","theDuelist:CardPoolSaveRelic","theDuelist:CardPoolOptionsRelic","Empty Cage","theDuelist:InversionRelic","Ancient Tea Set","Peace Pipe","Ornamental Fan","Mercury Hourglass","construct:ClawGrip","Eternal Feather","Regal Pillow","Frozen Egg 2","Sozu","Bird Faced Urn","theDuelist:ElectricToken","Girya","Blood Vial","theDuelist:BlessingAnubis","theDuelist:InversionEvokeRelic","Calipers","theDuelist:SummonAnchor","theDuelist:DuelistLetterOpener","theDuelist:AkhenamkhanenSceptre"],"acts_visited":["Exordium","TheCity","TheBeyond"],"potions_floor_usage":[],"damage_taken":[{"damage":0.0,"enemies":"Small Slimes","floor":1.0,"turns":3.0},{"damage":0.0,"enemies":"Jaw Worm","floor":5.0,"turns":4.0},{"damage":14.0,"enemies":"3 Sentries","floor":7.0,"turns":6.0},{"damage":6.0,"enemies":"Gremlin Nob","floor":14.0,"turns":4.0},{"damage":2.0,"enemies":"The Guardian","floor":16.0,"turns":7.0},{"damage":28.0,"enemies":"2 Thieves","floor":18.0,"turns":4.0},{"damage":17.0,"enemies":"Shell Parasite","floor":21.0,"turns":7.0},{"damage":31.0,"enemies":"theDuelist:KaibaA2","floor":24.0,"turns":7.0},{"damage":24.0,"enemies":"Centurion and Healer","floor":31.0,"turns":6.0},{"damage":18.0,"enemies":"Automaton","floor":33.0,"turns":9.0},{"damage":13.0,"enemies":"Orb Walker","floor":35.0,"turns":4.0},{"damage":25.0,"enemies":"3 Darklings","floor":36.0,"turns":6.0},{"damage":34,"enemies":"4 Shapes","floor":37,"turns":5},{"damage":0,"enemies":"4 Shapes","floor":39,"turns":6},{"damage":4,"enemies":"Nemesis","floor":40,"turns":7},{"damage":0,"enemies":"Giant Head","floor":42,"turns":9},{"damage":16,"enemies":"Maw","floor":45,"turns":7},{"damage":32,"enemies":"Jaw Worm Horde","floor":47,"turns":5},{"damage":13,"enemies":"Time Eater","floor":50,"turns":9}],"seed_played":"-3840656046457659997","potions_obtained":[{"floor":1.0,"key":"theDuelist:CoolBottle"},{"floor":21.0,"key":"theDuelist:DebuffFuryPotion"},{"floor":24.0,"key":"Strength Potion"}],"is_trial":false,"path_per_floor":["M","?","T","?","M","R","E","R","T","R","?","$","$","E","R","B",null,"M","?","$","M","?","R","E","R","T","R","$","R","?","M","R","B",null,"M","M","M","?","?","E","R","E","T","$","M","R","M","$","R","B",null],"character_chosen":"THE_DUELIST","items_purchased":["theDuelist:AlienTelepath","theDuelist:LegendaryFlameLord","Eternal Feather","Calipers","theDuelist:DefenseDraw","Mayhem+1","theDuelist:SummonAnchor","theDuelist:DuelistLetterOpener","theDuelist:AkhenamkhanenSceptre"],"campfire_rested":4,"item_purchase_floors":[13,13,20,44,44,48,48,48,48],"current_hp_per_floor":[80,80,80,80,80,80,66,66,66,80,80,80,80,74,74,72,80,52,52,52,35,35,68,37,80,80,80,80,80,80,56,65,47,80,67,42,8,8,8,12,80,80,80,80,76,80,60,60,75,77],"gold":9209,"neow_bonus":"BOSS_RELIC","is_daily":false,"chose_seed":false,"campfire_upgraded":8,"win_rate":0.0,"timestamp":1612020330,"path_taken":["M","?","?","?","?","R","E","R","T","R","?","?","$","E","R","BOSS","M","?","$","?","?","R","E","R","T","R","$","R","?","M","R","BOSS","M","?","M","?","?","E","R","E","T","?","M","R","M","$","R","BOSS"],"items_purchased_type":["Card","Card","Relic","Relic","Card","Card","Relic","Relic","Relic"],"build_version":"2020-12-22","purchased_purges":1,"victory":true,"max_hp_per_floor":[80,80,80,80,80,80,80,80,80,80,80,80,80,80,80,80,80,80,80,80,80,80,80,80,80,80,80,80,80,80,80,80,80,80,80,80,80,80,80,80,80,80,80,80,80,80,80,80,80,80],"card_choices":[{"not_picked":["theDuelist:WhiteHowling","theDuelist:MagiciansRobe","theDuelist:StatueAnguishPattern"],"picked":"theDuelist:Yami","floor":1.0},{"not_picked":["theDuelist:MythicalBeast","theDuelist:InfernoFireBlast"],"picked":"theDuelist:BerserkerCrush","floor":5.0},{"not_picked":["theDuelist:DarkMagician","theDuelist:DefenseZone","theDuelist:AncientElf","theDuelist:MeteorDestruction"],"picked":"theDuelist:Yami","floor":7.0},{"not_picked":["theDuelist:CombinationAttack","theDuelist:Hinotama","theDuelist:DefenseZone","theDuelist:OneForOne"],"picked":"theDuelist:PowerKaishin","floor":14.0},{"not_picked":["theDuelist:IrisEarthMother","theDuelist:RainbowMagician","theDuelist:ThousandEyesRestrict","theDuelist:GateGuardian"],"picked":"theDuelist:SwordsBurning","floor":16.0},{"not_picked":["theDuelist:SkilledDarkMagician+1","theDuelist:FlyingSaucer","theDuelist:Relinquished","theDuelist:ApprenticeIllusionMagician"],"picked":"theDuelist:CosmoBrain+1","floor":18.0},{"not_picked":["theDuelist:LightningDarts+1","theDuelist:WormBarses","theDuelist:Electrowhip","theDuelist:FluteKuriboh"],"picked":"theDuelist:CastleDarkIllusions+1","floor":21.0},{"not_picked":["theDuelist:CoreBlaster+1","theDuelist:VenomShot","theDuelist:MagicalStone","theDuelist:ContractExodia"],"picked":"theDuelist:BookSecret","floor":24.0},{"not_picked":["theDuelist:RainbowDarkDragon","theDuelist:DarkPaladin+1"],"picked":"theDuelist:GateGuardian","floor":31.0},{"not_picked":["theDuelist:ExodiaRA+1","theDuelist:GuardianAngel"],"picked":"theDuelist:ApprenticeIllusionMagician+1","floor":35.0},{"not_picked":["theDuelist:MagiciansRod+1","theDuelist:MagiciansRobe+1","theDuelist:VoidExpansion+1"],"picked":"theDuelist:WhiteHowling+1","floor":36.0},{"not_picked":["theDuelist:MagicalBlast+1","theDuelist:GoblinSecret+1","theDuelist:WonderWand+1","theDuelist:DiffusionWaveMotion+1"],"picked":"theDuelist:ChaosSeed","floor":37},{"not_picked":["theDuelist:SpellShatteringArrow","theDuelist:DoubleTool+1","theDuelist:MagnumShield","theDuelist:DarkFusion+1"],"picked":"theDuelist:GoblinSecret+1","floor":40},{"not_picked":["theDuelist:CoreBlaster","theDuelist:Relinquished+1","theDuelist:FogKing","theDuelist:LightningDarts+1","theDuelist:BerserkerCrush+1"],"picked":"SKIP","floor":42},{"not_picked":["theDuelist:SpiralSpearStrike+3","theDuelist:ChaosSeed+4","theDuelist:VoidExpansion+1","theDuelist:BookSecret"],"picked":"theDuelist:GoblinSecret+1","floor":45},{"not_picked":["theDuelist:InjectionFairy+1","theDuelist:DoubleTool","theDuelist:FlyingSaucer","theDuelist:AncientElf"],"picked":"theDuelist:SkilledDarkMagician","floor":47}],"player_experience":76705,"relics_obtained":[{"floor":3.0,"key":"theDuelist:InversionRelic"},{"floor":7.0,"key":"Peace Pipe"},{"floor":9.0,"key":"Ornamental Fan"},{"floor":14.0,"key":"Mercury Hourglass"},{"floor":24.0,"key":"Regal Pillow"},{"floor":26.0,"key":"Frozen Egg 2"},{"floor":39,"key":"Bird Faced Urn"},{"floor":39,"key":"theDuelist:ElectricToken"},{"floor":39,"key":"Girya"},{"floor":40,"key":"Blood Vial"},{"floor":42,"key":"theDuelist:BlessingAnubis"},{"floor":43,"key":"theDuelist:InversionEvokeRelic"}],"event_choices":[{"damage_healed":80.0,"max_hp_gain":0.0,"max_hp_loss":80.0,"gold_gain":0.0,"event_name":"betterThird:BetterShining","player_choice":"Embrace","floor":2.0,"gold_loss":0.0,"damage_taken":0.0},{"damage_healed":0.0,"max_hp_gain":0.0,"max_hp_loss":0.0,"gold_gain":0.0,"event_name":"WeMeetAgain","player_choice":"Gave Potion","floor":4.0,"gold_loss":0.0,"damage_taken":0.0,"relics_obtained":["Ancient Tea Set"]},{"damage_healed":0.0,"max_hp_gain":0.0,"max_hp_loss":0.0,"gold_gain":62.0,"event_name":"Golden Wing","player_choice":"Gained Gold","floor":11.0,"gold_loss":0.0,"damage_taken":0.0},{"damage_healed":0.0,"max_hp_gain":0.0,"max_hp_loss":0.0,"gold_gain":0.0,"cards_transformed":["theDuelist:Sparks"],"event_name":"Transmorgrifier","player_choice":"Transformed","floor":19.0,"gold_loss":0.0,"damage_taken":0.0,"cards_obtained":["theDuelist:TyrantWing"]},{"damage_healed":0.0,"max_hp_gain":0.0,"max_hp_loss":0.0,"gold_gain":0.0,"event_name":"Ghosts","player_choice":"Ignored","floor":22.0,"gold_loss":0.0,"damage_taken":0.0},{"damage_healed":0.0,"max_hp_gain":0.0,"max_hp_loss":0.0,"gold_gain":0.0,"event_name":"Tomb of the Nameless","player_choice":"Leave","duelist":true,"floor":30.0,"gold_loss":0.0,"damage_taken":0.0},{"damage_healed":0,"gold_gain":0,"player_choice":"Leave","duelist":true,"damage_taken":0,"max_hp_gain":0,"max_hp_loss":0,"event_name":"Tomb of the Nameless","floor":38,"gold_loss":0},{"damage_healed":0,"gold_gain":0,"player_choice":"Fight","duelist":true,"damage_taken":0,"max_hp_gain":0,"max_hp_loss":0,"event_name":"Battle City","floor":39,"gold_loss":0}],"is_beta":false,"boss_relics":[{"not_picked":["Runic Dome","Velvet Choker"],"picked":"construct:ClawGrip"},{"not_picked":["Astrolabe","Tiny House"],"picked":"Sozu"}],"items_purged_floors":[28],"is_endless":false,"potions_floor_spawned":[1,21,24,35,37,40,47],"ascension_level":1}}