{"host":"johnydays","time":1612017214,"event":{"mods":["BaseMod","Bestiary","Block Reminder","Colored Map","Colored Powertips","DeckTracker","Highlight Path","Minty Spire (QoL Compilation)","Relic Stats","Slay-I","StSLib","SuperFastMode"],"gold_per_floor":[111,111,131,147,164,199,199,232,259,259,272,250,250,261,261,333,333,347,347,357,372,82,110,126,138,138,173,173,173,198,214,214,293,293,312,158,178,178,11,11,43,43,43,43,74,90,108,126,126,126,126,126,54,86,86],"floor_reached":56,"language":"ENG","playtime":5251,"items_purged":[],"score":2179,"play_id":"744c13e1-5600-4ff5-b9f3-840671a3ea01","local_time":"20210130143334","is_ascension_mode":true,"campfire_choices":[{"data":"Footwork","floor":7.0,"key":"SMITH"},{"floor":10.0,"key":"REST"},{"data":"Noxious Fumes","floor":15.0,"key":"SMITH"},{"data":"Footwork","floor":29.0,"key":"SMITH"},{"data":"Tools of the Trade","floor":32.0,"key":"SMITH"},{"data":"Panache","floor":40.0,"key":"SMITH"},{"floor":42.0,"key":"DIG"},{"floor":44.0,"key":"DIG"},{"floor":49,"key":"RECALL"},{"floor":52,"key":"DIG"}],"circlet_count":0,"master_deck":["AscendersBane","Strike_G","Strike_G","Strike_G","Strike_G","Strike_G","Defend_G","Defend_G","Defend_G","Defend_G","Defend_G","Survivor","Neutralize+1","Quick Slash","Quick Slash","Footwork+1","All Out Attack","Finisher+1","Dodge and Roll","Noxious Fumes+1","Tools of the Trade+1","Leg Sweep","Blur+1","Blade Dance+1","Acrobatics+1","Footwork+1","Doppelganger+1","Blur+1","Burst+1","Footwork","Panache+1","Blade Dance+1","Deflect+1","Slice","Backflip+1","Blur+1","Dodge and Roll+1"],"relics":["Ring of the Snake","Turnip","Matryoshka","Bag of Marbles","PreservedInsect","Omamori","Cursed Key","Toxic Egg 2","Kunai","Art of War","Vajra","Paper Crane","Centennial Puzzle","Coffee Dripper","Bag of Preparation","Shovel","White Beast Statue","Dead Branch","Bronze Scales","Shuriken","Orichalcum"],"acts_visited":["Exordium","TheCity","TheBeyond","TheEnding"],"potions_floor_usage":[46,55,55],"damage_taken":[{"damage":0.0,"enemies":"Jaw Worm","floor":1.0,"turns":6.0},{"damage":2.0,"enemies":"2 Louse","floor":3.0,"turns":4.0},{"damage":0.0,"enemies":"Small Slimes","floor":4.0,"turns":3.0},{"damage":4.0,"enemies":"Red Slaver","floor":5.0,"turns":4.0},{"damage":14.0,"enemies":"Lagavulin","floor":6.0,"turns":10.0},{"damage":22.0,"enemies":"Gremlin Nob","floor":8.0,"turns":4.0},{"damage":0.0,"enemies":"2 Fungi Beasts","floor":11.0,"turns":1.0},{"damage":6.0,"enemies":"Lots of Slimes","floor":14.0,"turns":3.0},{"damage":2.0,"enemies":"The Guardian","floor":16.0,"turns":11.0},{"damage":0.0,"enemies":"Spheric Guardian","floor":18.0,"turns":6.0},{"damage":4.0,"enemies":"Shell Parasite","floor":20.0,"turns":6.0},{"damage":10.0,"enemies":"Snake Plant","floor":21.0,"turns":7.0},{"damage":7.0,"enemies":"Slavers","floor":23.0,"turns":4.0},{"damage":0.0,"enemies":"Centurion and Healer","floor":24.0,"turns":7.0},{"damage":9.0,"enemies":"Shelled Parasite and Fungi","floor":25.0,"turns":6.0},{"damage":0.0,"enemies":"Book of Stabbing","floor":27.0,"turns":5.0},{"damage":0.0,"enemies":"Gremlin Leader","floor":30.0,"turns":10.0},{"damage":0.0,"enemies":"3 Cultists","floor":31.0,"turns":6.0},{"damage":0.0,"enemies":"Automaton","floor":33.0,"turns":14.0},{"damage":0.0,"enemies":"3 Shapes","floor":35.0,"turns":7.0},{"damage":0.0,"enemies":"3 Darklings","floor":37.0,"turns":5.0},{"damage":0.0,"enemies":"Reptomancer","floor":41.0,"turns":4.0},{"damage":0.0,"enemies":"Nemesis","floor":45.0,"turns":7.0},{"damage":0,"enemies":"Transient","floor":46,"turns":5},{"damage":0,"enemies":"Maw","floor":47,"turns":6},{"damage":0,"enemies":"Jaw Worm Horde","floor":48,"turns":4},{"damage":0,"enemies":"Donu and Deca","floor":50,"turns":10},{"damage":10,"enemies":"Shield and Spear","floor":54,"turns":5},{"damage":21,"enemies":"The Heart","floor":55,"turns":9}],"seed_played":"-8599125976236499450","potions_obtained":[{"floor":4.0,"key":"Block Potion"},{"floor":5.0,"key":"LiquidMemories"},{"floor":13.0,"key":"DuplicationPotion"},{"floor":13.0,"key":"Strength Potion"},{"floor":16.0,"key":"Fruit Juice"},{"floor":18.0,"key":"Fire Potion"},{"floor":30.0,"key":"EssenceOfSteel"},{"floor":37.0,"key":"Regen Potion"},{"floor":46,"key":"SneckoOil"},{"floor":54,"key":"FearPotion"}],"is_trial":false,"path_per_floor":["M","?","M","M","M","E","R","E","T","R","M","?","?","M","R","B",null,"M","$","M","M","$","E","M","M","T","E","?","R","E","M","R","B",null,"M","$","M","?","$","R","E","R","T","R","E","M","M","M","R","B",null,"R","$","E","B",null],"character_chosen":"THE_SILENT","items_purchased":["Toxic Egg 2","Blur+1","Bag of Preparation","Panache","Blur+1"],"campfire_rested":1,"item_purchase_floors":[22,22,36,39,53],"current_hp_per_floor":[45,45,43,43,39,25,25,3,3,24,24,24,24,18,18,21,62,62,62,58,48,48,41,41,32,32,32,32,32,32,32,32,32,64,64,64,64,64,64,64,64,64,64,64,64,75,75,75,75,75,75,75,75,65,44],"gold":86,"neow_bonus":"ONE_RARE_RELIC","is_daily":false,"chose_seed":false,"campfire_upgraded":5,"win_rate":0.0,"timestamp":1612017214,"path_taken":["M","?","M","M","M","E","R","E","T","R","M","?","?","M","R","BOSS","M","$","M","M","$","E","M","M","T","E","?","R","E","M","R","BOSS","M","$","M","?","$","R","E","R","T","R","E","M","M","?","R","BOSS","R","$","E","BOSS"],"items_purchased_type":["Relic","Card","Relic","Card","Card"],"build_version":"2020-12-18","purchased_purges":0,"victory":true,"max_hp_per_floor":[70,70,70,70,70,70,70,70,70,70,70,70,70,70,70,75,75,75,75,75,75,75,75,75,75,75,75,75,75,75,75,75,75,75,75,75,75,75,75,75,75,75,75,75,75,75,75,75,75,75,75,75,75,75,75],"relic_stats":{"counters":[29,179],"Dead Branch":[97],"PreservedInsect":317,"Bag of Preparation":[18],"Orichalcum":[0],"Cursed Key":2,"Centennial Puzzle":[5],"Shovel":3,"Shuriken":[9],"Bronze Scales":[189],"Turnip":[18],"Art of War":[11],"Kunai":[74],"obtain_stats":[{"Dead Branch":44,"Vajra":26,"PreservedInsect":9,"Omamori":9,"Bag of Preparation":36,"Paper Crane":27,"Orichalcum":54,"Cursed Key":17,"White Beast Statue":42,"Centennial Puzzle":30,"Matryoshka":6,"Shovel":41,"Shuriken":52,"Bronze Scales":45,"Turnip":0,"Bag of Marbles":8,"Art of War":26,"Coffee Dripper":34,"Kunai":23,"Toxic Egg 2":22,"Ring of the Snake":0},{"Dead Branch":22,"Vajra":15,"PreservedInsect":6,"Omamori":6,"Bag of Preparation":20,"Paper Crane":16,"Orichalcum":28,"Cursed Key":9,"White Beast Statue":22,"Centennial Puzzle":17,"Matryoshka":5,"Shovel":22,"Shuriken":27,"Bronze Scales":23,"Turnip":0,"Bag of Marbles":6,"Art of War":15,"Coffee Dripper":19,"Kunai":13,"Toxic Egg 2":12,"Ring of the Snake":0},{"Dead Branch":133,"Vajra":82,"PreservedInsect":31,"Omamori":31,"Bag of Preparation":124,"Paper Crane":87,"Orichalcum":170,"Cursed Key":46,"White Beast Statue":133,"Centennial Puzzle":97,"Matryoshka":27,"Shovel":133,"Shuriken":165,"Bronze Scales":140,"Turnip":0,"Bag of Marbles":31,"Art of War":82,"Coffee Dripper":117,"Kunai":69,"Toxic Egg 2":65,"Ring of the Snake":0}],"Ring of the Snake":[58]},"card_choices":[{"not_picked":["Prepared","Outmaneuver"],"picked":"Quick Slash","floor":1.0},{"not_picked":["Underhanded Strike","Flying Knee"],"picked":"Quick Slash","floor":3.0},{"not_picked":["Slice","Endless Agony"],"picked":"Footwork","floor":4.0},{"not_picked":["Slice","Blur"],"picked":"All Out Attack","floor":5.0},{"not_picked":["Slice","Noxious Fumes"],"picked":"Finisher","floor":6.0},{"not_picked":["Sucker Punch","Flechettes","Grand Finale"],"picked":"SKIP","floor":8.0},{"not_picked":["Caltrops","Escape Plan"],"picked":"Dodge and Roll","floor":11.0},{"not_picked":["Backstab","Outmaneuver"],"picked":"Noxious Fumes","floor":14.0},{"not_picked":["A Thousand Cuts","Grand Finale"],"picked":"Tools of the Trade","floor":16.0},{"not_picked":["Riddle With Holes","Deadly Poison","Dagger Spray"],"picked":"SKIP","floor":18.0},{"not_picked":["Blur","Acrobatics"],"picked":"Leg Sweep","floor":20.0},{"not_picked":["Skewer","All Out Attack","Underhanded Strike+1"],"picked":"SKIP","floor":21.0},{"not_picked":["Skewer","All Out Attack","Underhanded Strike+1"],"picked":"SKIP","floor":21.0},{"not_picked":["Caltrops","Dagger Throw","Deflect+1"],"picked":"SKIP","floor":23.0},{"not_picked":["Heel Hook","Deflect+1"],"picked":"Blade Dance+1","floor":24.0},{"not_picked":["Distraction+1","Quick Slash"],"picked":"Acrobatics+1","floor":25.0},{"not_picked":["Tactician+1","Sucker Punch","Quick Slash"],"picked":"SKIP","floor":27.0},{"not_picked":["Dash","Quick Slash"],"picked":"Doppelganger+1","floor":30.0},{"not_picked":["Cloak And Dagger+1","Tactician+1"],"picked":"Blur+1","floor":31.0},{"not_picked":["Unload","Corpse Explosion+1"],"picked":"Burst+1","floor":33.0},{"not_picked":["All Out Attack","PiercingWail+1"],"picked":"Footwork","floor":35.0},{"not_picked":["Bane","Caltrops","Underhanded Strike+1"],"picked":"SKIP","floor":37.0},{"not_picked":["Flying Knee","Distraction+1"],"picked":"Blade Dance+1","floor":41.0},{"not_picked":["Outmaneuver+1","Heel Hook"],"picked":"Deflect+1","floor":45.0},{"not_picked":["Quick Slash+1","Dagger Spray+1"],"picked":"Slice","floor":46},{"not_picked":["Dagger Throw","Dagger Spray","Sucker Punch"],"picked":"SKIP","floor":47},{"not_picked":["Setup+1","Deflect+1"],"picked":"Backflip+1","floor":48},{"not_picked":["Flechettes","Eviscerate"],"picked":"Dodge and Roll+1","floor":54}],"player_experience":483604,"relics_obtained":[{"floor":6.0,"key":"Matryoshka"},{"floor":8.0,"key":"Bag of Marbles"},{"floor":9.0,"key":"PreservedInsect"},{"floor":9.0,"key":"Omamori"},{"floor":23.0,"key":"Kunai"},{"floor":26.0,"key":"Art of War"},{"floor":26.0,"key":"Vajra"},{"floor":27.0,"key":"Paper Crane"},{"floor":30.0,"key":"Centennial Puzzle"},{"floor":41.0,"key":"Shovel"},{"floor":42.0,"key":"White Beast Statue"},{"floor":44.0,"key":"Dead Branch"},{"floor":45.0,"key":"Bronze Scales"},{"floor":52,"key":"Shuriken"},{"floor":54,"key":"Orichalcum"}],"event_choices":[{"damage_healed":0.0,"max_hp_gain":0.0,"max_hp_loss":0.0,"gold_gain":0.0,"event_name":"Living Wall","player_choice":"Grow","floor":2.0,"gold_loss":0.0,"damage_taken":0.0,"cards_upgraded":["Neutralize"]},{"damage_healed":0.0,"max_hp_gain":0.0,"max_hp_loss":0.0,"gold_gain":0.0,"event_name":"World of Goop","player_choice":"Left Gold","floor":12.0,"gold_loss":22.0,"damage_taken":0.0},{"damage_healed":0.0,"max_hp_gain":0.0,"max_hp_loss":0.0,"gold_gain":0.0,"event_name":"Lab","player_choice":"Got Potions","floor":13.0,"gold_loss":0.0,"damage_taken":0.0},{"damage_healed":0.0,"max_hp_gain":0.0,"max_hp_loss":0.0,"gold_gain":0.0,"event_name":"The Library","player_choice":"Read","floor":28.0,"gold_loss":0.0,"damage_taken":0.0,"cards_obtained":["Footwork"]},{"damage_healed":0.0,"max_hp_gain":0.0,"max_hp_loss":0.0,"gold_gain":0.0,"event_name":"Accursed Blacksmith","player_choice":"Forge","floor":38.0,"gold_loss":0.0,"damage_taken":0.0,"cards_upgraded":["Finisher"]}],"is_beta":true,"boss_relics":[{"not_picked":["Calling Bell","Velvet Choker"],"picked":"Cursed Key"},{"not_picked":["Runic Dome","SacredBark"],"picked":"Coffee Dripper"}],"items_purged_floors":[],"is_endless":false,"potions_floor_spawned":[4,5,14,16,18,20,23,25,30,37,45,46,47,48,54],"ascension_level":13}}