{"host":"yo9wwslrag05lh37","time":1612009733,"event":{"mods":["AchievementEnabler","BaseMod","Block Reminder","Colored Map","Colored Powertips","GifTheSpireLib","HexUI Lib","Highlight Path","Minty Spire (QoL Compilation)","Rare Cards Sparkle","Relic Stats","StSLib","everything is the same but u backflip on backflip"],"gold_per_floor":[15,34,34,34,54,54,81,95,118,118,118,136,136,161,161,234,234,247,247,197,216,216,216,235,235,285,319,54,70,104,126,138,150,162,190,213,225,248,285,331,363,392,452,479,491,503,532,558,570,582,594,606,618,151,186,186,186],"floor_reached":56,"language":"ENG","playtime":4070,"items_purged":["Bullet Time","Defend_G","Dagger Throw"],"score":1972,"play_id":"d5f05a36-6db4-4624-a9c9-249eeb904c74","local_time":"20210130132853","is_ascension_mode":true,"campfire_choices":[{"data":"All Out Attack","floor":6.0,"key":"SMITH"},{"data":"Noxious Fumes","floor":10.0,"key":"SMITH"},{"data":"Bouncing Flask","floor":13.0,"key":"SMITH"},{"data":"Footwork","floor":15.0,"key":"SMITH"},{"data":"Predator","floor":23.0,"key":"SMITH"},{"data":"Leg Sweep","floor":25.0,"key":"SMITH"},{"data":"Backflip","floor":32.0,"key":"SMITH"},{"floor":45.0,"key":"RECALL"},{"data":"1","floor":49,"key":"LIFT"},{"data":"2","floor":53,"key":"LIFT"}],"circlet_count":0,"master_deck":["AscendersBane","Defend_G","Defend_G","Defend_G+1","Defend_G","Survivor+1","Neutralize","Footwork+1","Dash+1","All Out Attack+1","Flying Knee","Noxious Fumes+1","Footwork+1","Bouncing Flask+1","Expertise+1","Doppelganger+1","Bullet Time+1","Predator+1","Leg Sweep+1","Backflip+1","Backflip","Dodge and Roll","Footwork","PiercingWail","Corpse Explosion","Predator"],"relics":["Ring of the Snake","Bag of Marbles","War Paint","Smiling Mask","Nunchaku","Astrolabe","Potion Belt","Thread and Needle","Lee\u0027s Waffle","MawBank","Coffee Dripper","Gambling Chip","Girya","Membership Card","Paper Crane","Toy Ornithopter","Pantograph"],"acts_visited":["Exordium","TheCity","TheBeyond","TheEnding"],"potions_floor_usage":[50,55,55,55,56,56],"damage_taken":[{"damage":0.0,"enemies":"Jaw Worm","floor":1.0,"turns":6.0},{"damage":0.0,"enemies":"Small Slimes","floor":2.0,"turns":5.0},{"damage":0.0,"enemies":"2 Louse","floor":5.0,"turns":3.0},{"damage":10.0,"enemies":"3 Sentries","floor":7.0,"turns":3.0},{"damage":1.0,"enemies":"Exordium Wildlife","floor":8.0,"turns":3.0},{"damage":1.0,"enemies":"Red Slaver","floor":12.0,"turns":4.0},{"damage":32.0,"enemies":"Gremlin Nob","floor":14.0,"turns":4.0},{"damage":4.0,"enemies":"The Guardian","floor":16.0,"turns":10.0},{"damage":0.0,"enemies":"Spheric Guardian","floor":18.0,"turns":3.0},{"damage":18.0,"enemies":"3 Byrds","floor":21.0,"turns":3.0},{"damage":0.0,"enemies":"3 Cultists","floor":24.0,"turns":4.0},{"damage":33.0,"enemies":"Slavers","floor":27.0,"turns":8.0},{"damage":0.0,"enemies":"Shelled Parasite and Fungi","floor":29.0,"turns":6.0},{"damage":0.0,"enemies":"Gremlin Leader","floor":30.0,"turns":6.0},{"damage":0.0,"enemies":"Centurion and Healer","floor":31.0,"turns":7.0},{"damage":13.0,"enemies":"Collector","floor":33.0,"turns":9.0},{"damage":0.0,"enemies":"Orb Walker","floor":35.0,"turns":3.0},{"damage":4.0,"enemies":"3 Darklings","floor":36.0,"turns":5.0},{"damage":5.0,"enemies":"Spire Growth","floor":38.0,"turns":6.0},{"damage":2.0,"enemies":"Mind Bloom Boss Battle","floor":39.0,"turns":7.0},{"damage":13.0,"enemies":"Giant Head","floor":40.0,"turns":10.0},{"damage":0.0,"enemies":"Sphere and 2 Shapes","floor":41.0,"turns":7.0},{"damage":10.0,"enemies":"Jaw Worm Horde","floor":42.0,"turns":6.0},{"damage":0.0,"enemies":"4 Shapes","floor":44.0,"turns":5.0},{"damage":3.0,"enemies":"Reptomancer","floor":46.0,"turns":4.0},{"damage":0,"enemies":"Sphere and 2 Shapes","floor":47,"turns":4},{"damage":0,"enemies":"Jaw Worm Horde","floor":48,"turns":1},{"damage":12,"enemies":"Donu and Deca","floor":50,"turns":11},{"damage":10,"enemies":"Awakened One","floor":51,"turns":21},{"damage":30,"enemies":"Shield and Spear","floor":55,"turns":8},{"damage":95,"enemies":"The Heart","floor":56,"turns":9}],"seed_played":"-6457603438921341554","potions_obtained":[{"floor":2.0,"key":"SkillPotion"},{"floor":5.0,"key":"Strength Potion"},{"floor":8.0,"key":"SmokeBomb"},{"floor":16.0,"key":"FearPotion"},{"floor":21.0,"key":"Poison Potion"},{"floor":29.0,"key":"Strength Potion"},{"floor":31.0,"key":"EssenceOfSteel"},{"floor":38.0,"key":"SmokeBomb"},{"floor":41.0,"key":"Swift Potion"},{"floor":42.0,"key":"EntropicBrew"},{"floor":48,"key":"Fire Potion"}],"is_trial":false,"path_per_floor":["M","M","?","?","M","R","E","M","T","R","?","M","R","E","R","B",null,"M","?","$","M","?","R","M","R","T","E","$","M","E","M","R","B",null,"M","M","?","M","?","E","M","M","T","M","R","E","M","M","R","B","B",null,"R","$","E","B"],"character_chosen":"THE_SILENT","items_purchased":["Lee\u0027s Waffle","Swift Potion","Membership Card","Paper Crane","Toy Ornithopter","LiquidMemories"],"campfire_rested":0,"item_purchase_floors":[28,28,54,54,54,54],"current_hp_per_floor":[59,59,59,64,64,64,54,53,53,53,42,41,41,9,9,5,55,55,55,55,37,37,37,37,37,37,4,78,78,78,78,78,65,75,75,71,71,66,64,51,51,41,41,41,41,38,38,38,38,26,16,60,60,60,45,0,0],"gold":186,"neow_bonus":"TRANSFORM_TWO_CARDS","is_daily":false,"chose_seed":false,"campfire_upgraded":7,"win_rate":0.0,"timestamp":1612009733,"path_taken":["M","M","?","?","M","R","E","?","T","R","?","M","R","E","R","BOSS","M","?","$","M","?","R","?","R","T","E","$","?","E","M","R","BOSS","M","M","?","M","?","E","M","M","T","M","R","E","M","M","R","BOSS","BOSS","R","$","E","BOSS"],"items_purchased_type":["Relic","Potion","Relic","Relic","Relic","Potion"],"build_version":"2020-12-22","purchased_purges":3,"victory":false,"max_hp_per_floor":[66,66,66,71,71,71,71,71,71,71,71,71,71,71,71,71,71,71,71,71,71,71,71,71,71,71,71,78,78,78,78,78,78,78,78,78,74,74,74,74,74,74,74,74,74,74,74,74,74,74,74,74,74,74,74,74,74],"relic_stats":{"Nunchaku":[25],"Lee\u0027s Waffle":74,"counters":[31,191],"Astrolabe":["Expertise","Doppelganger","Bullet Time"],"Gambling Chip":[52],"Pantograph":25,"War Paint":["Defend_G","Survivor"],"Smiling Mask":88,"MawBank":288,"obtain_stats":[{"Potion Belt":26,"Girya":40,"Lee\u0027s Waffle":28,"Astrolabe":17,"Thread and Needle":27,"War Paint":9,"Paper Crane":54,"Smiling Mask":11,"MawBank":30,"Nunchaku":14,"Gambling Chip":39,"Pantograph":55,"Bag of Marbles":7,"Coffee Dripper":34,"Membership Card":54,"Toy Ornithopter":54,"Ring of the Snake":0},{"Potion Belt":11,"Girya":21,"Lee\u0027s Waffle":12,"Astrolabe":8,"Thread and Needle":12,"War Paint":5,"Paper Crane":29,"Smiling Mask":5,"MawBank":14,"Nunchaku":7,"Gambling Chip":20,"Pantograph":30,"Bag of Marbles":4,"Coffee Dripper":16,"Membership Card":29,"Toy Ornithopter":29,"Ring of the Snake":0},{"Potion Belt":48,"Girya":115,"Lee\u0027s Waffle":56,"Astrolabe":38,"Thread and Needle":56,"War Paint":20,"Paper Crane":174,"Smiling Mask":20,"MawBank":68,"Nunchaku":28,"Gambling Chip":105,"Pantograph":182,"Bag of Marbles":17,"Coffee Dripper":84,"Membership Card":174,"Toy Ornithopter":174,"Ring of the Snake":0}],"Toy Ornithopter":25,"Ring of the Snake":[62]},"card_choices":[{"not_picked":["PiercingWail","Escape Plan"],"picked":"All Out Attack","floor":1.0},{"not_picked":["Outmaneuver","All Out Attack","Prepared"],"picked":"SKIP","floor":2.0},{"not_picked":["Sucker Punch","Prepared"],"picked":"Flying Knee","floor":5.0},{"not_picked":["Terror","Eviscerate"],"picked":"Noxious Fumes","floor":7.0},{"not_picked":["Sucker Punch","Underhanded Strike"],"picked":"Footwork","floor":8.0},{"not_picked":["Footwork","Masterful Stab"],"picked":"Bouncing Flask","floor":12.0},{"not_picked":["Finisher","Prepared","All Out Attack"],"picked":"SKIP","floor":14.0},{"not_picked":["Unload","Phantasmal Killer"],"picked":"Bullet Time","floor":16.0},{"not_picked":["Blade Dance","Dagger Spray"],"picked":"Predator","floor":18.0},{"not_picked":["Deadly Poison","Quick Slash"],"picked":"Dagger Throw","floor":21.0},{"not_picked":["Prepared","Endless Agony"],"picked":"Leg Sweep","floor":24.0},{"not_picked":["Deadly Poison","Noxious Fumes+1"],"picked":"Backflip","floor":27.0},{"not_picked":["Leg Sweep","Sucker Punch","Outmaneuver"],"picked":"SKIP","floor":29.0},{"not_picked":["Acrobatics","Prepared","Glass Knife"],"picked":"SKIP","floor":30.0},{"not_picked":["Dagger Throw","Sucker Punch"],"picked":"Backflip","floor":31.0},{"not_picked":["Dagger Throw","Quick Slash","Sucker Punch"],"picked":"SKIP","floor":35.0},{"not_picked":["Eviscerate+1","Underhanded Strike"],"picked":"Dodge and Roll","floor":36.0},{"not_picked":["Blade Dance","Bane+1","Slice"],"picked":"SKIP","floor":38.0},{"not_picked":["Expertise","Poisoned Stab"],"picked":"Footwork","floor":40.0},{"not_picked":["Deadly Poison","Bane"],"picked":"PiercingWail","floor":41.0},{"not_picked":["Dodge and Roll","Distraction","Backstab"],"picked":"SKIP","floor":42.0},{"not_picked":["Deadly Poison","Underhanded Strike"],"picked":"Corpse Explosion","floor":44.0},{"not_picked":["Bouncing Flask","Dagger Throw"],"picked":"Predator","floor":47},{"not_picked":["Prepared","Distraction","Underhanded Strike"],"picked":"SKIP","floor":48},{"not_picked":["All Out Attack+1","Outmaneuver","Backstab+1"],"picked":"SKIP","floor":55}],"player_experience":1536720,"relics_obtained":[{"floor":7.0,"key":"Bag of Marbles"},{"floor":9.0,"key":"War Paint"},{"floor":14.0,"key":"Nunchaku"},{"floor":26.0,"key":"Potion Belt"},{"floor":27.0,"key":"Thread and Needle"},{"floor":30.0,"key":"MawBank"},{"floor":39.0,"key":"Gambling Chip"},{"floor":40.0,"key":"Girya"},{"floor":55,"key":"Pantograph"}],"event_choices":[{"damage_healed":0.0,"max_hp_gain":0.0,"max_hp_loss":0.0,"gold_gain":0.0,"event_name":"Living Wall","player_choice":"Grow","floor":3.0,"gold_loss":0.0,"damage_taken":0.0,"cards_upgraded":["Dash"]},{"damage_healed":0.0,"max_hp_gain":5.0,"max_hp_loss":0.0,"gold_gain":0.0,"event_name":"Big Fish","player_choice":"Donut","floor":4.0,"gold_loss":0.0,"damage_taken":0.0},{"damage_healed":0.0,"max_hp_gain":0.0,"max_hp_loss":0.0,"gold_gain":0.0,"event_name":"Scrap Ooze","player_choice":"Success","floor":11.0,"gold_loss":0.0,"damage_taken":11.0,"relics_obtained":["Smiling Mask"]},{"damage_healed":0.0,"max_hp_gain":0.0,"max_hp_loss":0.0,"gold_gain":0.0,"event_name":"The Mausoleum","player_choice":"Ignored","floor":19.0,"gold_loss":0.0,"damage_taken":0.0},{"damage_healed":0.0,"max_hp_gain":0.0,"max_hp_loss":0.0,"gold_gain":0.0,"event_name":"Accursed Blacksmith","player_choice":"Forge","floor":22.0,"gold_loss":0.0,"damage_taken":0.0,"cards_upgraded":["Footwork"]},{"damage_healed":0.0,"max_hp_gain":0.0,"max_hp_loss":4.0,"gold_gain":0.0,"event_name":"Winding Halls","player_choice":"Max HP","floor":37.0,"gold_loss":0.0,"damage_taken":0.0},{"damage_healed":0.0,"max_hp_gain":0.0,"max_hp_loss":0.0,"gold_gain":0.0,"event_name":"MindBloom","player_choice":"Fight","floor":39.0,"gold_loss":0.0,"damage_taken":0.0}],"is_beta":false,"boss_relics":[{"not_picked":["HoveringKite","Empty Cage"],"picked":"Astrolabe"},{"not_picked":["SlaversCollar","Calling Bell"],"picked":"Coffee Dripper"}],"items_purged_floors":[20,28,54],"is_endless":false,"potions_floor_spawned":[2,5,8,16,21,29,31,33,38,41,42,46,48],"killed_by":"The Heart","ascension_level":20}}