{"host":"sygfylmorsvdndbx","time":1612034690,"event":{"mods":["AchievementEnabler","BaseMod","Highlight Path","Minty Spire (QoL Compilation)","Permanent Neow","Quick Restart","Relic Stats"],"gold_per_floor":[365,365,70,85,96,129,148,148,171,171,171,184,219,240,240,368,368,392,406,288,307,114,155,155,199,226,247,4,43,43,43,43,167,167,183,183,183,42,63,63,104,104,178,178,212,235,235,274,274,274,274,274,1,44,44],"floor_reached":56,"language":"ENG","playtime":6029,"items_purged":["Strike_P","Strike_P","Defend_P","Strike_P+1","Decay"],"score":1958,"play_id":"7b930d4e-9b40-48d5-bf76-94981061ba53","local_time":"20210130142450","is_ascension_mode":true,"campfire_choices":[{"data":"Eruption","floor":8.0,"key":"SMITH"},{"floor":11.0,"key":"REST"},{"data":"Adaptation","floor":15.0,"key":"SMITH"},{"data":"Vault","floor":24.0,"key":"SMITH"},{"data":"LikeWater","floor":32.0,"key":"SMITH"},{"data":"Crescendo","floor":40.0,"key":"SMITH"},{"floor":42.0,"key":"RECALL"},{"data":"Protect","floor":44.0,"key":"SMITH"},{"data":"Indignation","floor":47.0,"key":"SMITH"},{"data":"EmptyMind","floor":49,"key":"SMITH"},{"floor":52,"key":"REST"}],"circlet_count":0,"master_deck":["Strike_P+1","Defend_P+1","Eruption+1","Vigilance+1","MentalFortress+1","LessonLearned+1","FollowUp+1","FlurryOfBlows+1","Conclude+1","LikeWater+1","CutThroughFate+1","CutThroughFate+1","Protect+1","Adaptation+1","DeusExMachina+1","TalkToTheHand+1","SashWhip+1","FearNoEvil+1","Vault+1","ThirdEye+1","Scrawl+1","Protect+1","Ragnarok+1","Vault+1","LikeWater+1","Crescendo+1","CutThroughFate+1","ThirdEye+1","SashWhip+1","Indignation+1","Protect+1","EmptyMind+1","Scrawl+1","Wireheading+1","ThirdEye+1"],"relics":["PureWater","Molten Egg 2","Bronze Scales","Smiling Mask","Golden Idol","Bag of Marbles","Sozu","Anchor","Happy Flower","Gremlin Horn","White Beast Statue","MutagenicStrength","Cursed Key","Mercury Hourglass","Sundial","PreservedInsect","Bottled Tornado","DollysMirror","GoldenEye"],"acts_visited":["Exordium","TheCity","TheBeyond","TheEnding"],"potions_floor_usage":[55],"damage_taken":[{"damage":0.0,"enemies":"Small Slimes","floor":1.0,"turns":4.0},{"damage":0.0,"enemies":"2 Louse","floor":4.0,"turns":2.0},{"damage":0.0,"enemies":"Jaw Worm","floor":5.0,"turns":2.0},{"damage":11.0,"enemies":"3 Sentries","floor":6.0,"turns":4.0},{"damage":7.0,"enemies":"Looter","floor":7.0,"turns":5.0},{"damage":0.0,"enemies":"Blue Slaver","floor":12.0,"turns":2.0},{"damage":1.0,"enemies":"Lagavulin","floor":13.0,"turns":5.0},{"damage":0.0,"enemies":"Large Slime","floor":14.0,"turns":6.0},{"damage":0.0,"enemies":"Slime Boss","floor":16.0,"turns":2.0},{"damage":0.0,"enemies":"Spheric Guardian","floor":18.0,"turns":3.0},{"damage":3.0,"enemies":"2 Thieves","floor":19.0,"turns":3.0},{"damage":0.0,"enemies":"Snecko","floor":21.0,"turns":4.0},{"damage":1.0,"enemies":"Book of Stabbing","floor":23.0,"turns":2.0},{"damage":0.0,"enemies":"Gremlin Leader","floor":25.0,"turns":5.0},{"damage":0.0,"enemies":"Centurion and Healer","floor":27.0,"turns":4.0},{"damage":0.0,"enemies":"Book of Stabbing","floor":29.0,"turns":5.0},{"damage":0.0,"enemies":"Collector","floor":33.0,"turns":6.0},{"damage":0.0,"enemies":"3 Darklings","floor":35.0,"turns":3.0},{"damage":0.0,"enemies":"3 Shapes","floor":39.0,"turns":1.0},{"damage":0.0,"enemies":"Giant Head","floor":41.0,"turns":1.0},{"damage":0.0,"enemies":"Nemesis","floor":45.0,"turns":4.0},{"damage":0.0,"enemies":"Maw","floor":46.0,"turns":4.0},{"damage":0,"enemies":"Reptomancer","floor":48,"turns":2},{"damage":21,"enemies":"Donu and Deca","floor":50,"turns":5},{"damage":0,"enemies":"Shield and Spear","floor":54,"turns":3},{"damage":0,"enemies":"The Heart","floor":55,"turns":8}],"seed_played":"-330822550903244607","potions_obtained":[{"floor":1.0,"key":"SmokeBomb"},{"floor":6.0,"key":"PowerPotion"},{"floor":7.0,"key":"BlessingOfTheForge"},{"floor":12.0,"key":"Fire Potion"},{"floor":16.0,"key":"SpeedPotion"}],"is_trial":false,"path_per_floor":["M","?","$","M","M","E","M","R","T","?","R","M","E","M","R","B",null,"M","M","$","M","$","E","R","E","T","M","$","E","?","?","R","B",null,"M","?","?","$","M","R","E","R","T","R","E","M","R","E","R","B",null,"R","$","E","B",null],"character_chosen":"WATCHER","items_purchased":["Molten Egg 2","FollowUp+1","FearNoEvil+1","Anchor","Protect","Ragnarok+1","Crescendo","CutThroughFate+1","DollysMirror","Wireheading"],"campfire_rested":2,"item_purchase_floors":[3,3,20,22,28,28,38,38,53,53],"current_hp_per_floor":[51,51,51,51,51,40,33,33,33,33,53,53,52,52,52,52,63,63,60,60,60,60,59,59,59,59,59,59,59,59,59,59,59,65,65,64,64,64,64,64,64,64,64,64,64,64,64,64,64,43,59,64,64,64,64],"gold":44,"neow_bonus":"TWO_FIFTY_GOLD","is_daily":false,"chose_seed":false,"campfire_upgraded":8,"win_rate":0.0,"timestamp":1612034690,"path_taken":["M","?","$","M","M","E","M","R","T","?","R","M","E","M","R","BOSS","M","M","$","M","$","E","R","E","T","M","$","E","?","?","R","BOSS","M","?","?","$","M","R","E","R","T","R","E","M","R","E","R","BOSS","R","$","E","BOSS"],"items_purchased_type":["Relic","Card","Card","Relic","Card","Card","Card","Card","Relic","Card"],"build_version":"2020-12-22","purchased_purges":5,"victory":true,"max_hp_per_floor":[72,72,72,72,72,72,72,72,72,67,67,67,67,67,67,67,67,67,67,67,67,67,67,67,67,67,67,67,67,67,67,67,67,67,67,64,64,64,64,64,64,64,64,64,64,64,64,64,64,64,64,64,64,64,64],"relic_stats":{"Happy Flower":[17],"Gremlin Horn":[16,12],"counters":[26,95],"Golden Idol":198,"PreservedInsect":128,"Smiling Mask":375,"Cursed Key":1,"GoldenEye":[30],"Mercury Hourglass":[94],"Sozu":10,"Sundial":[6],"Bronze Scales":[168],"obtain_stats":[{"Happy Flower":23,"Gremlin Horn":25,"Golden Idol":10,"PreservedInsect":45,"Bottled Tornado":48,"Smiling Mask":9,"Cursed Key":34,"GoldenEye":54,"White Beast Statue":29,"Mercury Hourglass":41,"Sozu":17,"Anchor":22,"Sundial":43,"DollysMirror":53,"Bronze Scales":6,"MutagenicStrength":30,"Molten Egg 2":3,"Bag of Marbles":13,"PureWater":0},{"Happy Flower":13,"Gremlin Horn":14,"Golden Idol":5,"PreservedInsect":21,"Bottled Tornado":23,"Smiling Mask":5,"Cursed Key":17,"GoldenEye":25,"White Beast Statue":16,"Mercury Hourglass":20,"Sozu":9,"Anchor":12,"Sundial":20,"DollysMirror":24,"Bronze Scales":4,"MutagenicStrength":16,"Molten Egg 2":1,"Bag of Marbles":7,"PureWater":0},{"Happy Flower":44,"Gremlin Horn":49,"Golden Idol":17,"PreservedInsect":73,"Bottled Tornado":79,"Smiling Mask":17,"Cursed Key":64,"GoldenEye":87,"White Beast Statue":58,"Mercury Hourglass":69,"Sozu":32,"Anchor":42,"Sundial":69,"DollysMirror":84,"Bronze Scales":12,"MutagenicStrength":58,"Molten Egg 2":4,"Bag of Marbles":24,"PureWater":0}]},"card_choices":[{"not_picked":["SignatureMove","Collect"],"picked":"MentalFortress","floor":1.0},{"not_picked":["WindmillStrike+1","WaveOfTheHand"],"picked":"FlurryOfBlows+1","floor":4.0},{"not_picked":["FlurryOfBlows+1","Pray"],"picked":"Conclude+1","floor":5.0},{"not_picked":["MasterReality","CarveReality+1"],"picked":"LikeWater","floor":6.0},{"not_picked":["FlyingSleeves+1","Halt"],"picked":"CutThroughFate+1","floor":7.0},{"not_picked":["JustLucky+1","CrushJoints+1"],"picked":"CutThroughFate+1","floor":12.0},{"not_picked":["ThirdEye","Alpha"],"picked":"Protect","floor":13.0},{"not_picked":["Consecrate+1","Prostrate"],"picked":"Adaptation","floor":14.0},{"not_picked":["Devotion","LessonLearned+1"],"picked":"DeusExMachina","floor":16.0},{"not_picked":["SashWhip+1","ClearTheMind"],"picked":"TalkToTheHand+1","floor":18.0},{"not_picked":["CutThroughFate+1","WreathOfFlame"],"picked":"SashWhip+1","floor":19.0},{"not_picked":["PathToVictory","EmptyFist+1","InnerPeace+1"],"picked":"SKIP","floor":21.0},{"not_picked":["Weave+1","PathToVictory"],"picked":"Vault","floor":23.0},{"not_picked":["EmptyFist+1","Evaluate"],"picked":"ThirdEye+1","floor":25.0},{"not_picked":["Perseverance","Collect"],"picked":"Scrawl","floor":27.0},{"not_picked":["Wireheading","Conclude+1"],"picked":"LikeWater","floor":29.0},{"not_picked":["DevaForm","SpiritShield"],"picked":"Vault","floor":33.0},{"not_picked":["SashWhip+1","EmptyBody+1"],"picked":"LikeWater","floor":35.0},{"not_picked":["Conclude+1","Halt","ThirdEye+1"],"picked":"SKIP","floor":39.0},{"not_picked":["Conclude+1","Halt"],"picked":"ThirdEye+1","floor":39.0},{"not_picked":["Pray+1","EmptyFist+1"],"picked":"SashWhip+1","floor":41.0},{"not_picked":["MentalFortress+1","FlyingSleeves+1"],"picked":"Indignation","floor":45.0},{"not_picked":["ReachHeaven+1","PathToVictory"],"picked":"Protect","floor":46.0},{"not_picked":["DeceiveReality+1","BattleHymn"],"picked":"EmptyMind","floor":48},{"not_picked":["SpiritShield","BowlingBash+1"],"picked":"ThirdEye+1","floor":54}],"player_experience":358735,"relics_obtained":[{"floor":6.0,"key":"Bronze Scales"},{"floor":9.0,"key":"Smiling Mask"},{"floor":13.0,"key":"Bag of Marbles"},{"floor":23.0,"key":"Happy Flower"},{"floor":25.0,"key":"Gremlin Horn"},{"floor":29.0,"key":"White Beast Statue"},{"floor":41.0,"key":"Mercury Hourglass"},{"floor":43.0,"key":"Sundial"},{"floor":45.0,"key":"PreservedInsect"},{"floor":48,"key":"Bottled Tornado"},{"floor":54,"key":"GoldenEye"}],"event_choices":[{"damage_healed":0.0,"max_hp_gain":0.0,"max_hp_loss":0.0,"gold_gain":0.0,"cards_transformed":["Defend_P"],"event_name":"Living Wall","player_choice":"Change","floor":2.0,"gold_loss":0.0,"damage_taken":0.0,"cards_obtained":["LessonLearned"]},{"damage_healed":0.0,"max_hp_gain":0.0,"max_hp_loss":5.0,"gold_gain":0.0,"event_name":"Golden Idol","player_choice":"Lose Max HP","floor":10.0,"gold_loss":0.0,"damage_taken":0.0,"relics_obtained":["Golden Idol"]},{"damage_healed":0.0,"max_hp_gain":0.0,"max_hp_loss":0.0,"gold_gain":0.0,"event_name":"Drug Dealer","player_choice":"Inject Mutagens","floor":30.0,"gold_loss":0.0,"damage_taken":0.0,"relics_obtained":["MutagenicStrength"]},{"cards_removed":["Defend_P"],"damage_healed":0.0,"max_hp_gain":0.0,"max_hp_loss":0.0,"gold_gain":0.0,"event_name":"Back to Basics","player_choice":"Elegance","floor":31.0,"gold_loss":0.0,"damage_taken":0.0},{"damage_healed":0.0,"max_hp_gain":0.0,"max_hp_loss":3.0,"gold_gain":0.0,"event_name":"Winding Halls","player_choice":"Max HP","floor":36.0,"gold_loss":0.0,"damage_taken":0.0},{"cards_removed":["LikeWater"],"damage_healed":0.0,"max_hp_gain":0.0,"max_hp_loss":0.0,"gold_gain":0.0,"event_name":"Falling","player_choice":"Removed Power","floor":37.0,"gold_loss":0.0,"damage_taken":0.0}],"is_beta":false,"boss_relics":[{"not_picked":["Astrolabe","Ectoplasm"],"picked":"Sozu"},{"not_picked":["HolyWater","Pandora\u0027s Box"],"picked":"Cursed Key"}],"items_purged_floors":[20,22,28,38,53],"is_endless":false,"potions_floor_spawned":[1,6,7,12,16,23,27,33,35,39,41,45,46,48,54],"ascension_level":5}}