{"host":"vyjryxuuuxkt43k4","time":1612024347,"event":{"mods":["AchievementEnabler","BaseMod","Colored Map","DeckTracker","Keyboard Shortcuts","Minty Spire (QoL Compilation)","Permanent Neow","Quick Restart","Rare Cards Sparkle","StSLib","SuperFastMode","everything is the same but u backflip on backflip"],"gold_per_floor":[109,129,129,146,33,33,65,81,81,113,113,113,13,24,24,126,126,144,157,157,170,24,24,24,24],"floor_reached":24,"language":"KOR","playtime":766,"items_purged":["Strike_P","Defend_P"],"score":312,"play_id":"9d701ef3-d8a2-4afc-82a8-3c2a6bb8a8ad","local_time":"20210131013227","is_ascension_mode":true,"campfire_choices":[{"data":"Study","floor":6.0,"key":"SMITH"},{"data":"DeusExMachina","floor":12.0,"key":"SMITH"},{"data":"SignatureMove","floor":15.0,"key":"SMITH"},{"data":"EmptyFist","floor":23.0,"key":"SMITH"}],"circlet_count":0,"master_deck":["Defend_P","Defend_P","Eruption+1","Vigilance","DeusExMachina+1","FearNoEvil","FlurryOfBlows","EmptyFist+1","Study+1","FlurryOfBlows","SignatureMove+1","ConjureBlade","BowlingBash+1","ThirdEye+1","MentalFortress+1","TalkToTheHand+1","InnerPeace"],"relics":["PureWater","Bottled Flame","Frozen Egg 2","TeardropLocket","Astrolabe","ClockworkSouvenir"],"acts_visited":["Exordium","TheCity"],"potions_floor_usage":[],"damage_taken":[{"damage":0.0,"enemies":"Small Slimes","floor":1.0,"turns":3.0},{"damage":2.0,"enemies":"Cultist","floor":2.0,"turns":3.0},{"damage":0.0,"enemies":"2 Louse","floor":4.0,"turns":1.0},{"damage":12.0,"enemies":"3 Sentries","floor":7.0,"turns":6.0},{"damage":6.0,"enemies":"Looter","floor":8.0,"turns":3.0},{"damage":0.0,"enemies":"Gremlin Nob","floor":10.0,"turns":2.0},{"damage":16.0,"enemies":"Lots of Slimes","floor":14.0,"turns":4.0},{"damage":13.0,"enemies":"Hexaghost","floor":16.0,"turns":4.0},{"damage":4.0,"enemies":"Chosen","floor":18.0,"turns":2.0},{"damage":15.0,"enemies":"Shell Parasite","floor":19.0,"turns":3.0},{"damage":0.0,"enemies":"Centurion and Healer","floor":21.0,"turns":3.0},{"damage":35,"enemies":"Slavers","floor":24,"turns":2}],"seed_played":"-1927625668829849113","potions_obtained":[{"floor":1.0,"key":"StancePotion"},{"floor":4.0,"key":"SteroidPotion"},{"floor":8.0,"key":"ColorlessPotion"},{"floor":14.0,"key":"Swift Potion"},{"floor":18.0,"key":"DuplicationPotion"}],"is_trial":false,"path_per_floor":["M","M","?","M","$","R","E","M","T","E","?","R","$","M","R","B",null,"M","M","?","M","$","R","E"],"character_chosen":"WATCHER","items_purchased":["Study","ClockworkSouvenir"],"campfire_rested":0,"item_purchase_floors":[5,22],"current_hp_per_floor":[65,63,63,63,63,63,51,45,45,45,45,45,45,29,29,16,53,49,34,34,34,34,34,0,0],"gold":24,"neow_bonus":"THREE_RARE_CARDS","is_daily":false,"chose_seed":false,"campfire_upgraded":4,"win_rate":0.0,"timestamp":1612024347,"path_taken":["M","M","?","M","$","R","E","?","T","E","?","R","$","M","R","BOSS","M","M","?","M","$","R","E"],"items_purchased_type":["Card","Relic"],"build_version":"2020-12-22","purchased_purges":2,"victory":false,"max_hp_per_floor":[65,65,65,65,65,65,65,65,65,65,65,65,65,65,65,65,65,65,65,65,65,65,65,65,65],"card_choices":[{"not_picked":["Alpha","MasterReality"],"picked":"DeusExMachina","floor":0.0},{"not_picked":["Conclude","EmptyFist"],"picked":"FearNoEvil","floor":1.0},{"not_picked":["ThirdEye","Protect"],"picked":"FlurryOfBlows","floor":2.0},{"not_picked":["DeusExMachina","CutThroughFate"],"picked":"EmptyFist","floor":4.0},{"not_picked":["FollowUp","Pray","MentalFortress"],"picked":"SKIP","floor":7.0},{"not_picked":["CutThroughFate","ClearTheMind"],"picked":"FlurryOfBlows","floor":8.0},{"not_picked":["EmptyFist","Wireheading+1","SashWhip"],"picked":"SKIP","floor":10.0},{"not_picked":["WaveOfTheHand","JustLucky"],"picked":"SignatureMove","floor":14.0},{"not_picked":["LessonLearned","Alpha"],"picked":"ConjureBlade","floor":16.0},{"not_picked":["EmptyFist","Consecrate","CrushJoints+1"],"picked":"SKIP","floor":18.0},{"not_picked":["Consecrate","JustLucky+1"],"picked":"TalkToTheHand+1","floor":19.0},{"not_picked":["BowlingBash","ClearTheMind"],"picked":"InnerPeace","floor":21.0}],"player_experience":528171,"relics_obtained":[{"floor":7.0,"key":"Bottled Flame"},{"floor":9.0,"key":"Frozen Egg 2"},{"floor":10.0,"key":"TeardropLocket"}],"event_choices":[{"damage_healed":0.0,"max_hp_gain":0.0,"max_hp_loss":0.0,"gold_gain":0.0,"event_name":"Upgrade Shrine","player_choice":"Upgraded","floor":3.0,"gold_loss":0.0,"damage_taken":0.0,"cards_upgraded":["Eruption"]},{"damage_healed":0.0,"max_hp_gain":0.0,"max_hp_loss":0.0,"gold_gain":0.0,"event_name":"Liars Game","player_choice":"Ignored","floor":11.0,"gold_loss":0.0,"damage_taken":0.0},{"cards_removed":["Strike_P"],"damage_healed":0.0,"max_hp_gain":0.0,"max_hp_loss":0.0,"gold_gain":0.0,"event_name":"Back to Basics","player_choice":"Elegance","floor":20.0,"gold_loss":0.0,"damage_taken":0.0}],"is_beta":false,"boss_relics":[{"not_picked":["Runic Dome","Ectoplasm"],"picked":"Astrolabe"}],"items_purged_floors":[5,13],"is_endless":false,"potions_floor_spawned":[1,4,8,14,18],"killed_by":"Slavers","ascension_level":7}}