{"host":"nxnzcl474ro3ewbj","time":1612045657,"event":{"mods":["2.2 Compatiblity","Act Like it!","BaseMod","Better Third Choice","Better-Laid Plans","Colored Map","Custom Start","Highlight Path","Keyboard Shortcuts","Minty Spire (QoL Compilation)","Quick Restart","Rare Cards Sparkle","Relic Stats","Shop Mod","Slay the Relics Exporter","StSLib","SuperFastMode"],"gold_per_floor":[118,134,154,171,171,171,202,202,202,202,202,242,242,242,242,242,242],"floor_reached":16,"language":"KOR","playtime":232,"items_purged":[],"score":200,"play_id":"d19a5aee-7839-49c9-9ba2-2e130a612024","local_time":"20210131072737","is_ascension_mode":true,"campfire_choices":[{"data":"Flex","floor":6,"key":"SMITH"},{"data":"Sword Boomerang","floor":11,"key":"SMITH"},{"data":"Pommel Strike","floor":13,"key":"SMITH"},{"data":"Seeing Red","floor":15,"key":"SMITH"}],"circlet_count":0,"master_deck":["AscendersBane","Strike_R","Strike_R","Strike_R","Strike_R","Defend_R","Defend_R","Defend_R","Defend_R","Bash","Cleave","Pommel Strike+1","Flex+1","Seeing Red+1","Sword Boomerang+1"],"relics":["Burning Blood","Anchor","Ornamental Fan","Golden Idol","HornCleat"],"acts_visited":["Exordium"],"potions_floor_usage":[7,16,16],"damage_taken":[{"damage":0,"enemies":"Small Slimes","floor":1,"turns":3},{"damage":6,"enemies":"2 Louse","floor":2,"turns":3},{"damage":0,"enemies":"Jaw Worm","floor":3,"turns":3},{"damage":6,"enemies":"3 Louse","floor":4,"turns":4},{"damage":5,"enemies":"3 Sentries","floor":7,"turns":6},{"damage":38,"enemies":"Lagavulin","floor":12,"turns":6},{"damage":28,"enemies":"Slime Boss","floor":16,"turns":6}],"seed_played":"4838413844868131418","potions_obtained":[{"floor":2,"key":"Fire Potion"},{"floor":3,"key":"ColorlessPotion"},{"floor":4,"key":"Fire Potion"},{"floor":12,"key":"PowerPotion"}],"is_trial":false,"path_per_floor":["M","M","M","M","?","R","E","?","T","?","R","E","R","?","R","B"],"character_chosen":"IRONCLAD","items_purchased":[],"campfire_rested":0,"item_purchase_floors":[],"current_hp_per_floor":[74,74,75,75,80,80,80,52,52,52,52,20,20,20,20,0,0],"gold":242,"neow_bonus":"RANDOM_COMMON_RELIC","is_daily":false,"chose_seed":false,"campfire_upgraded":4,"win_rate":0.0,"timestamp":1612045657,"path_taken":["M","M","M","M","?","R","E","?","T","?","R","E","R","?","R","BOSS"],"items_purchased_type":[],"build_version":"2020-12-22","purchased_purges":0,"victory":false,"max_hp_per_floor":[75,75,75,75,80,80,80,80,80,80,80,80,80,80,80,80,80],"relic_stats":{"counters":[7,31],"Ornamental Fan":[24],"Golden Idol":8,"obtain_stats":[{"Anchor":0,"HornCleat":12,"Ornamental Fan":7,"Golden Idol":8,"Burning Blood":0},{"Anchor":0,"HornCleat":6,"Ornamental Fan":5,"Golden Idol":5,"Burning Blood":0},{"Anchor":0,"HornCleat":25,"Ornamental Fan":19,"Golden Idol":19,"Burning Blood":0}],"Burning Blood":30},"card_choices":[{"not_picked":["Pummel","Sever Soul"],"picked":"Cleave","floor":1},{"not_picked":["Clash","Infernal Blade"],"picked":"Pommel Strike","floor":2},{"not_picked":["Headbutt","Blood for Blood"],"picked":"Flex","floor":3},{"not_picked":["Ghostly Armor","Pommel Strike"],"picked":"Seeing Red","floor":4},{"not_picked":["Thunderclap","Armaments"],"picked":"Sword Boomerang","floor":7},{"not_picked":["True Grit","Searing Blow","Berserk"],"picked":"SKIP","floor":12}],"player_experience":83732,"relics_obtained":[{"floor":7,"key":"Ornamental Fan"},{"floor":12,"key":"HornCleat"}],"event_choices":[{"damage_healed":0,"gold_gain":0,"player_choice":"Donut","damage_taken":0,"max_hp_gain":5,"max_hp_loss":0,"event_name":"Big Fish","floor":5,"gold_loss":0},{"damage_healed":0,"gold_gain":0,"player_choice":"Take Damage","damage_taken":28,"relics_obtained":["Golden Idol"],"max_hp_gain":0,"max_hp_loss":0,"event_name":"Golden Idol","floor":8,"gold_loss":0},{"damage_healed":0,"gold_gain":0,"player_choice":"Ignored","damage_taken":202,"max_hp_gain":0,"max_hp_loss":0,"event_name":"betterThird:BetterSerpent","floor":10,"gold_loss":0},{"cards_removed":["Strike_R"],"damage_healed":0,"gold_gain":0,"player_choice":"Purged","damage_taken":0,"max_hp_gain":0,"max_hp_loss":0,"event_name":"Purifier","floor":14,"gold_loss":0}],"is_beta":false,"boss_relics":[],"items_purged_floors":[],"is_endless":false,"potions_floor_spawned":[2,3,4,12],"killed_by":"Slime Boss","ascension_level":17}}