{"host":"jeery1tr27t4bnnr","time":1612031290,"event":{"mods":["BaseMod","Colored Map","Colored Powertips","Downfall","Marisa£®ÏF”Í°°ƒß¿Ì…≥£©","Minty Spire (QoL Compilation)","Quick Restart","Remilia£®¿Ÿ√◊¿Ú—«£©","Replay The Spire","StSLib","The Administrix","The Animator","The Hierophant","The Mystic","The Servant 0.9.4","Youmu£®ªÍ∆«—˝√Œ£©","Yuri Mod"],"gold_per_floor":[409,426,77,77,93,93,93,93],"floor_reached":6,"language":"ZHS","playtime":515,"items_purged":[],"score":36,"play_id":"26cb5558-743c-4f90-85b1-07057e1f41ad","local_time":"20210131022810","daily_mods":["Heirloom","Time Dilation","Flight"],"is_ascension_mode":false,"campfire_choices":[],"circlet_count":0,"master_deck":["Guardian:Strike_Guardian","Guardian:Strike_Guardian","Guardian:Strike_Guardian","Guardian:Strike_Guardian","Guardian:Defend_Guardian","Guardian:Defend_Guardian","Guardian:Defend_Guardian","Guardian:Defend_Guardian","Guardian:CurlUp","Guardian:TwinSlam","Guardian:ShieldSpikes","Guardian:ShieldCharger+1","Guardian:Gem_Red","Guardian:Gem_Red","Guardian:EvasiveProtocol","Guardian:Harden","Guardian:BodySlam","Guardian:SentryBeam","Guardian:Gem_Lightblue"],"relics":["Guardian:ModeShifter","Old Coin"],"acts_visited":["Exordium"],"potions_floor_usage":[],"damage_taken":[{"damage":8,"enemies":"Jaw Worm","floor":1,"turns":5},{"damage":2,"enemies":"2 Louse","floor":2,"turns":3},{"damage":0,"enemies":"Small Slimes","floor":5,"turns":5},{"damage":14,"enemies":"Lagavulin","floor":6,"turns":8}],"seed_played":"9197752209054160590","potions_obtained":[{"floor":1,"key":"PowerPotion"}],"is_trial":true,"path_per_floor":["M","M","$","?","M","E"],"character_chosen":"GUARDIAN","items_purchased":["Guardian:Gem_Red","Guardian:EvasiveProtocol","Guardian:Harden","Guardian:BodySlam","Guardian:SentryBeam"],"campfire_rested":0,"item_purchase_floors":[3,3,3,3,3],"current_hp_per_floor":[72,70,70,70,70,56,56,56],"gold":93,"neow_bonus":"","is_daily":false,"chose_seed":false,"campfire_upgraded":0,"win_rate":0.0,"timestamp":1612031290,"path_taken":["M","M","$","?","M","E"],"items_purchased_type":["Card","Card","Card","Card","Card"],"build_version":"2020-12-22","purchased_purges":0,"victory":false,"max_hp_per_floor":[80,80,80,80,80,80,80,80],"card_choices":[{"not_picked":["Guardian:PrismaticBarrier","Guardian:TimeCapacitor"],"picked":"Guardian:ShieldSpikes","floor":1},{"not_picked":["Guardian:WalkerClaw","Guardian:Gem_Red"],"picked":"Guardian:ShieldCharger","floor":2},{"not_picked":["Guardian:TemporalStrike","Guardian:WalkerClaw"],"picked":"Guardian:Gem_Lightblue","floor":5}],"player_experience":168961,"relics_obtained":[],"event_choices":[],"is_beta":false,"boss_relics":[],"items_purged_floors":[],"is_endless":false,"potions_floor_spawned":[1],"killed_by":"Lagavulin","ascension_level":0}}