{"host":"0fm1w3v00gid44jl","time":1612028995,"event":{"mods":["AchievementEnabler","BaseMod","Colored Map","Colored Powertips","Displayed Cursed Tome","Downfall","Googly Eyes","Highlight Path","Minty Spire (QoL Compilation)","Permanent Neow","Relic Stats","StSLib","SuperFastMode","slay the spire mod where everything is the same but ironclad has a cowboy hat"],"gold_per_floor":[349,349,28,44,57,57,139,139,169,189,224,124,124,38,50,50,50,50],"floor_reached":16,"language":"ENG","playtime":80273,"items_purged":["downfall:Malfunctioning"],"score":108,"play_id":"11c377e5-b0ff-4cab-9b5e-d04ef1028634","local_time":"20210130114955","is_ascension_mode":false,"campfire_choices":[{"data":"sneckomod:SnekBite","floor":1,"key":"SMITH"},{"data":"sneckomod:MasterEye","floor":6,"key":"SMITH"},{"data":"sneckomod:RainOfDice","floor":8,"key":"SMITH"}],"circlet_count":0,"master_deck":["sneckomod:Strike","sneckomod:Strike+1","sneckomod:Defend","sneckomod:Defend+1","sneckomod:Defend+1","sneckomod:TailWhip","sneckomod:SnekBite+1","sneckomod:Unknown","sneckomod:RainOfDice+1","sneckomod:MasterEye+1","sneckomod:UnknownX","sneckomod:SlitherStrike","sneckomod:UnknownDraw","sneckomod:UnknownX","sneckomod:SoulRoll","sneckomod:Unknown2Cost","sneckomod:WideSting","Burst","sneckomod:UnknownX","sneckomod:IronFang","sneckomod:UnknownCommonAttack","sneckomod:SoulDraw","sneckomod:UnendingSupply"],"relics":["sneckomod:SneckoSoul","StrikeDummy","Oddly Smooth Stone","Pear","downfall:HeartBlessingGreen"],"acts_visited":["Exordium"],"potions_floor_usage":[16],"damage_taken":[{"damage":3,"enemies":"downfall:FleeingMerchant","floor":3,"turns":4},{"damage":0,"enemies":"Cultist","floor":4,"turns":2},{"damage":0,"enemies":"Small Slimes","floor":5,"turns":2},{"damage":39,"enemies":"3 Sentries","floor":9,"turns":6},{"damage":9,"enemies":"Jaw Worm","floor":10,"turns":3},{"damage":7,"enemies":"Lagavulin","floor":11,"turns":6},{"damage":5,"enemies":"downfall:FleeingMerchant","floor":14,"turns":4},{"damage":3,"enemies":"2 Fungi Beasts","floor":15,"turns":3},{"damage":41,"enemies":"DF_ARCHETYPE_STREAMLINE","floor":16,"turns":6}],"seed_played":"-1947143431185474695","potions_obtained":[{"floor":10,"key":"SneckoOil"},{"floor":15,"key":"Guardian:BlockOnCardUsePotion"}],"is_trial":false,"path_per_floor":["R","?","$","M","M","R","T","R","E","M","E","R","?","$","M","B"],"character_chosen":"THE_SNECKO","items_purchased":["sneckomod:MasterEye","sneckomod:UnknownX","sneckomod:SlitherStrike","sneckomod:UnknownCommonAttack","sneckomod:SoulDraw"],"campfire_rested":0,"item_purchase_floors":[3,3,3,14,14],"current_hp_per_floor":[81,81,78,78,78,78,78,78,39,30,33,33,33,28,25,0,0,0],"gold":50,"neow_bonus":"TWO_FIFTY_GOLD","is_daily":false,"chose_seed":false,"campfire_upgraded":3,"win_rate":0.0,"timestamp":1612028995,"path_taken":["R","?","$","M","M","R","T","R","E","M","E","R","?","$","M","BOSS"],"items_purchased_type":["Card","Card","Card","Card","Card"],"build_version":"2020-12-22","purchased_purges":1,"victory":false,"max_hp_per_floor":[81,81,81,81,81,81,81,81,81,81,91,91,91,91,91,91,91,91],"relic_stats":{"counters":[9,36],"obtain_stats":[{"Pear":11,"Oddly Smooth Stone":9,"downfall:HeartBlessingGreen":12,"sneckomod:SneckoSoul":0,"StrikeDummy":7},{"Pear":6,"Oddly Smooth Stone":4,"downfall:HeartBlessingGreen":6,"sneckomod:SneckoSoul":0,"StrikeDummy":3},{"Pear":23,"Oddly Smooth Stone":14,"downfall:HeartBlessingGreen":23,"sneckomod:SneckoSoul":0,"StrikeDummy":8}]},"card_choices":[{"not_picked":["sneckomod:SoulRoll","sneckomod:Unknown1Cost"],"picked":"sneckomod:RainOfDice","floor":3},{"not_picked":["sneckomod:UnknownExhaust","sneckomod:DiceCrush"],"picked":"sneckomod:UnknownDraw","floor":4},{"not_picked":["sneckomod:DangerNoodle","sneckomod:SoulRoll"],"picked":"sneckomod:UnknownX","floor":5},{"not_picked":["sneckomod:Memorize","sneckomod:DiceBlock"],"picked":"sneckomod:SoulRoll","floor":9},{"not_picked":["sneckomod:SoulDraw","sneckomod:WideSting"],"picked":"sneckomod:Unknown2Cost","floor":10},{"not_picked":["sneckomod:ImprovisedGuard","sneckomod:SerpentMind"],"picked":"sneckomod:WideSting","floor":11},{"not_picked":["sneckomod:DefensiveFlair","sneckomod:DiceBlock"],"picked":"sneckomod:IronFang","floor":14},{"not_picked":["sneckomod:Unknown2Cost","sneckomod:RainOfDice"],"picked":"sneckomod:UnendingSupply","floor":15}],"player_experience":1506589,"relics_obtained":[{"floor":7,"key":"StrikeDummy"},{"floor":9,"key":"Oddly Smooth Stone"},{"floor":11,"key":"Pear"}],"event_choices":[],"is_beta":false,"boss_relics":[],"items_purged_floors":[3],"is_endless":false,"potions_floor_spawned":[10,15],"killed_by":"DF_ARCHETYPE_STREAMLINE","ascension_level":0}}