{"host":"qfskrnw3pl1q86j0","time":1612030347,"event":{"mods":["BaseMod","Block Reminder","Hermit","Marisa????????","Minty Spire (QoL Compilation)","Quick Restart","Random Character Button","Relic Stats","StSLib","The Poker Player","slay the spire mod where everything is the same but ironclad has a cowboy hat"],"gold_per_floor":[114,74,93,111,111,111,124,124,148,163,163,194,194,68,68,167,167,184,204,303,218,230,230,250,250,332,232,232,73,73,73,73,73,73],"floor_reached":33,"language":"ENG","playtime":829,"items_purged":["Strike_R","Strike_R","Strike_R"],"score":243,"play_id":"baf24c97-99f0-49db-8a96-0109efc679c2","local_time":"20210130191227","is_ascension_mode":false,"campfire_choices":[{"data":"Bash","floor":6.0,"key":"SMITH"},{"data":"Searing Blow","floor":8.0,"key":"SMITH"},{"data":"Searing Blow+1","floor":13,"key":"SMITH"},{"data":"Searing Blow+2","floor":15,"key":"SMITH"},{"data":"Searing Blow+3","floor":23,"key":"SMITH"},{"data":"Searing Blow+4","floor":30,"key":"SMITH"},{"data":"Searing Blow+5","floor":32,"key":"SMITH"}],"circlet_count":0,"master_deck":["Strike_R","Defend_R","Defend_R","Defend_R","Defend_R","Bash+1","Inflame","Ghostly Armor","Pommel Strike","Searing Blow+6","Whirlwind","Shrug It Off","Impervious","Armaments+1","True Grit+1","Dual Wield","Ghostly Armor"],"relics":["Burning Blood","Toy Ornithopter","Juzu Bracelet","Potion Belt","Sozu","Shuriken","Matryoshka","Dream Catcher"],"acts_visited":["Exordium","TheCity"],"potions_floor_usage":[12,12],"damage_taken":[{"damage":1.0,"enemies":"Jaw Worm","floor":1.0,"turns":5.0},{"damage":3.0,"enemies":"2 Louse","floor":3.0,"turns":4.0},{"damage":5.0,"enemies":"Small Slimes","floor":4.0,"turns":5.0},{"damage":15.0,"enemies":"3 Louse","floor":7.0,"turns":6.0},{"damage":2.0,"enemies":"2 Fungi Beasts","floor":10.0,"turns":4.0},{"damage":18,"enemies":"3 Sentries","floor":12,"turns":5},{"damage":21,"enemies":"Slime Boss","floor":16,"turns":8},{"damage":5,"enemies":"Spheric Guardian","floor":18,"turns":3},{"damage":17,"enemies":"2 Thieves","floor":19,"turns":4},{"damage":0,"enemies":"Snecko","floor":22,"turns":4},{"damage":8,"enemies":"Snake Plant","floor":24,"turns":3},{"damage":85,"enemies":"Champ","floor":33,"turns":11}],"seed_played":"1565621164296493901","potions_obtained":[{"floor":4.0,"key":"PowerPotion"},{"floor":7.0,"key":"Explosive Potion"},{"floor":16,"key":"Explosive Potion"}],"is_trial":false,"path_per_floor":["M","$","M","M","?","R","M","R","T","M","?","E","R","$","R","B",null,"M","M","?","?","M","R","M","?","T","$","?","$","R","?","R","B"],"character_chosen":"IRONCLAD","items_purchased":["Ghostly Armor","Shrug It Off","Ghostly Armor"],"campfire_rested":0,"item_purchase_floors":[2,14,29],"current_hp_per_floor":[80,80,80,80,55,55,46,46,46,50,55,53,53,53,53,38,85,85,74,74,74,80,80,78,78,78,78,78,78,78,78,78,0,0],"gold":73,"neow_bonus":"REMOVE_CARD","is_daily":false,"chose_seed":false,"campfire_upgraded":7,"win_rate":0.0,"timestamp":1612030347,"path_taken":["M","$","M","M","?","R","M","R","T","M","?","E","R","$","R","BOSS","M","M","?","?","M","R","M","?","T","$","?","$","R","?","R","BOSS"],"items_purchased_type":["Card","Card","Card"],"build_version":"2020-12-22","purchased_purges":3,"victory":false,"max_hp_per_floor":[80,80,80,80,80,80,80,80,80,80,85,85,85,85,85,85,85,85,85,85,85,85,85,85,85,85,85,85,85,85,85,85,85,85],"relic_stats":{"Sozu":2,"Dream Catcher":0,"counters":[12,62],"Shuriken":[0],"Juzu Bracelet":1,"obtain_stats":[{"Potion Belt":12,"Sozu":17,"Dream Catcher":31,"Matryoshka":26,"Shuriken":21,"Juzu Bracelet":9,"Burning Blood":0,"Toy Ornithopter":5},{"Potion Belt":6,"Sozu":7,"Dream Catcher":11,"Matryoshka":11,"Shuriken":9,"Juzu Bracelet":4,"Burning Blood":0,"Toy Ornithopter":3},{"Potion Belt":29,"Sozu":37,"Dream Catcher":51,"Matryoshka":51,"Shuriken":44,"Juzu Bracelet":20,"Burning Blood":0,"Toy Ornithopter":14}],"Burning Blood":56,"Toy Ornithopter":10},"card_choices":[{"not_picked":["Thunderclap","Perfected Strike"],"picked":"Inflame","floor":1.0},{"not_picked":["Perfected Strike","Thunderclap"],"picked":"Pommel Strike","floor":3.0},{"not_picked":["Fire Breathing","Inflame"],"picked":"Searing Blow","floor":4.0},{"not_picked":["Thunderclap","Shockwave","Headbutt"],"picked":"SKIP","floor":7.0},{"not_picked":["Iron Wave","Thunderclap","Anger"],"picked":"SKIP","floor":10.0},{"not_picked":["Reaper","Dual Wield"],"picked":"Whirlwind","floor":12},{"not_picked":["Demon Form","Berserk"],"picked":"Impervious","floor":16},{"not_picked":["Perfected Strike+1","Thunderclap"],"picked":"Armaments+1","floor":18},{"not_picked":["Armaments","Reckless Charge+1","True Grit"],"picked":"SKIP","floor":19},{"not_picked":["Combust","Iron Wave","Clothesline"],"picked":"SKIP","floor":22},{"not_picked":["Perfected Strike","Whirlwind"],"picked":"True Grit+1","floor":24}],"player_experience":1024108,"relics_obtained":[{"floor":9.0,"key":"Juzu Bracelet"},{"floor":12,"key":"Potion Belt"},{"floor":26,"key":"Matryoshka"}],"event_choices":[{"damage_healed":0.0,"max_hp_gain":0.0,"max_hp_loss":0.0,"gold_gain":0.0,"event_name":"Scrap Ooze","player_choice":"Success","floor":5.0,"gold_loss":0.0,"damage_taken":25.0,"relics_obtained":["Toy Ornithopter"]},{"damage_healed":0.0,"max_hp_gain":5.0,"max_hp_loss":0.0,"gold_gain":0.0,"event_name":"Big Fish","player_choice":"Donut","floor":11.0,"gold_loss":0.0,"damage_taken":0.0},{"damage_healed":0,"gold_gain":99,"player_choice":"Stole From Cult","damage_taken":0,"max_hp_gain":0,"max_hp_loss":0,"event_name":"Nest","floor":20,"gold_loss":0},{"damage_healed":0,"gold_gain":0,"player_choice":"Obtained Relic","damage_taken":0,"relics_obtained":["Shuriken"],"max_hp_gain":0,"max_hp_loss":0,"event_name":"Addict","floor":21,"gold_loss":85},{"damage_healed":0,"gold_gain":0,"player_choice":"Ignored","damage_taken":0,"max_hp_gain":0,"max_hp_loss":0,"event_name":"Vampires","floor":25,"gold_loss":0},{"damage_healed":0,"gold_gain":0,"player_choice":"Read","damage_taken":0,"max_hp_gain":0,"max_hp_loss":0,"event_name":"The Library","floor":28,"gold_loss":0,"cards_obtained":["Dual Wield"]},{"damage_healed":0,"gold_gain":0,"player_choice":"Opened","damage_taken":0,"relics_obtained":["Dream Catcher"],"max_hp_gain":0,"max_hp_loss":0,"event_name":"The Mausoleum","floor":31,"gold_loss":0}],"is_beta":false,"boss_relics":[{"not_picked":["Ectoplasm","Mark of Pain"],"picked":"Sozu"}],"items_purged_floors":[14,27,29],"is_endless":false,"potions_floor_spawned":[4,7,16,18,22],"killed_by":"Champ","ascension_level":0}}