{"host":"ocll6kdfqxraqtza","time":1612019759,"event":{"mods":["2.2 Compatiblity","Act Like it!","Aspiration","BaseMod","Better Third Choice","Gensokyo","Hallownest","Hermit","Hubris","Jorbs\u0027s Wanderer Trilogy","Luminous","Marisa（霧雨　魔理沙）","Minty Spire (QoL Compilation)","Reimu（博??梦）","Replay The Spire","Shade Mod","StSLib","The Alterego","The Bug Knight","The Cursed","The Hierophant","The Marked","The Runesmith","TheBandit","Wandering Minibosses"],"gold_per_floor":[118,118,136,136,147,147,182,193,219,219,231,266,366,384,384,384,384],"floor_reached":16,"language":"ENG","playtime":585,"items_purged":[],"score":126,"play_id":"9a5a595a-018b-4433-bbeb-9a77dcfed2f0","local_time":"20210130231559","is_ascension_mode":true,"campfire_choices":[{"data":"BasicCrystalCard","floor":6,"key":"SMITH"},{"data":"Storm of Steel","floor":10,"key":"SMITH"},{"data":"Creative AI","floor":15,"key":"SMITH"}],"circlet_count":0,"master_deck":["Strike_B","Defend_B","Defend_B","Zap","Dualcast","Conserve Battery","BasicCrystalCard+1","All Out Attack","Storm of Steel+1","Die Die Die","Storm","Heatsinks","White Noise","ReplayGash","Sunder","Creative AI+1"],"relics":["Cracked Core","Torii","RuthlessExorcism:ReiMu","Replay:Bottled Flurry"],"acts_visited":["Gensokyo:Gensokyo"],"potions_floor_usage":[],"damage_taken":[{"damage":6,"enemies":"Gensokyo:Gryphon","floor":1,"turns":4},{"damage":9,"enemies":"Gensokyo:3_Fairies","floor":3,"turns":5},{"damage":3,"enemies":"Gensokyo:2_Kodama","floor":5,"turns":2},{"damage":15,"enemies":"Gensokyo:Mamizou","floor":7,"turns":7},{"damage":0,"enemies":"Gensokyo:LivingMonolith","floor":8,"turns":3},{"damage":0,"enemies":"Gensokyo:Kitsune","floor":11,"turns":2},{"damage":8,"enemies":"Gensokyo:Cirno","floor":12,"turns":5},{"damage":9,"enemies":"Gensokyo:VengefulSpirit","floor":14,"turns":3},{"damage":16,"enemies":"Gensokyo:Reimu","floor":16,"turns":5}],"seed_played":"547285168513383804","potions_obtained":[{"floor":8,"key":"Dexterity Potion"},{"floor":11,"key":"PotionOfCapacity"},{"floor":14,"key":"Energy Potion"}],"is_trial":false,"path_per_floor":["M","?","M","?","M","R","E","M","T","R","M","E","?","M","R","B"],"character_chosen":"DEFECT","items_purchased":[],"campfire_rested":0,"item_purchase_floors":[],"current_hp_per_floor":[48,55,46,46,43,43,28,28,28,28,28,20,20,11,11,0,0],"gold":384,"neow_bonus":"REMOVE_TWO","is_daily":false,"chose_seed":false,"campfire_upgraded":3,"win_rate":0.0,"timestamp":1612019759,"path_taken":["M","?","M","?","?","R","E","M","T","R","M","E","?","M","R","BOSS"],"items_purchased_type":[],"build_version":"2020-12-22","purchased_purges":0,"victory":false,"max_hp_per_floor":[75,82,82,82,82,82,82,82,82,82,82,82,82,82,82,82,82],"card_choices":[{"not_picked":["Hologram","hubris:Ukulele"],"picked":"Conserve Battery","floor":1},{"not_picked":["Streamline","ReplayTheSpireMod:Repulse"],"picked":"BasicCrystalCard","floor":3},{"not_picked":["Panic Button","Rebound"],"picked":"Storm","floor":5},{"not_picked":["hubris:SpecializedCircuitry","Consume"],"picked":"Heatsinks","floor":7},{"not_picked":["Stack","Conserve Battery"],"picked":"White Noise","floor":8},{"not_picked":["Stack","hubris:Ukulele"],"picked":"ReplayGash","floor":11},{"not_picked":["Sweeping Beam","Panic Button"],"picked":"Sunder","floor":12},{"not_picked":["Beam Cell","Sweeping Beam"],"picked":"Creative AI","floor":14}],"player_experience":474400,"relics_obtained":[{"floor":7,"key":"Torii"},{"floor":9,"key":"RuthlessExorcism:ReiMu"},{"floor":12,"key":"Replay:Bottled Flurry"}],"event_choices":[],"is_beta":false,"boss_relics":[],"items_purged_floors":[],"is_endless":false,"potions_floor_spawned":[8,11,14],"killed_by":"Gensokyo:Reimu","ascension_level":3}}