{"host":"q0qnzbgdx8oqogg9","time":1612021994,"event":{"mods":["BaseMod","Minty Spire (QoL Compilation)","StSLib"],"gold_per_floor":[112,131,146,165,179,179,196,196,196,196,207,217,217,231,231,306,306,326,81,111,111,126,126,51,84,109,144,59,76,76,90,90,162,162,174,174,174,191,206,236,236,264,287,317,335,335,335,13,13,13],"floor_reached":51,"language":"ENG","playtime":2952,"items_purged":["Strike_G","All Out Attack"],"score":1357,"play_id":"b46c51fa-f7d0-4a64-bc9a-5c62f12151d8","local_time":"20210130105314","is_ascension_mode":true,"campfire_choices":[{"data":"Footwork","floor":6.0,"key":"SMITH"},{"floor":8.0,"key":"REST"},{"data":"Footwork","floor":10.0,"key":"SMITH"},{"floor":13.0,"key":"REST"},{"data":"Leg Sweep","floor":15.0,"key":"SMITH"},{"data":"Footwork","floor":23.0,"key":"SMITH"},{"data":"Crippling Poison","floor":30,"key":"SMITH"},{"floor":32,"key":"REST"},{"data":"Footwork","floor":41,"key":"SMITH"},{"data":"Bouncing Flask","floor":47,"key":"SMITH"},{"data":"Adrenaline","floor":49,"key":"SMITH"}],"circlet_count":0,"master_deck":["AscendersBane","Strike_G","Strike_G","Strike_G","Defend_G","Defend_G","Defend_G","Defend_G","Defend_G","Survivor","Neutralize","Bullet Time","Footwork+1","Poisoned Stab","Underhanded Strike","Footwork+1","Noxious Fumes","Deadly Poison","Leg Sweep+1","Adrenaline+1","Bouncing Flask+1","Tactician","Panacea","Footwork+1","Heel Hook","Crippling Poison+1","Bullet Time","Predator","Footwork+1","Choke+1","PiercingWail","Caltrops"],"relics":["Ring of the Serpent","Vajra","Runic Pyramid","Red Mask","MutagenicStrength","Centennial Puzzle","Toy Ornithopter","Orichalcum","Gremlin Horn","FossilizedHelix","Oddly Smooth Stone","Bag of Preparation","White Beast Statue","Strawberry"],"acts_visited":["Exordium","TheCity","TheBeyond"],"potions_floor_usage":[50,50,50,50,50],"damage_taken":[{"damage":0.0,"enemies":"Cultist","floor":1.0,"turns":5.0},{"damage":8.0,"enemies":"Jaw Worm","floor":2.0,"turns":8.0},{"damage":0.0,"enemies":"2 Louse","floor":3.0,"turns":4.0},{"damage":0.0,"enemies":"2 Fungi Beasts","floor":4.0,"turns":5.0},{"damage":13.0,"enemies":"3 Louse","floor":5.0,"turns":5.0},{"damage":20.0,"enemies":"Exordium Thugs","floor":7.0,"turns":5.0},{"damage":4.0,"enemies":"Exordium Wildlife","floor":11.0,"turns":5.0},{"damage":5.0,"enemies":"Blue Slaver","floor":12.0,"turns":4.0},{"damage":1.0,"enemies":"2 Fungi Beasts","floor":14.0,"turns":4.0},{"damage":2.0,"enemies":"The Guardian","floor":16.0,"turns":11.0},{"damage":1.0,"enemies":"3 Byrds","floor":18.0,"turns":6.0},{"damage":15.0,"enemies":"Masked Bandits","floor":20.0,"turns":5.0},{"damage":0.0,"enemies":"Chosen","floor":22.0,"turns":5.0},{"damage":4.0,"enemies":"Gremlin Leader","floor":25.0,"turns":8.0},{"damage":11.0,"enemies":"Slavers","floor":27.0,"turns":6.0},{"damage":4,"enemies":"3 Cultists","floor":29,"turns":7},{"damage":7,"enemies":"Snecko","floor":31,"turns":5},{"damage":1,"enemies":"Champ","floor":33,"turns":14},{"damage":6,"enemies":"Orb Walker","floor":35,"turns":5},{"damage":0,"enemies":"3 Darklings","floor":38,"turns":6},{"damage":5,"enemies":"Sphere and 2 Shapes","floor":39,"turns":5},{"damage":2,"enemies":"Nemesis","floor":40,"turns":9},{"damage":0,"enemies":"Giant Head","floor":42,"turns":10},{"damage":0,"enemies":"Nemesis","floor":44,"turns":11},{"damage":19,"enemies":"Jaw Worm Horde","floor":45,"turns":7},{"damage":51,"enemies":"Awakened One","floor":50,"turns":14}],"seed_played":"807688952129668330","potions_obtained":[{"floor":4.0,"key":"Poison Potion"},{"floor":7.0,"key":"Energy Potion"},{"floor":12.0,"key":"FearPotion"},{"floor":14.0,"key":"DistilledChaos"},{"floor":16.0,"key":"SkillPotion"},{"floor":20.0,"key":"SneckoOil"},{"floor":27,"key":"Explosive Potion"},{"floor":31,"key":"BlessingOfTheForge"},{"floor":33,"key":"EntropicBrew"},{"floor":45,"key":"EntropicBrew"}],"is_trial":false,"path_per_floor":["M","M","M","M","M","R","M","R","T","R","M","M","R","M","R","B",null,"M","$","?","?","M","R","?","E","T","E","?","M","R","M","R","B",null,"M","?","?","M","M","E","R","E","T","E","M","?","R","$","R","B",null],"character_chosen":"THE_SILENT","items_purchased":["Tactician","Panacea","Caltrops","Strawberry"],"campfire_rested":3,"item_purchase_floors":[19,19,48,48],"current_hp_per_floor":[44,36,36,36,23,23,3,22,22,22,18,13,32,31,31,29,57,56,56,41,41,41,41,41,37,37,31,31,27,27,20,39,38,59,53,53,53,53,48,46,46,46,46,46,27,55,55,62,62,11],"gold":13,"neow_bonus":"THREE_RARE_CARDS","is_daily":false,"chose_seed":false,"campfire_upgraded":8,"win_rate":0.0,"timestamp":1612021994,"path_taken":["M","M","M","M","?","R","M","R","T","R","M","M","R","M","R","BOSS","M","$","?","?","M","R","?","E","T","E","?","M","R","M","R","BOSS","M","?","?","M","?","E","R","E","T","E","M","?","R","$","R","BOSS"],"items_purchased_type":["Card","Card","Card","Relic"],"build_version":"2020-12-22","purchased_purges":2,"victory":true,"max_hp_per_floor":[66,66,66,66,66,66,66,66,66,66,66,66,66,66,66,66,66,66,66,66,66,66,66,66,66,66,66,66,66,66,66,66,66,66,66,66,63,63,63,63,63,63,63,63,63,55,55,62,62,62],"card_choices":[{"not_picked":["Malaise","Phantasmal Killer"],"picked":"Bullet Time","floor":0.0},{"not_picked":["Backflip","Cloak And Dagger"],"picked":"Footwork","floor":1.0},{"not_picked":["Flechettes","Blade Dance"],"picked":"Poisoned Stab","floor":2.0},{"not_picked":["Dagger Spray","Outmaneuver"],"picked":"Underhanded Strike","floor":3.0},{"not_picked":["Terror","Escape Plan"],"picked":"All Out Attack","floor":4.0},{"not_picked":["Blade Dance","Flying Knee"],"picked":"Footwork","floor":5.0},{"not_picked":["Caltrops","Flying Knee"],"picked":"Noxious Fumes","floor":7.0},{"not_picked":["Outmaneuver","Masterful Stab","Acrobatics"],"picked":"SKIP","floor":11.0},{"not_picked":["A Thousand Cuts","Backflip"],"picked":"Deadly Poison","floor":12.0},{"not_picked":["Deadly Poison","Finisher"],"picked":"Leg Sweep","floor":14.0},{"not_picked":["After Image","Glass Knife"],"picked":"Adrenaline","floor":16.0},{"not_picked":["Choke","Slice"],"picked":"Bouncing Flask","floor":18.0},{"not_picked":["Skewer","Distraction"],"picked":"Footwork","floor":22.0},{"not_picked":["Cloak And Dagger","Prepared"],"picked":"Heel Hook","floor":25.0},{"not_picked":["Prepared","Dagger Throw"],"picked":"Crippling Poison","floor":27},{"not_picked":["Setup","Terror+1","Quick Slash"],"picked":"SKIP","floor":29},{"not_picked":["Outmaneuver","Dagger Throw","Caltrops"],"picked":"SKIP","floor":31},{"not_picked":["Night Terror","Grand Finale"],"picked":"Bullet Time","floor":33},{"not_picked":["Poisoned Stab","Eviscerate"],"picked":"Predator","floor":35},{"not_picked":["Calculated Gamble","Poisoned Stab","Prepared"],"picked":"SKIP","floor":38},{"not_picked":["Underhanded Strike","Calculated Gamble","Cloak And Dagger"],"picked":"SKIP","floor":39},{"not_picked":["Unload","Masterful Stab"],"picked":"Footwork","floor":40},{"not_picked":["Dash","Backflip"],"picked":"Choke+1","floor":42},{"not_picked":["Dagger Throw","Backflip"],"picked":"PiercingWail","floor":44},{"not_picked":["Grand Finale","Acrobatics","Outmaneuver"],"picked":"SKIP","floor":45}],"player_experience":323184,"relics_obtained":[{"floor":9.0,"key":"Vajra"},{"floor":20.0,"key":"Red Mask"},{"floor":25.0,"key":"Centennial Puzzle"},{"floor":26.0,"key":"Toy Ornithopter"},{"floor":27,"key":"Orichalcum"},{"floor":40,"key":"FossilizedHelix"},{"floor":42,"key":"Oddly Smooth Stone"},{"floor":43,"key":"Bag of Preparation"},{"floor":44,"key":"White Beast Statue"}],"event_choices":[{"damage_healed":0.0,"max_hp_gain":0.0,"max_hp_loss":0.0,"gold_gain":0.0,"event_name":"Masked Bandits","player_choice":"Fought Bandits","floor":20.0,"gold_loss":0.0,"damage_taken":0.0},{"damage_healed":0.0,"max_hp_gain":0.0,"max_hp_loss":0.0,"gold_gain":0.0,"event_name":"Drug Dealer","player_choice":"Inject Mutagens","floor":21.0,"gold_loss":0.0,"damage_taken":0.0,"relics_obtained":["MutagenicStrength"]},{"cards_removed":["Strike_G"],"damage_healed":0.0,"max_hp_gain":0.0,"max_hp_loss":0.0,"gold_gain":0.0,"event_name":"Beggar","player_choice":"Gave Gold","floor":24.0,"gold_loss":75.0,"damage_taken":0.0},{"damage_healed":0,"gold_gain":0,"player_choice":"Obtained Relic","damage_taken":0,"relics_obtained":["Gremlin Horn"],"max_hp_gain":0,"max_hp_loss":0,"event_name":"Addict","floor":28,"gold_loss":85},{"damage_healed":0,"gold_gain":0,"player_choice":"Memory 1","damage_taken":0,"max_hp_gain":0,"max_hp_loss":0,"event_name":"SensoryStone","floor":36,"gold_loss":0},{"damage_healed":0,"gold_gain":0,"player_choice":"Max HP","damage_taken":0,"max_hp_gain":0,"max_hp_loss":3,"event_name":"Winding Halls","floor":37,"gold_loss":0},{"damage_healed":55,"gold_gain":0,"player_choice":"Heal","damage_taken":0,"max_hp_gain":0,"max_hp_loss":8,"event_name":"The Moai Head","floor":46,"gold_loss":0}],"is_beta":false,"boss_relics":[{"not_picked":["SacredBark","Sozu"],"picked":"Runic Pyramid"},{"not_picked":["Tiny House","Snecko Eye"],"picked":"Ring of the Serpent"}],"items_purged_floors":[19,48],"is_endless":false,"potions_floor_spawned":[4,7,12,14,16,20,27,31,33,35,38,39,44,45],"ascension_level":14}}