{"host":"d5i1qeb9dejicw1z","time":1612037506,"event":{"mods":["AchievementEnabler","BaseMod","Better Note","BetterRewards","Gold Saver","Minty Spire (QoL Compilation)","Permanent Neow","Relic Filter Mod","Reliquary","Replay The Spire","StSLib"],"gold_per_floor":[429,440,457,91,91,91,91,107,107,132,152,11,24,24,24,24,24],"floor_reached":16,"language":"ENG","playtime":549,"items_purged":["Strike_G"],"score":199,"play_id":"fc8b140e-0a05-4b1d-9c54-cc73ca52007a","local_time":"20210130121146","is_ascension_mode":true,"campfire_choices":[{"data":"Footwork","floor":6,"key":"SMITH"}],"circlet_count":0,"master_deck":["AscendersBane","Strike_G","Strike_G","Strike_G","Strike_G","Defend_G","Defend_G","Defend_G","Defend_G","Defend_G","Survivor","Neutralize","Bane","Footwork+1","Poisoned Stab","Poisoned Stab","PiercingWail","Good Instincts","Venomology+1"],"relics":["Ring of the Snake","BargainBundle","Tiny Chest","Frozen Egg 2","StrikeDummy","ReplayTheSpireMod:ShopPack","Kunai"],"acts_visited":["Exordium"],"potions_floor_usage":[10,10,16,16],"damage_taken":[{"damage":4,"enemies":"Cultist","floor":1,"turns":4},{"damage":2,"enemies":"2 Louse","floor":2,"turns":4},{"damage":0,"enemies":"Jaw Worm","floor":3,"turns":5},{"damage":0,"enemies":"Exordium Wildlife","floor":8,"turns":4},{"damage":6,"enemies":"Gremlin Nob","floor":10,"turns":3},{"damage":7,"enemies":"3 Louse","floor":11,"turns":5},{"damage":0,"enemies":"2 Fungi Beasts","floor":13,"turns":4},{"damage":65,"enemies":"Slime Boss","floor":16,"turns":10}],"seed_played":"-7453127974888724569","potions_obtained":[{"floor":3,"key":"Weak Potion"},{"floor":13,"key":"FearPotion"}],"is_trial":false,"path_per_floor":["M","M","M","$","?","R","$","M","T","E","M","$","M","T","R","B"],"character_chosen":"THE_SILENT","items_purchased":["BargainBundle","Poisoned Stab","Tiny Chest","DuplicationPotion","Strength Potion","ReplayTheSpireMod:ShopPack"],"campfire_rested":0,"item_purchase_floors":[4,4,4,4,4,12],"current_hp_per_floor":[55,53,53,53,53,53,53,53,53,47,40,40,40,40,59,0,0],"gold":24,"neow_bonus":"HUNDRED_GOLD","is_daily":false,"chose_seed":false,"campfire_upgraded":1,"win_rate":0.0,"timestamp":1612037506,"path_taken":["M","M","M","?","?","R","$","?","T","E","M","$","?","?","R","BOSS"],"items_purchased_type":["Relic","Card","Relic","Potion","Potion","Relic"],"build_version":"2020-12-22","purchased_purges":1,"victory":false,"max_hp_per_floor":[66,66,66,66,66,66,66,66,66,66,66,66,66,66,66,66,66],"card_choices":[{"not_picked":["Quick Slash","Underhanded Strike"],"picked":"Bane","floor":1},{"not_picked":["Quick Slash","ReplayTheSpireMod:Scrap Shanks"],"picked":"Footwork","floor":2},{"not_picked":["Predator","Reflex"],"picked":"Poisoned Stab","floor":3},{"not_picked":["Skewer","Calculated Gamble"],"picked":"PiercingWail","floor":8},{"not_picked":["Prepared","Cloak And Dagger","ReplayTheSpireMod:The Works"],"picked":"SKIP","floor":10},{"not_picked":["Acrobatics","Slice","Bouncing Flask"],"picked":"SKIP","floor":11},{"not_picked":["Replay:Sssssssssshield","Purity"],"picked":"Good Instincts","floor":12},{"not_picked":["Underhanded Strike","Calculated Gamble"],"picked":"Venomology","floor":13}],"player_experience":1184741,"relics_obtained":[{"floor":9,"key":"Frozen Egg 2"},{"floor":10,"key":"StrikeDummy"},{"floor":14,"key":"Kunai"}],"event_choices":[{"damage_healed":0,"gold_gain":0,"player_choice":"Ignored","damage_taken":0,"max_hp_gain":0,"max_hp_loss":0,"event_name":"Transmorgrifier","floor":5,"gold_loss":0}],"is_beta":false,"boss_relics":[],"items_purged_floors":[4],"is_endless":false,"potions_floor_spawned":[3,13],"killed_by":"Slime Boss","ascension_level":19}}