{"host":"0rxdudjy6rylha1k","time":1612043080,"event":{"mods":["Aspiration","BaseMod","Colored Map","Colored Powertips","Downfall","Highlight Path","Hubris","Minty Spire (QoL Compilation)","StSLib"],"gold_per_floor":[99,119,129,129,129,140,140,40,67,67,101,120,120,130,150,249,249,249,267,267,65,65,98,148,161,161,196,32,42,42,61,79,184,184,184,202,216,270,320,320,375,343,353,52,70,89,89,124,24,24],"floor_reached":51,"language":"ENG","playtime":8848,"items_purged":["champ:Strike"],"score":998,"play_id":"f8585fc7-5a3b-4833-a737-59ced844e942","local_time":"20210130144440","is_ascension_mode":true,"campfire_choices":[{"floor":1.0,"key":"RECALL"},{"data":"champ:Taunt","floor":8.0,"key":"SMITH"},{"floor":10.0,"key":"REST"},{"data":"champ:Execute","floor":13.0,"key":"SMITH"},{"data":"champ:Improvising","floor":18,"key":"SMITH"},{"floor":26,"key":"REST"},{"data":"Apotheosis","floor":30,"key":"SMITH"},{"data":"champ:StrikeOfGenius","floor":35,"key":"SMITH"},{"data":"champ:EndlessRage","floor":49,"key":"SMITH"}],"circlet_count":0,"master_deck":["champ:Strike","champ:Defend","champ:Defend","champ:Defend","champ:Defend","champ:Execute+1","champ:Taunt+1","champ:FanOfKnives+1","champ:Endure","champ:Endure","champ:EnGarde","champ:Haymaker","champ:Improvising+1","champ:ArenaPreparation","champ:EndlessRage+1","Apotheosis+1","champ:TornadoPunch","champ:FanOfKnives","champ:StrikeOfGenius+1","champ:HeavySlash","champ:GladiatorStyle+1","champ:ShieldWall+1","champ:StanceDance+1","Parasite","champ:RapidStrikes+1"],"relics":["Runic Pyramid","Thread and Needle","downfall:HeartBlessingRed","Mummified Hand","sneckomod:BlankCard","Bronze Scales","Centennial Puzzle","Regal Pillow","Lee\u0027s Waffle","aspiration:PoetsPen_weak","aspiration:HatOfInfinitePower","Ginger","Boot","Bird Faced Urn","Eternal Feather","Blood Vial","downfall:HeartBlessingGreen"],"acts_visited":["Exordium","TheCity","TheBeyond"],"potions_floor_usage":[16,19,27,28,33,33,33,33,38,38,45,45,46],"damage_taken":[{"damage":25.0,"enemies":"Cultist","floor":2.0,"turns":4.0},{"damage":22.0,"enemies":"Jaw Worm","floor":3.0,"turns":5.0},{"damage":6.0,"enemies":"2 Louse","floor":6.0,"turns":4.0},{"damage":32.0,"enemies":"Gremlin Nob","floor":9.0,"turns":4.0},{"damage":16.0,"enemies":"3 Sentries","floor":11.0,"turns":5.0},{"damage":25.0,"enemies":"Exordium Thugs","floor":12.0,"turns":6.0},{"damage":20.0,"enemies":"Blue Slaver","floor":14.0,"turns":4.0},{"damage":15.0,"enemies":"Lots of Slimes","floor":15.0,"turns":6.0},{"damage":104,"enemies":"SI_SHIV_ARCHETYPE","floor":16,"turns":12},{"damage":10,"enemies":"3 Byrds","floor":19,"turns":3},{"damage":15,"enemies":"downfall:FleeingMerchant","floor":21,"turns":4},{"damage":54,"enemies":"Gremlin Leader","floor":23,"turns":5},{"damage":53,"enemies":"Chosen","floor":25,"turns":5},{"damage":57,"enemies":"Slavers","floor":27,"turns":4},{"damage":30,"enemies":"downfall:FleeingMerchant","floor":28,"turns":4},{"damage":28,"enemies":"Snake Plant","floor":29,"turns":5},{"damage":15,"enemies":"Snecko","floor":31,"turns":4},{"damage":10,"enemies":"3 Cultists","floor":32,"turns":3},{"damage":22,"enemies":"IC_MUSHROOM_ARCHETYPE","floor":33,"turns":6},{"damage":0,"enemies":"Orb Walker","floor":36,"turns":3},{"damage":10,"enemies":"3 Darklings","floor":37,"turns":2},{"damage":15,"enemies":"2 Orb Walkers","floor":38,"turns":2},{"damage":48,"enemies":"2 Orb Walkers","floor":39,"turns":6},{"damage":15,"enemies":"downfall:FleeingMerchant","floor":42,"turns":3},{"damage":39,"enemies":"Spire Growth","floor":43,"turns":3},{"damage":34,"enemies":"Writhing Mass","floor":45,"turns":4},{"damage":54,"enemies":"Transient","floor":46,"turns":5},{"damage":45,"enemies":"Reptomancer","floor":48,"turns":3},{"damage":69,"enemies":"DF_ARCHETYPE_ORBS","floor":50,"turns":5}],"seed_played":"10282709811146494","potions_obtained":[{"floor":9.0,"key":"DuplicationPotion"},{"floor":11.0,"key":"BlessingOfTheForge"},{"floor":14.0,"key":"Regen Potion"},{"floor":16,"key":"sneckomod:MuddlingPotion"},{"floor":25,"key":"SpeedPotion"},{"floor":27,"key":"Regen Potion"},{"floor":31,"key":"GamblersBrew"},{"floor":32,"key":"EntropicBrew"},{"floor":37,"key":"SkillPotion"},{"floor":39,"key":"SteroidPotion"},{"floor":45,"key":"Block Potion"},{"floor":46,"key":"GamblersBrew"}],"is_trial":false,"path_per_floor":["R","M","M","?","?","M","T","R","E","R","E","M","R","M","M","B",null,"R","M","?","$","?","E","T","M","R","E","$","M","R","M","M","B",null,"R","M","M","?","?","?","T","$","M","$","M","M","?","E","R","B",null],"character_chosen":"THE_CHAMP","items_purchased":["Apotheosis","Lee\u0027s Waffle","Bird Faced Urn","Eternal Feather","Energy Potion"],"campfire_rested":2,"item_purchase_floors":[21,28,42,44,44],"current_hp_per_floor":[81,76,74,74,79,78,78,78,61,89,83,83,83,83,95,36,80,80,80,72,72,105,86,86,78,105,73,112,99,99,99,99,87,106,106,106,106,106,103,103,103,103,102,102,108,90,93,101,115,79],"gold":24,"neow_bonus":"BOSS_RELIC","is_daily":false,"chose_seed":false,"campfire_upgraded":6,"win_rate":0.0,"timestamp":1612043080,"path_taken":["R","M","?","?","?","M","T","R","E","R","E","M","R","M","M","BOSS","R","M","?","?","?","E","T","M","R","E","$","?","R","M","M","BOSS","R","M","M","?","?","?","T","$","?","$","M","M","?","E","R","BOSS"],"items_purchased_type":["Card","Relic","Relic","Relic","Potion"],"build_version":"2020-12-22","purchased_purges":1,"victory":true,"max_hp_per_floor":[90,90,90,90,95,95,95,95,95,95,95,95,95,95,95,95,95,95,95,95,95,105,105,105,105,105,105,112,112,112,112,112,112,112,112,112,112,112,112,112,112,112,112,112,112,112,115,115,115,115],"card_choices":[{"not_picked":["champ:FlashCut","champ:EnGarde"],"picked":"champ:FanOfKnives","floor":2.0},{"not_picked":["champ:Backstep","champ:Encircle"],"picked":"champ:Endure","floor":3.0},{"not_picked":["champ:Shatter","champ:RageSigil"],"picked":"champ:Endure","floor":6.0},{"not_picked":["champ:RapidStrikes","champ:EnchantCrown","champ:FalseCounter"],"picked":"SKIP","floor":9.0},{"not_picked":["champ:CrownThrow","champ:AdrenalArmor","champ:FanOfKnives"],"picked":"SKIP","floor":11.0},{"not_picked":["champ:ShieldSigil","champ:Shatter"],"picked":"champ:EnGarde","floor":12.0},{"not_picked":["champ:SkillfulDodge","champ:TornadoPunch"],"picked":"champ:MurderStrike","floor":14.0},{"not_picked":["champ:CrookedStrike","champ:RisingSlash"],"picked":"champ:Haymaker","floor":15.0},{"not_picked":["champ:HoldFirm","champ:SwordThrow"],"picked":"champ:Improvising","floor":16},{"not_picked":["champ:BringItOn+1","champ:PerfectedStrike+1"],"picked":"champ:ArenaPreparation","floor":19},{"not_picked":["champ:FocusedDefense","champ:Circumvent"],"picked":"champ:EndlessRage","floor":21},{"not_picked":["champ:Shatter","champ:GutPunch","champ:ShieldSlam"],"picked":"SKIP","floor":23},{"not_picked":["champ:ArenaPreparation+1","champ:Parry"],"picked":"champ:TornadoPunch","floor":25},{"not_picked":["champ:EndlessRage","champ:RapidStrikes"],"picked":"champ:FanOfKnives","floor":27},{"not_picked":["champ:FlashCut","champ:CalledShot","champ:FanOfKnives"],"picked":"SKIP","floor":28},{"not_picked":["champ:Backstep","champ:Shatter","champ:StanceDance"],"picked":"SKIP","floor":29},{"not_picked":["champ:FaceSlap+1","champ:RapidStrikes","champ:Haymaker"],"picked":"SKIP","floor":31},{"not_picked":["champ:RecklessLeap","champ:EnGarde+1"],"picked":"champ:StrikeOfGenius","floor":32},{"not_picked":["champ:LastStand","champ:DancingMaster"],"picked":"champ:HeavySlash","floor":33},{"not_picked":["champ:FanOfKnives+1","champ:EnGarde"],"picked":"champ:GladiatorStyle+1","floor":36},{"not_picked":["champ:BladeFlurry","champ:ShieldSigil","champ:PerfectedStrike+1"],"picked":"SKIP","floor":37},{"not_picked":["champ:CrookedStrike+1","champ:FanOfKnives"],"picked":"champ:ShieldWall+1","floor":38},{"not_picked":["champ:FlashCut","champ:RecklessLeap+1"],"picked":"champ:StanceDance+1","floor":42},{"not_picked":["champ:PreemptiveStrike+1","champ:FanOfKnives+1","champ:TornadoPunch+1"],"picked":"SKIP","floor":43},{"not_picked":["champ:EndlessRage+1","champ:Backstep","champ:CrownThrow"],"picked":"SKIP","floor":45},{"not_picked":["champ:CheapShot","champ:Circumvent+1","champ:TornadoPunch"],"picked":"SKIP","floor":46},{"not_picked":["champ:ShieldSigil","champ:FaceSlap"],"picked":"champ:RapidStrikes+1","floor":48}],"player_experience":2749021,"relics_obtained":[{"floor":7.0,"key":"Thread and Needle"},{"floor":9.0,"key":"Mummified Hand"},{"floor":11.0,"key":"sneckomod:BlankCard"},{"floor":23,"key":"Bronze Scales"},{"floor":24,"key":"Centennial Puzzle"},{"floor":27,"key":"Regal Pillow"},{"floor":38,"key":"aspiration:HatOfInfinitePower"},{"floor":39,"key":"Ginger"},{"floor":41,"key":"Boot"},{"floor":48,"key":"Blood Vial"}],"event_choices":[{"damage_healed":0.0,"max_hp_gain":5.0,"max_hp_loss":0.0,"gold_gain":0.0,"event_name":"Big Fish","player_choice":"Donut","floor":5.0,"gold_loss":0.0,"damage_taken":0.0},{"cards_removed":["champ:MurderStrike"],"damage_healed":23,"gold_gain":0,"player_choice":"Offered Rare","damage_taken":0,"max_hp_gain":10,"max_hp_loss":0,"event_name":"Bonfire Elementals","floor":22,"gold_loss":0},{"damage_healed":0,"gold_gain":0,"player_choice":"Fight","damage_taken":0,"max_hp_gain":0,"max_hp_loss":0,"event_name":"Mysterious Sphere","floor":38,"gold_loss":0}],"is_beta":false,"boss_relics":[{"not_picked":["hubris:TerracottaHorce","Sozu","hubris:BlackHole"]},{"not_picked":["aspiration:SecretTechniqueScroll","hubris:VirtuousBlindfold"],"picked":"aspiration:PoetsPen_weak"}],"items_purged_floors":[42],"is_endless":false,"potions_floor_spawned":[9,11,14,16,25,27,31,32,37,39,45,46],"ascension_level":7}}