{"host":"a5406dzxsi185pm5","time":1612022212,"event":{"mods":["AchievementEnabler","BaseMod","Bestiary","Colored Map","Colored Powertips","Keyboard Shortcuts","Minty Spire (QoL Compilation)"],"gold_per_floor":[110,124,124,124,138,168,179,179,226,226,294,311,129,142,142,237,237,251,251,6,23,23,23,23],"floor_reached":23,"language":"ENG","playtime":2336,"items_purged":[],"score":191,"play_id":"4e01f1fa-94b4-47b9-a034-e963db44e4c7","local_time":"20210130105652","is_ascension_mode":false,"campfire_choices":[{"data":"Noxious Fumes","floor":8.0,"key":"SMITH"},{"data":"Magnetism","floor":15.0,"key":"SMITH"}],"circlet_count":0,"master_deck":["Strike_G","Strike_G","Strike_G","Strike_G","Defend_G","Defend_G","Defend_G","Defend_G","Defend_G","Survivor","Neutralize+1","Unload","Noxious Fumes+1","Poisoned Stab+1","Expertise","Well Laid Plans","PiercingWail","Noxious Fumes","Terror","Magnetism+1","Catalyst","A Thousand Cuts","Infinite Blades","Mayhem","Infinite Blades","PiercingWail"],"relics":["Ring of the Snake","HornCleat","Bag of Preparation","SacredBark","Membership Card"],"acts_visited":["TheCity"],"potions_floor_usage":[23],"damage_taken":[{"damage":0.0,"enemies":"Jaw Worm","floor":1.0,"turns":3.0},{"damage":0.0,"enemies":"2 Louse","floor":2.0,"turns":2.0},{"damage":2.0,"enemies":"Small Slimes","floor":5.0,"turns":3.0},{"damage":12.0,"enemies":"Lagavulin","floor":6.0,"turns":8.0},{"damage":0.0,"enemies":"Looter","floor":7.0,"turns":3.0},{"damage":0.0,"enemies":"Blue Slaver","floor":12.0,"turns":5.0},{"damage":1.0,"enemies":"Exordium Thugs","floor":14.0,"turns":5.0},{"damage":7.0,"enemies":"The Guardian","floor":16.0,"turns":8.0},{"damage":23,"enemies":"3 Byrds","floor":18,"turns":4},{"damage":14,"enemies":"Chosen","floor":21,"turns":6},{"damage":22,"enemies":"Book of Stabbing","floor":23,"turns":5}],"seed_played":"7168981945769871455","potions_obtained":[{"floor":5.0,"key":"EssenceOfSteel"},{"floor":6.0,"key":"Block Potion"},{"floor":16.0,"key":"Strength Potion"},{"floor":21,"key":"Fire Potion"}],"is_trial":false,"path_per_floor":["M","M","?","?","M","E","M","R","T","?","?","M","$","M","R","B",null,"M","?","$","M","?","E"],"character_chosen":"THE_SILENT","items_purchased":["Magnetism","Membership Card","Mayhem","Infinite Blades"],"campfire_rested":0,"item_purchase_floors":[13,20,20,20],"current_hp_per_floor":[70,70,56,56,54,42,42,42,42,42,42,42,42,41,41,34,70,47,47,47,33,20,0,0],"gold":23,"neow_bonus":"ONE_RANDOM_RARE_CARD","is_daily":false,"chose_seed":false,"campfire_upgraded":2,"win_rate":0.0,"timestamp":1612022212,"path_taken":["M","M","?","?","M","E","M","R","T","?","?","M","?","?","R","BOSS","M","?","?","M","?","E"],"items_purchased_type":["Card","Relic","Card","Card"],"build_version":"2020-12-22","purchased_purges":0,"victory":false,"max_hp_per_floor":[70,70,70,70,70,70,70,70,70,70,70,70,70,70,70,70,70,70,70,70,70,75,75,75],"card_choices":[{"not_picked":["Outmaneuver","Backflip"],"picked":"Noxious Fumes","floor":1.0},{"not_picked":["Dodge and Roll","Dagger Spray"],"picked":"Poisoned Stab","floor":2.0},{"not_picked":["Acrobatics","Reflex"],"picked":"Expertise","floor":5.0},{"not_picked":["Deflect","Endless Agony"],"picked":"Well Laid Plans","floor":6.0},{"not_picked":["Underhanded Strike","Quick Slash"],"picked":"PiercingWail","floor":7.0},{"not_picked":["Backflip","Poisoned Stab"],"picked":"Terror","floor":12.0},{"not_picked":["Flying Knee","Escape Plan"],"picked":"Catalyst","floor":14.0},{"not_picked":["Night Terror","Wraith Form v2"],"picked":"A Thousand Cuts","floor":16.0},{"not_picked":["Bane","Prepared+1"],"picked":"Infinite Blades","floor":18},{"not_picked":["Endless Agony","Dodge and Roll"],"picked":"PiercingWail","floor":21}],"player_experience":85238,"relics_obtained":[{"floor":6.0,"key":"HornCleat"},{"floor":9.0,"key":"Bag of Preparation"}],"event_choices":[{"damage_healed":0.0,"max_hp_gain":0.0,"max_hp_loss":0.0,"gold_gain":0.0,"event_name":"Shining Light","player_choice":"Entered Light","floor":3.0,"gold_loss":0.0,"damage_taken":14.0,"cards_upgraded":["Neutralize","Poisoned Stab"]},{"damage_healed":0.0,"max_hp_gain":0.0,"max_hp_loss":0.0,"gold_gain":0.0,"event_name":"The Cleric","player_choice":"Leave","floor":4.0,"gold_loss":0.0,"damage_taken":0.0},{"damage_healed":0.0,"max_hp_gain":0.0,"max_hp_loss":0.0,"gold_gain":0.0,"cards_transformed":["Strike_G"],"event_name":"Living Wall","player_choice":"Change","floor":10.0,"gold_loss":0.0,"damage_taken":0.0,"cards_obtained":["Noxious Fumes"]},{"damage_healed":0.0,"max_hp_gain":0.0,"max_hp_loss":0.0,"gold_gain":68.0,"event_name":"Golden Wing","player_choice":"Gained Gold","floor":11.0,"gold_loss":0.0,"damage_taken":0.0},{"damage_healed":0,"gold_gain":0,"player_choice":"Bought 0 Potions","damage_taken":0,"max_hp_gain":0,"max_hp_loss":0,"event_name":"The Woman in Blue","floor":19,"gold_loss":0},{"damage_healed":0,"gold_gain":0,"player_choice":"Shed Blood","damage_taken":18,"max_hp_gain":5,"max_hp_loss":0,"event_name":"Forgotten Altar","floor":22,"gold_loss":0}],"is_beta":false,"boss_relics":[{"not_picked":["Tiny House","Sozu"],"picked":"SacredBark"}],"items_purged_floors":[],"is_endless":false,"potions_floor_spawned":[5,6,16,21],"killed_by":"Book of Stabbing","ascension_level":0}}