{"host":"2e3z4r48quhw80cc","time":1612037102,"event":{"mods":["BaseMod","Minty Spire (QoL Compilation)","Quick Restart","StSLib","SuperFastMode"],"gold_per_floor":[112,129,129,142,154,184,184,198,245,258,291,291,309,342,342,444,444,460,385,385,385,283,316,316,316,316,345,345,380,392,406,406,504,504,519,429,201,423,440,440,453,453,479,479,26,26,39,64,64,64],"floor_reached":51,"language":"KOR","playtime":2230,"items_purged":["Distraction","Dagger Throw"],"score":960,"play_id":"61f65556-8ffb-4bc6-acd4-c9bd65c1c0c9","local_time":"20210131050502","is_ascension_mode":true,"campfire_choices":[{"floor":7.0,"key":"REST"},{"floor":12.0,"key":"REST"},{"data":"Catalyst","floor":15.0,"key":"SMITH"},{"floor":24.0,"key":"REST"},{"data":"Tools of the Trade","floor":28.0,"key":"SMITH"},{"floor":32.0,"key":"REST"},{"data":"Footwork","floor":40.0,"key":"SMITH"},{"data":"Neutralize","floor":42.0,"key":"SMITH"},{"floor":49,"key":"REST"}],"circlet_count":0,"master_deck":["Survivor+1","Neutralize+1","Catalyst+1","Backflip+1","Poisoned Stab+1","Prepared+1","Deadly Poison","Bouncing Flask+1","Deflect+1","Venomology+1","Setup+1","Heel Hook","Deadly Poison+1","Deflect+1","Predator","Calculated Gamble+1","Corpse Explosion+1","Infinite Blades+1","Tools of the Trade+1","Backflip+1","Escape Plan+1","Blur+1","Bullet Time+1","Footwork+1","Catalyst+1","Eviscerate+1"],"relics":["Ring of the Snake","Tingsha","MealTicket","Centennial Puzzle","Toxic Egg 2","Juzu Bracelet","Pandora\u0027s Box","Blood Vial","HornCleat","Red Mask","War Paint","Busted Crown","Oddly Smooth Stone","Whetstone","Medical Kit","Potion Belt","Omamori"],"acts_visited":["Exordium","TheCity","TheBeyond"],"potions_floor_usage":[48,50,50,50],"damage_taken":[{"damage":0.0,"enemies":"Small Slimes","floor":1.0,"turns":5.0},{"damage":1.0,"enemies":"Jaw Worm","floor":2.0,"turns":5.0},{"damage":1.0,"enemies":"Cultist","floor":4.0,"turns":4.0},{"damage":16.0,"enemies":"Gremlin Gang","floor":5.0,"turns":6.0},{"damage":27.0,"enemies":"Lagavulin","floor":6.0,"turns":6.0},{"damage":1.0,"enemies":"3 Louse","floor":8.0,"turns":3.0},{"damage":6.0,"enemies":"Looter","floor":10.0,"turns":3.0},{"damage":10.0,"enemies":"3 Sentries","floor":11.0,"turns":9.0},{"damage":1.0,"enemies":"Exordium Thugs","floor":13.0,"turns":4.0},{"damage":15.0,"enemies":"Lagavulin","floor":14.0,"turns":5.0},{"damage":9.0,"enemies":"Hexaghost","floor":16.0,"turns":7.0},{"damage":3.0,"enemies":"2 Thieves","floor":18.0,"turns":3.0},{"damage":38.0,"enemies":"Book of Stabbing","floor":23.0,"turns":5.0},{"damage":0.0,"enemies":"Masked Bandits","floor":27.0,"turns":3.0},{"damage":12.0,"enemies":"Gremlin Leader","floor":29.0,"turns":10.0},{"damage":2.0,"enemies":"Shell Parasite","floor":30.0,"turns":3.0},{"damage":7.0,"enemies":"Cultist and Chosen","floor":31.0,"turns":5.0},{"damage":37.0,"enemies":"Champ","floor":33.0,"turns":10.0},{"damage":0.0,"enemies":"Orb Walker","floor":35.0,"turns":3.0},{"damage":0.0,"enemies":"3 Darklings","floor":39.0,"turns":3.0},{"damage":7.0,"enemies":"Maw","floor":41.0,"turns":5.0},{"damage":0,"enemies":"Jaw Worm Horde","floor":47,"turns":3},{"damage":8,"enemies":"Reptomancer","floor":48,"turns":5},{"damage":2,"enemies":"Time Eater","floor":50,"turns":6}],"seed_played":"4808341970610484886","potions_obtained":[{"floor":2.0,"key":"Energy Potion"},{"floor":4.0,"key":"PowerPotion"},{"floor":5.0,"key":"Strength Potion"},{"floor":10.0,"key":"DuplicationPotion"},{"floor":11.0,"key":"DistilledChaos"},{"floor":18.0,"key":"SmokeBomb"},{"floor":31.0,"key":"BlessingOfTheForge"},{"floor":47,"key":"ColorlessPotion"}],"is_trial":false,"path_per_floor":["M","M","?","M","M","E","R","M","T","M","E","R","M","E","R","B",null,"M","?","?","?","$","E","R","?","T","?","R","E","M","M","R","B",null,"M","?","$","?","M","R","M","R","T","?","$","?","M","E","R","B",null],"character_chosen":"THE_SILENT","items_purchased":["Backflip+1","Footwork","Oddly Smooth Stone","Medical Kit","Potion Belt","Fire Potion"],"campfire_rested":5,"item_purchase_floors":[22,37,37,45,45,45],"current_hp_per_floor":[49,48,48,47,31,4,25,24,24,18,8,29,28,13,13,4,54,51,51,51,51,66,28,49,49,49,51,51,41,41,36,57,22,58,60,60,70,70,70,70,63,63,63,63,70,70,70,62,70,68],"gold":64,"neow_bonus":"ONE_RARE_RELIC","is_daily":false,"chose_seed":false,"campfire_upgraded":4,"win_rate":0.0,"timestamp":1612037102,"path_taken":["M","M","?","M","M","E","R","M","T","M","E","R","M","E","R","BOSS","M","?","?","?","?","E","R","?","T","?","R","E","M","M","R","BOSS","M","?","?","?","M","R","M","R","T","?","$","?","M","E","R","BOSS"],"items_purchased_type":["Card","Card","Relic","Relic","Relic","Potion"],"build_version":"2020-12-22","purchased_purges":2,"victory":true,"max_hp_per_floor":[70,70,70,70,70,70,70,70,70,70,70,70,70,70,70,70,70,70,70,70,70,70,70,70,70,70,70,70,70,70,70,70,70,70,70,70,70,70,70,70,70,70,70,70,70,70,70,70,70,70],"card_choices":[{"not_picked":["Bane","Flechettes"],"picked":"Catalyst","floor":1.0},{"not_picked":["Setup","Outmaneuver"],"picked":"Distraction","floor":2.0},{"not_picked":["Quick Slash","Dagger Spray"],"picked":"Backflip","floor":4.0},{"not_picked":["Blade Dance","Outmaneuver"],"picked":"Poisoned Stab","floor":5.0},{"not_picked":["PiercingWail","A Thousand Cuts"],"picked":"Dagger Throw","floor":6.0},{"not_picked":["Finisher","Calculated Gamble"],"picked":"Prepared","floor":8.0},{"not_picked":["Poisoned Stab","Dodge and Roll"],"picked":"Deadly Poison","floor":10.0},{"not_picked":["Cloak And Dagger+1","Flechettes"],"picked":"Bouncing Flask+1","floor":11.0},{"not_picked":["Underhanded Strike","PiercingWail+1"],"picked":"Deflect+1","floor":13.0},{"not_picked":["Flying Knee","Leg Sweep+1"],"picked":"Bane","floor":14.0},{"not_picked":["Envenom","Phantasmal Killer+1"],"picked":"Venomology+1","floor":16.0},{"not_picked":["Bane","Calculated Gamble+1"],"picked":"Infinite Blades+1","floor":18.0},{"not_picked":["Riddle With Holes","Blade Dance+1"],"picked":"Escape Plan+1","floor":23.0},{"not_picked":["Riddle With Holes","Dagger Spray","Dodge and Roll+1"],"picked":"SKIP","floor":29.0},{"not_picked":["Eviscerate","Dagger Throw","Prepared+1"],"picked":"SKIP","floor":30.0},{"not_picked":["Deflect+1","Endless Agony","Deadly Poison+1"],"picked":"SKIP","floor":31.0},{"not_picked":["Storm of Steel+1","Unload"],"picked":"Bullet Time+1","floor":33.0},{"not_picked":["Masterful Stab"],"picked":"SKIP","floor":35.0},{"not_picked":["Quick Slash"],"picked":"SKIP","floor":39.0},{"not_picked":["Finisher+1"],"picked":"SKIP","floor":41.0},{"not_picked":["Eviscerate+1"],"picked":"SKIP","floor":47},{"not_picked":[],"picked":"Eviscerate+1","floor":47},{"not_picked":["Poisoned Stab+1"],"picked":"SKIP","floor":48}],"player_experience":84957,"relics_obtained":[{"floor":6.0,"key":"MealTicket"},{"floor":9.0,"key":"Centennial Puzzle"},{"floor":11.0,"key":"Toxic Egg 2"},{"floor":14.0,"key":"Juzu Bracelet"},{"floor":23.0,"key":"Blood Vial"},{"floor":26.0,"key":"HornCleat"},{"floor":27.0,"key":"Red Mask"},{"floor":29.0,"key":"War Paint"},{"floor":43.0,"key":"Whetstone"},{"floor":48,"key":"Omamori"}],"event_choices":[{"cards_removed":["Strike_G"],"damage_healed":0.0,"max_hp_gain":0.0,"max_hp_loss":0.0,"gold_gain":0.0,"event_name":"Living Wall","player_choice":"Forget","floor":3.0,"gold_loss":0.0,"damage_taken":0.0},{"cards_removed":["Setup"],"damage_healed":0.0,"max_hp_gain":0.0,"max_hp_loss":0.0,"gold_gain":0.0,"event_name":"Beggar","player_choice":"Gave Gold","floor":19.0,"gold_loss":75.0,"damage_taken":0.0},{"damage_healed":0.0,"max_hp_gain":0.0,"max_hp_loss":0.0,"gold_gain":0.0,"event_name":"Ghosts","player_choice":"Ignored","floor":20.0,"gold_loss":0.0,"damage_taken":0.0},{"damage_healed":0.0,"max_hp_gain":0.0,"max_hp_loss":0.0,"gold_gain":0.0,"event_name":"Match and Keep!","player_choice":"1 cards matched","floor":21.0,"gold_loss":0.0,"damage_taken":0.0,"cards_obtained":["Tools of the Trade"]},{"damage_healed":0.0,"max_hp_gain":0.0,"max_hp_loss":0.0,"gold_gain":0.0,"event_name":"The Library","player_choice":"Read","floor":25.0,"gold_loss":0.0,"damage_taken":0.0,"cards_obtained":["Blur"]},{"damage_healed":0.0,"max_hp_gain":0.0,"max_hp_loss":0.0,"gold_gain":0.0,"event_name":"Masked Bandits","player_choice":"Fought Bandits","floor":27.0,"gold_loss":0.0,"damage_taken":0.0},{"cards_removed":["Dagger Throw"],"damage_healed":0.0,"max_hp_gain":0.0,"max_hp_loss":0.0,"gold_gain":0.0,"event_name":"Designer","player_choice":"Upgrade and Remove","floor":36.0,"gold_loss":90.0,"damage_taken":0.0,"cards_upgraded":["Survivor"]},{"damage_healed":0.0,"max_hp_gain":0.0,"max_hp_loss":0.0,"gold_gain":222.0,"event_name":"Tomb of Lord Red Mask","player_choice":"Wore Mask","floor":38.0,"gold_loss":0.0,"damage_taken":0.0},{"damage_healed":0.0,"max_hp_gain":0.0,"max_hp_loss":0.0,"gold_gain":0.0,"event_name":"Duplicator","player_choice":"Copied","floor":44.0,"gold_loss":0.0,"damage_taken":0.0,"cards_obtained":["Catalyst"]},{"cards_removed":["Bane"],"damage_healed":0.0,"max_hp_gain":0.0,"max_hp_loss":0.0,"gold_gain":0.0,"event_name":"Falling","player_choice":"Removed Attack","floor":46.0,"gold_loss":0.0,"damage_taken":0.0}],"is_beta":false,"boss_relics":[{"not_picked":["Runic Dome","Ectoplasm"],"picked":"Pandora\u0027s Box"},{"not_picked":["WristBlade","Coffee Dripper"],"picked":"Busted Crown"}],"items_purged_floors":[22,45],"is_endless":false,"potions_floor_spawned":[2,4,5,10,11,13,18,29,31,33,47],"ascension_level":5}}