{"host":"f0gpob8hq9vgebej","time":1612011634,"event":{"mods":["AchievementEnabler","BaseMod","Minty Spire (QoL Compilation)","Quick Restart","SuperFastMode"],"gold_per_floor":[112,130,142,154,166,166,194,194,194,204,234,22,33,33,33,130,180,194,194,204,204,204,204],"floor_reached":22,"language":"KOR","playtime":527,"items_purged":["Strike_B"],"score":295,"play_id":"636c43fe-52d3-4ec8-8eb9-e45fe6262c38","local_time":"20210130220034","is_ascension_mode":true,"campfire_choices":[{"data":"Defragment","floor":6,"key":"SMITH"},{"data":"Capacitor","floor":8,"key":"SMITH"},{"floor":15,"key":"REST"}],"circlet_count":0,"master_deck":["AscendersBane","Strike_B","Strike_B","Strike_B","Defend_B","Defend_B","Defend_B","Defend_B","Zap+1","Dualcast","Defragment+1","Capacitor+1","BootSequence","Ball Lightning+1","Electrodynamics","Capacitor","Loop","Finesse","Creative AI","Static Discharge","Self Repair"],"relics":["Cracked Core","Bottled Tornado","HornCleat","Tiny House"],"acts_visited":["Exordium","TheCity"],"potions_floor_usage":[3,16,19,22],"damage_taken":[{"damage":0.0,"enemies":"2 Louse","floor":1.0,"turns":2.0},{"damage":6,"enemies":"Small Slimes","floor":2,"turns":4},{"damage":0,"enemies":"Jaw Worm","floor":3,"turns":3},{"damage":17,"enemies":"3 Louse","floor":4,"turns":4},{"damage":15,"enemies":"2 Fungi Beasts","floor":5,"turns":4},{"damage":30,"enemies":"3 Sentries","floor":7,"turns":6},{"damage":0,"enemies":"Looter","floor":10,"turns":3},{"damage":0,"enemies":"Blue Slaver","floor":13,"turns":3},{"damage":12,"enemies":"Hexaghost","floor":16,"turns":8},{"damage":10,"enemies":"2 Thieves","floor":18,"turns":3},{"damage":0,"enemies":"3 Byrds","floor":19,"turns":3},{"damage":32,"enemies":"Snake Plant","floor":20,"turns":5},{"damage":19,"enemies":"Sentry and Sphere","floor":22,"turns":3}],"seed_played":"-4079023957365604299","potions_obtained":[{"floor":1.0,"key":"SkillPotion"},{"floor":4,"key":"FairyPotion"},{"floor":7,"key":"GamblersBrew"},{"floor":10,"key":"SmokeBomb"},{"floor":17,"key":"LiquidBronze"},{"floor":20,"key":"EssenceOfSteel"}],"is_trial":false,"path_per_floor":["M","M","M","M","M","R","E","R","T","M","?","$","M","?","R","B",null,"M","M","M","?","M"],"character_chosen":"DEFECT","items_purchased":["Loop","Finesse"],"campfire_rested":1,"item_purchase_floors":[12,12],"current_hp_per_floor":[68,62,62,45,30,30,22,22,22,22,22,22,22,22,44,32,69,59,66,34,19,0,0],"gold":204,"neow_bonus":"UPGRADE_CARD","is_daily":false,"chose_seed":false,"campfire_upgraded":2,"win_rate":0.0,"timestamp":1612011634,"path_taken":["M","M","M","M","M","R","E","R","T","M","?","$","M","?","R","BOSS","M","M","M","?","M"],"items_purchased_type":["Card","Card"],"build_version":"2020-12-22","purchased_purges":1,"victory":false,"max_hp_per_floor":[75,75,75,75,75,75,75,75,75,75,75,75,75,75,75,75,80,80,80,80,85,85,85],"card_choices":[{"not_picked":["Sunder","Turbo"],"picked":"Defragment","floor":1.0},{"not_picked":["Rip and Tear","Heatsinks"],"picked":"Capacitor","floor":2},{"not_picked":["Streamline","Go for the Eyes","Redo"],"picked":"SKIP","floor":3},{"not_picked":["Stack","Beam Cell"],"picked":"BootSequence","floor":4},{"not_picked":["BootSequence","Redo"],"picked":"Ball Lightning","floor":5},{"not_picked":["Auto Shields","Rebound"],"picked":"Electrodynamics","floor":7},{"not_picked":["Streamline","Melter"],"picked":"Capacitor","floor":10},{"not_picked":["Redo","Steam","Gash"],"picked":"SKIP","floor":13},{"not_picked":["Multi-Cast","Fission"],"picked":"Creative AI","floor":16},{"not_picked":["Barrage","Ball Lightning"],"picked":"Static Discharge","floor":17},{"not_picked":["Rip and Tear+1","Conserve Battery+1"],"picked":"Self Repair","floor":18},{"not_picked":["Gash","Scrape","Aggregate"],"picked":"SKIP","floor":20}],"player_experience":291098,"relics_obtained":[{"floor":7,"key":"Bottled Tornado"},{"floor":9,"key":"HornCleat"}],"event_choices":[{"damage_healed":0,"gold_gain":30,"player_choice":"Searched \u00271\u0027 times","damage_taken":0,"max_hp_gain":0,"max_hp_loss":0,"event_name":"Dead Adventurer","floor":11,"gold_loss":0},{"damage_healed":0,"gold_gain":0,"player_choice":"Ignored","damage_taken":0,"max_hp_gain":0,"max_hp_loss":0,"event_name":"Liars Game","floor":14,"gold_loss":0},{"damage_healed":0,"gold_gain":0,"player_choice":"Shed Blood","damage_taken":20,"max_hp_gain":5,"max_hp_loss":0,"event_name":"Forgotten Altar","floor":21,"gold_loss":0}],"is_beta":false,"boss_relics":[{"not_picked":["Busted Crown","SacredBark"],"picked":"Tiny House"}],"items_purged_floors":[12],"is_endless":false,"potions_floor_spawned":[1,4,7,10,18,20],"killed_by":"Sentry and Sphere","ascension_level":11}}