{"host":"xc18ixkpjvqrt8st","time":1612044228,"event":{"mods":["Act Like it!","BaseMod","Better Match","Better Third Choice","Conspire","Downfall","Hallownest","Hermit","Hubris","Infinite Spire","JesterMod","Minty Spire (QoL Compilation)","Reliquary","Replay The Spire","Robot Space Explorer","Shop Mod","Spicy Shops","Spire Arcade","StSLib","The Animator","The Edgeheg","The Jungle","The Marked","The Sage"],"gold_per_floor":[83,83,83,83,102,130,130,130,130],"floor_reached":8,"language":"ENG","playtime":307,"items_purged":[],"score":79,"play_id":"fae23010-80e0-4a1d-9c61-2031687f46a7","local_time":"20210130160348","is_ascension_mode":false,"campfire_choices":[{"floor":7,"key":"RECALL"}],"circlet_count":0,"master_deck":["theEdgeheg:StarterShootAttack","theEdgeheg:StarterShootAttack","theEdgeheg:StarterShootAttack","theEdgeheg:StarterShootAttack","theEdgeheg:StarterDodgeSkill","theEdgeheg:StarterDodgeSkill","theEdgeheg:StarterDodgeSkill","theEdgeheg:BloodyKatana","theEdgeheg:ChaosControlSkill","theEdgeheg:GatherChaos","theEdgeheg:HappiestTimmy","theEdgeheg:Shotgun","theEdgeheg:Girlfriend"],"relics":["theEdgeheg:UltimateLifeformRelic","theEdgeheg:GreenEmeraldRelic","NeowsBlessing","Shuriken","Replay:Mystery Machine"],"acts_visited":["Exordium"],"potions_floor_usage":[8],"damage_taken":[{"damage":0,"enemies":"2 Louse","floor":1,"turns":1},{"damage":0,"enemies":"Small Slimes","floor":5,"turns":1},{"damage":0,"enemies":"3 Sentries","floor":6,"turns":2},{"damage":1,"enemies":"Lagavulin","floor":8,"turns":16}],"seed_played":"-6236917171677378398","potions_obtained":[{"floor":6,"key":"Venom Potion"}],"is_trial":false,"path_per_floor":["M","?","?","?","M","E","R","E"],"character_chosen":"THE_DEFAULT","items_purchased":[],"campfire_rested":0,"item_purchase_floors":[],"current_hp_per_floor":[5,5,5,5,5,5,5,4,4],"gold":130,"neow_bonus":"THREE_ENEMY_KILL","is_daily":false,"chose_seed":false,"campfire_upgraded":0,"win_rate":0.0,"timestamp":1612044228,"path_taken":["M","?","?","?","M","E","R","E"],"items_purchased_type":[],"build_version":"2020-12-22","purchased_purges":0,"victory":false,"max_hp_per_floor":[5,5,5,5,5,5,5,5,5],"card_choices":[{"not_picked":["theEdgeheg:BetterDodge","theEdgeheg:DashKatana"],"picked":"theEdgeheg:HappiestTimmy","floor":1},{"not_picked":["theEdgeheg:KatanaGF","theEdgeheg:Heh"],"picked":"theEdgeheg:Shotgun","floor":5},{"not_picked":["theEdgeheg:KatanaGF","theEdgeheg:ChaosCards"],"picked":"theEdgeheg:Girlfriend","floor":6}],"player_experience":682507,"relics_obtained":[{"floor":2,"key":"Shuriken"},{"floor":6,"key":"Replay:Mystery Machine"}],"event_choices":[{"damage_healed":0,"gold_gain":0,"player_choice":"Disagree","damage_taken":0,"max_hp_gain":0,"max_hp_loss":0,"event_name":"conspire:LoneGhost","floor":3,"gold_loss":0},{"damage_healed":0,"gold_gain":0,"player_choice":"Ignored","damage_taken":0,"max_hp_gain":0,"max_hp_loss":0,"event_name":"NoteForYourself","floor":4,"gold_loss":0}],"is_beta":false,"boss_relics":[],"items_purged_floors":[],"is_endless":false,"potions_floor_spawned":[6],"killed_by":"Lagavulin","ascension_level":0}}