{"host":"s5d39dhq0ddhxhke","time":1612039435,"event":{"mods":["AchievementEnabler","BaseMod","Colored Map","Minty Spire (QoL Compilation)","SuperFastMode"],"gold_per_floor":[115,40,60,135,135,163,163,17,17,36,36,50,77,77,77,77,77],"floor_reached":16,"language":"ENG","playtime":593,"items_purged":["Decay"],"score":189,"play_id":"7ec33267-6b78-4f9d-918b-b3153332bae2","local_time":"20210130224355","is_ascension_mode":true,"campfire_choices":[{"data":"Bash","floor":7,"key":"SMITH"},{"data":"Disarm","floor":11,"key":"SMITH"},{"data":"Entrench","floor":15,"key":"SMITH"}],"circlet_count":0,"master_deck":["AscendersBane","Strike_R","Strike_R","Strike_R","Strike_R","Defend_R","Defend_R","Defend_R","Defend_R","Bash+1","Disarm+1","Reckless Charge","Flame Barrier","Entrench+1","Seeing Red"],"relics":["Burning Blood","Kunai","Pen Nib","Sundial","Pantograph"],"acts_visited":["Exordium"],"potions_floor_usage":[6,6,13,16],"damage_taken":[{"damage":9,"enemies":"Small Slimes","floor":1,"turns":3},{"damage":18,"enemies":"2 Louse","floor":3,"turns":4},{"damage":21,"enemies":"Gremlin Nob","floor":6,"turns":4},{"damage":2,"enemies":"Jaw Worm","floor":10,"turns":3},{"damage":7,"enemies":"Large Slime","floor":12,"turns":7},{"damage":42,"enemies":"3 Sentries","floor":13,"turns":10},{"damage":56,"enemies":"Slime Boss","floor":16,"turns":13}],"seed_played":"1122569830332088895","potions_obtained":[{"floor":1,"key":"Energy Potion"},{"floor":3,"key":"AttackPotion"},{"floor":10,"key":"BloodPotion"},{"floor":13,"key":"Strength Potion"}],"is_trial":false,"path_per_floor":["M","$","M","?","?","E","R","$","T","M","R","M","E","$","R","B"],"character_chosen":"IRONCLAD","items_purchased":["Pen Nib"],"campfire_rested":0,"item_purchase_floors":[8],"current_hp_per_floor":[79,79,67,56,49,34,34,34,34,38,38,37,18,18,18,0,0],"gold":77,"neow_bonus":"TWENTY_PERCENT_HP_BONUS","is_daily":false,"chose_seed":false,"campfire_upgraded":3,"win_rate":0.0,"timestamp":1612039435,"path_taken":["M","$","M","?","?","E","R","$","T","M","R","M","E","?","R","BOSS"],"items_purchased_type":["Relic"],"build_version":"2020-12-22","purchased_purges":1,"victory":false,"max_hp_per_floor":[89,89,89,89,89,89,89,89,89,89,89,89,89,89,89,89,89],"card_choices":[{"not_picked":["Rage","Searing Blow","Flex"],"picked":"SKIP","floor":1},{"not_picked":["Clothesline","Bloodletting"],"picked":"Disarm","floor":3},{"not_picked":["Burning Pact","Cleave"],"picked":"Reckless Charge","floor":6},{"not_picked":["Second Wind","True Grit"],"picked":"Flame Barrier","floor":10},{"not_picked":["Perfected Strike","Uppercut"],"picked":"Entrench","floor":12},{"not_picked":["Dual Wield","Warcry"],"picked":"Seeing Red","floor":13}],"player_experience":467916,"relics_obtained":[{"floor":6,"key":"Kunai"},{"floor":9,"key":"Sundial"},{"floor":13,"key":"Pantograph"}],"event_choices":[{"damage_healed":0,"gold_gain":75,"player_choice":"Gather Gold","damage_taken":11,"max_hp_gain":0,"max_hp_loss":0,"event_name":"World of Goop","floor":4,"gold_loss":0},{"cards_removed":["Strike_R"],"damage_healed":0,"gold_gain":0,"player_choice":"Card Removal","damage_taken":7,"max_hp_gain":0,"max_hp_loss":0,"event_name":"Golden Wing","floor":5,"gold_loss":0}],"is_beta":false,"boss_relics":[],"items_purged_floors":[2],"is_endless":false,"potions_floor_spawned":[1,3,10,13],"killed_by":"Slime Boss","ascension_level":15}}