{"host":"6xsbn6ynqlzwllfm","time":1612005840,"event":{"mods":["2.2 Compatiblity","BaseMod","Bestiary","Colored Map","Colored Powertips","Curses Come First","Highlight Path","Keyboard Shortcuts","Minty Spire (QoL Compilation)","Relic Stats","Slay the Relics Exporter","StSLib","SuperFastMode"],"gold_per_floor":[110,110,122,137,153,153,178,178,178,178,178],"floor_reached":10,"language":"ENG","playtime":406,"items_purged":[],"score":136,"play_id":"969fe547-4e0a-4dfa-aa1a-715657c09cbd","local_time":"20210130062400","is_ascension_mode":true,"campfire_choices":[{"data":"Blasphemy","floor":6,"key":"SMITH"},{"floor":8,"key":"REST"}],"circlet_count":0,"master_deck":["AscendersBane","Strike_P","Strike_P","Strike_P","Strike_P","Defend_P","Defend_P","Defend_P","Defend_P","Eruption","Vigilance","Blasphemy+1","FlurryOfBlows","Pain","CutThroughFate","Vault"],"relics":["PureWater","WarpedTongs","Bottled Lightning","Eternal Feather"],"acts_visited":["Exordium"],"potions_floor_usage":[],"damage_taken":[{"damage":0,"enemies":"Small Slimes","floor":1,"turns":3},{"damage":7,"enemies":"Cultist","floor":3,"turns":4},{"damage":0,"enemies":"Jaw Worm","floor":4,"turns":3},{"damage":7,"enemies":"Red Slaver","floor":5,"turns":2},{"damage":25,"enemies":"Lagavulin","floor":7,"turns":6},{"damage":42,"enemies":"3 Sentries","floor":10,"turns":12}],"seed_played":"-2089096440901426715","potions_obtained":[{"floor":3,"key":"SpeedPotion"}],"is_trial":false,"path_per_floor":["M","?","M","M","M","R","E","R","T","E"],"character_chosen":"WATCHER","items_purchased":[],"campfire_rested":1,"item_purchase_floors":[],"current_hp_per_floor":[61,61,54,54,47,47,22,42,42,0,0],"gold":178,"neow_bonus":"ONE_RANDOM_RARE_CARD","is_daily":false,"chose_seed":false,"campfire_upgraded":1,"win_rate":0.0,"timestamp":1612005840,"path_taken":["M","?","?","M","M","R","E","R","T","E"],"items_purchased_type":[],"build_version":"2020-12-22","purchased_purges":0,"victory":false,"max_hp_per_floor":[68,68,68,68,68,68,68,68,68,68,68],"relic_stats":{"counters":[6,30],"Eternal Feather":0,"obtain_stats":[{"Eternal Feather":9,"Bottled Lightning":7,"PureWater":0,"WarpedTongs":2},{"Eternal Feather":5,"Bottled Lightning":5,"PureWater":0,"WarpedTongs":1},{"Eternal Feather":18,"Bottled Lightning":18,"PureWater":0,"WarpedTongs":3}],"WarpedTongs":[24]},"card_choices":[{"not_picked":["CrushJoints","FollowUp"],"picked":"FlurryOfBlows","floor":1},{"not_picked":["DeceiveReality","PathToVictory"],"picked":"CutThroughFate","floor":3},{"not_picked":["Study","Blasphemy","Vengeance"],"picked":"SKIP","floor":4},{"not_picked":["Meditate","Halt","WindmillStrike"],"picked":"SKIP","floor":5},{"not_picked":["EmptyBody","EmptyFist"],"picked":"Vault","floor":7}],"player_experience":1273120,"relics_obtained":[{"floor":7,"key":"Bottled Lightning"},{"floor":9,"key":"Eternal Feather"}],"event_choices":[{"damage_healed":0,"gold_gain":0,"player_choice":"Rummage","damage_taken":0,"relics_obtained":["WarpedTongs"],"max_hp_gain":0,"max_hp_loss":0,"event_name":"Accursed Blacksmith","floor":2,"gold_loss":0,"cards_obtained":["Pain"]}],"is_beta":false,"boss_relics":[],"items_purged_floors":[],"is_endless":false,"potions_floor_spawned":[3],"killed_by":"3 Sentries","ascension_level":20}}