{"host":"815dqs41i1y8uxms","time":1612032767,"event":{"mods":["A Penny For Your Troubles","Act Like it!","BaseMod","Dark Map","Elementarium","Fox Events","Minty Spire (QoL Compilation)","Rare Cards Sparkle","Shop Mod","Spire Arcade","StSLib","The Marked"],"gold_per_floor":[111,130,130,143,51,51,67,142,168,26,62,83,83,83],"floor_reached":13,"language":"ENG","playtime":770,"items_purged":[],"score":85,"play_id":"1e078777-1106-480f-94df-cae6333f60bf","local_time":"20210130195247","is_ascension_mode":false,"campfire_choices":[{"data":"Panache","floor":6,"key":"SMITH"}],"circlet_count":0,"master_deck":["theMarked:Strike","theMarked:Strike","theMarked:Strike","theMarked:Strike","theMarked:Strike","theMarked:Defend","theMarked:Defend","theMarked:Defend","theMarked:Defend","theMarked:SoldierOfQuellstein","Writhe","Panache+1","theMarked:ChannelForce","theMarked:Maelstrom","theMarked:Pokerface","Panacea","theMarked:OneWithTheBlade","theMarked:Improvise","Panacea","theMarked:LightningStrikesTwice","theMarked:Improvise"],"relics":["theMarked:ArtifactOfAir","GremlinMask","Vajra","CeramicFish"],"acts_visited":["Exordium"],"potions_floor_usage":[11,11,13],"damage_taken":[{"damage":6,"enemies":"Jaw Worm","floor":1,"turns":4},{"damage":6,"enemies":"Cultist","floor":2,"turns":3},{"damage":2,"enemies":"2 Louse","floor":4,"turns":3},{"damage":12,"enemies":"Large Slime","floor":7,"turns":6},{"damage":9,"enemies":"3 Sentries","floor":11,"turns":4},{"damage":15,"enemies":"3 Louse","floor":12,"turns":3},{"damage":14,"enemies":"Lagavulin","floor":13,"turns":3}],"seed_played":"-9116486708406898534","potions_obtained":[{"floor":4,"key":"Strength Potion"},{"floor":7,"key":"DuplicationPotion"},{"floor":12,"key":"LiquidMemories"}],"is_trial":false,"path_per_floor":["M","M","?","M","$","R","M","?","T","$","E","M","E"],"character_chosen":"THE_DEFAULT","items_purchased":["Panacea","theMarked:Improvise","Panacea"],"campfire_rested":0,"item_purchase_floors":[5,10,10],"current_hp_per_floor":[64,58,58,56,56,56,44,33,33,33,24,9,0,0],"gold":83,"neow_bonus":"RANDOM_COLORLESS_2","is_daily":false,"chose_seed":false,"campfire_upgraded":1,"win_rate":0.0,"timestamp":1612032767,"path_taken":["M","M","?","M","?","R","M","?","T","?","E","?","E"],"items_purchased_type":["Card","Card","Card"],"build_version":"2020-12-22","purchased_purges":0,"victory":false,"max_hp_per_floor":[70,70,70,70,70,70,70,70,70,70,70,70,70,70],"card_choices":[{"not_picked":["Sadistic Nature","Secret Weapon"],"picked":"Panache","floor":0},{"not_picked":["theMarked:Improvise","theMarked:ResourceFulStrike"],"picked":"theMarked:ChannelForce","floor":1},{"not_picked":["theMarked:ResourceFulStrike","theMarked:StartUp"],"picked":"theMarked:Maelstrom","floor":2},{"not_picked":["theMarked:Maelstrom","theMarked:ChainLightning"],"picked":"theMarked:Pokerface","floor":4},{"not_picked":["theMarked:Parkour","theMarked:BanishingStrike"],"picked":"theMarked:OneWithTheBlade","floor":7},{"not_picked":["theMarked:PowerFlow","theMarked:Improvise"],"picked":"theMarked:LightningStrikesTwice","floor":11},{"not_picked":["theMarked:WardOff","theMarked:ResourceFulStrike"],"picked":"theMarked:Improvise","floor":12}],"player_experience":3713235,"relics_obtained":[{"floor":9,"key":"Vajra"},{"floor":11,"key":"CeramicFish"}],"event_choices":[{"damage_healed":0,"gold_gain":0,"player_choice":"Trade","damage_taken":0,"relics_obtained":["GremlinMask"],"max_hp_gain":0,"max_hp_loss":0,"event_name":"FaceTrader","floor":3,"gold_loss":0},{"damage_healed":0,"gold_gain":75,"player_choice":"Gather Gold","damage_taken":11,"max_hp_gain":0,"max_hp_loss":0,"event_name":"World of Goop","floor":8,"gold_loss":0}],"is_beta":false,"boss_relics":[],"items_purged_floors":[],"is_endless":false,"potions_floor_spawned":[4,7,12],"killed_by":"Lagavulin","ascension_level":0}}