{"host":"Jinnai","time":1612043669,"event":{"mods":["BaseMod","Bestiary","Block Reminder","Colored Map","Colored Powertips","Highlight Path","Minty Spire (QoL Compilation)","Quick Restart","Relic Stats","StSLib"],"gold_per_floor":[112,112,30,53,74,118,118,161,161,161,161,201,222,241,241,334,334,348,398,158,58,78,122,137,137,161,177,216,216,250,269,269,363,363,384,415,415,479,62,106,106,126,176,176,176,228,247,260,260,260,260,260],"floor_reached":51,"language":"ENG","playtime":3641,"items_purged":["Strike_R","Strike_R"],"score":1531,"play_id":"9fda767d-8b81-4842-ad0b-de67c60d8c68","local_time":"20210130165429","is_ascension_mode":true,"campfire_choices":[{"floor":7.0,"key":"REST"},{"floor":11.0,"key":"REST"},{"data":"Fiend Fire","floor":15.0,"key":"SMITH"},{"data":"Feed","floor":25.0,"key":"SMITH"},{"floor":29.0,"key":"REST"},{"data":"Dual Wield","floor":32.0,"key":"SMITH"},{"floor":41.0,"key":"REST"},{"floor":45.0,"key":"RECALL"},{"data":"Brutality","floor":49.0,"key":"SMITH"}],"circlet_count":0,"master_deck":["AscendersBane","Bash","Offering","Pommel Strike","Shrug It Off","Clothesline","Thunderclap","Fiend Fire+1","Second Wind","Inflame","Carnage","Cleave","Feed+1","Dual Wield+1","Flame Barrier","Juggernaut","Bludgeon","Pommel Strike","Uppercut","Dropkick","Second Wind","Brutality+1","Pommel Strike","Battle Trance","Shockwave+1","Dark Embrace+1","Apotheosis"],"relics":["Burning Blood","Golden Idol","Nunchaku","Meat on the Bone","Happy Flower","Eternal Feather","Snecko Eye","Lee\u0027s Waffle","Strawberry","Vajra","Ginger","Self Forming Clay","Pandora\u0027s Box","TungstenRod","Gambling Chip","Toolbox","Ornamental Fan","Centennial Puzzle"],"acts_visited":["Exordium","TheCity","TheBeyond"],"potions_floor_usage":[51],"damage_taken":[{"damage":6.0,"enemies":"Small Slimes","floor":1.0,"turns":3.0},{"damage":2.0,"enemies":"2 Louse","floor":4.0,"turns":4.0},{"damage":10.0,"enemies":"Jaw Worm","floor":5.0,"turns":2.0},{"damage":28.0,"enemies":"Gremlin Nob","floor":6.0,"turns":4.0},{"damage":41.0,"enemies":"Lagavulin","floor":8.0,"turns":6.0},{"damage":6.0,"enemies":"Gremlin Nob","floor":12.0,"turns":2.0},{"damage":7.0,"enemies":"Exordium Thugs","floor":13.0,"turns":4.0},{"damage":6.0,"enemies":"Exordium Wildlife","floor":14.0,"turns":3.0},{"damage":57.0,"enemies":"Hexaghost","floor":16.0,"turns":7.0},{"damage":11.0,"enemies":"Spheric Guardian","floor":18.0,"turns":3.0},{"damage":47.0,"enemies":"Chosen","floor":22.0,"turns":7.0},{"damage":44.0,"enemies":"Slavers","floor":23.0,"turns":5.0},{"damage":6.0,"enemies":"Snecko","floor":24.0,"turns":2.0},{"damage":44.0,"enemies":"Shelled Parasite and Fungi","floor":27.0,"turns":4.0},{"damage":44.0,"enemies":"Gremlin Leader","floor":28.0,"turns":6.0},{"damage":35.0,"enemies":"Slavers","floor":30.0,"turns":6.0},{"damage":23.0,"enemies":"Centurion and Healer","floor":31.0,"turns":8.0},{"damage":36.0,"enemies":"Collector","floor":33.0,"turns":7.0},{"damage":26.0,"enemies":"3 Shapes","floor":35.0,"turns":4.0},{"damage":6.0,"enemies":"Mind Bloom Boss Battle","floor":36.0,"turns":3.0},{"damage":31.0,"enemies":"2 Orb Walkers","floor":38.0,"turns":4.0},{"damage":53.0,"enemies":"Nemesis","floor":40.0,"turns":5.0},{"damage":32.0,"enemies":"3 Darklings","floor":42.0,"turns":3.0},{"damage":0.0,"enemies":"Spire Growth","floor":47.0,"turns":3.0},{"damage":0.0,"enemies":"Sphere and 2 Shapes","floor":48.0,"turns":2.0},{"damage":40,"enemies":"Donu and Deca","floor":50,"turns":5},{"damage":85,"enemies":"Awakened One","floor":51,"turns":6}],"seed_played":"-5385462548662326470","potions_obtained":[{"floor":6.0,"key":"Block Potion"},{"floor":12.0,"key":"LiquidBronze"},{"floor":13.0,"key":"Swift Potion"},{"floor":16.0,"key":"DuplicationPotion"},{"floor":28.0,"key":"Swift Potion"},{"floor":35.0,"key":"Fire Potion"},{"floor":36.0,"key":"SpeedPotion"}],"is_trial":false,"path_per_floor":["M","?","$","M","M","E","R","E","T","?","R","E","M","M","R","B",null,"M","?","$","$","M","E","M","R","T","M","E","R","E","M","R","B",null,"M","?","?","?","$","E","R","M","T","$","R","T","M","M","R","B","B"],"character_chosen":"IRONCLAD","items_purchased":["Fire Potion","Shrug It Off","Lee\u0027s Waffle","Apotheosis","SteroidPotion","Toolbox"],"campfire_rested":4,"item_purchase_floors":[3,3,20,39,39,39],"current_hp_per_floor":[68,42,42,46,42,20,42,7,7,12,36,48,47,47,59,20,65,60,52,87,87,61,45,57,69,69,47,21,64,51,50,62,48,99,83,87,87,78,78,43,94,68,68,68,83,83,89,99,114,80,0,0],"gold":260,"neow_bonus":"ONE_RANDOM_RARE_CARD","is_daily":false,"chose_seed":false,"campfire_upgraded":4,"win_rate":0.0,"timestamp":1612043669,"path_taken":["M","?","$","M","M","E","R","E","T","?","R","E","M","M","R","BOSS","M","?","?","$","M","E","M","R","T","M","E","R","E","M","R","BOSS","M","?","?","?","$","E","R","M","T","?","R","?","?","M","R","BOSS","BOSS"],"items_purchased_type":["Potion","Card","Relic","Card","Potion","Relic"],"build_version":"2020-12-18","purchased_purges":2,"victory":false,"max_hp_per_floor":[75,75,75,75,75,75,75,75,75,80,80,80,80,80,80,80,80,80,80,87,87,90,100,100,100,100,104,104,104,108,112,112,116,116,120,124,118,122,122,122,122,122,122,122,122,122,122,126,126,126,126,126],"relic_stats":{"Lee\u0027s Waffle":35,"Happy Flower":[33],"counters":[27,118],"Golden Idol":184,"Self Forming Clay":[90],"Eternal Feather":93,"Ginger":[5],"Burning Blood":156,"Nunchaku":[24],"Centennial Puzzle":[6],"Ornamental Fan":[60],"Gambling Chip":[27],"Snecko Eye":[182,173,172,181],"Pandora\u0027s Box":["Pommel Strike","Uppercut","Dropkick","Second Wind","Brutality","Pommel Strike","Battle Trance"],"obtain_stats":[{"Lee\u0027s Waffle":20,"Happy Flower":9,"Golden Idol":2,"Self Forming Clay":30,"Vajra":26,"Eternal Feather":12,"Ginger":28,"Burning Blood":0,"Nunchaku":6,"Centennial Puzzle":46,"Ornamental Fan":40,"Strawberry":23,"Gambling Chip":38,"Snecko Eye":17,"Toolbox":39,"Pandora\u0027s Box":34,"TungstenRod":36,"Meat on the Bone":8},{"Lee\u0027s Waffle":10,"Happy Flower":5,"Golden Idol":1,"Self Forming Clay":16,"Vajra":13,"Eternal Feather":6,"Ginger":15,"Burning Blood":0,"Nunchaku":4,"Centennial Puzzle":23,"Ornamental Fan":22,"Strawberry":12,"Gambling Chip":21,"Snecko Eye":9,"Toolbox":21,"Pandora\u0027s Box":18,"TungstenRod":20,"Meat on the Bone":5},{"Lee\u0027s Waffle":38,"Happy Flower":19,"Golden Idol":3,"Self Forming Clay":68,"Vajra":52,"Eternal Feather":21,"Ginger":62,"Burning Blood":0,"Nunchaku":13,"Centennial Puzzle":102,"Ornamental Fan":99,"Strawberry":50,"Gambling Chip":94,"Snecko Eye":35,"Toolbox":94,"Pandora\u0027s Box":83,"TungstenRod":90,"Meat on the Bone":19}],"TungstenRod":26,"Meat on the Bone":144},"card_choices":[{"not_picked":["Clothesline","Body Slam"],"picked":"Pommel Strike","floor":1.0},{"not_picked":["True Grit","Bloodletting"],"picked":"Clothesline","floor":4.0},{"not_picked":["Warcry","Wild Strike"],"picked":"Thunderclap","floor":5.0},{"not_picked":["Whirlwind","Pummel"],"picked":"Fiend Fire","floor":6.0},{"not_picked":["Ghostly Armor","Clothesline"],"picked":"Second Wind","floor":8.0},{"not_picked":["Bloodletting","Metallicize"],"picked":"Inflame","floor":12.0},{"not_picked":["Armaments","Clothesline"],"picked":"Carnage","floor":13.0},{"not_picked":["Sever Soul","Twin Strike"],"picked":"Cleave","floor":14.0},{"not_picked":["Brutality","Impervious"],"picked":"Feed","floor":16.0},{"not_picked":["Rupture","Dropkick"],"picked":"Dual Wield","floor":18.0},{"not_picked":["Evolve","Headbutt","Seeing Red+1"],"picked":"SKIP","floor":22.0},{"not_picked":["Sever Soul","Clothesline","Hemokinesis"],"picked":"SKIP","floor":23.0},{"not_picked":["Pommel Strike","Sever Soul","Wild Strike+1"],"picked":"SKIP","floor":24.0},{"not_picked":["Dual Wield","Carnage"],"picked":"Flame Barrier","floor":27.0},{"not_picked":["Body Slam","Thunderclap+1","Pommel Strike+1"],"picked":"SKIP","floor":28.0},{"not_picked":["Clash","Havoc+1","Anger"],"picked":"SKIP","floor":30.0},{"not_picked":["Body Slam","Clothesline"],"picked":"Juggernaut","floor":31.0},{"not_picked":["Offering","Juggernaut"],"picked":"Bludgeon","floor":33.0},{"not_picked":["Searing Blow+1","Anger","True Grit"],"picked":"SKIP","floor":35.0},{"not_picked":["Dual Wield","Perfected Strike"],"picked":"Shockwave+1","floor":36.0},{"not_picked":["Sword Boomerang","Iron Wave"],"picked":"Dark Embrace+1","floor":38.0},{"not_picked":["Shrug It Off","Brutality","Sword Boomerang+1"],"picked":"SKIP","floor":40.0},{"not_picked":["Twin Strike","Armaments","Pommel Strike"],"picked":"SKIP","floor":42.0},{"not_picked":["Whirlwind","Clash","Flex"],"picked":"SKIP","floor":47.0},{"not_picked":["Armaments","Havoc","Berserk"],"picked":"SKIP","floor":48.0}],"player_experience":1604745,"relics_obtained":[{"floor":6.0,"key":"Nunchaku"},{"floor":8.0,"key":"Meat on the Bone"},{"floor":9.0,"key":"Happy Flower"},{"floor":12.0,"key":"Eternal Feather"},{"floor":23.0,"key":"Strawberry"},{"floor":26.0,"key":"Vajra"},{"floor":28.0,"key":"Ginger"},{"floor":30.0,"key":"Self Forming Clay"},{"floor":36.0,"key":"TungstenRod"},{"floor":38.0,"key":"Gambling Chip"},{"floor":40.0,"key":"Ornamental Fan"},{"floor":46.0,"key":"Centennial Puzzle"}],"event_choices":[{"damage_healed":0.0,"max_hp_gain":0.0,"max_hp_loss":0.0,"gold_gain":0.0,"event_name":"Golden Idol","player_choice":"Take Damage","floor":2.0,"gold_loss":0.0,"damage_taken":26.0,"relics_obtained":["Golden Idol"]},{"damage_healed":0.0,"max_hp_gain":5.0,"max_hp_loss":0.0,"gold_gain":0.0,"event_name":"Big Fish","player_choice":"Donut","floor":10.0,"gold_loss":0.0,"damage_taken":0.0},{"damage_healed":0.0,"max_hp_gain":0.0,"max_hp_loss":0.0,"gold_gain":50.0,"event_name":"FaceTrader","player_choice":"Touch","floor":19.0,"gold_loss":0.0,"damage_taken":8.0},{"damage_healed":0.0,"max_hp_gain":0.0,"max_hp_loss":0.0,"gold_gain":0.0,"event_name":"MindBloom","player_choice":"Fight","floor":36.0,"gold_loss":0.0,"damage_taken":0.0},{"damage_healed":0.0,"max_hp_gain":0.0,"max_hp_loss":6.0,"gold_gain":0.0,"event_name":"Winding Halls","player_choice":"Max HP","floor":37.0,"gold_loss":0.0,"damage_taken":0.0},{"damage_healed":0.0,"max_hp_gain":0.0,"max_hp_loss":0.0,"gold_gain":0.0,"event_name":"Mysterious Sphere","player_choice":"Fight","floor":38.0,"gold_loss":0.0,"damage_taken":0.0}],"is_beta":true,"boss_relics":[{"not_picked":["Ectoplasm","Calling Bell"],"picked":"Snecko Eye"},{"not_picked":["Tiny House","Runic Cube"],"picked":"Pandora\u0027s Box"}],"items_purged_floors":[20,21],"is_endless":false,"potions_floor_spawned":[6,12,13,16,23,24,28,35,36,42],"killed_by":"Awakened One","ascension_level":20}}