{"host":"gbbz8f5svnnpwo8d","time":1612050489,"event":{"mods":["AchievementEnabler","AlwaysNeverKeys","BaseMod","Bestiary","Better Altar","Better Match","Better Note","Better Sensory Stone","Better Silent Start","Better Skull","Better Third Choice","Better Vampires","Better-Laid Plans","BetterRewards","Block Reminder","Colored Map","Colored Powertips","Curses Come First","Dark Map","Displayed Cursed Tome","GifTheSpireLib","Minty Spire (QoL Compilation)","MonsterHotkey","Permanent Neow","Potion Indicator Mod","Quick Restart","Random Character Button","Rare Cards Sparkle","Relic Stats","Shop Mod","Spicy Shops","Spire Birthday Party","StSLib","Transform Curses"],"gold_per_floor":[116,116,86,102,27,27,55,67,113,132,152,152,164,187,187,290,290,307,318,318,25,25,25,56,56,82,111,129,7,7,23,23,23,23],"floor_reached":33,"language":"ENG","playtime":1115,"items_purged":["Strike_B"],"score":360,"play_id":"984ed565-f160-4953-b572-5d7c28c81750","local_time":"20210130164809","is_ascension_mode":false,"campfire_choices":[{"floor":6.0,"key":"REST"},{"data":"Judgement","floor":12.0,"key":"SMITH"},{"floor":15.0,"key":"REST"},{"data":"Zap","floor":23,"key":"SMITH"},{"floor":25,"key":"REST"},{"floor":30,"key":"REST"},{"floor":32,"key":"REST"}],"circlet_count":1,"master_deck":["Strike_B","Strike_B","Strike_B","Defend_B","Defend_B","Defend_B","Defend_B","Zap+1","Dualcast+1","White Noise","Flash of Steel","Judgement+1","Echo Form+1","Jack Of All Trades","Double Energy","Steam","Beam Cell","J.A.X.","PiercingWail","Finesse","Blade Dance+1"],"relics":["Cracked Core","Unceasing Top","PrismaticShard","MerchantsRug","PreservedInsect","Anchor","Vajra","Lantern","Circlet","Frozen Egg 2","Boot"],"acts_visited":["Exordium","TheCity"],"potions_floor_usage":[24,33,33],"damage_taken":[{"damage":0.0,"enemies":"2 Louse","floor":1.0,"turns":2.0},{"damage":0.0,"enemies":"Small Slimes","floor":4.0,"turns":2.0},{"damage":11.0,"enemies":"Lagavulin","floor":7.0,"turns":4.0},{"damage":0.0,"enemies":"Jaw Worm","floor":8.0,"turns":3.0},{"damage":0.0,"enemies":"Red Slaver","floor":10.0,"turns":4.0},{"damage":0.0,"enemies":"Exordium Thugs","floor":11.0,"turns":3.0},{"damage":13.0,"enemies":"Gremlin Gang","floor":13.0,"turns":4.0},{"damage":0.0,"enemies":"Slime Boss","floor":16.0,"turns":4.0},{"damage":0.0,"enemies":"Chosen","floor":18.0,"turns":3.0},{"damage":12,"enemies":"Shell Parasite","floor":19,"turns":4},{"damage":17,"enemies":"Slavers","floor":24,"turns":2},{"damage":18,"enemies":"Gremlin Leader","floor":27,"turns":3},{"damage":42,"enemies":"Shelled Parasite and Fungi","floor":28,"turns":5},{"damage":5,"enemies":"Sentry and Sphere","floor":31,"turns":3},{"damage":55,"enemies":"Collector","floor":33,"turns":6}],"seed_played":"8056341568833851798","potions_obtained":[{"floor":4.0,"key":"Fire Potion"},{"floor":8.0,"key":"DuplicationPotion"},{"floor":16.0,"key":"LiquidBronze"},{"floor":19,"key":"SteroidPotion"},{"floor":24,"key":"PotionOfCapacity"},{"floor":31,"key":"Weak Potion"}],"is_trial":false,"path_per_floor":["M","?","?","M","$","R","E","M","T","M","M","R","M","T","R","B",null,"M","M","?","$","?","R","E","R","T","E","M","$","R","M","R","B"],"character_chosen":"DEFECT","items_purchased":["PrismaticShard","MerchantsRug","PreservedInsect","White Noise","Double Energy","Steam","Beam Cell","Finesse"],"campfire_rested":5,"item_purchase_floors":[0,0,0,0,21,21,21,29],"current_hp_per_floor":[40,31,31,31,31,53,42,42,42,42,42,42,29,29,51,51,75,75,63,63,63,63,63,46,68,68,50,8,8,30,25,47,0,0],"gold":23,"neow_bonus":"","is_daily":false,"chose_seed":false,"campfire_upgraded":2,"win_rate":0.0,"timestamp":1612050489,"path_taken":["M","?","?","?","?","R","E","?","T","M","M","R","M","?","R","BOSS","M","?","?","$","?","R","E","R","T","E","?","?","R","?","R","BOSS"],"items_purchased_type":["Relic","Relic","Relic","Card","Card","Card","Card","Card"],"build_version":"2020-12-22","purchased_purges":1,"victory":false,"max_hp_per_floor":[75,75,75,75,75,75,75,75,75,75,75,75,75,75,75,75,75,75,75,75,75,75,75,75,75,75,75,75,75,75,75,75,75,75],"relic_stats":{"counters":[154,675],"PreservedInsect":117,"Boot":[4],"obtain_stats":[{"Ice Cream":48,"Calipers":12,"Vajra":7,"Runic Capacitor":22,"Whetstone":54,"Ginger":46,"Bottled Tornado":45,"Boot":26,"Old Coin":46,"Blood Vial":26,"Lizard Tail":0,"HornCleat":23,"DollysMirror":0,"Strawberry":9,"Toxic Egg 2":2,"Girya":37,"MerchantsRug":37,"Pear":43,"Happy Flower":7,"Oddly Smooth Stone":54,"Eternal Feather":9,"Pen Nib":0,"Letter Opener":29,"Question Card":0,"Akabeko":12,"Cables":42,"SlaversCollar":17,"Bottled Flame":40,"Bronze Scales":54,"reliquary:SculptingSteel":9,"Symbiotic Virus":25,"Unceasing Top":0,"Meat on the Bone":10,"Lantern":0,"Torii":0,"SacredBark":34,"StoneCalendar":36,"Bag of Preparation":30,"Juzu Bracelet":22,"Empty Cage":34,"Cursed Key":17,"Ancient Tea Set":19,"PrismaticShard":0,"reliquary:TridentHead":26,"Emotion Chip":0,"Nunchaku":9,"Dream Catcher":31,"Matryoshka":25,"Mummified Hand":3,"Gambling Chip":14,"Tiny Chest":3,"reliquary:Buckler":14,"WingedGreaves":30,"Red Mask":38,"Cracked Core":0,"InkBottle":43,"Potion Belt":21,"Lee\u0027s Waffle":0,"Golden Idol":11,"Circlet":0,"Thread and Needle":9,"PreservedInsect":0,"Frozen Egg 2":9,"Nuclear Battery":17,"Mercury Hourglass":9,"reliquary:KinkedSpring":17,"Anchor":26,"DataDisk":53,"Busted Crown":34,"Ornamental Fan":0,"Bloody Idol":28,"Turnip":13,"Ectoplasm":17,"Art of War":26,"Bag of Marbles":8,"Bottled Lightning":53,"Toy Ornithopter":4},{"Ice Cream":30,"Calipers":53,"Vajra":142,"Runic Capacitor":66,"Whetstone":79,"Ginger":121,"Bottled Tornado":28,"Boot":44,"Old Coin":76,"Blood Vial":92,"Lizard Tail":80,"HornCleat":67,"DollysMirror":47,"Strawberry":85,"Toxic Egg 2":56,"Girya":27,"MerchantsRug":73,"Pear":100,"Happy Flower":4,"Oddly Smooth Stone":124,"Eternal Feather":4,"Pen Nib":47,"Letter Opener":116,"Question Card":55,"Akabeko":39,"Cables":74,"SlaversCollar":7,"Bottled Flame":99,"Bronze Scales":32,"reliquary:SculptingSteel":128,"Symbiotic Virus":68,"Unceasing Top":139,"Meat on the Bone":5,"Lantern":55,"Torii":104,"SacredBark":71,"StoneCalendar":97,"Bag of Preparation":69,"Juzu Bracelet":134,"Empty Cage":25,"Cursed Key":41,"Ancient Tea Set":89,"PrismaticShard":139,"reliquary:TridentHead":135,"Emotion Chip":0,"Nunchaku":38,"Dream Catcher":95,"Matryoshka":44,"Mummified Hand":49,"Gambling Chip":109,"Tiny Chest":81,"reliquary:Buckler":146,"WingedGreaves":116,"Red Mask":97,"Cracked Core":0,"InkBottle":27,"Potion Belt":42,"Lee\u0027s Waffle":33,"Golden Idol":5,"Circlet":0,"Thread and Needle":53,"PreservedInsect":0,"Frozen Egg 2":15,"Nuclear Battery":19,"Mercury Hourglass":58,"reliquary:KinkedSpring":147,"Anchor":68,"DataDisk":78,"Busted Crown":117,"Ornamental Fan":0,"Bloody Idol":23,"Turnip":54,"Ectoplasm":88,"Art of War":22,"Bag of Marbles":85,"Bottled Lightning":78,"Toy Ornithopter":35},{"Ice Cream":146,"Calipers":262,"Vajra":631,"Runic Capacitor":311,"Whetstone":390,"Ginger":540,"Bottled Tornado":134,"Boot":227,"Old Coin":364,"Blood Vial":432,"Lizard Tail":401,"HornCleat":318,"DollysMirror":243,"Strawberry":411,"Toxic Egg 2":274,"Girya":121,"MerchantsRug":349,"Pear":456,"Happy Flower":12,"Oddly Smooth Stone":553,"Eternal Feather":12,"Pen Nib":243,"Letter Opener":515,"Question Card":271,"Akabeko":195,"Cables":354,"SlaversCollar":26,"Bottled Flame":451,"Bronze Scales":170,"reliquary:SculptingSteel":568,"Symbiotic Virus":324,"Unceasing Top":623,"Meat on the Bone":15,"Lantern":271,"Torii":477,"SacredBark":342,"StoneCalendar":446,"Bag of Preparation":329,"Juzu Bracelet":594,"Empty Cage":106,"Cursed Key":211,"Ancient Tea Set":425,"PrismaticShard":623,"reliquary:TridentHead":600,"Emotion Chip":0,"Nunchaku":192,"Dream Catcher":436,"Matryoshka":227,"Mummified Hand":248,"Gambling Chip":488,"Tiny Chest":403,"reliquary:Buckler":645,"WingedGreaves":515,"Red Mask":446,"Cracked Core":0,"InkBottle":121,"Potion Belt":215,"Lee\u0027s Waffle":176,"Golden Idol":15,"Circlet":0,"Thread and Needle":262,"PreservedInsect":0,"Frozen Egg 2":51,"Nuclear Battery":66,"Mercury Hourglass":278,"reliquary:KinkedSpring":649,"Anchor":324,"DataDisk":382,"Busted Crown":521,"Ornamental Fan":0,"Bloody Idol":91,"Turnip":270,"Ectoplasm":423,"Art of War":85,"Bag of Marbles":411,"Bottled Lightning":382,"Toy Ornithopter":182}],"Unceasing Top":[69]},"card_choices":[{"not_picked":["Evaluate","Headbutt"],"picked":"Flash of Steel","floor":1.0},{"not_picked":["Clothesline","Outmaneuver","Conserve Battery"],"picked":"SKIP","floor":4.0},{"not_picked":["Tools of the Trade","PanicButton","Compile Driver"],"picked":"SKIP","floor":7.0},{"not_picked":["EmptyFist","Adaptation","Compile Driver"],"picked":"SKIP","floor":8.0},{"not_picked":["Doom and Gloom","Barrage","Bouncing Flask"],"picked":"SKIP","floor":10.0},{"not_picked":["Predator","True Grit"],"picked":"Echo Form","floor":11.0},{"not_picked":["Mind Blast","Dark Shackles"],"picked":"Jack Of All Trades","floor":13.0},{"not_picked":["Thunderclap+1","ThirdEye","Underhanded Strike+1"],"picked":"SKIP","floor":18.0},{"not_picked":["Dodge and Roll","Underhanded Strike+1","Tools of the Trade"],"picked":"SKIP","floor":19},{"not_picked":["Twin Strike","Rip and Tear+1","Dagger Throw+1"],"picked":"SKIP","floor":24},{"not_picked":["Indignation","Deadly Poison+1","Twin Strike"],"picked":"SKIP","floor":27},{"not_picked":["Carnage","Pommel Strike"],"picked":"PiercingWail","floor":28},{"not_picked":["Caltrops+1","SashWhip"],"picked":"Blade Dance+1","floor":31}],"player_experience":3648945,"relics_obtained":[{"floor":7.0,"key":"Vajra"},{"floor":9.0,"key":"Lantern"},{"floor":14.0,"key":"reliquary:Buckler"},{"floor":24,"key":"Frozen Egg 2"},{"floor":26,"key":"Circlet"},{"floor":27,"key":"Boot"}],"event_choices":[{"damage_healed":0.0,"max_hp_gain":0.0,"max_hp_loss":0.0,"gold_gain":0.0,"event_name":"betterThird:BetterGoop","player_choice":"Left","floor":3.0,"gold_loss":30.0,"damage_taken":0.0},{"cards_removed":["Strike_B"],"damage_healed":0,"gold_gain":0,"player_choice":"Give","damage_taken":0,"max_hp_gain":0,"max_hp_loss":0,"event_name":"betterNote:BetterNote","floor":20,"gold_loss":0,"cards_obtained":["Defend_B"]},{"damage_healed":0,"gold_gain":0,"player_choice":"Obtain J.A.X.","damage_taken":0,"max_hp_gain":0,"max_hp_loss":0,"event_name":"Drug Dealer","floor":22,"gold_loss":0,"cards_obtained":["J.A.X."]}],"is_beta":false,"boss_relics":[{"not_picked":["Inserter","Philosopher\u0027s Stone"],"picked":"reliquary:KinkedSpring"}],"items_purged_floors":[5],"is_endless":false,"potions_floor_spawned":[4,8,16,19,24,31],"killed_by":"Collector","ascension_level":0}}