{"host":"3vgzk5mhz751jdrj","time":1612034218,"event":{"mods":["2.2 Compatiblity","AchievementEnabler","Act Like it!","Aspiration","BaseMod","Better Altar","Better Match","Better Note","Better Sensory Stone","Better Skull","Better Third Choice","Block Reminder","Colored Map","Conspire","Curses Come First","Dark Map","Displayed Cursed Tome","Downfall","Friendly Minions","GifTheSpireLib","Halation","Hubris","Marked Mod","Mimic Mod","Minty Spire (QoL Compilation)","Quick Restart","Rare Cards Sparkle","Replay The Spire","Shop Mod","Spicy Shops","Spikes Relics","StSLib","Stuff the Spire","Trackpad"],"gold_per_floor":[99,113,127,127,147,175,222,242,272,172,201,265,265,276,295,400,400,300,13,13,31,50,85,125,125,142,142,42,42,42,42],"floor_reached":29,"language":"ENG","playtime":2829,"items_purged":[],"score":288,"play_id":"7ef48cd8-9e3d-4a60-8b4c-c4cef126a16f","local_time":"20210130141658","is_ascension_mode":false,"campfire_choices":[{"data":"bronze:Goto","floor":1.0,"key":"SMITH"},{"floor":10,"key":"REST"},{"data":"bronze:Overload","floor":18,"key":"SMITH"},{"floor":25,"key":"RECALL"},{"data":"expansioncontent:QuickStudy","floor":28,"key":"SMITH"}],"circlet_count":0,"master_deck":["bronze:Strike","bronze:Defend","bronze:Defend","bronze:Defend","bronze:Defend","bronze:Invalidate","bronze:Deprecate","Glass Knife","Finisher","bronze:CloningBeam","bronze:FollowUp","bronze:WhirlingStrike","bronze:Boost","bronze:Overload+1","bronze:Fortify","m_BronzeAgony","m_BronzeSurvivor+1","bronze:WhirlingStrike","bronze:ThunderWave","expansioncontent:QuickStudy+1","bronze:Repair","bronze:Backtrace","bronze:BitShift","bronze:Overheat","bronze:Format"],"relics":["bronze:BronzeCore","StuffTheSpire:Mouthbags","The Courier","downfall:HeartBlessingBlue","Replay:Accelerometer","aspiration:HummingbirdHeart","expansioncontent:StudyCardRelic","downfall:HeartBlessingGreen","trackpad:ToughGloves","RollingBoulder","Eternal Feather","downfall:HeartBlessingRed"],"acts_visited":["Exordium","TheCity"],"potions_floor_usage":[9,12,16,22],"damage_taken":[{"damage":1.0,"enemies":"Cultist","floor":2.0,"turns":3.0},{"damage":1.0,"enemies":"Jaw Worm","floor":3.0,"turns":3.0},{"damage":0.0,"enemies":"2 Louse","floor":5.0,"turns":2.0},{"damage":2.0,"enemies":"Replay:BlueRogue","floor":6.0,"turns":5.0},{"damage":11,"enemies":"Large Slime","floor":8,"turns":2},{"damage":25,"enemies":"Lagavulin","floor":9,"turns":4},{"damage":5,"enemies":"3 Sentries","floor":11,"turns":5},{"damage":18,"enemies":"Lagavulin Event","floor":12,"turns":5},{"damage":0,"enemies":"Blue Slaver","floor":14,"turns":2},{"damage":0,"enemies":"Red Slaver","floor":15,"turns":2},{"damage":39,"enemies":"IC_STATUS_ARCHETYPE","floor":16,"turns":11},{"damage":0,"enemies":"downfall:FleeingMerchant","floor":19,"turns":4},{"damage":8,"enemies":"Spheric Guardian","floor":21,"turns":4},{"damage":4,"enemies":"Shell Parasite","floor":22,"turns":5},{"damage":1,"enemies":"Slavers","floor":23,"turns":5},{"damage":1,"enemies":"Centurion and Healer","floor":24,"turns":8},{"damage":5,"enemies":"Centurion and Healer","floor":26,"turns":7},{"damage":0,"enemies":"Gremlin Leader","floor":29,"turns":4}],"seed_played":"5708495523541369374","potions_obtained":[{"floor":5.0,"key":"AttackPotion"},{"floor":8,"key":"Weak Potion"},{"floor":9,"key":"Energy Potion"},{"floor":15,"key":"ColorlessPotion"},{"floor":16,"key":"Venom Potion"},{"floor":21,"key":"SkillPotion"},{"floor":26,"key":"hexamod:SoulburnPotion"}],"is_trial":false,"path_per_floor":["R","M","M","?","M","E","T","M","E","R","E","?","?","M","M","B",null,"R","$","?","M","M","E","MIM","R","M","?","R","E"],"character_chosen":"THE_AUTOMATON","items_purchased":["expansioncontent:QuickStudy","trackpad:ToughGloves"],"campfire_rested":1,"item_purchase_floors":[19,19],"current_hp_per_floor":[77,76,75,75,75,73,73,62,37,73,68,50,50,50,50,11,87,87,87,87,79,82,87,86,87,82,56,71,78,78,78],"gold":42,"neow_bonus":"TEN_PERCENT_HP_BONUS","is_daily":false,"chose_seed":false,"campfire_upgraded":3,"win_rate":0.0,"timestamp":1612034218,"path_taken":["R","M","M","?","M","E","T","?","E","R","E","?","?","M","M","BOSS","R","$","?","?","M","E","MIM","R","M","?","R","E"],"items_purchased_type":["Card","Relic"],"build_version":"2020-12-22","purchased_purges":0,"victory":false,"max_hp_per_floor":[77,77,77,77,77,77,77,77,77,87,87,87,87,87,87,87,87,87,87,87,87,87,87,87,87,87,87,87,87,87,87],"card_choices":[{"not_picked":["bronze:Shield","bronze:CloningBeam"],"picked":"bronze:Invalidate","floor":2.0},{"not_picked":["bronze:DelayedGuard","bronze:Frontload"],"picked":"bronze:Deprecate","floor":3.0},{"not_picked":["bronze:BugBarrage","bronze:ItsAFeature"],"picked":"bronze:CloningBeam","floor":5.0},{"not_picked":["bronze:SpaghettiCode","bronze:BugBarrage"],"picked":"bronze:FollowUp","floor":6.0},{"not_picked":["bronze:CutThrough","bronze:BugBarrage"],"picked":"bronze:WhirlingStrike","floor":8},{"not_picked":["bronze:Branch","bronze:BitShift"],"picked":"bronze:Boost","floor":9},{"not_picked":["bronze:Deprecate","bronze:Repulsor"],"picked":"bronze:Overload","floor":11},{"not_picked":["bronze:DigitalCarnage","bronze:Safeguard"],"picked":"bronze:Fortify","floor":12},{"not_picked":["bronze:Iterate","bronze:Fortify","bronze:WildBeam"],"picked":"SKIP","floor":14},{"not_picked":["bronze:CutThrough","bronze:Safeguard"],"picked":"bronze:WhirlingStrike","floor":15},{"not_picked":["bronze:Assembly","bronze:FindAndReplace"],"picked":"bronze:ThunderWave","floor":16},{"not_picked":["bronze:Fortify","bronze:Frontload","bronze:Deprecate"],"picked":"SKIP","floor":19},{"not_picked":["bronze:FineTuning+1","bronze:Optimize"],"picked":"bronze:Repair","floor":21},{"not_picked":["bronze:Invalidate","bronze:Turbo"],"picked":"bronze:Backtrace","floor":22},{"not_picked":["bronze:Invalidate","bronze:Iterate+1"],"picked":"bronze:BitShift","floor":23},{"not_picked":["bronze:Philosophize","bronze:DigitalCarnage+1"],"picked":"bronze:Overheat","floor":24},{"not_picked":["bronze:Iterate","bronze:Overheat"],"picked":"bronze:Format","floor":26}],"player_experience":424505,"relics_obtained":[{"floor":6.0,"key":"StuffTheSpire:Mouthbags"},{"floor":9,"key":"The Courier"},{"floor":11,"key":"Replay:Accelerometer"},{"floor":12,"key":"aspiration:HummingbirdHeart"},{"floor":23,"key":"RollingBoulder"},{"floor":24,"key":"Eternal Feather"}],"event_choices":[],"is_beta":false,"boss_relics":[{"not_picked":["hubris:ScarierMask","Velvet Choker"],"picked":"expansioncontent:StudyCardRelic"}],"items_purged_floors":[],"is_endless":false,"potions_floor_spawned":[5,8,9,15,16,21,26],"killed_by":"Gremlin Leader","ascension_level":0}}