{"host":"ehgz297skgb1u9fr","time":1612044373,"event":{"mods":["2.2 Compatiblity","Act Like it!","Aspiration","BaseMod","Beaked The Cultist","Better Note","Better Sensory Stone","Better Skull","Better Third Choice","Better Vampires","Conspire","Energized Spire","Hubris","Minty Spire (QoL Compilation)","RRrroohrrRGHHhhh!!","Replay The Spire","Retaliation","Shop Mod","Small Relic Pack","StS++","StSLib","The Blue Laboratory","Wandering Minibosses","Wide Potions"],"gold_per_floor":[111,131,76,86,104,104,104],"floor_reached":6,"language":"ENG","playtime":291,"items_purged":[],"score":40,"play_id":"5e3a8a28-e251-40fc-a56d-8eb862756ce7","local_time":"20210130160613","is_ascension_mode":true,"campfire_choices":[],"circlet_count":0,"master_deck":["Strike_B","Strike_B","Strike_B","Strike_B","Defend_B","Defend_B","Defend_B","Defend_B","Zap+1","Dualcast","rorgmod:Steady Aim","Hologram","Cold Snap","Hologram"],"relics":["Cracked Core","relicPack:NeonSign"],"acts_visited":["Exordium"],"potions_floor_usage":[],"damage_taken":[{"damage":6,"enemies":"Jaw Worm","floor":1,"turns":2},{"damage":0,"enemies":"Cultist","floor":2,"turns":3},{"damage":7,"enemies":"Small Slimes","floor":4,"turns":7},{"damage":15,"enemies":"3 Louse","floor":5,"turns":3},{"damage":0,"enemies":"Lagavulin","floor":6,"turns":2}],"seed_played":"-3905505670434388540","potions_obtained":[{"floor":4,"key":"blueLaboratory:NullPotion"},{"floor":5,"key":"StSpp:SecondWindPotion"}],"is_trial":false,"path_per_floor":["M","M","?","M","M","E"],"character_chosen":"DEFECT","items_purchased":[],"campfire_rested":0,"item_purchase_floors":[],"current_hp_per_floor":[69,69,69,62,47,47,47],"gold":104,"neow_bonus":"UPGRADE_CARD","is_daily":false,"chose_seed":false,"campfire_upgraded":0,"win_rate":0.0,"timestamp":1612044373,"path_taken":["M","M","?","M","?","E"],"items_purchased_type":[],"build_version":"2020-12-22","purchased_purges":0,"victory":false,"max_hp_per_floor":[75,75,75,75,75,75,75],"card_choices":[{"not_picked":["Streamline","Coolheaded"],"picked":"rorgmod:Steady Aim","floor":1},{"not_picked":["StSpp:Mask","Barrage"],"picked":"Hologram","floor":2},{"not_picked":["Double Energy","rorgmod:Chaos"],"picked":"Cold Snap","floor":4},{"not_picked":["Barrage","rorgmod:Antivirus"],"picked":"Hologram","floor":5}],"player_experience":406656,"relics_obtained":[],"event_choices":[{"damage_healed":0,"gold_gain":0,"player_choice":"Paid Gold","damage_taken":0,"relics_obtained":["relicPack:NeonSign"],"max_hp_gain":0,"max_hp_loss":0,"event_name":"WeMeetAgain","floor":3,"gold_loss":55}],"is_beta":false,"boss_relics":[],"items_purged_floors":[],"is_endless":false,"potions_floor_spawned":[4,5],"killed_by":"Lagavulin","ascension_level":1}}