{"host":"htqwg582tjjtn9p7","time":1612004641,"event":{"mods":["2.2 Compatiblity","AchievementEnabler","Act Like it!","Aspiration","BaseMod","Better Third Choice","Colored Map","Conspire","Curses Come First","Displayed Cursed Tome","Energized Spire","Force Act Four","Fox Events","GifTheSpireLib","Hermit","Highlight Path","JesterMod","Mad Scientist","Minty Spire (QoL Compilation)","Pale of the Ancients","Permanent Neow","Random Character Button","Relic Stats","Reliquary","Replay The Spire","Robot Space Explorer","Somnambulant","Spicy Shops","Spikes Relics","StSLib","Stuff the Spire","The Blue Laboratory","The Bug Knight","The Forsaken","The Gatherer","The Judge","The Jungle","The Marked","The Runesmith","The Servant 0.9.4","Uncapped"],"gold_per_floor":[15,15,33,33,52,52,82,82,82,116,135,135,147,97,97,202,202,219,219,219,144,144,144,175,185,185,185,93,133,133,153,153,249,249,265,41,41,141,153,153,164,197,197,197,197],"floor_reached":44,"language":"ENG","playtime":2635,"items_purged":["MadScienceMod:FumeBlast+1"],"score":709,"play_id":"c4738214-0650-4778-a898-6cd6aa81a30c","local_time":"20210130120401","is_ascension_mode":true,"campfire_choices":[{"floor":6,"key":"DIG"},{"floor":8,"key":"DIG"},{"floor":12,"key":"DIG"},{"floor":15,"key":"DIG"},{"floor":23,"key":"REST"},{"floor":27,"key":"DIG"},{"floor":30,"key":"DIG"},{"floor":32,"key":"REST"},{"floor":40,"key":"REST"}],"circlet_count":0,"master_deck":["MadScienceMod:Strike_MadScience","MadScienceMod:Strike_MadScience","MadScienceMod:Defend_MadScience","MadScienceMod:Defend_MadScience","MadScienceMod:Defend_MadScience","MadScienceMod:HideBehindJunk","MadScienceMod:ExtractOil","MadScienceMod:PowerArmor+1","MadScienceMod:BoxOfScraps","MadScienceMod:FragmentationGrenade","MadScienceMod:Bayonet","MadScienceMod:RadioactiveSword","MadScienceMod:Sprocket","MadScienceMod:MechanicalClaw+1","MadScienceMod:Refuel","StuffTheSpire:Brawn","MadScienceMod:RadioactiveSword+1","MadScienceMod:OilDrum","MadScienceMod:Browse","MadScienceMod:Generator","MadScienceMod:OilDrum","MadScienceMod:Generator+1","MadScienceMod:FragmentationGrenade+1","MadScienceMod:AntimatterBomb","MadScienceMod:ExtractOil+1","MadScienceMod:TimeDilationField+1"],"relics":["MadScienceMod:FuelTank","Shovel","Sundial","HollowMod:StagPassRelic","ZombieTooth","reliquary:IridiumChain","GiantMaggot","Anchor","Replay:PocketPolymizer","aspiration:FutureDiary","aspiration:Stabinomicon","reliquary:RoseTintedGlasses","Molten Egg 2","Centennial Puzzle","Tiny Chest","StuffTheSpire:RunicHypercube","Replay:Mystery Machine","MadScienceMod:SignalFlag"],"acts_visited":["Exordium","TheCity","TheBeyond"],"potions_floor_usage":[10,16,24,33,33,42,44,44],"damage_taken":[{"damage":5,"enemies":"Small Slimes","floor":1,"turns":5},{"damage":0,"enemies":"2 Louse","floor":3,"turns":3},{"damage":1,"enemies":"Cultist","floor":5,"turns":6},{"damage":0,"enemies":"HollowMod:MossKnight","floor":7,"turns":14},{"damage":19,"enemies":"3 Sentries","floor":10,"turns":11},{"damage":2,"enemies":"Looter","floor":11,"turns":3},{"damage":5,"enemies":"3 Louse","floor":13,"turns":7},{"damage":27,"enemies":"Fading Forest","floor":16,"turns":11},{"damage":21,"enemies":"Shell Parasite","floor":18,"turns":6},{"damage":21,"enemies":"HollowMod:Nosk","floor":24,"turns":8},{"damage":3,"enemies":"Centurion and Healer","floor":25,"turns":5},{"damage":6,"enemies":"Chosen and Byrds","floor":29,"turns":5},{"damage":12,"enemies":"Cultist and Chosen","floor":31,"turns":5},{"damage":46,"enemies":"Champ","floor":33,"turns":10},{"damage":0,"enemies":"3 Shapes","floor":35,"turns":2},{"damage":23,"enemies":"3 Darklings","floor":39,"turns":5},{"damage":16,"enemies":"Jaw Worm Horde","floor":41,"turns":5},{"damage":6,"enemies":"R_Hoarder","floor":42,"turns":5},{"damage":23,"enemies":"4 Shapes","floor":44,"turns":4}],"seed_played":"-1168117297306995924","potions_obtained":[{"floor":1,"key":"Regen Potion"},{"floor":13,"key":"blueLaboratory:BubblePotion"},{"floor":16,"key":"blueLaboratory:RememoryPotion"},{"floor":18,"key":"Venom Potion"},{"floor":20,"key":"foxEvents:VialedCaress"},{"floor":24,"key":"FearPotion"},{"floor":33,"key":"Swift Potion"},{"floor":35,"key":"Adrenaline Potion"}],"is_trial":false,"path_per_floor":["M","?","M","?","M","R","E","R","T","E","M","R","M","$","R","B",null,"M","?","?","?","?","R","E","M","T","R","?","M","R","M","R","B",null,"M","$","?","?","M","R","M","E","T","M"],"character_chosen":"MAD_SCIENTIST","items_purchased":["MadScienceMod:FumeBlast","MadScienceMod:Generator"],"campfire_rested":3,"item_purchase_floors":[14,36],"current_hp_per_floor":[63,63,63,63,62,62,62,62,62,58,56,56,51,51,51,32,64,43,43,43,43,27,45,55,52,52,52,52,46,46,34,52,6,49,49,49,49,49,26,44,28,22,22,0,0],"gold":197,"neow_bonus":"ONE_RARE_RELIC","is_daily":false,"chose_seed":false,"campfire_upgraded":0,"win_rate":0.0,"timestamp":1612004641,"path_taken":["M","?","M","?","?","R","E","R","T","E","?","R","M","$","R","BOSS","M","?","?","?","?","R","E","M","T","R","?","?","R","M","R","BOSS","M","$","?","?","M","R","M","E","T","?"],"items_purchased_type":["Card","Card"],"build_version":"2020-12-22","purchased_purges":1,"victory":false,"max_hp_per_floor":[75,75,75,75,75,75,75,75,75,75,75,75,75,75,75,75,75,75,75,63,63,63,63,63,63,63,63,63,63,63,63,63,63,63,63,63,63,63,63,63,63,63,63,63,63],"relic_stats":{"Centennial Puzzle":[20],"Shovel":6,"counters":[19,120],"Sundial":[16],"Tiny Chest":0,"obtain_stats":[{"MadScienceMod:FuelTank":0,"Replay:PocketPolymizer":15,"StuffTheSpire:RunicHypercube":34,"GiantMaggot":10,"aspiration:Stabinomicon":22,"Replay:Mystery Machine":42,"HollowMod:StagPassRelic":7,"reliquary:IridiumChain":9,"MadScienceMod:SignalFlag":43,"ZombieTooth":8,"Anchor":12,"Centennial Puzzle":27,"Shovel":0,"Sundial":6,"Molten Egg 2":26,"Tiny Chest":30,"reliquary:RoseTintedGlasses":24,"aspiration:FutureDiary":17},{"MadScienceMod:FuelTank":0,"Replay:PocketPolymizer":7,"StuffTheSpire:RunicHypercube":14,"GiantMaggot":5,"aspiration:Stabinomicon":9,"Replay:Mystery Machine":18,"HollowMod:StagPassRelic":4,"reliquary:IridiumChain":4,"MadScienceMod:SignalFlag":18,"ZombieTooth":4,"Anchor":6,"Centennial Puzzle":11,"Shovel":0,"Sundial":3,"Molten Egg 2":11,"Tiny Chest":12,"reliquary:RoseTintedGlasses":10,"aspiration:FutureDiary":8},{"MadScienceMod:FuelTank":0,"Replay:PocketPolymizer":49,"StuffTheSpire:RunicHypercube":99,"GiantMaggot":39,"aspiration:Stabinomicon":66,"Replay:Mystery Machine":116,"HollowMod:StagPassRelic":28,"reliquary:IridiumChain":28,"MadScienceMod:SignalFlag":116,"ZombieTooth":28,"Anchor":42,"Centennial Puzzle":79,"Shovel":0,"Sundial":14,"Molten Egg 2":79,"Tiny Chest":84,"reliquary:RoseTintedGlasses":74,"aspiration:FutureDiary":60}]},"card_choices":[{"not_picked":["MadScienceMod:FlameCannon","MadScienceMod:AntimatterBomb"],"picked":"MadScienceMod:ExtractOil","floor":1},{"not_picked":["MadScienceMod:AntimatterBomb","MadScienceMod:AutoStrike"],"picked":"MadScienceMod:BoxOfScraps","floor":3},{"not_picked":["MadScienceMod:Inflate","MadScienceMod:ShrinkRay"],"picked":"MadScienceMod:FragmentationGrenade","floor":5},{"not_picked":["MadScienceMod:ExploreOptions","MadScienceMod:LightOnFire"],"picked":"MadScienceMod:Bayonet","floor":7},{"not_picked":["MadScienceMod:FumeBlast","MadScienceMod:ParticleBeam"],"picked":"MadScienceMod:RadioactiveSword","floor":10},{"not_picked":["MadScienceMod:Poke","MadScienceMod:FlameCannon","MadScienceMod:OmniHammer"],"picked":"SKIP","floor":11},{"not_picked":["MadScienceMod:SelfDestruct","MadScienceMod:FumeBlast"],"picked":"MadScienceMod:Sprocket","floor":13},{"not_picked":["MadScienceMod:GatherParts","MadScienceMod:Assemble"],"picked":"MadScienceMod:Mechanize","floor":16},{"not_picked":["MadScienceMod:Probe+1","MadScienceMod:FumeBlast"],"picked":"MadScienceMod:MechanicalClaw+1","floor":18},{"not_picked":["MadScienceMod:AntimatterBomb","MadScienceMod:AutoStrike","MadScienceMod:Retarget"],"picked":"SKIP","floor":24},{"not_picked":["MadScienceMod:NowOrNever+1","MadScienceMod:AntimatterBomb"],"picked":"MadScienceMod:Refuel","floor":25},{"not_picked":["MadScienceMod:RecyclingStation","MadScienceMod:FlexibleSpear+1"],"picked":"MadScienceMod:RadioactiveSword+1","floor":29},{"not_picked":["MadScienceMod:Assemble","MadScienceMod:SelfDestruct+1"],"picked":"MadScienceMod:OilDrum","floor":31},{"not_picked":["MadScienceMod:Jetpack","MadScienceMod:GlassCannon+1"],"picked":"MadScienceMod:Generator","floor":33},{"not_picked":["MadScienceMod:Tune","MadScienceMod:Bombardment+1"],"picked":"MadScienceMod:OilDrum","floor":35},{"not_picked":["MadScienceMod:Strafe+1","MadScienceMod:MechanicalClaw+1"],"picked":"MadScienceMod:FragmentationGrenade+1","floor":39},{"not_picked":["MadScienceMod:Sprocket","MadScienceMod:PowerArmor"],"picked":"MadScienceMod:ExtractOil+1","floor":41},{"not_picked":["MadScienceMod:Poke+1","MadScienceMod:OmniHammer+1"],"picked":"MadScienceMod:TimeDilationField+1","floor":42}],"player_experience":1977604,"relics_obtained":[{"floor":6,"key":"Sundial"},{"floor":7,"key":"HollowMod:StagPassRelic"},{"floor":8,"key":"ZombieTooth"},{"floor":9,"key":"reliquary:IridiumChain"},{"floor":10,"key":"GiantMaggot"},{"floor":12,"key":"Anchor"},{"floor":15,"key":"Replay:PocketPolymizer"},{"floor":24,"key":"reliquary:RoseTintedGlasses"},{"floor":26,"key":"Molten Egg 2"},{"floor":27,"key":"Centennial Puzzle"},{"floor":30,"key":"Tiny Chest"},{"floor":42,"key":"Replay:Mystery Machine"},{"floor":43,"key":"MadScienceMod:SignalFlag"}],"event_choices":[{"cards_removed":["MadScienceMod:Strike_MadScience"],"damage_healed":0,"gold_gain":0,"player_choice":"Offered Basic","damage_taken":0,"max_hp_gain":0,"max_hp_loss":0,"event_name":"Bonfire Elementals","floor":4,"gold_loss":0},{"cards_removed":["MadScienceMod:Defend_MadScience"],"damage_healed":0,"gold_gain":0,"player_choice":"Gave Gold","damage_taken":0,"max_hp_gain":0,"max_hp_loss":0,"event_name":"Beggar","floor":21,"gold_loss":75},{"damage_healed":0,"gold_gain":0,"player_choice":"Obtained Book","damage_taken":16,"max_hp_gain":0,"max_hp_loss":0,"event_name":"Cursed Tome","floor":22,"gold_loss":0},{"damage_healed":0,"gold_gain":100,"player_choice":"Pray","damage_taken":0,"max_hp_gain":0,"max_hp_loss":0,"event_name":"Golden Shrine","floor":38,"gold_loss":0}],"is_beta":false,"boss_relics":[{"not_picked":["energizedSpire:MagnifyingGlass","Replay:Fungal Core"],"picked":"aspiration:FutureDiary"},{"not_picked":["Empty Cage","Painkiller Herb"],"picked":"StuffTheSpire:RunicHypercube"}],"items_purged_floors":[36],"is_endless":false,"potions_floor_spawned":[1,13,16,18,24,33,35,41],"killed_by":"4 Shapes","ascension_level":9}}