{"host":"85sjp5lsubt86171","time":1612015836,"event":{"mods":["Act Like it!","BaseMod","BetterRewards","CapriCore","Colored Map","Gensokyo","Hallownest","Library of Ruina","Library of Ruina Extra","Minty Spire (QoL Compilation)","Quick Restart","Relic Stats","Shop Mod","Spicy Shops","StSLib","SuperFastMode","The Immortal","Waifu the Spire"],"gold_per_floor":[16,16,29,29,43,70,84,84,84,84,98,124,137,171,171,274,274,288,288,288,47,146,146,180,199,199,199,311,340,377,401,413,522,534,562,237,287,297,310,310,335,335,335,335,351,187,206,241,241,241,241,241,241,23,54,54],"floor_reached":57,"language":"ZHS","playtime":2407,"items_purged":[],"score":1965,"play_id":"c7f56192-0e27-492c-b8bc-c5a46ce83430","local_time":"20210130221036","is_ascension_mode":true,"campfire_choices":[{"data":"ExtractFuel","floor":10,"key":"SMITH"},{"data":"CrackOfDawn","floor":15,"key":"SMITH"},{"data":"TheRedNotes","floor":23,"key":"SMITH"},{"data":"Faith","floor":32,"key":"SMITH"},{"data":"Enlightenment","floor":42,"key":"SMITH"},{"floor":44,"key":"RECALL"},{"data":"WillOfThePrescript","floor":49,"key":"SMITH"},{"data":"Commandeering","floor":53,"key":"SMITH"}],"circlet_count":0,"master_deck":["DegradedFairy","DegradedChain","DegradedChain","DegradedLock","DegradedPillar","DegradedShockwave+1","ExtractFuel+1","SturdyDefense","CrackOfDawn+1","LeRegole","WillOfThePrescript+1","Faith+1","TheRedNotes+1","Commandeering+1","Enlightenment+1","Parry2","SomberProcuration+1"],"relics":["PageOfLibrarian","StoneCalendar","PageOfScorchedGirl","PageOfAlriune","Darkstone Periapt","MealTicket","Coffee Dripper","Gremlin Horn","Strawberry","MawBank","Matryoshka","PageOfRedShoes","CaptainsWheel","Runic Pyramid","PageOfWayBackHome","Thread and Needle","Orichalcum","The Courier","OrangePellets","Pen Nib","Incense Burner","Sundial","Mummified Hand"],"acts_visited":["Exordium","TheCity","TheBeyond","TheEnding"],"potions_floor_usage":[6,56],"damage_taken":[{"damage":0.0,"enemies":"Small Slimes","floor":1.0,"turns":2.0},{"damage":0,"enemies":"Jaw Worm","floor":3,"turns":1},{"damage":0,"enemies":"Cultist","floor":5,"turns":1},{"damage":0,"enemies":"3 Sentries","floor":6,"turns":1},{"damage":0,"enemies":"Looter","floor":7,"turns":2},{"damage":1,"enemies":"Red Slaver","floor":11,"turns":2},{"damage":0,"enemies":"Gremlin Nob","floor":12,"turns":2},{"damage":0,"enemies":"3 Louse","floor":13,"turns":2},{"damage":0,"enemies":"Lagavulin","floor":14,"turns":5},{"damage":0,"enemies":"The Guardian","floor":16,"turns":6},{"damage":0,"enemies":"Spheric Guardian","floor":18,"turns":2},{"damage":0,"enemies":"Slavers","floor":24,"turns":1},{"damage":0,"enemies":"2 Thieves","floor":25,"turns":1},{"damage":0,"enemies":"Colosseum Slavers","floor":28,"turns":1},{"damage":0,"enemies":"Colosseum Nobs","floor":28,"turns":2},{"damage":0,"enemies":"Snake Plant","floor":29,"turns":3},{"damage":0,"enemies":"Book of Stabbing","floor":30,"turns":3},{"damage":0,"enemies":"Shelled Parasite and Fungi","floor":31,"turns":3},{"damage":0,"enemies":"KingOfGreed","floor":33,"turns":8},{"damage":0,"enemies":"Orb Walker","floor":35,"turns":2},{"damage":0,"enemies":"2 Orb Walkers","floor":37,"turns":2},{"damage":0,"enemies":"3 Darklings","floor":38,"turns":2},{"damage":0,"enemies":"4 Shapes","floor":39,"turns":1},{"damage":0,"enemies":"Giant Head","floor":41,"turns":3},{"damage":0,"enemies":"Maw","floor":45,"turns":3},{"damage":0,"enemies":"3 Darklings","floor":47,"turns":3},{"damage":0,"enemies":"Nemesis","floor":48,"turns":3},{"damage":0,"enemies":"Donu and Deca","floor":50,"turns":5},{"damage":0,"enemies":"Shield and Spear","floor":55,"turns":3},{"damage":0,"enemies":"The Heart","floor":56,"turns":5}],"seed_played":"-4775412271055481949","potions_obtained":[{"floor":1.0,"key":"DuplicationPotion"},{"floor":3,"key":"BlessingOfTheForge"},{"floor":14,"key":"DistilledChaos"},{"floor":16,"key":"GamblersBrew"},{"floor":18,"key":"DuplicationPotion"}],"is_trial":false,"path_per_floor":["M","?","M","?","M","E","M","?","T","R","M","E","M","E","R","B",null,"M","?","?","$","?","R","E","M","T","T","?","M","E","M","R","B",null,"M","$","?","M","M","?","E","R","T","R","M","$","M","E","R","B",null,null,"R","$","E","B",null],"character_chosen":"Librarian","items_purchased":["Gremlin Horn","PageOfWayBackHome","Enlightenment","OrangePellets","Parry2","Incense Burner","Sundial"],"campfire_rested":0,"item_purchase_floors":[21,36,36,46,46,54,54],"current_hp_per_floor":[60,60,60,60,60,60,62,62,62,62,63,65,67,67,67,71,90,90,90,90,90,90,90,97,97,97,97,97,97,97,97,97,97,97,97,97,97,97,97,107,107,107,107,107,107,107,107,107,107,107,95,107,107,107,107,107],"gold":54,"neow_bonus":"ONE_RARE_RELIC","is_daily":false,"chose_seed":false,"campfire_upgraded":7,"win_rate":0.0,"timestamp":1612015836,"path_taken":["M","?","M","?","?","E","M","?","T","R","?","E","M","E","R","BOSS","M","?","?","$","?","R","E","M","T","?","?","?","E","M","R","BOSS","M","$","?","M","M","?","E","R","T","R","?","?","M","E","R","BOSS","R","$","E","BOSS"],"items_purchased_type":["Relic","Relic","Card","Relic","Card","Relic","Relic"],"build_version":"2020-12-22","purchased_purges":0,"victory":true,"max_hp_per_floor":[90,90,90,90,90,90,90,90,90,90,90,90,90,90,90,90,90,90,90,90,90,90,90,97,97,97,97,97,97,97,97,97,97,97,97,97,97,97,97,107,107,107,107,107,107,107,107,107,107,107,107,107,107,107,107,107],"relic_stats":{"Darkstone Periapt":0,"OrangePellets":[12],"Gremlin Horn":[14,14],"counters":[31,85],"Sundial":[2],"Mummified Hand":[1],"StoneCalendar":[52],"MealTicket":0,"Pen Nib":[5],"Orichalcum":[6],"MawBank":108,"obtain_stats":[{"Darkstone Periapt":12,"Gremlin Horn":21,"StoneCalendar":0,"Thread and Needle":41,"PageOfAlriune":9,"The Courier":43,"Pen Nib":48,"Incense Burner":54,"Orichalcum":43,"MawBank":27,"PageOfRedShoes":28,"PageOfLibrarian":0,"PageOfWayBackHome":36,"OrangePellets":46,"CaptainsWheel":30,"Matryoshka":28,"Sundial":54,"Mummified Hand":55,"Strawberry":24,"PageOfScorchedGirl":6,"MealTicket":14,"Coffee Dripper":17,"Runic Pyramid":34},{"Darkstone Periapt":7,"Gremlin Horn":11,"StoneCalendar":0,"Thread and Needle":24,"PageOfAlriune":5,"The Courier":24,"Pen Nib":27,"Incense Burner":29,"Orichalcum":24,"MawBank":13,"PageOfRedShoes":15,"PageOfLibrarian":0,"PageOfWayBackHome":20,"OrangePellets":25,"CaptainsWheel":17,"Matryoshka":15,"Sundial":29,"Mummified Hand":30,"Strawberry":12,"PageOfScorchedGirl":4,"MealTicket":9,"Coffee Dripper":10,"Runic Pyramid":19},{"Darkstone Periapt":11,"Gremlin Horn":26,"StoneCalendar":0,"Thread and Needle":58,"PageOfAlriune":7,"The Courier":58,"Pen Nib":67,"Incense Burner":77,"Orichalcum":58,"MawBank":28,"PageOfRedShoes":31,"PageOfLibrarian":0,"PageOfWayBackHome":50,"OrangePellets":61,"CaptainsWheel":37,"Matryoshka":31,"Sundial":77,"Mummified Hand":80,"Strawberry":27,"PageOfScorchedGirl":5,"MealTicket":18,"Coffee Dripper":24,"Runic Pyramid":48}]},"card_choices":[{"not_picked":["InhaleSmoke","SunsetBlade","EndlessBattle","DarkCloud","ViolentFlame","Multislash","Eject","UpbeatPerformance","Transpierce"],"picked":"SKIP","floor":1.0},{"not_picked":["Outburst","SinglePointStab","EnergyStrike","Parry2","HandleRequest","MultiHit","GaleKick","Pound"],"picked":"ExtractFuel","floor":3},{"not_picked":["InnerArdor","Deflect_lor","SerpentSwordTechnique","EndlessBattle","Marionette","Parry","DefenseOrder","DarkCloud"],"picked":"SturdyDefense","floor":5},{"not_picked":["ScratchThat","DarkCloud","Guardian_lor","EndlessBattle","GuardingStance","SinglePointStab","UndertakePrescript","LawAndOrder","SmokingPipe"],"picked":"SKIP","floor":6},{"not_picked":["SerpentSwordTechnique","Unlock1","InhaleSmoke","EnergyStrike","EnergyShield","HiddenBlade","GrazeTheGrass","SinglePointStab","GuardingStance"],"picked":"SKIP","floor":7},{"not_picked":["VioletBlade","StructuralAnalysis","GrazeTheGrass","HandleRequest","EnergyShield","Feast","NightInTheBackstreets","CircusKnives","ShockingBlow"],"picked":"SKIP","floor":11},{"not_picked":["BizarreAttack","Parry","SinglePointStab","Standoff","EndlessBattle","Parry2","AGoldenOpportunity","BackAttack"],"picked":"CrackOfDawn","floor":12},{"not_picked":["NightInTheBackstreets","EnergyStrike","DefenseOrder","Multislash","DarkCloud","CoordinatedAssault","ExtractFuel","FleetEdge"],"picked":"LeRegole","floor":13},{"not_picked":["HandleRequest","FierceOnslaught","UpbeatPerformance","LawAndOrder","RushDown","PinpointShot","ViolentFlame","UnavoidableGaze"],"picked":"WillOfThePrescript","floor":14},{"not_picked":["ProselytesBlade+1","StructuralAnalysis+1","Standoff","SuppressingShot","AsThePrescriptOrders","StrikeDown","InkOver","TraceOfFumes"],"picked":"Faith","floor":18},{"not_picked":["FleetEdge","Unlock1","StructuralAnalysis+1","HighKick","Overpower+1","SilentMist+1","DefenseOrder","GrazeTheGrass+1","Endure"],"picked":"SKIP","floor":24},{"not_picked":["MultiHit","Tttonst","StructuralAnalysis","Quickness","BayonetCombat","Eliminate","SmokingPipe+1","FleetEdge","SuppressingShot"],"picked":"SKIP","floor":25},{"not_picked":["Eradication","BlowItUp","ToOvercomeCrisis","Execute_lor+1","DefenseOrder","Eject","MindPrepared+1","TasteMyFlamingBat","SuppressingShot"],"picked":"SKIP","floor":29},{"not_picked":["Standoff","Observe","StrongStrike","InhaleSmoke","FendThisOffIfYouCan","IdentifyWeakpoint+1","BackAttack+1","Struggle+1"],"picked":"Commandeering","floor":30},{"not_picked":["ViolentFlame","Reload","YoureAHindrance+1","TimeForALittleTest+1","StrikeDown","HandleRequest+1","FierceCharge+1","GuidanceOfTheGears+1","SerpentSwordTechnique+1"],"picked":"SKIP","floor":31},{"not_picked":["IdentifyWeakpoint+1","GrazeTheGrass","FeatherShield","DeepDrag","SuppressingShot","BindingArms+1","Ripple+1","SharpSwipe","Faith"],"picked":"SKIP","floor":35},{"not_picked":["SinglePointStab+1","Pound","EnergyBeam","SnakesPrey+1","Faith+1","NightInTheBackstreets+1","BurningFlash+1","MultiBlock+1","Laceration+1"],"picked":"SKIP","floor":38},{"not_picked":["SteelKnuckles","ExtractFuel+1","StructuralAnalysis","UpbeatPerformance+1","ButterflySlash+1","HandlingWork+1","SilentNight","FleetEdge+1","BackAttack"],"picked":"SKIP","floor":39},{"not_picked":["MultiBlock+1","HighKick+1","Retaliate+1","RushDown+1","DesperateStruggle+1","MindWhip+1","StructuralAnalysis","CircusKnives","ToOvercomeCrisis+1"],"picked":"SKIP","floor":41},{"not_picked":["Crush","PreemptiveStrike","DefenseOrder+1","MindPrepared","Diversion+1","ToWhereThePrescriptPoints+1","ScatteringSlash","VenomousFangs","InnerArdor"],"picked":"SKIP","floor":45},{"not_picked":["ExtractFuel","SnakesPrey+1","EnergyCycle","StrikeDown","RatsGuideToSurvival+1","Faith+1","StrongStrike","Castigation","UpbeatPerformance+1"],"picked":"SKIP","floor":47},{"not_picked":["Eliminate","NonstopAssault","MultiHit","Eradication","UpbeatPerformance+1","GuardingStance","HiddenBlade+1","EmotionalTurbulence","HighSpeedStabbing+1"],"picked":"SKIP","floor":48},{"not_picked":["Preparation","Outburst","RushDown","TheRedNotes","StructuralAnalysis+1","Rampage_lor+1","SinglePointStab","GuardingStance+1"],"picked":"SomberProcuration+1","floor":55}],"player_experience":1441791,"relics_obtained":[{"floor":6,"key":"PageOfScorchedGirl"},{"floor":9,"key":"PageOfAlriune"},{"floor":12,"key":"Darkstone Periapt"},{"floor":14,"key":"MealTicket"},{"floor":24,"key":"Strawberry"},{"floor":27,"key":"MawBank"},{"floor":28,"key":"Matryoshka"},{"floor":28,"key":"PageOfRedShoes"},{"floor":30,"key":"CaptainsWheel"},{"floor":41,"key":"Thread and Needle"},{"floor":43,"key":"Orichalcum"},{"floor":43,"key":"The Courier"},{"floor":48,"key":"Pen Nib"},{"floor":55,"key":"Mummified Hand"}],"event_choices":[{"cards_removed":["DegradedFairy"],"damage_healed":0,"gold_gain":0,"player_choice":"Forget","damage_taken":0,"max_hp_gain":0,"max_hp_loss":0,"event_name":"Living Wall","floor":2,"gold_loss":0},{"damage_healed":0,"gold_gain":0,"cards_transformed":["DegradedFairy"],"player_choice":"Transformed","damage_taken":0,"max_hp_gain":0,"max_hp_loss":0,"event_name":"Transmorgrifier","floor":4,"gold_loss":0,"cards_obtained":["Eradication"]},{"damage_healed":0,"gold_gain":0,"player_choice":"Upgraded","damage_taken":0,"max_hp_gain":0,"max_hp_loss":0,"event_name":"Upgrade Shrine","floor":8,"gold_loss":0,"cards_upgraded":["DegradedShockwave"]},{"damage_healed":0,"gold_gain":0,"player_choice":"Read","damage_taken":0,"max_hp_gain":0,"max_hp_loss":0,"event_name":"The Library","floor":19,"gold_loss":0,"cards_obtained":["TheRedNotes"]},{"cards_removed":["DegradedPillar"],"damage_healed":0,"gold_gain":0,"player_choice":"Elegance","damage_taken":0,"max_hp_gain":0,"max_hp_loss":0,"event_name":"Back to Basics","floor":20,"gold_loss":0},{"damage_healed":0,"gold_gain":99,"player_choice":"Stole From Cult","damage_taken":0,"max_hp_gain":0,"max_hp_loss":0,"event_name":"Nest","floor":22,"gold_loss":0},{"damage_healed":0,"gold_gain":0,"player_choice":"Fight","damage_taken":0,"max_hp_gain":0,"max_hp_loss":0,"event_name":"Colosseum","floor":28,"gold_loss":0},{"damage_healed":0,"gold_gain":0,"player_choice":"Fought Nobs","damage_taken":0,"max_hp_gain":0,"max_hp_loss":0,"event_name":"Colosseum","floor":28,"gold_loss":0},{"damage_healed":0,"gold_gain":0,"player_choice":"Fight","damage_taken":0,"max_hp_gain":0,"max_hp_loss":0,"event_name":"Mysterious Sphere","floor":37,"gold_loss":0},{"cards_removed":["Eradication"],"damage_healed":0,"gold_gain":0,"player_choice":"Offered Rare","damage_taken":0,"max_hp_gain":10,"max_hp_loss":0,"event_name":"Bonfire Elementals","floor":40,"gold_loss":0}],"is_beta":false,"boss_relics":[{"not_picked":["Astrolabe","Cursed Key"],"picked":"Coffee Dripper"},{"not_picked":["Empty Cage","Velvet Choker"],"picked":"Runic Pyramid"}],"items_purged_floors":[],"is_endless":false,"potions_floor_spawned":[1,3,14,16,18,25,29,31,35,38,39,47,55],"ascension_level":1}}