{"host":"takgv9cv6xf64vhq","time":1612010703,"event":{"mods":["BaseMod","Colored Powertips","Downfall","Hubris","LagranYue(拉格朗・月)","Marisa（F雨　魔理沙）","Minty Spire (QoL Compilation)","Replay The Spire","StSLib","The Animator","The Cursed","The Jungle","TheHeartMod"],"gold_per_floor":[113,188,188,202,202,217,233,233,233,271,291,322,497,55,55,179,179,194,194,154,172,186,225,225,225,225,263,282,282,301,336,611,739,739,763,783,797,797,456,490,490,490],"floor_reached":41,"language":"ZHS","playtime":2503,"items_purged":["Regret"],"score":865,"play_id":"11a931eb-1f73-42e1-9b00-6204deebe93a","local_time":"20210130204503","is_ascension_mode":true,"campfire_choices":[{"floor":15.0,"key":"DIG"}],"circlet_count":0,"master_deck":["Strike_R","Strike_R","Strike_R","Defend_R","Defend_R","Defend_R","Defend_R","Bash+1","Headbutt","Sword Boomerang","Amnesia","Pommel Strike","Doubt","Fiend Fire+1","Ghostly","Ghostly","Ghostly","Ghostly","Ghostly+1","Seeing Red","Inflame+1","Evolve","Demon Form+1","hubris:ReadiedAction+1","Abandon+1","Thinking Ahead+1","Replay:BasicMightCard+1","Carnage"],"relics":["Busted Crown","Self Forming Clay","Golden Idol","Ring of Peace","Ring of Misfortune","Centennial Puzzle","Replay:Multitool","Golden Egg","hubris:GlazedTorus","Sling","hubris:64BitClover","ChewingGum","Dream Catcher","Bird Faced Urn","Slimebound:PreparedRelic","Oddly Smooth Stone","Slimebound:StickyStick","Ancient Tea Set","hubris:VirtuousBlindfold","ReplayTheSpireMod:ShopPack","hubris:ToyBattleship","Vajra"],"acts_visited":["Exordium","TheCity","TheBeyond"],"potions_floor_usage":[16,16,18,28,33],"damage_taken":[{"damage":2.0,"enemies":"Jaw Worm","floor":1.0,"turns":3.0},{"damage":2.0,"enemies":"2 Louse","floor":4.0,"turns":3.0},{"damage":1.0,"enemies":"Cultist","floor":6.0,"turns":3.0},{"damage":26.0,"enemies":"Exordium Wildlife","floor":7.0,"turns":4.0},{"damage":11.0,"enemies":"Lagavulin","floor":10.0,"turns":8.0},{"damage":0.0,"enemies":"2 Fungi Beasts","floor":11.0,"turns":4.0},{"damage":10.0,"enemies":"Gremlin Nob","floor":12.0,"turns":4.0},{"damage":0,"enemies":"Slime Boss","floor":16,"turns":6},{"damage":13,"enemies":"2 Thieves","floor":18,"turns":3},{"damage":6,"enemies":"3 Byrds","floor":21,"turns":6},{"damage":6,"enemies":"Snake Plant","floor":22,"turns":5},{"damage":2,"enemies":"Book of Stabbing","floor":23,"turns":6},{"damage":0,"enemies":"Slavers","floor":27,"turns":8},{"damage":0,"enemies":"Chosen and Byrds","floor":28,"turns":7},{"damage":0,"enemies":"Cultist and Chosen","floor":30,"turns":8},{"damage":1,"enemies":"Book of Stabbing","floor":31,"turns":6},{"damage":5,"enemies":"Pondfish","floor":33,"turns":15},{"damage":0,"enemies":"3 Darklings","floor":35,"turns":6},{"damage":0,"enemies":"3 Shapes","floor":36,"turns":7},{"damage":0,"enemies":"Spire Growth","floor":37,"turns":5},{"damage":0,"enemies":"Giant Head","floor":40,"turns":7},{"damage":47,"enemies":"Orin","floor":41,"turns":6}],"seed_played":"-7487460743111133585","potions_obtained":[{"floor":7.0,"key":"Strength Potion"},{"floor":11.0,"key":"Toxic Potion"},{"floor":16,"key":"Fire Potion"},{"floor":18,"key":"Dexterity Potion"},{"floor":21,"key":"FearPotion"},{"floor":28,"key":"Fruit Juice"},{"floor":40,"key":"SteroidPotion"}],"is_trial":false,"path_per_floor":["M","?","?","M","?","M","M","?","T","E","M","E","?","$","R","B",null,"M","?","?","M","M","E","R","?","T","E","M","?","M","E","R","B",null,"M","M","M","?","$","E","?"],"character_chosen":"IRONCLAD","items_purchased":["hubris:GlazedTorus","Sling","ReplayTheSpireMod:ShopPack","hubris:ToyBattleship"],"campfire_rested":0,"item_purchase_floors":[14,14,39,39],"current_hp_per_floor":[78,67,67,65,65,64,38,38,38,27,27,17,17,17,17,17,74,61,37,37,31,25,23,23,23,23,23,30,30,34,37,37,36,42,42,42,42,42,42,42,0,0],"gold":490,"neow_bonus":"BOSS_RELIC","is_daily":false,"chose_seed":false,"campfire_upgraded":0,"win_rate":0.0,"timestamp":1612010703,"path_taken":["M","?","?","?","?","M","M","?","T","E","M","E","?","$","R","BOSS","M","?","?","?","M","E","R","?","T","E","?","?","M","E","R","BOSS","M","M","M","?","$","E","?"],"items_purchased_type":["Relic","Relic","Relic","Relic"],"build_version":"2020-12-22","purchased_purges":1,"victory":false,"max_hp_per_floor":[80,80,80,80,74,74,74,74,74,74,74,74,74,74,74,74,74,74,37,37,37,37,37,37,37,37,37,42,42,42,42,42,42,42,42,42,42,42,42,42,42,42],"card_choices":[{"not_picked":[],"picked":"Headbutt","floor":1.0},{"not_picked":["Thunderclap"],"picked":"SKIP","floor":4.0},{"not_picked":["Havoc"],"picked":"SKIP","floor":6.0},{"not_picked":[],"picked":"Sword Boomerang","floor":7.0},{"not_picked":[],"picked":"Pommel Strike","floor":10.0},{"not_picked":["Heavy Blade"],"picked":"SKIP","floor":11.0},{"not_picked":["Rage"],"picked":"SKIP","floor":12.0},{"not_picked":[],"picked":"Fiend Fire","floor":16},{"not_picked":["Rage+1"],"picked":"SKIP","floor":18},{"not_picked":["Clash"],"picked":"SKIP","floor":21},{"not_picked":[],"picked":"Clothesline","floor":22},{"not_picked":["Life Link"],"picked":"SKIP","floor":23},{"not_picked":[],"picked":"Inflame+1","floor":27},{"not_picked":["Massacre+1"],"picked":"SKIP","floor":28},{"not_picked":[],"picked":"Evolve","floor":30},{"not_picked":["Headbutt+1"],"picked":"SKIP","floor":31},{"not_picked":[],"picked":"Demon Form","floor":33},{"not_picked":[],"picked":"hubris:ReadiedAction+1","floor":35},{"not_picked":["hubris:CleavingFinish+1"],"picked":"SKIP","floor":36},{"not_picked":[],"picked":"Abandon+1","floor":37},{"not_picked":[],"picked":"Thinking Ahead","floor":39},{"not_picked":[],"picked":"Replay:BasicMightCard","floor":39},{"not_picked":[],"picked":"Carnage","floor":40}],"player_experience":236806,"relics_obtained":[{"floor":3.0,"key":"Self Forming Clay"},{"floor":8.0,"key":"Ring of Peace"},{"floor":8.0,"key":"Ring of Misfortune"},{"floor":9.0,"key":"Centennial Puzzle"},{"floor":10.0,"key":"Replay:Multitool"},{"floor":12.0,"key":"Golden Egg"},{"floor":15.0,"key":"hubris:64BitClover"},{"floor":23,"key":"Dream Catcher"},{"floor":26,"key":"Slimebound:PreparedRelic"},{"floor":27,"key":"Oddly Smooth Stone"},{"floor":31,"key":"Slimebound:StickyStick"},{"floor":33,"key":"Ancient Tea Set"},{"floor":40,"key":"Vajra"}],"event_choices":[{"damage_healed":0.0,"max_hp_gain":0.0,"max_hp_loss":0.0,"gold_gain":75.0,"event_name":"World of Goop","player_choice":"Gather Gold","floor":2.0,"gold_loss":0.0,"damage_taken":11.0},{"damage_healed":0.0,"max_hp_gain":0.0,"max_hp_loss":0.0,"gold_gain":0.0,"event_name":"Wheel of Change","player_choice":"Relic","floor":3.0,"gold_loss":0.0,"damage_taken":0.0},{"damage_healed":0.0,"max_hp_gain":0.0,"max_hp_loss":6.0,"gold_gain":0.0,"event_name":"Golden Idol","player_choice":"Lose Max HP","floor":5.0,"gold_loss":0.0,"damage_taken":0.0,"relics_obtained":["Golden Idol"]},{"damage_healed":0.0,"max_hp_gain":0.0,"max_hp_loss":0.0,"gold_gain":175.0,"event_name":"Liars Game","player_choice":"AGREE","floor":13.0,"gold_loss":0.0,"damage_taken":0.0,"cards_obtained":["Doubt"]},{"damage_healed":0,"gold_gain":0,"player_choice":"Became a Ghost","damage_taken":0,"max_hp_gain":0,"max_hp_loss":37,"event_name":"Ghosts","floor":19,"gold_loss":0,"cards_obtained":["Ghostly","Ghostly","Ghostly","Ghostly","Ghostly"]},{"damage_healed":0,"gold_gain":0,"player_choice":"Upgraded Two","damage_taken":0,"max_hp_gain":0,"max_hp_loss":0,"event_name":"Designer","floor":20,"gold_loss":40,"cards_upgraded":["Bash","Ghostly"]},{"cards_removed":["Clothesline"],"damage_healed":0,"gold_gain":0,"player_choice":"Gave Card","damage_taken":0,"relics_obtained":["Bird Faced Urn"],"max_hp_gain":0,"max_hp_loss":0,"event_name":"WeMeetAgain","floor":25,"gold_loss":0},{"cards_removed":["Strike_R"],"damage_healed":0,"gold_gain":0,"player_choice":"Offered Basic","damage_taken":0,"max_hp_gain":0,"max_hp_loss":0,"event_name":"Bonfire Elementals","floor":29,"gold_loss":0},{"damage_healed":0,"gold_gain":275,"player_choice":"Desecrate","damage_taken":0,"max_hp_gain":0,"max_hp_loss":0,"event_name":"Golden Shrine","floor":32,"gold_loss":0,"cards_obtained":["Regret"]},{"damage_healed":0,"gold_gain":0,"player_choice":"Ignored","damage_taken":0,"max_hp_gain":0,"max_hp_loss":0,"event_name":"Tomb of Lord Red Mask","floor":38,"gold_loss":0},{"damage_healed":0,"gold_gain":0,"player_choice":"Fight","damage_taken":0,"max_hp_gain":0,"max_hp_loss":0,"event_name":"OrinTheCat","floor":41,"gold_loss":0}],"is_beta":false,"boss_relics":[{"not_picked":["bronze:MakeshiftBattery","Replay:Drink Me"],"picked":"ChewingGum"},{"not_picked":["hubris:RunicObelisk","Ooze Armor"],"picked":"hubris:VirtuousBlindfold"}],"items_purged_floors":[39],"is_endless":false,"potions_floor_spawned":[7,11,16,18,21,28,40],"killed_by":"Orin","ascension_level":2}}