{"host":"jeery1tr27t4bnnr","time":1612027067,"event":{"mods":["BaseMod","Colored Map","Colored Powertips","Downfall","Marisa£®ÏF”Í°°ƒß¿Ì…≥£©","Minty Spire (QoL Compilation)","Quick Restart","Remilia£®¿Ÿ√◊¿Ú—«£©","Replay The Spire","StSLib","The Administrix","The Animator","The Hierophant","The Mystic","The Servant 0.9.4","Youmu£®ªÍ∆«—˝√Œ£©","Yuri Mod"],"gold_per_floor":[117,133,308,326,15,48,80,80,80,80,97,122,122,122,122,245,245,258,258,289,249,264,318,318,355,355,375,375,375,704,704,704,828,828,859,679,679,690,702,729,804,871,871,888,922,932,932,220,220,220],"floor_reached":51,"language":"ZHS","playtime":3846,"items_purged":["Doubt"],"score":1023,"play_id":"1e7940e4-d6c9-4f05-8cca-bc1da8ea3239","local_time":"20210131011747","daily_mods":["Heirloom","Time Dilation","Flight"],"is_ascension_mode":false,"campfire_choices":[{"data":"GlobalNightmare","floor":8.0,"key":"SMITH"},{"data":"MastersStateliness","floor":10.0,"key":"SMITH"},{"data":"ScarletCoffin","floor":10.0,"key":"SMITH"},{"data":"FavorOfDestiny","floor":13.0,"key":"SMITH"},{"data":"MastersStateliness","floor":13.0,"key":"SMITH"},{"data":"Stigmanizer","floor":15.0,"key":"SMITH"},{"data":"Ultimatum","floor":15.0,"key":"SMITH"},{"data":"BombardNight","floor":24.0,"key":"SMITH"},{"data":"DiffusionOfMisfortune","floor":24.0,"key":"SMITH"},{"data":"ForecastOfChange","floor":28.0,"key":"SMITH"},{"data":"RedMoon","floor":28.0,"key":"SMITH"},{"data":"ScarletDream","floor":29.0,"key":"SMITH"},{"data":"RedRainbow","floor":29.0,"key":"SMITH"},{"data":"ScarletShoot","floor":32.0,"key":"SMITH"},{"data":"VampireKiss","floor":32.0,"key":"SMITH"},{"data":"EternalNight","floor":47,"key":"SMITH"},{"data":"StarOfDavid","floor":47,"key":"SMITH"},{"floor":49,"key":"DIG"}],"circlet_count":0,"master_deck":["Strike_RM","Strike_RM","Strike_RM","Strike_RM","Defend_RM+1","Defend_RM","Defend_RM","Defend_RM","RedMoon+1","ScarletShoot+1","DiffusionOfMisfortune+1","Ultimatum+1","VampireKiss+1","VampireKiss+1","ScarletCoffin+1","MastersStateliness+1","BombardNight+1","GlobalNightmare+1","ScarletDream+1","Stigmanizer+1","KillingBlow+1","MastersStateliness+1","FavorOfDestiny+1","ForecastOfChange+1","SuperhumanBloodyKnife+1","FitfulNightmare+1","MiserableFate+1","NightDance+1","RedRainbow+1","RedRainbow+1","ReincarnationDial","QueenOfMidnight+1","DiffusionOfMisfortune+1","DiffusionOfMisfortune+1","FavorOfDestiny+1","BloodAndWine+1","StarOfDavid","StarOfDavid+1","TricksterDevil+1","MastersStateliness+1","EternalNight+1","ScarletDevil","UnstableMagic+1","ForecastOfChange+1","UltimateOffering+1","UltimateOffering+1","BatForm+1","BloodHunter+1","RedRainbow+1"],"relics":["ScarletHat","TypeBBloodRedTea","Mummified Hand","Du-Vu Doll","Replay:Arrowhead","Blood Vial","Coffee Dripper","Replay:Bottled Flurry","Gremlin Horn","Old Coin","APieceOfRedMist","Torii","Guide Book","Replay:Mystery Machine","Golden Egg","Gungnir","Sundial","Blue Doll","DollysMirror","Ginger","Iron Hammer"],"acts_visited":["Exordium","TheCity","TheBeyond"],"potions_floor_usage":[40,44,44,45,50,50],"damage_taken":[{"damage":1.0,"enemies":"Jaw Worm","floor":1.0,"turns":2.0},{"damage":0.0,"enemies":"2 Louse","floor":2.0,"turns":2.0},{"damage":0.0,"enemies":"Cultist","floor":4.0,"turns":4.0},{"damage":0.0,"enemies":"Gremlin Nob","floor":6.0,"turns":4.0},{"damage":0.0,"enemies":"Lagavulin","floor":7.0,"turns":2.0},{"damage":0.0,"enemies":"Exordium Wildlife","floor":11.0,"turns":6.0},{"damage":0.0,"enemies":"3 Sentries","floor":12.0,"turns":2.0},{"damage":39.0,"enemies":"Hexaghost","floor":16.0,"turns":10.0},{"damage":0.0,"enemies":"Chosen","floor":18.0,"turns":1.0},{"damage":3.0,"enemies":"2 Thieves","floor":20.0,"turns":2.0},{"damage":0.0,"enemies":"Snecko","floor":22.0,"turns":4.0},{"damage":0.0,"enemies":"Replay:Snechameleon","floor":23.0,"turns":4.0},{"damage":0.0,"enemies":"Snake Plant","floor":25.0,"turns":2.0},{"damage":0.0,"enemies":"3 Cultists","floor":27.0,"turns":5.0},{"damage":0.0,"enemies":"Gremlin Leader","floor":30.0,"turns":2.0},{"damage":24.0,"enemies":"Champ","floor":33.0,"turns":7.0},{"damage":11.0,"enemies":"3 Shapes","floor":35.0,"turns":3.0},{"damage":0.0,"enemies":"Orb Walker","floor":38.0,"turns":1.0},{"damage":20.0,"enemies":"Sphere and 2 Shapes","floor":39.0,"turns":3.0},{"damage":4,"enemies":"Nemesis","floor":40,"turns":3},{"damage":1,"enemies":"Reptomancer","floor":41,"turns":2},{"damage":0,"enemies":"Nemesis","floor":42,"turns":5},{"damage":1,"enemies":"Transient","floor":44,"turns":5},{"damage":2,"enemies":"Giant Head","floor":45,"turns":4},{"damage":0,"enemies":"3 Darklings","floor":46,"turns":2},{"damage":70,"enemies":"Awakened One","floor":50,"turns":4}],"seed_played":"-5890429855811141423","potions_obtained":[{"floor":1.0,"key":"AttackPotion"},{"floor":4.0,"key":"Reflective Coating"},{"floor":7.0,"key":"SneckoOil"},{"floor":12.0,"key":"DestinyDice"},{"floor":19.0,"key":"Languid Potion"},{"floor":19.0,"key":"Ancient Potion"},{"floor":22.0,"key":"DuplicationPotion"},{"floor":25.0,"key":"Block Potion"},{"floor":30.0,"key":"Doom Potion"},{"floor":38.0,"key":"Slimebound:ThreeZeroPotion"},{"floor":41,"key":"Strength Potion"},{"floor":42,"key":"BlessingOfTheForge"},{"floor":44,"key":"Regen Potion"},{"floor":46,"key":"Fire Potion"}],"is_trial":true,"path_per_floor":["M","M","?","M","$","E","E","R","T","R","M","E","R","?","R","B",null,"M","?","M","?","M","E","R","M","T","M","R","R","E","$","R","B",null,"M","$","?","M","M","E","E","E","T","M","E","M","R","$","R_BF","B",null],"character_chosen":"REMILIA","items_purchased":["ScarletCoffin","MastersStateliness","BombardNight","GlobalNightmare","Guide Book","DiffusionOfMisfortune+1","UnstableMagic+1","DollysMirror","UltimateOffering","Ginger","BatForm","BloodHunter","RedRainbow"],"campfire_rested":0,"item_purchase_floors":[5,5,5,5,36,36,48,48,48,48,48,48,48],"current_hp_per_floor":[75,75,75,75,75,75,75,75,75,75,75,75,75,75,75,52,75,75,75,72,72,75,75,75,75,75,75,75,75,75,75,75,61,75,68,68,68,73,57,66,75,75,75,75,75,75,75,75,75,75],"gold":220,"neow_bonus":"","is_daily":false,"chose_seed":false,"campfire_upgraded":17,"win_rate":0.0,"timestamp":1612027067,"path_taken":["M","M","?","M","$","E","E","R","T","R","M","E","R","?","R","BOSS","M","?","?","?","M","E","R","M","T","?","R","R","E","$","R","BOSS","M","$","?","M","M","E","E","E","T","M","E","M","R","$","R_BF","BOSS"],"items_purchased_type":["Card","Card","Card","Card","Relic","Card","Card","Relic","Card","Relic","Card","Card","Card"],"build_version":"2020-12-22","purchased_purges":1,"victory":true,"max_hp_per_floor":[75,75,75,75,75,75,75,75,75,75,75,75,75,75,75,75,75,75,75,75,75,75,75,75,75,75,75,75,75,75,75,75,75,75,75,75,75,75,75,75,75,75,75,75,75,75,75,75,75,75],"card_choices":[{"not_picked":["AfternoonTea","BombardNight"],"picked":"DiffusionOfMisfortune","floor":1.0},{"not_picked":["BloodHunter","UnstableMagic"],"picked":"Ultimatum","floor":2.0},{"not_picked":["RedMagic","EndlessAdversity"],"picked":"VampireKiss","floor":4.0},{"not_picked":["ScarletDevil","RedRainbow"],"picked":"VampireKiss","floor":4.0},{"not_picked":["ScarletDevilSign","BloodyMagicSquare"],"picked":"ScarletDream","floor":6.0},{"not_picked":["EmergencyRegeneration","HellCatastrophe"],"picked":"Stigmanizer","floor":6.0},{"not_picked":["BlasphemousPunishment","Ultimatum"],"picked":"KillingBlow","floor":7.0},{"not_picked":["ReincarnationDial","ScarletDream"],"picked":"MastersStateliness","floor":11.0},{"not_picked":["EndlessAdversity","DiffusionOfMisfortune"],"picked":"FavorOfDestiny","floor":12.0},{"not_picked":["HellCatastrophe","QueenOfMidnight"],"picked":"ForecastOfChange","floor":16.0},{"not_picked":["StarOfDavid","ForbiddenFruit"],"picked":"SuperhumanBloodyKnife","floor":18.0},{"not_picked":["VampireKiss+1","Ultimatum"],"picked":"FitfulNightmare","floor":20.0},{"not_picked":["BadLadyScramble","BombardNight"],"picked":"MiserableFate+1","floor":22.0},{"not_picked":["StarOfDavid","UnderTheZenith"],"picked":"NightDance+1","floor":23.0},{"not_picked":["AfternoonTea+1","VampireKiss+1"],"picked":"RedRainbow+1","floor":25.0},{"not_picked":["ScarletDream","BadLadyScramble"],"picked":"RedRainbow","floor":27.0},{"not_picked":["RedMagic+1","NightLord"],"picked":"ReincarnationDial","floor":30.0},{"not_picked":["BatForm","HeartBreak"],"picked":"QueenOfMidnight","floor":33.0},{"not_picked":["RedRainbow","BlasphemousPunishment+1"],"picked":"DiffusionOfMisfortune+1","floor":35.0},{"not_picked":["ScarletImprint","DevilSight+1"],"picked":"FavorOfDestiny+1","floor":38.0},{"not_picked":["UnderTheZenith+1","ScarletDevil+1"],"picked":"BloodAndWine+1","floor":39},{"not_picked":["BloodyCatastrophe","UnderTheZenith"],"picked":"StarOfDavid","floor":40},{"not_picked":["CharismaGuard","Stigmanizer"],"picked":"StarOfDavid","floor":41},{"not_picked":["ScarletDevil","Maim+1"],"picked":"TricksterDevil","floor":42},{"not_picked":["DiffusionOfMisfortune","UltimateOffering+1"],"picked":"MastersStateliness+1","floor":44},{"not_picked":["BloodHunter","ScarletImprint"],"picked":"EternalNight","floor":45},{"not_picked":["CharismaGuard","MastersStateliness"],"picked":"ScarletDevil","floor":46}],"player_experience":165101,"relics_obtained":[{"floor":6.0,"key":"Mummified Hand"},{"floor":7.0,"key":"Du-Vu Doll"},{"floor":9.0,"key":"Replay:Arrowhead"},{"floor":12.0,"key":"Blood Vial"},{"floor":23.0,"key":"Replay:Bottled Flurry"},{"floor":26.0,"key":"Gremlin Horn"},{"floor":30.0,"key":"Old Coin"},{"floor":35.0,"key":"Torii"},{"floor":40,"key":"Replay:Mystery Machine"},{"floor":41,"key":"Golden Egg"},{"floor":42,"key":"Gungnir"},{"floor":43,"key":"Sundial"},{"floor":45,"key":"Blue Doll"},{"floor":49,"key":"Iron Hammer"}],"event_choices":[{"damage_healed":0.0,"max_hp_gain":0.0,"max_hp_loss":0.0,"gold_gain":175.0,"event_name":"Liars Game","player_choice":"AGREE","floor":3.0,"gold_loss":0.0,"damage_taken":0.0,"cards_obtained":["Doubt"]},{"damage_healed":0.0,"max_hp_gain":0.0,"max_hp_loss":0.0,"gold_gain":0.0,"event_name":"Lab","player_choice":"Got Potions","floor":19.0,"gold_loss":0.0,"damage_taken":0.0},{"damage_healed":0.0,"max_hp_gain":0.0,"max_hp_loss":0.0,"gold_gain":0.0,"event_name":"Designer","player_choice":"Upgrade","floor":21.0,"gold_loss":40.0,"damage_taken":0.0,"cards_upgraded":["FitfulNightmare"]},{"damage_healed":0.0,"max_hp_gain":0.0,"max_hp_loss":0.0,"gold_gain":0.0,"event_name":"Upgrade Shrine","player_choice":"Upgraded","floor":37.0,"gold_loss":0.0,"damage_taken":0.0,"cards_upgraded":["SuperhumanBloodyKnife"]}],"is_beta":false,"boss_relics":[{"not_picked":["ReplayTheSpireMod:DimensionalGlitch","Velvet Choker"],"picked":"Coffee Dripper"},{"not_picked":["Honey Jar","Abe\u0027s Treasure"],"picked":"APieceOfRedMist"}],"items_purged_floors":[5],"is_endless":false,"potions_floor_spawned":[1,4,7,12,22,25,30,38,41,42,44,46],"ascension_level":0}}