{"host":"TBODragonshy","time":1612048800,"event":{"mods":["2.2 Compatiblity","Aspiration","BaseMod","Better Altar","Better Note","Better Sensory Stone","Better Skull","Better Third Choice","BetterRewards","Clawfect","Colored Powertips","Conspire","Defuse TimeMaze Blight","Emptier Cage","Energized Spire","Gremlin Skip","Highlight Path","Ironclad Rager","Marked Mod","Minty Spire (QoL Compilation)","Potionbrewer","Quick Restart","Relic Sorter","Relic Stats","Replay The Spire","SacredBarkPlus","Small Relic Pack","Spicy Shops","StSLib","The Bug Knight","The Jungle","The Servant 0.9.4","TheBandit","TheHeartMod","Uncapped","Yuri Mod"],"gold_per_floor":[118,118,135,135,61,61,74,88,88,88,120,120,44,64,64,169,169,154,354,369,58,58,58,8,8,33,58,70,82,109,134,146,158,158],"floor_reached":33,"language":"ENG","playtime":1557,"items_purged":["Strike_G"],"score":345,"play_id":"efe98b58-e495-4faa-bf31-67eb367efd60","local_time":"20210130172000","is_ascension_mode":false,"campfire_choices":[{"data":"Footwork","floor":6,"key":"SMITH"},{"floor":10,"key":"REST"},{"data":"Caltrops","floor":15,"key":"SMITH"},{"data":"ReplayTheSpireMod:Trickstab","floor":23,"key":"SMITH"},{"data":"Neutralize","floor":25,"key":"SMITH"},{"data":"Replay:BasicMightCard","floor":29,"key":"SMITH"},{"floor":32,"key":"REST"}],"circlet_count":0,"master_deck":["Strike_G","Strike_G","Strike_G","Strike_G+1","Defend_G","Defend_G","Defend_G+1","Defend_G","Defend_G","Survivor","Neutralize+1","Injury","Unload","ReplayTheSpireMod:Scrap Shanks","Infinite Blades","Caltrops+1","Deflect","Footwork+1","ReplayTheSpireMod:Scrap Shanks","Leg Sweep","ReplayTheSpireMod:Scrap Shanks+1","ReplayTheSpireMod:Trickstab+1","Replay:BasicMightCard+1","Caltrops"],"relics":["Ring of the Serpent","Sling","conspire:GiftBox","Juzu Bracelet","Simple Rune","relicPack:OneForAll","potionbrewer:WarMedal","potionbrewer:ToyAutogyro","ReplayTheSpireMod:Ring of Sloth","Membership Card","Replay:Baseball","MawBank"],"acts_visited":["Exordium","TheCity"],"potions_floor_usage":[33],"damage_taken":[{"damage":0,"enemies":"Jaw Worm","floor":1,"turns":4},{"damage":6,"enemies":"2 Louse","floor":3,"turns":3},{"damage":2,"enemies":"Small Slimes","floor":7,"turns":3},{"damage":3,"enemies":"2 Fungi Beasts","floor":8,"turns":4},{"damage":15,"enemies":"Gremlin Nob","floor":11,"turns":4},{"damage":1,"enemies":"3 Louse","floor":14,"turns":4},{"damage":21,"enemies":"Hexaghost","floor":16,"turns":12},{"damage":2,"enemies":"2 Thieves","floor":18,"turns":4},{"damage":7,"enemies":"Spheric Guardian","floor":20,"turns":5},{"damage":3,"enemies":"Snecko","floor":27,"turns":5},{"damage":18,"enemies":"Cultist and Chosen","floor":30,"turns":6},{"damage":21,"enemies":"Snake Plant","floor":31,"turns":4},{"damage":44,"enemies":"Automaton","floor":33,"turns":6}],"seed_played":"371227985738275077","potions_obtained":[{"floor":3,"key":"Explosive Potion"},{"floor":11,"key":"Reflective Coating"},{"floor":31,"key":"potionbrewer:AcidPotion"}],"is_trial":false,"path_per_floor":["M","?","M","?","$","R","M","M","T","R","E","?","$","M","R","B",null,"M","?","M","$","?","R","?","R","T","M","?","R","M","M","R","B"],"character_chosen":"THE_SILENT","items_purchased":["Sling","conspire:GiftBox","ReplayTheSpireMod:Scrap Shanks","Juzu Bracelet","Infinite Blades","Caltrops","Footwork","ReplayTheSpireMod:Scrap Shanks","Membership Card","ReplayTheSpireMod:Trickstab","Replay:Baseball"],"campfire_rested":2,"item_purchase_floors":[0,0,0,0,0,0,5,13,21,21,21],"current_hp_per_floor":[49,49,43,43,43,43,41,38,38,59,44,44,44,43,43,22,70,68,68,61,61,61,61,61,61,61,58,58,58,40,19,40,0,0],"gold":158,"neow_bonus":"","is_daily":false,"chose_seed":false,"campfire_upgraded":5,"win_rate":0.0,"timestamp":1612048800,"path_taken":["M","?","M","?","$","R","M","M","T","R","E","?","$","M","R","BOSS","M","?","M","$","?","R","?","R","T","M","?","R","M","M","R","BOSS"],"items_purchased_type":["Relic","Relic","Card","Relic","Card","Card","Card","Card","Relic","Card","Relic"],"build_version":"2020-12-18","purchased_purges":1,"victory":false,"max_hp_per_floor":[70,70,70,70,70,70,70,70,70,70,70,70,70,70,70,70,70,70,70,70,70,70,70,70,70,70,70,70,70,70,70,70,70,70],"relic_stats":{"counters":[32,158],"Juzu Bracelet":1,"MawBank":84,"obtain_stats":[{"potionbrewer:WarMedal":9,"Golden Idol":4,"ReplayTheSpireMod:Ring of Sloth":12,"Juzu Bracelet":0,"potionbrewer:ToyAutogyro":11,"Sling":0,"MawBank":26,"relicPack:OneForAll":4,"conspire:GiftBox":19,"Replay:Baseball":21,"Simple Rune":9,"Prayer Wheel":18,"Fusion Hammer":17,"Membership Card":21,"Clawfect:DRClaw":0,"Ring of the Serpent":17,"aspiration:ChemicalBlood":26},{"potionbrewer:WarMedal":23,"Golden Idol":3,"ReplayTheSpireMod:Ring of Sloth":24,"Juzu Bracelet":19,"potionbrewer:ToyAutogyro":24,"Sling":19,"MawBank":28,"relicPack:OneForAll":21,"conspire:GiftBox":10,"Replay:Baseball":28,"Simple Rune":5,"Prayer Wheel":10,"Fusion Hammer":9,"Membership Card":28,"Clawfect:DRClaw":0,"Ring of the Serpent":26,"aspiration:ChemicalBlood":15},{"potionbrewer:WarMedal":108,"Golden Idol":12,"ReplayTheSpireMod:Ring of Sloth":112,"Juzu Bracelet":94,"potionbrewer:ToyAutogyro":112,"Sling":94,"MawBank":137,"relicPack:OneForAll":101,"conspire:GiftBox":48,"Replay:Baseball":137,"Simple Rune":22,"Prayer Wheel":46,"Fusion Hammer":43,"Membership Card":137,"Clawfect:DRClaw":0,"Ring of the Serpent":128,"aspiration:ChemicalBlood":70}]},"card_choices":[{"not_picked":["Night Terror","Phantasmal Killer"],"picked":"Unload","floor":0},{"not_picked":["Choke","ReplayTheSpireMod:Speed Training"],"picked":"Deflect","floor":1},{"not_picked":["Flechettes","Sucker Punch","Bouncing Flask"],"picked":"SKIP","floor":3},{"not_picked":["Backstab","Catalyst","Bane"],"picked":"SKIP","floor":7},{"not_picked":["Blade Dance","Choke","PiercingWail"],"picked":"SKIP","floor":8},{"not_picked":["Envenom","Blade Dance","Backflip"],"picked":"SKIP","floor":11},{"not_picked":["Hidden Blade","Footwork"],"picked":"Leg Sweep","floor":14},{"not_picked":["Acrobatics","Dodge and Roll","Noxious Fumes+1"],"picked":"SKIP","floor":18},{"not_picked":["Skewer+1","Outmaneuver"],"picked":"ReplayTheSpireMod:Scrap Shanks+1","floor":20},{"not_picked":["Eviscerate","Dagger Throw","Flying Knee"],"picked":"SKIP","floor":27},{"not_picked":["Magnetism","Dramatic Entrance"],"picked":"Replay:BasicMightCard","floor":28},{"not_picked":["Poisoned Stab","Blur","Finisher"],"picked":"SKIP","floor":30},{"not_picked":["Underhanded Strike","Tactician"],"picked":"Caltrops","floor":31}],"player_experience":274047,"relics_obtained":[{"floor":9,"key":"potionbrewer:WarMedal"},{"floor":11,"key":"potionbrewer:ToyAutogyro"},{"floor":12,"key":"ReplayTheSpireMod:Ring of Sloth"},{"floor":26,"key":"MawBank"}],"event_choices":[{"damage_healed":0,"gold_gain":0,"player_choice":"Leave","damage_taken":0,"max_hp_gain":0,"max_hp_loss":0,"event_name":"conspire:Investor","floor":2,"gold_loss":0},{"damage_healed":0,"gold_gain":200,"player_choice":"Gold","damage_taken":0,"max_hp_gain":0,"max_hp_loss":0,"event_name":"Wheel of Change","floor":19,"gold_loss":0},{"damage_healed":0,"gold_gain":0,"player_choice":"Bought 0 Potions","damage_taken":0,"max_hp_gain":0,"max_hp_loss":0,"event_name":"The Woman in Blue","floor":22,"gold_loss":0},{"damage_healed":0,"gold_gain":0,"player_choice":"Bet on Murderer","damage_taken":0,"max_hp_gain":0,"max_hp_loss":0,"event_name":"The Joust","floor":24,"gold_loss":50},{"damage_healed":0,"gold_gain":2,"player_choice":"1","damage_taken":0,"max_hp_gain":0,"max_hp_loss":0,"event_name":"betterStone:BetterStone","floor":28,"gold_loss":0}],"is_beta":true,"boss_relics":[{"not_picked":["Honey Jar","aspiration:FutureDiary"],"picked":"Ring of the Serpent"}],"items_purged_floors":[21],"is_endless":false,"potions_floor_spawned":[3,11,18,27,31],"killed_by":"Automaton","ascension_level":0}}