{"host":"5yoj846f700ld8qy","time":1612043825,"event":{"mods":["AchievementEnabler","Aspiration","BaseMod","Better Altar","Better Match","Better Note","Better Sensory Stone","Better Skull","Better Third Choice","Colored Map","Colored Powertips","Minty Spire (QoL Compilation)","StSLib","UnlockEverythingMod"],"gold_per_floor":[113,132,132,132,207,232,29,29,29,29,1,19,51,51,51,127,127,138,32,50,24,24,24,24],"floor_reached":23,"language":"ENG","playtime":1013,"items_purged":[],"score":390,"play_id":"c8425bbc-ade6-488d-b2a1-eb79cf6195a5","local_time":"20210130235705","is_ascension_mode":true,"campfire_choices":[{"data":"Eruption","floor":8.0,"key":"SMITH"},{"data":"CutThroughFate","floor":10.0,"key":"SMITH"},{"floor":15.0,"key":"REST"}],"circlet_count":0,"master_deck":["AscendersBane","Strike_P","Strike_P","Strike_P","Strike_P","Defend_P","Defend_P","Defend_P","Defend_P","Eruption+1","Vigilance","CutThroughFate+1","JustLucky","Injury","ClearTheMind+1","MentalFortress","Halt+1","SandsOfTime","Alpha+1","SpiritShield+1","Fasting2","Bandage Up+1","Halt+1"],"relics":["PureWater","aspiration:Nostalgia","Ring of the Snake","Toxic Egg 2","MealTicket","Membership Card","Toy Ornithopter","Darkstone Periapt","Coffee Dripper"],"acts_visited":["Exordium","TheCity"],"potions_floor_usage":[23],"damage_taken":[{"damage":0.0,"enemies":"Small Slimes","floor":1.0,"turns":3.0},{"damage":10.0,"enemies":"2 Louse","floor":2.0,"turns":3.0},{"damage":32.0,"enemies":"Lagavulin","floor":6.0,"turns":5.0},{"damage":3.0,"enemies":"Jaw Worm","floor":12.0,"turns":2.0},{"damage":17.0,"enemies":"3 Sentries","floor":13.0,"turns":6.0},{"damage":41.0,"enemies":"Slime Boss","floor":16.0,"turns":6.0},{"damage":45.0,"enemies":"Chosen","floor":18.0,"turns":4.0},{"damage":17.0,"enemies":"Shell Parasite","floor":20.0,"turns":6.0},{"damage":35,"enemies":"Book of Stabbing","floor":23,"turns":4}],"seed_played":"3052970575933052247","potions_obtained":[{"floor":2.0,"key":"EntropicBrew"},{"floor":13.0,"key":"BlessingOfTheForge"}],"is_trial":false,"path_per_floor":["M","M","?","?","?","E","$","R","T","R","$","M","E","?","R","B",null,"M","$","M","$","?","E"],"character_chosen":"WATCHER","items_purchased":["Membership Card","MentalFortress","Halt+1","Bandage Up+1","PowerPotion","Fire Potion","Halt+1"],"campfire_rested":1,"item_purchase_floors":[7,7,11,19,19,19,21],"current_hp_per_floor":[61,51,68,68,57,25,40,40,40,40,55,52,35,37,57,26,58,13,28,22,37,51,27,27],"gold":24,"neow_bonus":"NOSTALGIA","is_daily":false,"chose_seed":false,"campfire_upgraded":2,"win_rate":0.0,"timestamp":1612043825,"path_taken":["M","M","?","?","?","E","$","R","T","R","?","?","E","?","R","BOSS","M","?","?","$","?","E"],"items_purchased_type":["Relic","Card","Card","Card","Potion","Potion","Card"],"build_version":"2020-12-22","purchased_purges":0,"victory":false,"max_hp_per_floor":[68,68,68,68,68,68,68,68,68,68,68,68,68,68,68,68,68,68,68,68,68,68,68,68],"card_choices":[{"not_picked":["CrushJoints","EmptyBody"],"picked":"CutThroughFate","floor":1.0},{"not_picked":["Protect","Meditate"],"picked":"JustLucky","floor":2.0},{"not_picked":["CrushJoints","Consecrate"],"picked":"ClearTheMind+1","floor":6.0},{"not_picked":["Wallop","ThirdEye+1"],"picked":"SandsOfTime","floor":12.0},{"not_picked":["CutThroughFate","SignatureMove"],"picked":"Alpha+1","floor":13.0},{"not_picked":["DevaForm","Blasphemy+1"],"picked":"SpiritShield+1","floor":16.0},{"not_picked":["Halt+1","WheelKick"],"picked":"Fasting2","floor":18.0},{"not_picked":["WaveOfTheHand+1","Consecrate","Indignation+1"],"picked":"SKIP","floor":20.0}],"player_experience":419135,"relics_obtained":[{"floor":6.0,"key":"MealTicket"},{"floor":9.0,"key":"Toy Ornithopter"},{"floor":13.0,"key":"Darkstone Periapt"}],"event_choices":[{"damage_healed":22.0,"max_hp_gain":0.0,"max_hp_loss":0.0,"gold_gain":0.0,"event_name":"Big Fish","player_choice":"Banana","floor":3.0,"gold_loss":0.0,"damage_taken":0.0},{"damage_healed":0.0,"max_hp_gain":0.0,"max_hp_loss":0.0,"gold_gain":75.0,"event_name":"betterThird:BetterGoop","player_choice":"Gold","floor":5.0,"gold_loss":0.0,"damage_taken":11.0},{"damage_healed":2.0,"max_hp_gain":0.0,"max_hp_loss":0.0,"gold_gain":0.0,"event_name":"betterSkull:BetterSkull","player_choice":"LEAVE ","floor":14.0,"gold_loss":0.0,"damage_taken":0.0,"cards_upgraded":[],"relics_obtained":[]},{"damage_healed":14.0,"max_hp_gain":0.0,"max_hp_loss":0.0,"gold_gain":0.0,"event_name":"The Library","player_choice":"Heal","floor":22.0,"gold_loss":0.0,"damage_taken":0.0}],"is_beta":false,"boss_relics":[{"not_picked":["aspiration:RunicSpoon","Ectoplasm"],"picked":"Coffee Dripper"}],"items_purged_floors":[],"is_endless":false,"potions_floor_spawned":[2,13],"killed_by":"Book of Stabbing","ascension_level":20}}