{"host":"lehbxtjrpalkmwwj","time":1612008367,"event":{"mods":["BaseMod","Colored Powertips","GungeonMod","Minty Spire (QoL Compilation)","Replay The Spire","Shop Mod","StSLib","The Cursed","The Gatherer","WarShipGirlsR/’ΩΩ¢…Ÿ≈ÆR mod"],"gold_per_floor":[118,118,132,145,6,6,6],"floor_reached":6,"language":"ZHS","playtime":165,"items_purged":[],"score":36,"play_id":"d4e66de8-f40a-40d8-826b-f4442b8290c8","local_time":"20210130200607","is_ascension_mode":false,"campfire_choices":[],"circlet_count":0,"master_deck":["rmod:strick","rmod:strick","rmod:strick","rmod:strick","rmod:defend","rmod:defend","rmod:defend","rmod:defend","rmod:basicallowance","rmod:maingunfire","rmod:openingtorpedo","rmod:fletcher","rmod:fuelsupply","rmod:luckystar"],"relics":["rmod:firstchargereward","NeowsBlessing","Question Card","DemoMod:GnawedKey"],"acts_visited":["Exordium"],"potions_floor_usage":[],"damage_taken":[{"damage":0,"enemies":"Jaw Worm","floor":1,"turns":1},{"damage":0,"enemies":"Cultist","floor":3,"turns":1},{"damage":0,"enemies":"2 Louse","floor":4,"turns":1},{"damage":21,"enemies":"Lagavulin","floor":6,"turns":6}],"seed_played":"-4377075360893384463","potions_obtained":[{"floor":1,"key":"Explosive Potion"}],"is_trial":false,"path_per_floor":["M","?","M","M","$","E"],"character_chosen":"PRAEFECT","items_purchased":["rmod:luckystar","DemoMod:GnawedKey"],"campfire_rested":0,"item_purchase_floors":[5,5],"current_hp_per_floor":[75,75,75,75,75,54,54],"gold":6,"neow_bonus":"THREE_ENEMY_KILL","is_daily":false,"chose_seed":false,"campfire_upgraded":0,"win_rate":0.0,"timestamp":1612008367,"path_taken":["M","?","?","M","?","E"],"items_purchased_type":["Card","Relic"],"build_version":"2020-12-22","purchased_purges":0,"victory":false,"max_hp_per_floor":[75,75,75,75,75,75,75],"card_choices":[{"not_picked":["rmod:luckystar","rmod:steelsupply"],"picked":"rmod:openingtorpedo","floor":1},{"not_picked":["rmod:launchingtorpedo","rmod:maintain","rmod:supportescort"],"picked":"rmod:fletcher","floor":3},{"not_picked":["rmod:supportescort","rmod:fletcherpendant","rmod:mineteam"],"picked":"rmod:fuelsupply","floor":4}],"player_experience":84734,"relics_obtained":[],"event_choices":[{"damage_healed":0,"gold_gain":0,"player_choice":"Gave Potion","damage_taken":0,"relics_obtained":["Question Card"],"max_hp_gain":0,"max_hp_loss":0,"event_name":"WeMeetAgain","floor":2,"gold_loss":0}],"is_beta":false,"boss_relics":[],"items_purged_floors":[],"is_endless":false,"potions_floor_spawned":[1],"killed_by":"Lagavulin","ascension_level":0}}