{"host":"8is2j71l4wmybkoi","time":1612012040,"event":{"mods":["AchievementEnabler","BaseMod","Colored Map","Minty Spire (QoL Compilation)","Rare Cards Sparkle","StSLib","SuperFastMode"],"gold_per_floor":[117,24,24,38,50,50,69,69,69,83,98,48,83,83,83,181,181,193,193,203,203,143,143,68,68,68,101,101,126,141,20,20,122,122,132,182,182,199,218,218,261,261,261,15,49,66,66,79,79,79,79,79,28,64,64],"floor_reached":56,"language":"KOR","playtime":2515,"items_purged":["Defend_B","Defend_B"],"score":2040,"play_id":"bdd60986-6e6f-4eb9-b6cb-9566a4378b14","local_time":"20210130220720","is_ascension_mode":true,"campfire_choices":[{"data":"Zap","floor":6.0,"key":"SMITH"},{"data":"Dualcast","floor":8.0,"key":"SMITH"},{"data":"Finesse","floor":15,"key":"SMITH"},{"data":"White Noise","floor":23,"key":"SMITH"},{"data":"Rebound","floor":25,"key":"SMITH"},{"floor":28,"key":"RECALL"},{"data":"Strike_B","floor":32,"key":"SMITH"},{"floor":40,"key":"REST"},{"floor":49,"key":"REST"},{"floor":52,"key":"REST"}],"circlet_count":0,"master_deck":["AscendersBane","Strike_B+1","Defend_B","Defend_B","Zap+1","Dualcast+1","Rebound+1","Finesse+1","Glacier+1","BootSequence","Sweeping Beam+1","White Noise+1","Genetic Algorithm+1","Fission+1","Genetic Algorithm+1","Ghostly+1","Ghostly+1","Ghostly+1","Ghostly+1","Ghostly+1","Darkness+1","Coolheaded+1","Core Surge","Creative AI","Chaos+1","Fusion+1","Blizzard+1","Seek+1","Amplify+1"],"relics":["Cracked Core","NeowsBlessing","Calipers","Toxic Egg 2","Runic Pyramid","Singing Bowl","Bronze Scales","DataDisk","Fusion Hammer","Ice Cream","CeramicFish","StoneCalendar","HornCleat","Letter Opener"],"acts_visited":["Exordium","TheCity","TheBeyond","TheEnding"],"potions_floor_usage":[13,16,16,20,29,33,35,55,55,55],"damage_taken":[{"damage":0.0,"enemies":"Jaw Worm","floor":1.0,"turns":1.0},{"damage":0.0,"enemies":"Cultist","floor":4.0,"turns":1.0},{"damage":0.0,"enemies":"2 Louse","floor":5.0,"turns":1.0},{"damage":0.0,"enemies":"2 Fungi Beasts","floor":7.0,"turns":3.0},{"damage":2.0,"enemies":"Large Slime","floor":10.0,"turns":8.0},{"damage":0.0,"enemies":"3 Louse","floor":11.0,"turns":3.0},{"damage":0,"enemies":"Lagavulin","floor":13,"turns":7},{"damage":50,"enemies":"Slime Boss","floor":16,"turns":7},{"damage":9,"enemies":"Shell Parasite","floor":18,"turns":7},{"damage":5,"enemies":"2 Thieves","floor":20,"turns":4},{"damage":1,"enemies":"Gremlin Leader","floor":27,"turns":10},{"damage":0,"enemies":"Book of Stabbing","floor":29,"turns":7},{"damage":0,"enemies":"Snake Plant","floor":30,"turns":5},{"damage":15,"enemies":"Automaton","floor":33,"turns":15},{"damage":0,"enemies":"3 Shapes","floor":35,"turns":5},{"damage":0,"enemies":"Mind Bloom Boss Battle","floor":36,"turns":9},{"damage":0,"enemies":"Orb Walker","floor":38,"turns":5},{"damage":0,"enemies":"Maw","floor":39,"turns":7},{"damage":0,"enemies":"Nemesis","floor":41,"turns":11},{"damage":0,"enemies":"Reptomancer","floor":45,"turns":8},{"damage":0,"enemies":"4 Shapes","floor":46,"turns":7},{"damage":2,"enemies":"Sphere and 2 Shapes","floor":48,"turns":6},{"damage":0,"enemies":"Time Eater","floor":50,"turns":11},{"damage":0,"enemies":"Shield and Spear","floor":54,"turns":7},{"damage":0,"enemies":"The Heart","floor":55,"turns":7}],"seed_played":"1430387703925831681","potions_obtained":[{"floor":5.0,"key":"CultistPotion"},{"floor":7.0,"key":"FocusPotion"},{"floor":11.0,"key":"PowerPotion"},{"floor":13,"key":"Strength Potion"},{"floor":20,"key":"DistilledChaos"},{"floor":30,"key":"AttackPotion"},{"floor":33,"key":"EntropicBrew"},{"floor":39,"key":"LiquidBronze"},{"floor":46,"key":"EssenceOfSteel"},{"floor":54,"key":"PotionOfCapacity"}],"is_trial":false,"path_per_floor":["M","$","?","M","M","R","M","R","T","M","M","?","E","?","R","B",null,"M","?","M","?","?","R","$","R","T","E","R","E","M","$","R","B",null,"M","?","?","M","M","R","E","?","T","$","E","M","$","M","R","B",null,"R","$","E","B",null],"character_chosen":"DEFECT","items_purchased":["Finesse","Coolheaded+1","Core Surge","Seek+1","FocusPotion"],"campfire_rested":3,"item_purchase_floors":[2,31,31,44,53],"current_hp_per_floor":[68,68,68,68,68,68,68,68,68,66,66,66,66,51,51,1,57,48,34,29,29,29,29,29,29,29,30,30,32,32,32,32,17,37,39,39,39,41,41,48,48,48,48,48,50,52,52,52,54,54,54,54,54,54,54],"gold":64,"neow_bonus":"THREE_ENEMY_KILL","is_daily":false,"chose_seed":false,"campfire_upgraded":6,"win_rate":0.0,"timestamp":1612012040,"path_taken":["M","$","?","?","M","R","M","R","T","M","M","?","E","?","R","BOSS","M","?","M","?","?","R","$","R","T","E","R","E","M","$","R","BOSS","M","?","?","M","?","R","E","?","T","$","E","?","?","?","R","BOSS","R","$","E","BOSS"],"items_purchased_type":["Card","Card","Card","Card","Potion"],"build_version":"2020-12-22","purchased_purges":2,"victory":true,"max_hp_per_floor":[75,75,75,75,75,75,75,75,75,75,75,75,75,75,75,75,75,75,80,80,40,40,40,40,40,40,42,42,44,44,44,44,44,44,46,46,46,48,48,48,48,48,48,48,50,52,52,54,54,54,54,54,54,54,54],"card_choices":[{"not_picked":["Coolheaded","Darkness"],"picked":"Rebound","floor":1.0},{"not_picked":["Steam","White Noise"],"picked":"Glacier","floor":4.0},{"not_picked":["Capacitor","Sweeping Beam"],"picked":"BootSequence","floor":5.0},{"not_picked":["Redo","Auto Shields","Go for the Eyes"],"picked":"SKIP","floor":7.0},{"not_picked":["FTL","Reinforced Body"],"picked":"Sweeping Beam","floor":10.0},{"not_picked":["Loop","Scrape"],"picked":"White Noise","floor":11.0},{"not_picked":["All For One","Undo+1"],"picked":"Genetic Algorithm+1","floor":13},{"not_picked":["Rainbow+1","Thunder Strike"],"picked":"Fission+1","floor":16},{"not_picked":["Steam Power+1","Auto Shields+1","Rebound"],"picked":"SKIP","floor":18},{"not_picked":["Lockon","Sweeping Beam"],"picked":"Genetic Algorithm+1","floor":20},{"not_picked":["Scrape","Heatsinks","Compile Driver+1"],"picked":"Singing Bowl","floor":27},{"not_picked":["Lockon","Genetic Algorithm+1","Cold Snap+1"],"picked":"Singing Bowl","floor":29},{"not_picked":["White Noise+1","Beam Cell+1"],"picked":"Darkness+1","floor":30},{"not_picked":["Machine Learning","Fission+1"],"picked":"Creative AI","floor":33},{"not_picked":["Tempest+1","Sweeping Beam+1","Stack+1"],"picked":"Singing Bowl","floor":35},{"not_picked":["Coolheaded+1","Tempest+1"],"picked":"Chaos+1","floor":36},{"not_picked":["FTL","Sweeping Beam+1","Hologram+1"],"picked":"Singing Bowl","floor":38},{"not_picked":["Compile Driver","Consume+1"],"picked":"Fusion+1","floor":39},{"not_picked":["Ball Lightning","Leap+1"],"picked":"Blizzard","floor":41},{"not_picked":["Static Discharge+1","Steam+1","Hologram+1"],"picked":"Singing Bowl","floor":45},{"not_picked":["Streamline","Tempest+1","Thunder Strike"],"picked":"Singing Bowl","floor":46},{"not_picked":["Redo+1","Genetic Algorithm+1","Self Repair"],"picked":"Singing Bowl","floor":48},{"not_picked":["Heatsinks","Lockon"],"picked":"Amplify+1","floor":54}],"player_experience":850235,"relics_obtained":[{"floor":9.0,"key":"Calipers"},{"floor":13,"key":"Toxic Egg 2"},{"floor":26,"key":"Singing Bowl"},{"floor":27,"key":"Bronze Scales"},{"floor":29,"key":"DataDisk"},{"floor":36,"key":"Ice Cream"},{"floor":41,"key":"StoneCalendar"},{"floor":45,"key":"HornCleat"},{"floor":54,"key":"Letter Opener"}],"event_choices":[{"cards_removed":["Strike_B"],"damage_healed":0.0,"max_hp_gain":0.0,"max_hp_loss":0.0,"gold_gain":0.0,"event_name":"Purifier","player_choice":"Purged","floor":3.0,"gold_loss":0.0,"damage_taken":0.0},{"cards_removed":["Strike_B"],"damage_healed":0.0,"max_hp_gain":0.0,"max_hp_loss":0.0,"gold_gain":0.0,"event_name":"The Cleric","player_choice":"Card Removal","floor":12.0,"gold_loss":50.0,"damage_taken":0.0},{"damage_healed":0,"gold_gain":0,"player_choice":"Entered Light","damage_taken":15,"max_hp_gain":0,"max_hp_loss":0,"event_name":"Shining Light","floor":14,"gold_loss":0,"cards_upgraded":["Sweeping Beam","Glacier"]},{"damage_healed":0,"gold_gain":0,"player_choice":"Shed Blood","damage_taken":19,"max_hp_gain":5,"max_hp_loss":0,"event_name":"Forgotten Altar","floor":19,"gold_loss":0},{"damage_healed":0,"gold_gain":0,"player_choice":"Became a Ghost","damage_taken":0,"max_hp_gain":0,"max_hp_loss":40,"event_name":"Ghosts","floor":21,"gold_loss":0,"cards_obtained":["Ghostly","Ghostly","Ghostly","Ghostly","Ghostly"]},{"cards_removed":["Strike_B"],"damage_healed":0,"gold_gain":0,"player_choice":"Single Remove","damage_taken":0,"max_hp_gain":0,"max_hp_loss":0,"event_name":"Designer","floor":22,"gold_loss":60},{"damage_healed":0,"gold_gain":0,"player_choice":"Fight","damage_taken":0,"max_hp_gain":0,"max_hp_loss":0,"event_name":"MindBloom","floor":36,"gold_loss":0},{"damage_healed":0,"gold_gain":0,"player_choice":"Gave Potion","damage_taken":0,"relics_obtained":["CeramicFish"],"max_hp_gain":0,"max_hp_loss":0,"event_name":"WeMeetAgain","floor":37,"gold_loss":0},{"damage_healed":0,"gold_gain":0,"player_choice":"Upgraded","damage_taken":0,"max_hp_gain":0,"max_hp_loss":0,"event_name":"Upgrade Shrine","floor":42,"gold_loss":0,"cards_upgraded":["Blizzard"]}],"is_beta":false,"boss_relics":[{"not_picked":["Coffee Dripper","SlaversCollar"],"picked":"Runic Pyramid"},{"not_picked":["Philosopher\u0027s Stone","Sozu"],"picked":"Fusion Hammer"}],"items_purged_floors":[24,44],"is_endless":false,"potions_floor_spawned":[5,7,11,13,20,30,33,39,41,46,54],"ascension_level":10}}