{"host":"6affnl2vk6en9o4b","time":1612022797,"event":{"mods":["AchievementEnabler","Aspiration","BaseMod","BetterRewards","Colored Powertips","Conspire","Downfall","Friendly Minions","Googly Eyes","Highlight Path","Hubris","Minty Spire (QoL Compilation)","Replay The Spire","StSLib","Trackpad","Unceasing Turn Reminder"],"gold_per_floor":[99,99,112,77,88,103,156,92,542,571,571,602,602,602,602,602],"floor_reached":14,"language":"ENG","playtime":599,"items_purged":[],"score":98,"play_id":"fa3df3cc-9bdf-4017-a07b-4c316fbd2337","local_time":"20210130160637","is_ascension_mode":false,"campfire_choices":[{"data":"hexamod:HexaLevel","floor":1.0,"key":"SMITH"},{"floor":11,"key":"RECALL"}],"circlet_count":0,"master_deck":["hexamod:Strike","hexamod:Strike","hexamod:Strike","hexamod:Strike+1","hexamod:Defend","hexamod:Defend","hexamod:Defend+1","hexamod:Defend","hexamod:Sear","hexamod:Float","hexamod:HexaLevel+1","hexamod:ThermalTransfer","hexamod:ThirdSeal","hexamod:RecurringNightmare","hexamod:PhantomCloak","hexamod:BurningTouch","hexamod:SpectersWail","hexamod:HeatShield","hexamod:FlamesFromBeyond","downfall:Icky","downfall:Icky","downfall:Icky","hexamod:SecondSeal","hexamod:RadiantFlame","hexamod:FastForward","hexamod:SixthSeal","hexamod:GiftsFromTheDead"],"relics":["hexamod:SpiritBrand","hubris:Icosahedron","Tiny Chest","Simple Rune","aspiration:BabyByrd"],"acts_visited":["Exordium"],"potions_floor_usage":[10,10,14],"damage_taken":[{"damage":0.0,"enemies":"Small Slimes","floor":3.0,"turns":6.0},{"damage":3.0,"enemies":"2 Louse","floor":4.0,"turns":3.0},{"damage":4.0,"enemies":"conspire:RoseBush","floor":5.0,"turns":3.0},{"damage":5.0,"enemies":"Blue Slaver","floor":6.0,"turns":5.0},{"damage":3.0,"enemies":"downfall:FleeingMerchant","floor":8.0,"turns":4.0},{"damage":15,"enemies":"3 Sentries","floor":10,"turns":7},{"damage":20,"enemies":"Replay:BlueRogue","floor":12,"turns":6},{"damage":13,"enemies":"Lagavulin","floor":14,"turns":4}],"seed_played":"-8507401055782716979","potions_obtained":[{"floor":5.0,"key":"DuplicationPotion"},{"floor":10,"key":"hexamod:SoulburnPotion"},{"floor":12,"key":"SpeedPotion"}],"is_trial":false,"path_per_floor":["R","?","M","M","M","M","T","$","?","E","R","E","?","E"],"character_chosen":"THE_SPIRIT","items_purchased":["hexamod:FlamesFromBeyond"],"campfire_rested":0,"item_purchase_floors":[8],"current_hp_per_floor":[63,63,63,60,56,51,51,48,48,33,33,13,13,0,0,0],"gold":602,"neow_bonus":"THREE_RARE_CARDS","is_daily":false,"chose_seed":false,"campfire_upgraded":1,"win_rate":0.0,"timestamp":1612022797,"path_taken":["R","?","M","M","M","M","T","$","?","E","R","E","?","E"],"items_purchased_type":["Card"],"build_version":"2020-12-22","purchased_purges":0,"victory":false,"max_hp_per_floor":[63,63,63,63,63,63,63,63,63,63,63,63,63,63,63,63],"card_choices":[{"not_picked":["hexamod:TimeOfNeed","hexamod:SearingWound"],"picked":"hexamod:HexaLevel","floor":0.0},{"not_picked":["hexamod:HeatShield","hexamod:BacktrackSmack"],"picked":"hexamod:ThermalTransfer","floor":3.0},{"not_picked":["hexamod:PowerFromBeyond","hexamod:NightmareGuise"],"picked":"hexamod:ThirdSeal","floor":4.0},{"not_picked":["hexamod:NightmareGuise","hexamod:HauntingEcho"],"picked":"hexamod:RecurringNightmare","floor":5.0},{"not_picked":["hexamod:ThirdSeal","hexamod:BacktrackSmack","hexamod:RetreatToShadows"],"picked":"SKIP","floor":5.0},{"not_picked":["hexamod:ThirdSeal","hexamod:NecessarySacrifice"],"picked":"hexamod:PhantomCloak","floor":6.0},{"not_picked":["hexamod:Firestarter","hexamod:RetreatToShadows"],"picked":"hexamod:BurningTouch","floor":6.0},{"not_picked":["hexamod:GhostLash","hexamod:Rewind"],"picked":"hexamod:SpectersWail","floor":8.0},{"not_picked":["hexamod:TurnItUp","hexamod:ThermalTransfer"],"picked":"hexamod:HeatShield","floor":8.0},{"not_picked":["hexamod:FastForward","hexamod:ShieldOfDarkness"],"picked":"hexamod:SecondSeal","floor":10},{"not_picked":["hexamod:FlamesFromBeyond","hexamod:NightmareStrike"],"picked":"hexamod:RadiantFlame","floor":10},{"not_picked":["hexamod:GhostLash","hexamod:UnlimitedPower"],"picked":"hexamod:FastForward","floor":12},{"not_picked":["hexamod:ThirdSeal","hexamod:SecondSeal"],"picked":"hexamod:SixthSeal","floor":12},{"not_picked":["hexamod:RainOfEmbers","hexamod:AdvancingGuard"],"picked":"hexamod:GiftsFromTheDead","floor":12}],"player_experience":217735,"relics_obtained":[{"floor":7.0,"key":"Tiny Chest"},{"floor":12,"key":"Simple Rune"}],"event_choices":[],"is_beta":false,"boss_relics":[],"items_purged_floors":[],"is_endless":false,"potions_floor_spawned":[5,10,12],"killed_by":"Lagavulin","ascension_level":0}}