{"host":"q6ff4ns2kep02ti6","time":1612032254,"event":{"mods":["AchievementEnabler","BaseMod","Minty Spire (QoL Compilation)","Relic Stats","StSLib","Unceasing Turn Reminder"],"gold_per_floor":[115,115,195,143,161,161,186,186,186,197,217,229,256,276,276,352,352,364,364,122,140,140,140,159,189,189,189,202,202,233,253,253,330,330,347,359,371,17,67,102,122,137,437,463,478,478,495,511,511,511,511],"floor_reached":50,"language":"ENG","playtime":2855,"items_purged":["Strike_R","Strike_R"],"score":1191,"play_id":"8220b0b5-c355-4293-8e5e-af31416123b8","local_time":"20210130194414","is_ascension_mode":true,"campfire_choices":[{"data":"Bash","floor":6,"key":"SMITH"},{"data":"Flex","floor":8,"key":"SMITH"},{"data":"Limit Break","floor":15,"key":"SMITH"},{"data":"Immolate","floor":23,"key":"SMITH"},{"floor":27,"key":"REST"},{"floor":32,"key":"REST"},{"floor":46,"key":"REST"},{"floor":49,"key":"RECALL"}],"circlet_count":0,"master_deck":["AscendersBane","Strike_R","Strike_R","Strike_R","Defend_R","Defend_R","Defend_R","Defend_R","Bash+1","Cleave+1","True Grit+1","Flex+1","Clothesline","Limit Break+1","Sword Boomerang","Heavy Blade","Immolate+1","Disarm","J.A.X.","Shockwave+1","Seeing Red","Limit Break","Berserk","Feel No Pain","Double Tap","Limit Break+1","Inflame","Armaments+1"],"relics":["Burning Blood","Ornamental Fan","Tiny Chest","Lantern","Pen Nib","Runic Pyramid","Bag of Marbles","Bag of Preparation","Pear","Question Card","SlaversCollar","DollysMirror","The Courier","Old Coin","InkBottle"],"acts_visited":["Exordium","TheCity","TheBeyond"],"potions_floor_usage":[7,13,16,21,25,25,33,40,42,48,50,50],"damage_taken":[{"damage":6,"enemies":"2 Louse","floor":1,"turns":3},{"damage":7,"enemies":"Small Slimes","floor":5,"turns":4},{"damage":41,"enemies":"Gremlin Nob","floor":7,"turns":5},{"damage":0,"enemies":"Cultist","floor":10,"turns":3},{"damage":15,"enemies":"Exordium Wildlife","floor":11,"turns":4},{"damage":1,"enemies":"Looter","floor":12,"turns":4},{"damage":11,"enemies":"Lagavulin","floor":13,"turns":4},{"damage":9,"enemies":"Red Slaver","floor":14,"turns":3},{"damage":29,"enemies":"Hexaghost","floor":16,"turns":6},{"damage":31,"enemies":"3 Byrds","floor":18,"turns":5},{"damage":8,"enemies":"Chosen","floor":21,"turns":4},{"damage":13,"enemies":"Snake Plant","floor":24,"turns":3},{"damage":22,"enemies":"Slavers","floor":25,"turns":4},{"damage":0,"enemies":"Shelled Parasite and Fungi","floor":28,"turns":1},{"damage":22,"enemies":"Gremlin Leader","floor":30,"turns":4},{"damage":20,"enemies":"Snecko","floor":31,"turns":4},{"damage":8,"enemies":"Champ","floor":33,"turns":8},{"damage":0,"enemies":"3 Darklings","floor":35,"turns":1},{"damage":28,"enemies":"3 Shapes","floor":36,"turns":5},{"damage":6,"enemies":"Jaw Worm Horde","floor":37,"turns":2},{"damage":7,"enemies":"Giant Head","floor":40,"turns":5},{"damage":43,"enemies":"3 Darklings","floor":41,"turns":3},{"damage":6,"enemies":"Sphere and 2 Shapes","floor":42,"turns":3},{"damage":18,"enemies":"Reptomancer","floor":44,"turns":4},{"damage":7,"enemies":"4 Shapes","floor":45,"turns":9},{"damage":5,"enemies":"Jaw Worm Horde","floor":47,"turns":2},{"damage":38,"enemies":"Writhing Mass","floor":48,"turns":5},{"damage":12,"enemies":"Time Eater","floor":50,"turns":2}],"seed_played":"4729643694916812791","potions_obtained":[{"floor":5,"key":"Weak Potion"},{"floor":7,"key":"Energy Potion"},{"floor":10,"key":"EntropicBrew"},{"floor":14,"key":"ColorlessPotion"},{"floor":18,"key":"BlessingOfTheForge"},{"floor":28,"key":"FearPotion"},{"floor":30,"key":"PowerPotion"},{"floor":33,"key":"SkillPotion"},{"floor":40,"key":"DuplicationPotion"},{"floor":44,"key":"ColorlessPotion"},{"floor":48,"key":"DuplicationPotion"}],"is_trial":false,"path_per_floor":["M","?","?","?","M","R","E","R","T","M","M","M","E","M","R","B",null,"M","?","$","M","?","R","M","E","T","R","M","T","E","M","R","B",null,"M","M","M","$","?","E","M","M","T","E","M","R","M","M","R","B"],"character_chosen":"IRONCLAD","items_purchased":["Bag of Marbles","Double Tap","DollysMirror"],"campfire_rested":3,"item_purchase_floors":[20,38,38],"current_hp_per_floor":[75,75,75,75,74,74,39,39,39,45,36,41,36,33,33,10,64,39,39,39,37,37,37,30,14,24,51,57,57,41,27,54,52,82,88,66,66,66,66,65,28,28,28,16,15,42,43,11,11,0,0],"gold":511,"neow_bonus":"TEN_PERCENT_HP_BONUS","is_daily":false,"chose_seed":false,"campfire_upgraded":4,"win_rate":0.0,"timestamp":1612032254,"path_taken":["M","?","?","?","M","R","E","R","T","M","?","M","E","M","R","BOSS","M","?","$","M","?","R","M","E","T","R","M","?","E","M","R","BOSS","M","M","M","$","?","E","M","?","T","E","M","R","M","M","R","BOSS"],"items_purchased_type":["Relic","Card","Relic"],"build_version":"2020-12-22","purchased_purges":2,"victory":false,"max_hp_per_floor":[82,82,82,82,82,82,82,82,82,82,82,82,82,82,82,82,82,82,82,82,82,82,82,82,82,92,92,92,92,92,92,92,92,92,92,92,92,92,92,92,92,92,92,92,92,92,92,92,92,92,92],"relic_stats":{"counters":[28,110],"Ornamental Fan":[52],"Tiny Chest":1,"Pen Nib":[10],"Bag of Preparation":[30],"Question Card":12,"obtain_stats":[{"Lantern":9,"Pear":26,"Pen Nib":13,"The Courier":40,"Bag of Preparation":25,"Question Card":30,"Burning Blood":0,"Old Coin":43,"SlaversCollar":34,"Ornamental Fan":4,"DollysMirror":38,"Tiny Chest":7,"Bag of Marbles":20,"InkBottle":44,"Runic Pyramid":17},{"Lantern":3,"Pear":13,"Pen Nib":7,"The Courier":21,"Bag of Preparation":13,"Question Card":15,"Burning Blood":0,"Old Coin":23,"SlaversCollar":17,"Ornamental Fan":1,"DollysMirror":20,"Tiny Chest":3,"Bag of Marbles":10,"InkBottle":24,"Runic Pyramid":9},{"Lantern":12,"Pear":52,"Pen Nib":27,"The Courier":82,"Bag of Preparation":52,"Question Card":57,"Burning Blood":0,"Old Coin":88,"SlaversCollar":69,"Ornamental Fan":3,"DollysMirror":77,"Tiny Chest":12,"Bag of Marbles":41,"InkBottle":92,"Runic Pyramid":36}],"Burning Blood":162,"InkBottle":[5]},"card_choices":[{"not_picked":["Shrug It Off","Wild Strike"],"picked":"Cleave","floor":1},{"not_picked":["Sword Boomerang","Thunderclap"],"picked":"True Grit","floor":5},{"not_picked":["Sword Boomerang","Clash"],"picked":"Flex","floor":7},{"not_picked":["Havoc","Intimidate"],"picked":"Clothesline","floor":10},{"not_picked":["Clash","Heavy Blade"],"picked":"Limit Break","floor":11},{"not_picked":["Ghostly Armor","True Grit"],"picked":"Sword Boomerang","floor":12},{"not_picked":["Clothesline","Evolve","Flex"],"picked":"SKIP","floor":13},{"not_picked":["Perfected Strike","Armaments"],"picked":"Heavy Blade","floor":14},{"not_picked":["Barricade","Brutality"],"picked":"Immolate","floor":16},{"not_picked":["Battle Trance","Body Slam"],"picked":"Disarm","floor":18},{"not_picked":["Twin Strike","Clash","Cleave+1"],"picked":"SKIP","floor":21},{"not_picked":["Thunderclap","Anger"],"picked":"Shockwave+1","floor":24},{"not_picked":["Perfected Strike","Iron Wave"],"picked":"Seeing Red","floor":25},{"not_picked":["Ghostly Armor","Clash"],"picked":"Limit Break","floor":28},{"not_picked":["Cleave","Blood for Blood","Infernal Blade"],"picked":"SKIP","floor":30},{"not_picked":["Dark Embrace","True Grit","Perfected Strike","Clothesline"],"picked":"SKIP","floor":31},{"not_picked":["Bludgeon","Demon Form","Brutality"],"picked":"Berserk","floor":33},{"not_picked":["Perfected Strike","Uppercut","Clash"],"picked":"Feel No Pain","floor":35},{"not_picked":["Flex","Twin Strike","Headbutt","Havoc"],"picked":"SKIP","floor":36},{"not_picked":["Shrug It Off","Clash","Wild Strike","Perfected Strike+1"],"picked":"SKIP","floor":37},{"not_picked":["Wild Strike","Feel No Pain","Berserk"],"picked":"Inflame","floor":40},{"not_picked":["Twin Strike","Inflame","True Grit"],"picked":"Armaments+1","floor":41},{"not_picked":["Reckless Charge","Anger+1","Shrug It Off","Entrench"],"picked":"SKIP","floor":42},{"not_picked":["Perfected Strike","Body Slam+1","Uppercut","Heavy Blade"],"picked":"SKIP","floor":44},{"not_picked":["Offering","Anger+1","Body Slam","Entrench"],"picked":"SKIP","floor":45},{"not_picked":["Shrug It Off","Blood for Blood+1","Havoc","Uppercut"],"picked":"SKIP","floor":47},{"not_picked":["Carnage+1","Wild Strike","Twin Strike","Rupture"],"picked":"SKIP","floor":48}],"player_experience":1027536,"relics_obtained":[{"floor":7,"key":"Tiny Chest"},{"floor":9,"key":"Lantern"},{"floor":13,"key":"Pen Nib"},{"floor":25,"key":"Bag of Preparation"},{"floor":26,"key":"Pear"},{"floor":30,"key":"Question Card"},{"floor":40,"key":"The Courier"},{"floor":43,"key":"Old Coin"},{"floor":44,"key":"InkBottle"}],"event_choices":[{"damage_healed":0,"gold_gain":0,"player_choice":"Grow","damage_taken":0,"max_hp_gain":0,"max_hp_loss":0,"event_name":"Living Wall","floor":2,"gold_loss":0,"cards_upgraded":["Cleave"]},{"damage_healed":0,"gold_gain":80,"player_choice":"Gained Gold","damage_taken":0,"max_hp_gain":0,"max_hp_loss":0,"event_name":"Golden Wing","floor":3,"gold_loss":0},{"damage_healed":0,"gold_gain":0,"player_choice":"Paid Gold","damage_taken":0,"relics_obtained":["Ornamental Fan"],"max_hp_gain":0,"max_hp_loss":0,"event_name":"WeMeetAgain","floor":4,"gold_loss":52},{"damage_healed":0,"gold_gain":0,"player_choice":"Obtain J.A.X.","damage_taken":0,"max_hp_gain":0,"max_hp_loss":0,"event_name":"Drug Dealer","floor":19,"gold_loss":0,"cards_obtained":["J.A.X."]},{"damage_healed":0,"gold_gain":0,"player_choice":"Forge","damage_taken":0,"max_hp_gain":0,"max_hp_loss":0,"event_name":"Accursed Blacksmith","floor":22,"gold_loss":0,"cards_upgraded":["True Grit"]},{"damage_healed":0,"gold_gain":50,"player_choice":"Pray","damage_taken":0,"max_hp_gain":0,"max_hp_loss":0,"event_name":"Golden Shrine","floor":39,"gold_loss":0}],"is_beta":false,"boss_relics":[{"not_picked":["Calling Bell","Tiny House"],"picked":"Runic Pyramid"},{"not_picked":["Snecko Eye","Philosopher\u0027s Stone"],"picked":"SlaversCollar"}],"items_purged_floors":[20,38],"is_endless":false,"potions_floor_spawned":[5,7,10,14,18,28,30,33,40,41,44,48],"killed_by":"Time Eater","ascension_level":20}}