{"host":"9viy3memdfgcf4vy","time":1612023191,"event":{"mods":["BaseMod","Colored Map","Downfall","Minty Spire (QoL Compilation)","StSLib"],"gold_per_floor":[99,99,99,99,99,99,99,99,128,145,145,177,197,35,53,155,155,55,69,84,84,84,109,109,44,44,72,72,72,95,124,135,240,240,140,152,172,190,42,42,117,134,134,163,113,13,27,45,65,65,65,65,65,65],"floor_reached":52,"language":"ENG","playtime":3811,"items_purged":["champ:Execute","champ:Defend"],"score":1029,"play_id":"3aeeb218-1ffe-4ba7-a86b-35b78b4e79a7","local_time":"20210130181311","is_ascension_mode":true,"campfire_choices":[{"floor":1,"key":"RECALL"},{"data":"champ:Encircle","floor":8,"key":"SMITH"},{"data":"champ:StrikeOfGenius","floor":18,"key":"SMITH"},{"data":"champ:Taunt","floor":26,"key":"SMITH"},{"data":"champ:PerfectedStrike","floor":28,"key":"SMITH"},{"data":"champ:PerfectedStrike","floor":35,"key":"SMITH"},{"data":"champ:PerfectedStrike","floor":40,"key":"SMITH"},{"data":"champ:PerfectedStrike","floor":46,"key":"SMITH"}],"circlet_count":0,"master_deck":["champ:Strike","champ:Strike","champ:Strike","champ:Strike","champ:Defend","champ:Defend","champ:Defend","champ:Taunt+1","champ:StanceDance","champ:PerfectedStrike+1","champ:Encircle+1","champ:PerfectedStrike+1","champ:SwordThrow","champ:FanOfKnives","champ:PerfectedStrike+1","champ:ViciousMockery","champ:StrikeOfGenius+1","champ:EnragedBash+1","champ:RisingSlash+1","champ:FlashCut","champ:PerfectedStrike+1","champ:ViciousMockery+1","champ:PerfectedStrike+1","champ:StanceDance+1"],"relics":["champ:ChampionCrownUpgraded","downfall:HeartsMalice","downfall:ShatteredFragment","WarpedTongs","Singing Bowl","Meat on the Bone","Spirit Poop","Gremlin Horn","Orichalcum","champ:PowerArmor","downfall:HeartBlessingRed","Kunai","Bottled Tornado","Membership Card","Molten Egg 2","White Beast Statue","downfall:HeartBlessingBlue","Mercury Hourglass","Sundial","Juzu Bracelet","downfall:HeartBlessingGreen"],"acts_visited":["Exordium","TheCity","TheBeyond","TheEnding"],"potions_floor_usage":[12,16,16,23,23,33,47,52,52,52],"damage_taken":[{"damage":0,"enemies":"Jaw Worm","floor":2,"turns":1},{"damage":0,"enemies":"2 Louse","floor":5,"turns":1},{"damage":0,"enemies":"Cultist","floor":6,"turns":1},{"damage":13,"enemies":"3 Sentries","floor":9,"turns":4},{"damage":6,"enemies":"3 Louse","floor":10,"turns":2},{"damage":3,"enemies":"Gremlin Nob","floor":12,"turns":3},{"damage":0,"enemies":"Red Slaver","floor":13,"turns":2},{"damage":2,"enemies":"downfall:FleeingMerchant","floor":14,"turns":4},{"damage":0,"enemies":"Exordium Thugs","floor":15,"turns":2},{"damage":13,"enemies":"WA_ARCHETYPE_RETAIN","floor":16,"turns":3},{"damage":2,"enemies":"Shell Parasite","floor":19,"turns":2},{"damage":10,"enemies":"Chosen","floor":20,"turns":3},{"damage":23,"enemies":"Book of Stabbing","floor":23,"turns":4},{"damage":13,"enemies":"downfall:FleeingMerchant","floor":25,"turns":4},{"damage":0,"enemies":"Gremlin Leader","floor":27,"turns":3},{"damage":10,"enemies":"downfall:FleeingMerchant","floor":30,"turns":2},{"damage":38,"enemies":"Book of Stabbing","floor":31,"turns":3},{"damage":20,"enemies":"3 Cultists","floor":32,"turns":2},{"damage":58,"enemies":"DF_ARCHETYPE_CLAW","floor":33,"turns":5},{"damage":28,"enemies":"Orb Walker","floor":36,"turns":2},{"damage":20,"enemies":"3 Darklings","floor":37,"turns":2},{"damage":3,"enemies":"Sphere and 2 Shapes","floor":38,"turns":3},{"damage":15,"enemies":"Transient","floor":42,"turns":5},{"damage":31,"enemies":"Nemesis","floor":44,"turns":5},{"damage":5,"enemies":"Writhing Mass","floor":47,"turns":1},{"damage":10,"enemies":"3 Darklings","floor":48,"turns":2},{"damage":20,"enemies":"Transient","floor":49,"turns":5},{"damage":43,"enemies":"SI_POISON_ARCHETYPE","floor":50,"turns":7},{"damage":151,"enemies":"downfall:CharBossMerchant","floor":52,"turns":6}],"seed_played":"-6274924712176302117","potions_obtained":[{"floor":9,"key":"FearPotion"},{"floor":12,"key":"Fruit Juice"},{"floor":13,"key":"Explosive Potion"},{"floor":15,"key":"sneckomod:MuddlingPotion"},{"floor":16,"key":"EssenceOfSteel"},{"floor":27,"key":"SteroidPotion"},{"floor":31,"key":"sneckomod:MuddlingPotion"},{"floor":32,"key":"Strength Potion"},{"floor":33,"key":"champ:UltimateStancePotion"},{"floor":36,"key":"LiquidMemories"},{"floor":47,"key":"DuplicationPotion"}],"is_trial":false,"path_per_floor":["R","M","?","?","M","M","T","R","E","M","?","E","M","$","M","B",null,"R","M","M","?","?","E","T","$","R","E","R","?","$","E","M","B",null,"R","M","M","M","$","R","T","M","?","E","$","R","M","M","M","B",null,"E"],"character_chosen":"THE_CHAMP","items_purchased":["Orichalcum","champ:FlashCut","Membership Card","Molten Egg 2","Mercury Hourglass","champ:PerfectedStrike+1"],"campfire_rested":0,"item_purchase_floors":[14,25,30,30,39,39],"current_hp_per_floor":[90,90,63,63,63,63,63,63,60,54,54,56,56,56,56,55,97,97,97,99,99,99,86,86,83,83,83,83,78,80,64,66,62,109,119,113,113,112,112,112,112,114,114,105,105,105,107,109,109,81,131,0,0,0],"gold":65,"neow_bonus":"THREE_ENEMY_KILL","is_daily":false,"chose_seed":false,"campfire_upgraded":7,"win_rate":0.0,"timestamp":1612023191,"path_taken":["R","M","?","?","M","?","T","R","E","M","?","E","?","?","M","BOSS","R","M","M","?","?","E","T","?","R","E","R","?","$","E","M","BOSS","R","M","M","?","$","R","T","M","?","E","$","R","M","M","M","BOSS","E"],"items_purchased_type":["Relic","Card","Relic","Relic","Relic","Card"],"build_version":"2020-12-22","purchased_purges":2,"victory":false,"max_hp_per_floor":[90,90,90,90,90,90,90,90,90,90,90,95,95,97,97,97,97,97,99,101,101,101,101,101,101,101,101,101,101,103,105,107,109,109,119,121,121,123,123,123,123,125,125,127,127,127,129,131,131,131,131,131,131,131],"card_choices":[{"not_picked":["champ:IronFortress","champ:Haymaker"],"picked":"champ:StanceDance","floor":2},{"not_picked":["champ:Shatter","champ:TornadoPunch"],"picked":"champ:PerfectedStrike","floor":5},{"not_picked":["champ:StanceDance","champ:Backstep"],"picked":"champ:Encircle","floor":6},{"not_picked":["champ:FocusedDefense","champ:StanceDance"],"picked":"champ:PerfectedStrike","floor":9},{"not_picked":["champ:BringItOn","champ:BerserkersShout"],"picked":"champ:SwordThrow","floor":10},{"not_picked":["champ:CrownThrow","champ:Haymaker"],"picked":"champ:FanOfKnives","floor":12},{"not_picked":["champ:FanOfKnives","champ:CalledShot"],"picked":"champ:PerfectedStrike","floor":13},{"not_picked":["champ:EnchantShield","champ:CheapShot","champ:RageSigil"],"picked":"Singing Bowl","floor":14},{"not_picked":["champ:TornadoPunch","champ:Lariat"],"picked":"champ:ViciousMockery","floor":15},{"not_picked":["champ:Devastate","champ:TripleStrike"],"picked":"champ:StrikeOfGenius","floor":16},{"not_picked":["champ:BringItOn+1","champ:BladeFlurry","champ:EnGarde"],"picked":"Singing Bowl","floor":19},{"not_picked":["champ:PreemptiveStrike","champ:FaceSlap","champ:FancyFootwork"],"picked":"Singing Bowl","floor":20},{"not_picked":["champ:VampiricStrike","champ:EnchantSword"],"picked":"champ:EnragedBash+1","floor":23},{"not_picked":["champ:RapidStrikes","champ:Shatter"],"picked":"champ:RisingSlash+1","floor":25},{"not_picked":["champ:Circumvent","champ:DefensiveShout"],"picked":"champ:PerfectedStrike","floor":27},{"not_picked":["champ:Backstep+1","champ:ShieldSigil","champ:EnGarde+1"],"picked":"Singing Bowl","floor":30},{"not_picked":["champ:FancyFootwork","champ:PreciseThrust+1","champ:SkillfulDodge"],"picked":"Singing Bowl","floor":31},{"not_picked":["champ:BerserkersShout","champ:HoldFirm","champ:FanOfKnives+1"],"picked":"Singing Bowl","floor":32},{"not_picked":["champ:DancingMaster","champ:HeavySlash+1","champ:EnchantShield"],"picked":"Singing Bowl","floor":33},{"not_picked":["champ:CrownThrow+1","champ:GutPunch+1","champ:CrookedStrike+1"],"picked":"Singing Bowl","floor":36},{"not_picked":["champ:GutPunch+1","champ:HeartStrike+1"],"picked":"champ:ViciousMockery+1","floor":37},{"not_picked":["champ:StanceDance+1","champ:BladeFlurry+1","champ:EnGarde"],"picked":"Singing Bowl","floor":38},{"not_picked":["champ:StanceDance+1","champ:PreemptiveStrike+1","champ:Shatter+1"],"picked":"Singing Bowl","floor":42},{"not_picked":["champ:SteelEdge+1","champ:CrownThrow+1","champ:SetATrap"],"picked":"Singing Bowl","floor":44},{"not_picked":["champ:EndlessRage+1","champ:Shatter+1","champ:BerserkerStyle+1"],"picked":"Singing Bowl","floor":47},{"not_picked":["champ:GladiatorStyle+1","champ:DefensiveStyle+1","champ:PreemptiveStrike+1"],"picked":"Singing Bowl","floor":48},{"not_picked":["champ:BerserkersShout+1","champ:PreciseThrust+1"],"picked":"champ:StanceDance+1","floor":49}],"player_experience":428917,"relics_obtained":[{"floor":7,"key":"Singing Bowl"},{"floor":9,"key":"Meat on the Bone"},{"floor":12,"key":"Gremlin Horn"},{"floor":23,"key":"Kunai"},{"floor":27,"key":"Bottled Tornado"},{"floor":31,"key":"White Beast Statue"},{"floor":41,"key":"Sundial"},{"floor":44,"key":"Juzu Bracelet"}],"event_choices":[{"damage_healed":0,"gold_gain":0,"player_choice":"Rummage","damage_taken":0,"relics_obtained":["WarpedTongs"],"max_hp_gain":0,"max_hp_loss":0,"event_name":"Accursed Blacksmith","floor":4,"gold_loss":0,"cards_obtained":["Pain"]},{"cards_removed":["Pain"],"damage_healed":0,"gold_gain":0,"player_choice":"Offered Curse","damage_taken":0,"relics_obtained":["Spirit Poop"],"max_hp_gain":0,"max_hp_loss":0,"event_name":"Bonfire Elementals","floor":11,"gold_loss":0},{"damage_healed":0,"gold_gain":0,"player_choice":"Ignored","damage_taken":0,"max_hp_gain":0,"max_hp_loss":0,"event_name":"Ghosts","floor":21,"gold_loss":0}],"is_beta":false,"boss_relics":[{"not_picked":["Coffee Dripper","Runic Dome"],"picked":"champ:PowerArmor"},{"not_picked":["Empty Cage","Calling Bell"],"picked":"champ:ChampionCrownUpgraded"}],"items_purged_floors":[30,45],"is_endless":false,"potions_floor_spawned":[9,12,13,15,16,27,31,32,33,36,37,38,42,44,47,48,49],"killed_by":"downfall:CharBossMerchant","ascension_level":4}}