{"host":"favrcuc0pmi4z15q","time":1612044326,"event":{"mods":["Act Like it!","BaseMod","Colored Powertips","Minty Spire (QoL Compilation)","Reliquary","Replay The Spire","Shop Mod","StSLib","The Animator","The Bug Knight"],"gold_per_floor":[112,32,47,76,103,132,132,162,162,127,127,4,4,32,32,143,143,172,192,41,57,57,101,16,50,50,50,68,68,94,107,107,107,107],"floor_reached":33,"language":"ENG","playtime":2066,"items_purged":[],"score":526,"play_id":"aabd4a5a-9a97-4499-b13b-5b60b9d8993b","local_time":"20210130230526","is_ascension_mode":true,"campfire_choices":[{"data":"animator:Bozes","floor":7.0,"key":"SMITH"},{"data":"animator:Aqua","floor":11.0,"key":"SMITH"},{"floor":13.0,"key":"REST"},{"data":"animator:ItamiYouji","floor":15.0,"key":"SMITH"},{"floor":27.0,"key":"REST"},{"data":"animator:Demiurge","floor":29.0,"key":"SMITH"},{"data":"animator:Wiz","floor":32.0,"key":"SMITH"}],"circlet_count":0,"master_deck":["AscendersBane","animator:Defend_Konosuba","animator:Defend+1","animator:Defend","animator:Defend","animator:Kazuma+1","animator:Aqua+1","animator:DolaRiku","animator:Fredrika","animator:Bozes+1","animator:Benimaru","animator:YunYun","animator:Viivi","animator:Rimuru","animator:ItamiYouji+1","animator:Yoichi","animator:PandorasActor","animator:Wiz+1","animator:Nanami","animator:Fredrika","animator:ChaikaBohdan+1","Bite","Bite","Bite","Bite","Bite","animator:Mitsurugi","animator:PandorasActor","animator:Demiurge+1","animator:Mitsuba"],"relics":["animator:LivingPicture","animator:TheMissingPiece","animator:PurgingStone","NeowsBlessing","Ginger","War Paint","Mercury Hourglass","reliquary:HotPoker","animator:HolyGrailRelic","Membership Card","Regal Pillow","Boot","reliquary:IridiumChain","White Beast Statue","Gremlin Horn"],"acts_visited":["Exordium","TheCity"],"potions_floor_usage":[33,33],"damage_taken":[{"damage":0.0,"enemies":"Cultist","floor":1.0,"turns":1.0},{"damage":0.0,"enemies":"Jaw Worm","floor":3.0,"turns":1.0},{"damage":0.0,"enemies":"Small Slimes","floor":4.0,"turns":1.0},{"damage":0.0,"enemies":"3 Louse","floor":5.0,"turns":5.0},{"damage":32.0,"enemies":"Gremlin Nob","floor":6.0,"turns":5.0},{"damage":18.0,"enemies":"Lagavulin","floor":8.0,"turns":4.0},{"damage":6.0,"enemies":"Gremlin Nob","floor":14.0,"turns":3.0},{"damage":23.0,"enemies":"The Guardian","floor":16.0,"turns":8.0},{"damage":27.0,"enemies":"Shell Parasite","floor":18.0,"turns":4.0},{"damage":0.0,"enemies":"3 Byrds","floor":19.0,"turns":4.0},{"damage":29.0,"enemies":"Sentry and Sphere","floor":21.0,"turns":5.0},{"damage":7.0,"enemies":"HollowMod:Nosk","floor":23.0,"turns":9.0},{"damage":32.0,"enemies":"Slavers","floor":25.0,"turns":5.0},{"damage":5.0,"enemies":"Centurion and Healer","floor":28.0,"turns":6.0},{"damage":30.0,"enemies":"Book of Stabbing","floor":30.0,"turns":6.0},{"damage":0.0,"enemies":"Chosen and Byrds","floor":31.0,"turns":4.0},{"damage":49,"enemies":"Champ","floor":33,"turns":7}],"seed_played":"-3377211992495699206","potions_obtained":[{"floor":1.0,"key":"EssenceOfSteel"},{"floor":3.0,"key":"Elixir"},{"floor":6.0,"key":"BlessingOfTheForge"},{"floor":25.0,"key":"AttackPotion"},{"floor":28.0,"key":"Ancient Potion"},{"floor":30.0,"key":"Strength Potion"},{"floor":31.0,"key":"SpeedPotion"}],"is_trial":false,"path_per_floor":["M","$","M","M","M","E","R","E","T","?","R","$","R","E","R","B",null,"M","M","$","M","?","E","?","E","T","R","M","R","E","M","R","B"],"character_chosen":"THE_ANIMATOR","items_purchased":["animator:Fredrika","animator:ItamiYouji","animator:Yoichi","Membership Card"],"campfire_rested":2,"item_purchase_floors":[2,12,12,20],"current_hp_per_floor":[59,59,59,59,61,31,31,17,17,33,33,33,53,50,50,31,67,45,50,50,24,24,34,34,14,14,43,49,49,21,32,32,0,0],"gold":107,"neow_bonus":"THREE_ENEMY_KILL","is_daily":false,"chose_seed":false,"campfire_upgraded":5,"win_rate":0.0,"timestamp":1612044326,"path_taken":["M","$","M","?","M","E","R","E","T","?","R","$","R","E","R","BOSS","M","M","$","M","?","E","?","E","T","R","M","R","E","M","R","BOSS"],"items_purchased_type":["Card","Card","Card","Relic"],"build_version":"2020-12-22","purchased_purges":0,"victory":false,"max_hp_per_floor":[66,66,66,66,66,66,66,67,67,67,67,67,67,67,67,68,76,78,80,80,77,53,50,50,47,47,47,49,49,46,48,48,45,45],"card_choices":[{"not_picked":["animator:Cocytus","animator:Kuribayashi"],"picked":"animator:DolaRiku","floor":1.0},{"not_picked":["animator:Shion","animator:ChlammyZell"],"picked":"animator:Bozes","floor":3.0},{"not_picked":["animator:EmiyaShirou","animator:Shuna"],"picked":"animator:Benimaru","floor":4.0},{"not_picked":["animator:Verdia","animator:Aqua"],"picked":"animator:YunYun","floor":5.0},{"not_picked":["animator:Yoichi","animator:Bozes"],"picked":"animator:Viivi","floor":6.0},{"not_picked":["animator:Demiurge","animator:Rider"],"picked":"animator:Rimuru","floor":8.0},{"not_picked":["animator:Shinoa","animator:DolaRiku"],"picked":"animator:PandorasActor","floor":14.0},{"not_picked":["animator:Gilgamesh","animator:ChaikaTrabant"],"picked":"animator:Wiz","floor":16.0},{"not_picked":["animator:Togame","animator:TsurugaMeisai"],"picked":"animator:Nanami","floor":18.0},{"not_picked":["animator:Shuna","animator:Tyuule"],"picked":"animator:Fredrika","floor":19.0},{"not_picked":["animator:EmiyaShirou+1","animator:AcuraAkari"],"picked":"animator:ChaikaBohdan+1","floor":21.0},{"not_picked":["animator:RoryMercury","animator:UneriGinkaku"],"picked":"animator:Mitsurugi","floor":23.0},{"not_picked":["animator:Evileye","animator:Cocytus"],"picked":"animator:PandorasActor","floor":25.0},{"not_picked":["animator:HiiragiShinya","animator:Azekura"],"picked":"animator:Demiurge","floor":28.0},{"not_picked":["animator:Wiz","animator:Hakurou","animator:Yoichi"],"picked":"SKIP","floor":30.0},{"not_picked":["animator:Jibril","animator:Alexander"],"picked":"animator:Mitsuba","floor":31.0}],"player_experience":1231912,"relics_obtained":[{"floor":6.0,"key":"Ginger"},{"floor":8.0,"key":"War Paint"},{"floor":9.0,"key":"Mercury Hourglass"},{"floor":14.0,"key":"reliquary:HotPoker"},{"floor":23.0,"key":"Regal Pillow"},{"floor":25.0,"key":"reliquary:IridiumChain"},{"floor":26.0,"key":"White Beast Statue"},{"floor":30.0,"key":"Gremlin Horn"}],"event_choices":[{"damage_healed":16.0,"max_hp_gain":0.0,"max_hp_loss":0.0,"gold_gain":0.0,"event_name":"The Cleric","player_choice":"Healed","floor":10.0,"gold_loss":35.0,"damage_taken":0.0},{"damage_healed":0.0,"max_hp_gain":0.0,"max_hp_loss":24.0,"gold_gain":0.0,"event_name":"Vampires","player_choice":"Became a vampire","floor":22.0,"gold_loss":0.0,"damage_taken":0.0,"cards_obtained":["Bite","Bite","Bite","Bite","Bite"]},{"damage_healed":0.0,"max_hp_gain":0.0,"max_hp_loss":0.0,"gold_gain":0.0,"event_name":"Addict","player_choice":"Obtained Relic","floor":24.0,"gold_loss":85.0,"damage_taken":0.0,"relics_obtained":["Boot"]}],"is_beta":false,"boss_relics":[{"not_picked":["reliquary:WritOfMandamus","Velvet Choker"],"picked":"animator:HolyGrailRelic"}],"items_purged_floors":[],"is_endless":false,"potions_floor_spawned":[1,3,4,6,25,28,30,31],"killed_by":"Champ","ascension_level":11}}