{"host":"fiyb7gvx7tok3jeh","time":1612022123,"event":{"mods":["BaseMod","Colored Map","Colored Powertips","DeckTracker","Googly Eyes","Highlight Path","Minty Spire (QoL Compilation)"],"gold_per_floor":[119,119,144,68,68,68,104,124,149,99,24,42,42,55,55,181,181,199,124,24,42,55,55,55,55,82,82,93,120,120,120,120,225,225,241,116,0,0,18,18,51,5,5,16,16,48,58,58,58,58],"floor_reached":51,"language":"ENG","playtime":2415,"items_purged":["Defend_P","Defend_P","Adaptation"],"score":970,"play_id":"f4d7c461-3bc7-471f-bbe5-41d78b5d5c49","local_time":"20210130175523","is_ascension_mode":true,"campfire_choices":[{"data":"Eruption","floor":6,"key":"SMITH"},{"data":"Evaluate","floor":13,"key":"SMITH"},{"data":"Evaluate","floor":15,"key":"SMITH"},{"floor":23,"key":"REST"},{"floor":25,"key":"REST"},{"floor":30,"key":"REST"},{"data":"PathToVictory","floor":32,"key":"SMITH"},{"floor":40,"key":"RECALL"},{"data":"PathToVictory","floor":49,"key":"SMITH"}],"circlet_count":0,"master_deck":["Strike_P+1","Strike_P+1","Eruption+1","Vigilance+1","Evaluate+1","Evaluate+1","LessonLearned","Evaluate","Sanctity+1","SpiritShield+1","PathToVictory+1","PathToVictory+1","PathToVictory+1","Protect+1","ClearTheMind+1","Vault","WreathOfFlame+1","PathToVictory+1","PathToVictory+1"],"relics":["PureWater","NeowsBlessing","Bloody Idol","Ancient Tea Set","Omamori","Philosopher\u0027s Stone","Centennial Puzzle","Damaru","Mango","SlaversCollar","Red Mask","Ornamental Fan","InkBottle","Happy Flower"],"acts_visited":["Exordium","TheCity","TheBeyond"],"potions_floor_usage":[16,18,21,29,29,39],"damage_taken":[{"damage":0,"enemies":"Jaw Worm","floor":1,"turns":1},{"damage":0,"enemies":"2 Louse","floor":3,"turns":1},{"damage":0,"enemies":"Lagavulin","floor":7,"turns":1},{"damage":0,"enemies":"Small Slimes","floor":8,"turns":5},{"damage":0,"enemies":"Blue Slaver","floor":12,"turns":4},{"damage":0,"enemies":"Looter","floor":14,"turns":4},{"damage":14,"enemies":"Hexaghost","floor":16,"turns":14},{"damage":30,"enemies":"3 Byrds","floor":18,"turns":8},{"damage":6,"enemies":"2 Thieves","floor":21,"turns":4},{"damage":29,"enemies":"Chosen and Byrds","floor":22,"turns":8},{"damage":7,"enemies":"Snecko","floor":28,"turns":3},{"damage":44,"enemies":"Slavers","floor":29,"turns":10},{"damage":40,"enemies":"Automaton","floor":33,"turns":11},{"damage":31,"enemies":"Orb Walker","floor":35,"turns":5},{"damage":2,"enemies":"3 Darklings","floor":39,"turns":6},{"damage":74,"enemies":"Reptomancer","floor":41,"turns":10},{"damage":4,"enemies":"Maw","floor":44,"turns":6},{"damage":0,"enemies":"Nemesis","floor":46,"turns":4},{"damage":2,"enemies":"Sphere and 2 Shapes","floor":47,"turns":4},{"damage":16,"enemies":"Time Eater","floor":50,"turns":5}],"seed_played":"4126743882747247034","potions_obtained":[{"floor":1,"key":"SpeedPotion"},{"floor":7,"key":"AttackPotion"},{"floor":14,"key":"AttackPotion"},{"floor":18,"key":"FairyPotion"},{"floor":21,"key":"PowerPotion"},{"floor":28,"key":"PowerPotion"},{"floor":35,"key":"GamblersBrew"},{"floor":44,"key":"SkillPotion"},{"floor":47,"key":"Explosive Potion"}],"is_trial":false,"path_per_floor":["M","?","M","$","?","R","E","M","T","?","$","M","R","M","R","B",null,"M","?","$","M","M","R","?","R","T","T","M","E","R","?","R","B",null,"M","$","?","?","M","R","E","$","T","M","?","E","M","?","R","B",null],"character_chosen":"WATCHER","items_purchased":["LessonLearned","PathToVictory"],"campfire_rested":3,"item_purchase_floors":[4,42],"current_hp_per_floor":[72,54,54,54,40,40,40,40,40,40,40,40,40,40,40,26,72,42,42,42,36,7,28,28,49,54,54,52,27,52,52,52,17,86,60,60,60,60,63,63,30,30,30,31,31,36,39,75,75,59],"gold":58,"neow_bonus":"THREE_ENEMY_KILL","is_daily":false,"chose_seed":false,"campfire_upgraded":5,"win_rate":0.0,"timestamp":1612022123,"path_taken":["M","?","M","$","?","R","E","M","T","?","?","M","R","M","R","BOSS","M","?","$","M","M","R","?","R","T","?","M","E","R","?","R","BOSS","M","$","?","?","?","R","E","?","T","M","?","E","M","?","R","BOSS"],"items_purchased_type":["Card","Card"],"build_version":"2020-12-22","purchased_purges":3,"victory":true,"max_hp_per_floor":[72,72,72,72,72,72,72,72,72,72,72,72,72,72,72,72,72,72,72,72,72,72,72,72,72,72,72,72,86,86,86,86,86,86,86,86,86,86,86,86,86,86,86,86,86,86,86,75,75,75],"card_choices":[{"not_picked":["FlyingSleeves","Prostrate"],"picked":"Evaluate","floor":1},{"not_picked":["SashWhip","EmptyBody"],"picked":"Evaluate","floor":3},{"not_picked":["JustLucky","CrushJoints"],"picked":"ClearTheMind","floor":7},{"not_picked":["EmptyFist","Nirvana"],"picked":"Evaluate","floor":8},{"not_picked":["ReachHeaven","Wallop","Nirvana"],"picked":"SKIP","floor":12},{"not_picked":["Consecrate","CutThroughFate"],"picked":"Sanctity","floor":14},{"not_picked":["DevaForm","Devotion"],"picked":"SpiritShield","floor":16},{"not_picked":["FollowUp","EmptyBody"],"picked":"PathToVictory","floor":18},{"not_picked":["WheelKick+1","Halt"],"picked":"PathToVictory","floor":21},{"not_picked":["BowlingBash","EmptyFist"],"picked":"PathToVictory+1","floor":22},{"not_picked":["FlyingSleeves","ClearTheMind"],"picked":"Protect+1","floor":28},{"not_picked":["Consecrate","ReachHeaven","FollowUp"],"picked":"SKIP","floor":29},{"not_picked":["Omniscience","Blasphemy"],"picked":"Vault","floor":33},{"not_picked":["CutThroughFate+1","DeceiveReality","SandsOfTime"],"picked":"SKIP","floor":35},{"not_picked":["Protect","Worship+1","LikeWater"],"picked":"SKIP","floor":39},{"not_picked":["SashWhip+1","Halt","Wallop"],"picked":"SKIP","floor":41},{"not_picked":["BowlingBash+1","SandsOfTime","ReachHeaven+1"],"picked":"SKIP","floor":44},{"not_picked":["Tantrum","Wireheading"],"picked":"PathToVictory","floor":46},{"not_picked":["EmptyBody+1","FlyingSleeves","Blasphemy"],"picked":"SKIP","floor":47}],"player_experience":283448,"relics_obtained":[{"floor":7,"key":"Ancient Tea Set"},{"floor":9,"key":"Omamori"},{"floor":26,"key":"Centennial Puzzle"},{"floor":27,"key":"Damaru"},{"floor":29,"key":"Mango"},{"floor":41,"key":"Ornamental Fan"},{"floor":43,"key":"InkBottle"},{"floor":46,"key":"Happy Flower"}],"event_choices":[{"damage_healed":0,"gold_gain":0,"player_choice":"Take Damage","damage_taken":18,"relics_obtained":["Golden Idol"],"max_hp_gain":0,"max_hp_loss":0,"event_name":"Golden Idol","floor":2,"gold_loss":0},{"damage_healed":0,"gold_gain":0,"player_choice":"Entered Light","damage_taken":14,"max_hp_gain":0,"max_hp_loss":0,"event_name":"Shining Light","floor":5,"gold_loss":0,"cards_upgraded":["Strike_P","Vigilance"]},{"cards_removed":["Defend_P"],"damage_healed":0,"gold_gain":0,"player_choice":"Card Removal","damage_taken":0,"max_hp_gain":0,"max_hp_loss":0,"event_name":"The Cleric","floor":10,"gold_loss":50},{"cards_removed":["Defend_P"],"damage_healed":0,"gold_gain":0,"player_choice":"Gave Gold","damage_taken":0,"max_hp_gain":0,"max_hp_loss":0,"event_name":"Beggar","floor":19,"gold_loss":75},{"damage_healed":0,"gold_gain":0,"player_choice":"Gave Idol","damage_taken":0,"relics_obtained":["Bloody Idol"],"max_hp_gain":0,"max_hp_loss":0,"event_name":"Forgotten Altar","floor":24,"relics_lost":["Golden Idol"],"gold_loss":0},{"damage_healed":0,"gold_gain":0,"cards_transformed":["Strike_P","Strike_P"],"player_choice":"Became Test Subject","damage_taken":0,"max_hp_gain":0,"max_hp_loss":0,"event_name":"Drug Dealer","floor":31,"gold_loss":0,"cards_obtained":["ClearTheMind","Adaptation"]},{"damage_healed":0,"gold_gain":0,"player_choice":"Paid","damage_taken":0,"relics_obtained":["Red Mask"],"max_hp_gain":0,"max_hp_loss":0,"event_name":"Tomb of Lord Red Mask","floor":37,"gold_loss":116},{"damage_healed":0,"gold_gain":0,"cards_transformed":["ClearTheMind"],"player_choice":"Transformed","damage_taken":0,"max_hp_gain":0,"max_hp_loss":0,"event_name":"Transmorgrifier","floor":38,"gold_loss":0,"cards_obtained":["WreathOfFlame"]},{"damage_healed":0,"gold_gain":0,"player_choice":"Memory 1","damage_taken":0,"max_hp_gain":0,"max_hp_loss":0,"event_name":"SensoryStone","floor":45,"gold_loss":0},{"damage_healed":75,"gold_gain":0,"player_choice":"Heal","damage_taken":0,"max_hp_gain":0,"max_hp_loss":11,"event_name":"The Moai Head","floor":48,"gold_loss":0}],"is_beta":false,"boss_relics":[{"not_picked":["Astrolabe","VioletLotus"],"picked":"Philosopher\u0027s Stone"},{"not_picked":["SacredBark","Black Star"],"picked":"SlaversCollar"}],"items_purged_floors":[11,20,36],"is_endless":false,"potions_floor_spawned":[1,7,14,18,21,28,35,44,47],"ascension_level":4}}