{"host":"iphsb0ccnjx0pfn6","time":1612032666,"event":{"mods":["2.2 Compatiblity","AchievementEnabler","BaseMod","Colored Map","DeckTracker","Keyboard Shortcuts","Minty Spire (QoL Compilation)","Permanent Neow","Quick Restart","Relic Stats","StSLib","SuperFastMode","Uncapped","everything is the same but u backflip on backflip"],"gold_per_floor":[112,112,122,135,135,135,170,95,95,110,142,158,158,5,5,82,82,93,106,106,124,124,124,124],"floor_reached":23,"language":"KOR","playtime":536,"items_purged":["Strike_P","Defend_P"],"score":452,"play_id":"0051564a-7b8b-4754-932a-5f9d006abcc8","local_time":"20210131035106","is_ascension_mode":true,"campfire_choices":[{"data":"Eruption","floor":6.0,"key":"SMITH"},{"data":"MentalFortress","floor":13,"key":"SMITH"},{"floor":15,"key":"REST"}],"circlet_count":0,"master_deck":["AscendersBane","Strike_P","Defend_P","Defend_P","Eruption+1","Vigilance","JustLucky","CrushJoints","Protect","Tantrum","MentalFortress+1","Halt","Scrawl"],"relics":["HolyWater","NlothsMask","StrikeDummy","Bag of Marbles"],"acts_visited":["Exordium","TheCity"],"potions_floor_usage":[23],"damage_taken":[{"damage":0.0,"enemies":"2 Louse","floor":1.0,"turns":3.0},{"damage":0.0,"enemies":"Cultist","floor":3.0,"turns":3.0},{"damage":0.0,"enemies":"Small Slimes","floor":4.0,"turns":2.0},{"damage":47.0,"enemies":"Lagavulin","floor":7.0,"turns":6.0},{"damage":0.0,"enemies":"Looter","floor":10.0,"turns":1.0},{"damage":0.0,"enemies":"Gremlin Nob","floor":11.0,"turns":3.0},{"damage":0,"enemies":"2 Fungi Beasts","floor":12,"turns":3},{"damage":12,"enemies":"The Guardian","floor":16,"turns":11},{"damage":5,"enemies":"2 Thieves","floor":18,"turns":3},{"damage":0,"enemies":"Spheric Guardian","floor":19,"turns":3},{"damage":12,"enemies":"3 Cultists","floor":21,"turns":5},{"damage":44,"enemies":"Slavers","floor":23,"turns":3}],"seed_played":"-4639823668172206137","potions_obtained":[{"floor":1.0,"key":"Block Potion"},{"floor":10.0,"key":"Strength Potion"},{"floor":11.0,"key":"Ambrosia"}],"is_trial":false,"path_per_floor":["M","?","M","M","?","R","E","$","T","M","E","M","R","$","R","B",null,"M","M","?","M","$","E"],"character_chosen":"WATCHER","items_purchased":["Halt"],"campfire_rested":1,"item_purchase_floors":[14],"current_hp_per_floor":[61,61,61,61,61,61,14,14,14,14,14,14,14,14,32,20,52,47,47,47,35,35,0,0],"gold":124,"neow_bonus":"REMOVE_TWO","is_daily":false,"chose_seed":false,"campfire_upgraded":2,"win_rate":0.0,"timestamp":1612032666,"path_taken":["M","?","M","?","?","R","E","$","T","M","E","M","R","?","R","BOSS","M","M","?","?","$","E"],"items_purchased_type":["Card"],"build_version":"2020-12-22","purchased_purges":2,"victory":false,"max_hp_per_floor":[62,62,62,62,62,62,62,62,62,62,62,62,62,62,62,62,62,62,62,62,62,62,62,62],"relic_stats":{"counters":[12,46],"obtain_stats":[{"HolyWater":17,"Bag of Marbles":11,"PureWater":0,"StrikeDummy":7,"NlothsMask":5},{"HolyWater":8,"Bag of Marbles":6,"PureWater":0,"StrikeDummy":4,"NlothsMask":3},{"HolyWater":32,"Bag of Marbles":18,"PureWater":0,"StrikeDummy":14,"NlothsMask":8}]},"card_choices":[{"not_picked":["DeceiveReality","JustLucky","Halt"],"picked":"SKIP","floor":1.0},{"not_picked":["DeceiveReality","Halt"],"picked":"JustLucky","floor":1.0},{"not_picked":["Prostrate","BowlingBash"],"picked":"CrushJoints","floor":3.0},{"not_picked":["ReachHeaven","BowlingBash"],"picked":"Protect","floor":4.0},{"not_picked":["Nirvana","FlurryOfBlows"],"picked":"Tantrum","floor":7.0},{"not_picked":["Halt","Swivel"],"picked":"MentalFortress","floor":10.0},{"not_picked":["Consecrate","SignatureMove","MentalFortress"],"picked":"SKIP","floor":11.0},{"not_picked":["Consecrate","SignatureMove","MentalFortress"],"picked":"SKIP","floor":11.0},{"not_picked":["ReachHeaven","Protect","EmptyFist"],"picked":"SKIP","floor":12},{"not_picked":["Alpha","LessonLearned"],"picked":"Scrawl","floor":16},{"not_picked":["Evaluate","Crescendo","Perseverance"],"picked":"SKIP","floor":18},{"not_picked":["Wireheading","Crescendo","CrushJoints"],"picked":"SKIP","floor":19},{"not_picked":["FlurryOfBlows","EmptyBody","Prostrate+1"],"picked":"SKIP","floor":21}],"player_experience":1295426,"relics_obtained":[{"floor":7.0,"key":"StrikeDummy"},{"floor":11.0,"key":"Bag of Marbles"}],"event_choices":[{"damage_healed":0.0,"max_hp_gain":0.0,"max_hp_loss":0.0,"gold_gain":0.0,"event_name":"Match and Keep!","player_choice":"0 cards matched","floor":2.0,"gold_loss":0.0,"damage_taken":0.0,"cards_obtained":[]},{"damage_healed":0.0,"max_hp_gain":0.0,"max_hp_loss":0.0,"gold_gain":0.0,"event_name":"FaceTrader","player_choice":"Trade","floor":5.0,"gold_loss":0.0,"damage_taken":0.0,"relics_obtained":["NlothsMask"]},{"cards_removed":["Strike_P"],"damage_healed":0,"gold_gain":0,"player_choice":"Card Removal","damage_taken":0,"max_hp_gain":0,"max_hp_loss":0,"event_name":"Wheel of Change","floor":20,"gold_loss":0}],"is_beta":false,"boss_relics":[{"not_picked":["SlaversCollar","Snecko Eye"],"picked":"HolyWater"}],"items_purged_floors":[8,14],"is_endless":false,"potions_floor_spawned":[1,10,11,16,18,19],"killed_by":"Slavers","ascension_level":20}}