{"host":"ekyl8r8j8fco3zlk","time":1612026869,"event":{"mods":["ATMod(∞¢Ë™Mod)","Act Like it!","Arknights The Spire","BaseMod","CapriCore","Decade(Õı–°√˜)","Dota2Spire","Downfall","Friendly Minions","Gensokyo","Lobotomy","LobotomyExtend","Marisa£®ÏF”Í°°ƒß¿Ì…≥£©","Minty Spire (QoL Compilation)","READ ME - Guardian Mod","Rare Cards Sparkle","Reimu£®≤©¿ˆ¡È√Œ£©","StSLib","The Alterego","The Immortal","The Jungle","TheWitcher","Waifu the Spire","WarShipGirlsR/’ΩΩ¢…Ÿ≈ÆR mod","Yakumo Yukari mod","°æ“≈ŒÔø®≈∆°øREMEMod"],"gold_per_floor":[216,227,227,237,251,251,291,291,317,334,334,353,369,402,402,497,547,529,529,544,544,544,544,559,559,606,606,606,32,60,75,75,180,180,199,49,68,81,81,111,111,121,144,144,158,174,222,247,247,247,247],"floor_reached":52,"language":"ZHS","playtime":2030,"items_purged":[],"score":886,"play_id":"5b68afe1-786c-467d-a5fd-655dd33f7928","local_time":"20210131011429","is_ascension_mode":false,"campfire_choices":[{"data":"StarDustReverie","floor":8,"key":"SMITH"},{"data":"ats:Soul Absorption","floor":11,"key":"SMITH"},{"data":"ats:Serious Mode","floor":15,"key":"SMITH"},{"data":"ats:Magnetic Hammer","floor":23,"key":"SMITH"},{"data":"ats:Nebulous Foxfire","floor":28,"key":"SMITH"},{"floor":32,"key":"REST"},{"floor":41,"key":"REST"},{"floor":44,"key":"REST"},{"data":"ats:Flexible Camouflage","floor":49,"key":"SMITH"}],"circlet_count":0,"master_deck":["ats:Strike C","ats:Strike G","ats:Strike S","ats:Strike V","ats:Armor Crushing Shot","ats:Defend+1","ats:Defend","ats:Emotion Absorption","StarDustReverie+1","ats:Explosion Area Strengthen","ats:Serious Mode+1","ats:Shell Defense","ats:Flexible Camouflage+1","ats:Soul Absorption+1","ats:Magnetic Hammer+1","ats:Apocalypse","ats:Shadow Assault","ats:Nebulous Foxfire+1","ats:Guard Mode+1","ats:Healing Strengthening+1","ats:Absolute Focus+1","ats:Directed Diagnosis+1","ats:Healing Drone+1","ats:Sword Rain+1","ats:Cat Scratch+1","ats:Leaping Hammer+1"],"relics":["ats:Sanity","AT_ATBox","REME_ComplimentaryCards","LetterFromLob","RuthlessExorcism:ReiMu","ats:Originium","Dota2Spire:PowerTreads","Tiny House","White Beast Statue","Dota2Spire:MagicBottle","Dota2Spire:Dagon","ats:Bonebreaker","AT_BladeRuinedKing","Busted Crown","Guardian:PocketSentry","Anchor","Bird Faced Urn","Smiling Mask"],"acts_visited":["Exordium","TheCity","TheBeyond"],"potions_floor_usage":[7,7,14,24,24,31,33,47,47,50,50,50],"damage_taken":[{"damage":8,"enemies":"Small Slimes","floor":1,"turns":4},{"damage":0,"enemies":"Cultist","floor":2,"turns":3},{"damage":15,"enemies":"Jaw Worm","floor":4,"turns":5},{"damage":3,"enemies":"Blue Slaver","floor":5,"turns":3},{"damage":7,"enemies":"3 Louse","floor":7,"turns":4},{"damage":8,"enemies":"Red Slaver","floor":10,"turns":2},{"damage":0,"enemies":"Exordium Wildlife","floor":12,"turns":4},{"damage":0,"enemies":"3 Louse","floor":13,"turns":3},{"damage":25,"enemies":"Lagavulin","floor":14,"turns":7},{"damage":55,"enemies":"The Guardian","floor":16,"turns":13},{"damage":37,"enemies":"2 Thieves","floor":18,"turns":4},{"damage":10,"enemies":"Chosen","floor":20,"turns":3},{"damage":29,"enemies":"Snecko","floor":24,"turns":8},{"damage":34,"enemies":"Slavers","floor":30,"turns":3},{"damage":3,"enemies":"Snake Plant","floor":31,"turns":3},{"damage":49,"enemies":"Automaton","floor":33,"turns":6},{"damage":27,"enemies":"Orb Walker","floor":35,"turns":4},{"damage":7,"enemies":"3 Darklings","floor":37,"turns":3},{"damage":0,"enemies":"Spire Growth","floor":38,"turns":3},{"damage":64,"enemies":"Reptomancer","floor":40,"turns":5},{"damage":46,"enemies":"Sphere and 2 Shapes","floor":42,"turns":6},{"damage":0,"enemies":"Transient","floor":45,"turns":5},{"damage":0,"enemies":"3 Darklings","floor":46,"turns":2},{"damage":0,"enemies":"2 Orb Walkers","floor":47,"turns":3},{"damage":0,"enemies":"Nemesis","floor":48,"turns":5},{"damage":58,"enemies":"Time Eater","floor":50,"turns":9}],"seed_played":"-8123223250301965226","potions_obtained":[{"floor":1,"key":"ats:Top Emergency Sanity Potion"},{"floor":2,"key":"Swift Potion"},{"floor":5,"key":"REME_GoldPotion"},{"floor":12,"key":"BlessingOfTheForge"},{"floor":17,"key":"AttackPotion"},{"floor":18,"key":"SkillPotion"},{"floor":30,"key":"Block Potion"},{"floor":31,"key":"bronze:BurnAndBuffPotion"},{"floor":33,"key":"ColorlessPotion"},{"floor":35,"key":"bronze:BurnAndBuffPotion"},{"floor":37,"key":"ZuzhouPotion:ReiMu"},{"floor":38,"key":"FearPotion"},{"floor":42,"key":"Dota2Spire:Clarity"},{"floor":45,"key":"Block Potion"},{"floor":47,"key":"ats:Top Emergency Sanity Potion"},{"floor":48,"key":"Dota2Spire:Clarity"}],"is_trial":false,"path_per_floor":["M","M","?","M","M","E","M","R","T","M","R","M","M","E","R","B",null,"M","?","M","?","?","R","M","T","T","?","R","$","E","M","R","B",null,"M","$","M","M","?","E","R","M","T","R","M","M","?","E","R","B",null,null],"character_chosen":"DOCTOR_CLASS","items_purchased":["Dota2Spire:Dagon","ats:Bonebreaker"],"campfire_rested":3,"item_purchase_floors":[29,29],"current_hp_per_floor":[64,69,69,62,59,59,52,52,52,44,44,54,54,49,49,67,77,51,45,38,38,38,38,33,33,33,24,24,24,1,10,32,19,74,57,57,55,61,61,2,24,22,22,44,74,74,74,74,74,41,41],"gold":247,"neow_bonus":"HUNDRED_GOLD","is_daily":false,"chose_seed":false,"campfire_upgraded":6,"win_rate":0.0,"timestamp":1612026869,"path_taken":["M","M","?","?","M","E","M","R","T","M","R","M","M","E","R","BOSS","M","?","?","?","?","R","M","?","T","?","R","$","E","M","R","BOSS","M","$","M","M","?","E","R","M","T","R","?","M","?","E","R","BOSS"],"items_purchased_type":["Relic","Relic"],"build_version":"2020-12-22","purchased_purges":0,"victory":true,"max_hp_per_floor":[72,72,72,72,72,72,72,72,72,72,72,72,72,72,72,72,77,77,77,77,74,74,74,74,74,74,74,74,74,74,74,74,74,74,74,74,74,74,74,74,74,74,74,74,74,74,74,74,74,74,74],"card_choices":[{"not_picked":["ats:Support Order","ats:Beaten Up"],"picked":"ats:Explosion Area Strengthen","floor":1},{"not_picked":["ats:Flame Of Heaven","ats:Very Hot Blade"],"picked":"ats:Serious Mode","floor":2},{"not_picked":["ats:Chain Hook","ats:Spore Proliferation","ats:Shadow Raid"],"picked":"SKIP","floor":4},{"not_picked":["ats:Sunburst","ats:Hook Shot"],"picked":"ats:Shell Defense","floor":5},{"not_picked":["ats:Shell Defense","ats:Composite Medical Shells"],"picked":"ats:Flexible Camouflage","floor":7},{"not_picked":["ats:Flexible Camouflage","ats:Spore Proliferation"],"picked":"ats:Soul Absorption","floor":10},{"not_picked":["ats:Demon Strength","ats:Curse Doll"],"picked":"ats:Magnetic Hammer","floor":12},{"not_picked":["ats:Defend Order","ats:Charging Defense"],"picked":"ats:Apocalypse","floor":13},{"not_picked":["ats:Curse Doll","ats:Very Hot Blade"],"picked":"ats:Shadow Assault","floor":14},{"not_picked":["ats:Wolf Pack","ats:True Silver Slash"],"picked":"ats:Nebulous Foxfire","floor":16},{"not_picked":["ats:Cat Scratch","ats:Shell Defense","ats:Powerful Strike"],"picked":"SKIP","floor":18},{"not_picked":["ats:Flexible Camouflage","ats:Poison Spread+1"],"picked":"ats:Guard Mode+1","floor":20},{"not_picked":["ats:Apocalypse","ats:Guard Mode+1","ats:Steam Pump"],"picked":"SKIP","floor":24},{"not_picked":["ats:Very Hot Blade","ats:Defend Order","ats:Shell Defense"],"picked":"SKIP","floor":30},{"not_picked":["ats:Apocalypse","ats:Phantom"],"picked":"ats:Healing Strengthening","floor":31},{"not_picked":[],"picked":"ats:Absolute Focus+1","floor":35},{"not_picked":[],"picked":"ats:Directed Diagnosis+1","floor":37},{"not_picked":["ats:Shell Defense"],"picked":"SKIP","floor":38},{"not_picked":[],"picked":"ats:Healing Drone+1","floor":40},{"not_picked":[],"picked":"ats:Sword Rain+1","floor":42},{"not_picked":[],"picked":"ats:Cat Scratch+1","floor":45},{"not_picked":["ats:Flexible Camouflage+1"],"picked":"SKIP","floor":46},{"not_picked":[],"picked":"ats:Leaping Hammer+1","floor":47},{"not_picked":["ats:Serious Mode"],"picked":"SKIP","floor":48}],"player_experience":740249,"relics_obtained":[{"floor":1,"key":"LetterFromLob"},{"floor":9,"key":"RuthlessExorcism:ReiMu"},{"floor":14,"key":"ats:Originium"},{"floor":14,"key":"Dota2Spire:PowerTreads"},{"floor":25,"key":"White Beast Statue"},{"floor":26,"key":"Dota2Spire:MagicBottle"},{"floor":30,"key":"ats:Originium"},{"floor":30,"key":"AT_BladeRuinedKing"},{"floor":40,"key":"ats:Originium"},{"floor":40,"key":"Guardian:PocketSentry"},{"floor":43,"key":"Anchor"},{"floor":47,"key":"Bird Faced Urn"},{"floor":48,"key":"ats:Originium"},{"floor":48,"key":"Smiling Mask"}],"event_choices":[{"cards_removed":["ats:Defend"],"damage_healed":0,"gold_gain":0,"player_choice":"Purged","damage_taken":0,"max_hp_gain":0,"max_hp_loss":0,"event_name":"Purifier","floor":3,"gold_loss":0},{"damage_healed":0,"gold_gain":0,"player_choice":"","damage_taken":6,"max_hp_gain":0,"max_hp_loss":0,"event_name":"Knowing Skull","floor":19,"potions_obtained":[],"gold_loss":0,"cards_obtained":[]},{"damage_healed":0,"gold_gain":0,"player_choice":"Stopped","damage_taken":9,"max_hp_gain":0,"max_hp_loss":0,"event_name":"Cursed Tome","floor":27,"gold_loss":0},{"damage_healed":0,"gold_gain":0,"player_choice":"Upgraded","damage_taken":0,"max_hp_gain":0,"max_hp_loss":0,"event_name":"Upgrade Shrine","floor":39,"gold_loss":0,"cards_upgraded":["ats:Healing Strengthening"]},{"damage_healed":0,"gold_gain":0,"player_choice":"Fight","damage_taken":0,"max_hp_gain":0,"max_hp_loss":0,"event_name":"Mysterious Sphere","floor":47,"gold_loss":0}],"is_beta":false,"boss_relics":[{"not_picked":["Pandora\u0027s Box","Fusion Hammer"],"picked":"Tiny House"},{"not_picked":["bronze:MakeshiftBattery","Runic Dome"],"picked":"Busted Crown"}],"items_purged_floors":[],"is_endless":false,"potions_floor_spawned":[1,2,5,12,18,30,31,33,35,37,38,40,42,45,46,47,48],"ascension_level":0}}