{"host":"928gv66myv2vlnsd","time":1612039447,"event":{"mods":["BaseMod","Minty Spire (QoL Compilation)","StSLib"],"gold_per_floor":[111,36,36,53,63,98,61,61,140,140,167,167,177,188,188,265,265,277,296,296,313,12,12,26,56,81,6,6,6],"floor_reached":28,"language":"ENG","playtime":836,"items_purged":["Strike_G"],"score":459,"play_id":"ee570603-7711-4a4f-80ca-bb5fa0ae943d","local_time":"20210130154407","is_ascension_mode":true,"campfire_choices":[{"floor":8,"key":"REST"},{"data":"Noxious Fumes","floor":10,"key":"SMITH"},{"floor":15,"key":"REST"},{"data":"Tools of the Trade","floor":23,"key":"SMITH"}],"circlet_count":0,"master_deck":["AscendersBane","Strike_G+1","Strike_G+1","Defend_G+1","Defend_G+1","Defend_G+1","Defend_G+1","Defend_G+1","Survivor","Neutralize","Underhanded Strike","All Out Attack","Acrobatics","Noxious Fumes+1","Phantasmal Killer","Blade Dance","Eviscerate","Tools of the Trade+1","Bane","Deadly Poison","Reflex"],"relics":["Ring of the Snake","NeowsBlessing","Bronze Scales","Anchor","Mercury Hourglass","StrikeDummy","Coffee Dripper","Membership Card","Pear","Pantograph","Strawberry"],"acts_visited":["Exordium","TheCity"],"potions_floor_usage":[18,24],"damage_taken":[{"damage":0,"enemies":"Cultist","floor":1,"turns":1},{"damage":0,"enemies":"2 Louse","floor":4,"turns":1},{"damage":0,"enemies":"Small Slimes","floor":5,"turns":1},{"damage":43,"enemies":"Lagavulin","floor":6,"turns":8},{"damage":7,"enemies":"3 Sentries","floor":11,"turns":5},{"damage":0,"enemies":"3 Louse","floor":13,"turns":2},{"damage":0,"enemies":"2 Fungi Beasts","floor":14,"turns":2},{"damage":25,"enemies":"Hexaghost","floor":16,"turns":8},{"damage":0,"enemies":"Chosen","floor":18,"turns":3},{"damage":11,"enemies":"Shell Parasite","floor":19,"turns":3},{"damage":30,"enemies":"Chosen and Byrds","floor":21,"turns":5},{"damage":46,"enemies":"Cultist and Chosen","floor":24,"turns":6},{"damage":19,"enemies":"Book of Stabbing","floor":25,"turns":4},{"damage":22,"enemies":"Shelled Parasite and Fungi","floor":28,"turns":3}],"seed_played":"2988375138672219603","potions_obtained":[{"floor":5,"key":"FairyPotion"},{"floor":11,"key":"SneckoOil"},{"floor":14,"key":"Swift Potion"},{"floor":18,"key":"PowerPotion"},{"floor":24,"key":"Explosive Potion"}],"is_trial":false,"path_per_floor":["M","$","?","M","M","E","$","R","T","R","E","?","M","M","R","B",null,"M","M","?","M","$","R","M","E","T","?","M"],"character_chosen":"THE_SILENT","items_purchased":["Noxious Fumes","Membership Card","Pear"],"campfire_rested":2,"item_purchase_floors":[7,22,22],"current_hp_per_floor":[59,59,59,59,59,16,16,35,35,35,28,28,28,28,47,22,55,55,44,44,14,24,24,22,3,10,10,0,0],"gold":6,"neow_bonus":"THREE_ENEMY_KILL","is_daily":false,"chose_seed":false,"campfire_upgraded":2,"win_rate":0.0,"timestamp":1612039447,"path_taken":["M","?","?","?","M","E","?","R","T","R","E","?","?","M","R","BOSS","M","M","?","M","$","R","M","E","T","?","M"],"items_purchased_type":["Card","Relic","Relic"],"build_version":"2020-12-22","purchased_purges":1,"victory":false,"max_hp_per_floor":[66,66,66,66,66,66,66,66,66,66,66,66,66,66,66,66,66,66,66,66,66,76,76,76,76,83,83,83,83],"card_choices":[{"not_picked":["Outmaneuver","Bane"],"picked":"Blade Dance","floor":1},{"not_picked":["Slice","Outmaneuver"],"picked":"Underhanded Strike","floor":4},{"not_picked":["Choke","Finisher"],"picked":"All Out Attack","floor":5},{"not_picked":["Poisoned Stab","Catalyst"],"picked":"Acrobatics","floor":6},{"not_picked":["Outmaneuver","Bane"],"picked":"Phantasmal Killer","floor":11},{"not_picked":["Sucker Punch","Backflip"],"picked":"Blade Dance","floor":13},{"not_picked":["Dodge and Roll","Infinite Blades"],"picked":"Eviscerate","floor":14},{"not_picked":["After Image","A Thousand Cuts"],"picked":"Tools of the Trade","floor":16},{"not_picked":["Dagger Spray","Flechettes","Slice"],"picked":"SKIP","floor":18},{"not_picked":["Setup","Endless Agony"],"picked":"Bane","floor":19},{"not_picked":["Slice","Eviscerate"],"picked":"Deadly Poison","floor":21},{"not_picked":["Bullet Time","Bane","Distraction"],"picked":"SKIP","floor":24},{"not_picked":["Choke","Blade Dance"],"picked":"Reflex","floor":25}],"player_experience":1393855,"relics_obtained":[{"floor":6,"key":"Anchor"},{"floor":9,"key":"Mercury Hourglass"},{"floor":11,"key":"StrikeDummy"},{"floor":25,"key":"Pantograph"},{"floor":26,"key":"Strawberry"}],"event_choices":[{"cards_removed":["Blade Dance"],"damage_healed":0,"gold_gain":0,"player_choice":"Gave Card","damage_taken":0,"relics_obtained":["Bronze Scales"],"max_hp_gain":0,"max_hp_loss":0,"event_name":"WeMeetAgain","floor":3,"gold_loss":0},{"cards_removed":["Strike_G"],"damage_healed":0,"gold_gain":0,"player_choice":"Purged","damage_taken":0,"max_hp_gain":0,"max_hp_loss":0,"event_name":"Purifier","floor":12,"gold_loss":0},{"damage_healed":0,"gold_gain":0,"player_choice":"Simplicity","damage_taken":0,"max_hp_gain":0,"max_hp_loss":0,"event_name":"Back to Basics","floor":20,"gold_loss":0,"cards_upgraded":["Strike_G","Strike_G","Strike_G","Defend_G","Defend_G","Defend_G","Defend_G","Defend_G"]},{"cards_removed":["Strike_G"],"damage_healed":0,"gold_gain":0,"player_choice":"Gave Gold","damage_taken":0,"max_hp_gain":0,"max_hp_loss":0,"event_name":"Beggar","floor":27,"gold_loss":75}],"is_beta":false,"boss_relics":[{"not_picked":["Philosopher\u0027s Stone","Empty Cage"],"picked":"Coffee Dripper"}],"items_purged_floors":[2],"is_endless":false,"potions_floor_spawned":[5,11,14,18,24],"killed_by":"Shelled Parasite and Fungi","ascension_level":17}}