{"host":"6xsbn6ynqlzwllfm","time":1612000927,"event":{"mods":["2.2 Compatiblity","BaseMod","Bestiary","Colored Map","Colored Powertips","Curses Come First","Highlight Path","Keyboard Shortcuts","Minty Spire (QoL Compilation)","Relic Stats","Slay the Relics Exporter","StSLib","SuperFastMode"],"gold_per_floor":[118,136,154,171,182,212,212,246,326,345,410,410,410,459,459,531,531,574,574,574,621,32,103,154,154,202,202,252,322,347,404,404,486,486,559,291,344,344,421,421,447,447,471,539,174,0,84,114,114,114,114,114,114,114,114],"floor_reached":54,"language":"ENG","playtime":3064,"items_purged":["Strike_P","Strike_P+1","Strike_P+1"],"score":1595,"play_id":"af125eb6-3cf6-4422-b189-d69abc05aed8","local_time":"20210130050207","is_ascension_mode":true,"campfire_choices":[{"data":"LessonLearned","floor":7,"key":"SMITH"},{"data":"LikeWater","floor":12,"key":"SMITH"},{"data":"Prostrate","floor":15,"key":"SMITH"},{"floor":25,"key":"REST"},{"floor":32,"key":"REST"},{"floor":40,"key":"REST"},{"floor":42,"key":"REST"},{"floor":49,"key":"RECALL"},{"floor":52,"key":"REST"}],"circlet_count":0,"master_deck":["AscendersBane","Strike_P+1","Defend_P+1","Defend_P+1","Defend_P+1","Eruption+1","Vigilance+1","LessonLearned+1","TalkToTheHand+1","BowlingBash+1","FollowUp+1","Wish+1","LikeWater+1","Prostrate+1","Ragnarok+1","TalkToTheHand+1","Devotion+1","EmptyFist+1","BattleHymn+1","Pray+1","Wish+1","Scrawl+1","TalkToTheHand+1","LikeWater+1"],"relics":["PureWater","Damaru","White Beast Statue","StrikeDummy","Thread and Needle","SacredBark","MutagenicStrength","ClockworkSouvenir","Calipers","CeramicFish","Tiny Chest","Torii","Mercury Hourglass","VioletLotus","Sling","Gambling Chip","Oddly Smooth Stone","War Paint","CloakClasp","Lantern","Red Mask","Singing Bowl"],"acts_visited":["Exordium","TheCity","TheBeyond","TheEnding"],"potions_floor_usage":[6,6,11,14,16,21,23,29,31,31,33,37,41,47,50],"damage_taken":[{"damage":10,"enemies":"2 Louse","floor":1,"turns":4},{"damage":0,"enemies":"Cultist","floor":2,"turns":4},{"damage":2,"enemies":"Small Slimes","floor":3,"turns":4},{"damage":12,"enemies":"Exordium Wildlife","floor":4,"turns":4},{"damage":8,"enemies":"Blue Slaver","floor":5,"turns":6},{"damage":2,"enemies":"Gremlin Nob","floor":6,"turns":3},{"damage":12,"enemies":"3 Sentries","floor":8,"turns":9},{"damage":0,"enemies":"2 Fungi Beasts","floor":10,"turns":4},{"damage":1,"enemies":"Gremlin Nob","floor":11,"turns":3},{"damage":0,"enemies":"Exordium Wildlife","floor":14,"turns":6},{"damage":8,"enemies":"The Guardian","floor":16,"turns":10},{"damage":3,"enemies":"Chosen","floor":18,"turns":5},{"damage":0,"enemies":"3 Byrds","floor":21,"turns":5},{"damage":18,"enemies":"Slavers","floor":23,"turns":6},{"damage":18,"enemies":"Snake Plant","floor":24,"turns":5},{"damage":21,"enemies":"Snecko","floor":28,"turns":7},{"damage":2,"enemies":"Book of Stabbing","floor":29,"turns":4},{"damage":1,"enemies":"Centurion and Healer","floor":30,"turns":5},{"damage":0,"enemies":"Gremlin Leader","floor":31,"turns":5},{"damage":2,"enemies":"Champ","floor":33,"turns":7},{"damage":20,"enemies":"3 Darklings","floor":35,"turns":8},{"damage":25,"enemies":"2 Orb Walkers","floor":37,"turns":5},{"damage":0,"enemies":"3 Shapes","floor":39,"turns":6},{"damage":36,"enemies":"Reptomancer","floor":41,"turns":4},{"damage":1,"enemies":"Giant Head","floor":44,"turns":5},{"damage":28,"enemies":"3 Darklings","floor":47,"turns":12},{"damage":33,"enemies":"Reptomancer","floor":48,"turns":4},{"damage":1,"enemies":"Awakened One","floor":50,"turns":10},{"damage":88,"enemies":"Shield and Spear","floor":54,"turns":3}],"seed_played":"-4587068339457377234","potions_obtained":[{"floor":1,"key":"SteroidPotion"},{"floor":4,"key":"LiquidBronze"},{"floor":5,"key":"Explosive Potion"},{"floor":10,"key":"EssenceOfSteel"},{"floor":11,"key":"ColorlessPotion"},{"floor":14,"key":"SteroidPotion"},{"floor":16,"key":"SpeedPotion"},{"floor":18,"key":"DistilledChaos"},{"floor":21,"key":"Fire Potion"},{"floor":23,"key":"SmokeBomb"},{"floor":24,"key":"GamblersBrew"},{"floor":28,"key":"Energy Potion"},{"floor":29,"key":"PowerPotion"},{"floor":31,"key":"Regen Potion"},{"floor":33,"key":"DuplicationPotion"},{"floor":35,"key":"SpeedPotion"},{"floor":37,"key":"BottledMiracle"},{"floor":41,"key":"StancePotion"},{"floor":44,"key":"AttackPotion"},{"floor":47,"key":"BlessingOfTheForge"},{"floor":48,"key":"Block Potion"}],"is_trial":false,"path_per_floor":["M","M","M","M","M","E","R","E","T","M","E","R","?","M","R","B",null,"M","?","?","M","$","E","M","R","T","?","M","E","M","E","R","B",null,"M","$","?","T","M","R","E","R","T","E","$","?","M","E","R","B",null,"R","$","E"],"character_chosen":"WATCHER","items_purchased":["ClockworkSouvenir","Calipers","Sling","Lantern","Regen Potion"],"campfire_rested":5,"item_purchase_floors":[22,22,36,45,45],"current_hp_per_floor":[51,51,49,37,29,27,27,15,15,15,14,14,14,14,14,6,53,50,50,50,50,50,32,14,34,34,34,13,11,10,10,30,68,68,48,48,23,23,23,43,7,27,27,26,26,26,52,21,21,20,58,70,70,0,0],"gold":114,"neow_bonus":"ONE_RANDOM_RARE_CARD","is_daily":false,"chose_seed":false,"campfire_upgraded":3,"win_rate":0.0,"timestamp":1612000927,"path_taken":["M","M","M","M","M","E","R","E","T","M","E","R","?","?","R","BOSS","M","?","?","M","$","E","M","R","T","?","M","E","?","E","R","BOSS","M","$","?","?","M","R","E","R","T","E","$","?","M","E","R","BOSS","R","$","E"],"items_purchased_type":["Relic","Relic","Relic","Relic","Potion"],"build_version":"2020-12-22","purchased_purges":3,"victory":false,"max_hp_per_floor":[68,68,68,68,68,68,68,68,68,68,68,68,68,68,68,68,68,68,68,68,68,68,68,68,68,68,68,68,68,68,68,68,68,68,68,68,68,68,68,68,68,68,68,68,68,68,68,70,70,70,70,70,70,70,70],"relic_stats":{"Torii":17,"Singing Bowl":2,"counters":[29,163],"CeramicFish":72,"Gambling Chip":[17],"Tiny Chest":1,"VioletLotus":[15],"CloakClasp":[94],"War Paint":[],"obtain_stats":[{"Lantern":45,"Calipers":22,"Torii":29,"Singing Bowl":48,"SacredBark":17,"CeramicFish":23,"Damaru":6,"Oddly Smooth Stone":41,"Thread and Needle":11,"CloakClasp":44,"War Paint":43,"Sling":36,"White Beast Statue":8,"ClockworkSouvenir":22,"Mercury Hourglass":31,"MutagenicStrength":19,"Gambling Chip":37,"Tiny Chest":26,"VioletLotus":34,"Red Mask":46,"PureWater":0,"StrikeDummy":9},{"Lantern":25,"Calipers":13,"Torii":17,"Singing Bowl":27,"SacredBark":11,"CeramicFish":14,"Damaru":6,"Oddly Smooth Stone":24,"Thread and Needle":9,"CloakClasp":25,"War Paint":24,"Sling":21,"White Beast Statue":7,"ClockworkSouvenir":13,"Mercury Hourglass":19,"MutagenicStrength":12,"Gambling Chip":22,"Tiny Chest":15,"VioletLotus":20,"Red Mask":25,"PureWater":0,"StrikeDummy":7},{"Lantern":134,"Calipers":67,"Torii":89,"Singing Bowl":150,"SacredBark":57,"CeramicFish":73,"Damaru":25,"Oddly Smooth Stone":129,"Thread and Needle":41,"CloakClasp":134,"War Paint":129,"Sling":114,"White Beast Statue":34,"ClockworkSouvenir":67,"Mercury Hourglass":99,"MutagenicStrength":62,"Gambling Chip":119,"Tiny Chest":78,"VioletLotus":106,"Red Mask":134,"PureWater":0,"StrikeDummy":34}],"Mercury Hourglass":[321]},"card_choices":[{"not_picked":["Perseverance","Vengeance"],"picked":"TalkToTheHand","floor":1},{"not_picked":["CutThroughFate","Study"],"picked":"BowlingBash","floor":2},{"not_picked":["BowlingBash","Nirvana"],"picked":"FollowUp","floor":6},{"not_picked":["Ragnarok","ForeignInfluence"],"picked":"Wish","floor":8},{"not_picked":["Study","PathToVictory"],"picked":"LikeWater","floor":10},{"not_picked":["MentalFortress","SashWhip"],"picked":"Prostrate","floor":11},{"not_picked":["Alpha","ConjureBlade"],"picked":"Ragnarok","floor":16},{"not_picked":["Evaluate","EmptyBody"],"picked":"TalkToTheHand","floor":18},{"not_picked":["Consecrate","Vengeance","ClearTheMind"],"picked":"SKIP","floor":21},{"not_picked":["FollowUp","CrushJoints"],"picked":"Devotion","floor":23},{"not_picked":["Evaluate","EmptyBody"],"picked":"EmptyFist+1","floor":24},{"not_picked":["WaveOfTheHand","BowlingBash"],"picked":"BattleHymn+1","floor":28},{"not_picked":["Study","CrushJoints"],"picked":"Pray","floor":29},{"not_picked":["CrushJoints","CutThroughFate+1"],"picked":"Wish","floor":30},{"not_picked":["Alpha","LessonLearned"],"picked":"Scrawl","floor":33},{"not_picked":["EmptyBody+1","JustLucky","CrushJoints"],"picked":"SKIP","floor":41},{"not_picked":["Brilliance","SashWhip"],"picked":"TalkToTheHand","floor":44},{"not_picked":["JustLucky","SashWhip"],"picked":"LikeWater","floor":47},{"not_picked":["Evaluate+1","EmptyFist+1","WheelKick+1"],"picked":"Singing Bowl","floor":48}],"player_experience":1265963,"relics_obtained":[{"floor":6,"key":"Damaru"},{"floor":8,"key":"White Beast Statue"},{"floor":9,"key":"StrikeDummy"},{"floor":11,"key":"Thread and Needle"},{"floor":23,"key":"CeramicFish"},{"floor":26,"key":"Tiny Chest"},{"floor":29,"key":"Torii"},{"floor":31,"key":"Mercury Hourglass"},{"floor":37,"key":"Gambling Chip"},{"floor":41,"key":"Oddly Smooth Stone"},{"floor":43,"key":"War Paint"},{"floor":44,"key":"CloakClasp"},{"floor":48,"key":"Singing Bowl"}],"event_choices":[{"cards_removed":["Defend_P"],"damage_healed":0,"gold_gain":0,"player_choice":"Purged","damage_taken":0,"max_hp_gain":0,"max_hp_loss":0,"event_name":"Purifier","floor":13,"gold_loss":0},{"damage_healed":0,"gold_gain":0,"player_choice":"Inject Mutagens","damage_taken":0,"relics_obtained":["MutagenicStrength"],"max_hp_gain":0,"max_hp_loss":0,"event_name":"Drug Dealer","floor":19,"gold_loss":0},{"damage_healed":0,"gold_gain":0,"player_choice":"Ignored","damage_taken":0,"max_hp_gain":0,"max_hp_loss":0,"event_name":"Ghosts","floor":20,"gold_loss":0},{"damage_healed":0,"gold_gain":0,"player_choice":"Ignored","damage_taken":0,"max_hp_gain":0,"max_hp_loss":0,"event_name":"The Mausoleum","floor":27,"gold_loss":0},{"damage_healed":0,"gold_gain":0,"player_choice":"Fight","damage_taken":0,"max_hp_gain":0,"max_hp_loss":0,"event_name":"Mysterious Sphere","floor":37,"gold_loss":0},{"damage_healed":0,"gold_gain":0,"player_choice":"Paid","damage_taken":0,"relics_obtained":["Red Mask"],"max_hp_gain":0,"max_hp_loss":0,"event_name":"Tomb of Lord Red Mask","floor":46,"gold_loss":174}],"is_beta":false,"boss_relics":[{"not_picked":["Coffee Dripper","HolyWater"],"picked":"SacredBark"},{"not_picked":["Tiny House","SlaversCollar"],"picked":"VioletLotus"}],"items_purged_floors":[22,36,45],"is_endless":false,"potions_floor_spawned":[1,4,5,10,11,14,16,18,21,23,24,28,29,30,31,33,35,37,39,41,44,47,48],"killed_by":"Shield and Spear","ascension_level":19}}