{"host":"ekyl8r8j8fco3zlk","time":1612024055,"event":{"mods":["ATMod(∞¢Ë™Mod)","Act Like it!","Arknights The Spire","BaseMod","CapriCore","Decade(Õı–°√˜)","Dota2Spire","Downfall","Friendly Minions","Gensokyo","Lobotomy","LobotomyExtend","Marisa£®ÏF”Í°°ƒß¿Ì…≥£©","Minty Spire (QoL Compilation)","READ ME - Guardian Mod","Rare Cards Sparkle","Reimu£®≤©¿ˆ¡È√Œ£©","StSLib","The Alterego","The Immortal","The Jungle","TheWitcher","Waifu the Spire","WarShipGirlsR/’ΩΩ¢…Ÿ≈ÆR mod","Yakumo Yukari mod","°æ“≈ŒÔø®≈∆°øREMEMod"],"gold_per_floor":[112,128,141,161,177,177,206,206,206,206,206,166,11,11,11,110,110,125,44,44,61,61,92,92,104,104,104,123,152,152,7,7,110,160,176,176,193,204,214,214,241,241,314,330,330,364,380,380,380,380,380],"floor_reached":50,"language":"ZHS","playtime":1775,"items_purged":["ats:Strike V"],"score":590,"play_id":"e56eff41-ba2c-4a7f-a7c0-4cba9d93d679","local_time":"20210131002735","is_ascension_mode":false,"campfire_choices":[{"data":"AT_DrawKnifeCut","floor":6,"key":"SMITH"},{"data":"ats:Part Time Job","floor":8,"key":"SMITH"},{"data":"ats:Volcano","floor":10,"key":"SMITH"},{"data":"ats:Explosion Area Strengthen","floor":15,"key":"SMITH"},{"data":"ats:Sashimi Platter","floor":24,"key":"SMITH"},{"data":"ats:Hammer On","floor":27,"key":"SMITH"},{"data":"ats:Encircling Forest","floor":32,"key":"SMITH"},{"data":"ats:Nebulous Foxfire","floor":40,"key":"SMITH"},{"data":"ats:Magnetic Hammer","floor":42,"key":"SMITH"},{"data":"ats:Burning Ground","floor":49,"key":"SMITH"}],"circlet_count":0,"master_deck":["ats:Strike C","ats:Strike G","ats:Strike S","ats:Armor Crushing Shot","ats:Defend","ats:Defend+1","ats:Defend","ats:Defend","ats:Emotion Absorption","REME_TheLastStrike","AT_DrawKnifeCut+1","ats:Burning Ground+1","ats:Very Hot Blade","ats:Explosion Area Strengthen+1","ats:Volcano+1","ats:Hammer On+1","ats:Part Time Job+1","ats:Roar Of Ursus+1","ats:Support Order","ats:Sashimi Platter+1","ats:Encircling Forest+1","ats:Steam Pump+1","ats:Ignite","ats:Blood Oath","ats:Magnetic Hammer+1","ats:Nebulous Foxfire+1","ats:Cat Scratch","ats:Spore Proliferation+1","ats:Assault Order+1","ats:Powerful Strike+1","ats:Curse Doll+1","ats:Demon Strength+1","ats:Flexible Camouflage+1","ats:Song Of Battle+1"],"relics":["ats:Sanity","AT_ATBox","REME_ComplimentaryCards","Bag of Marbles","LetterFromLob","ats:Originium","Dota2Spire:DivineRapier","Dota2Spire:ArcaneBoots","PaintedHorse:ReiMu","Dota2Spire:LotusOrb","bronze:MakeshiftBattery","Dota2Spire:EchoSabre","Pen Nib","AT_TimeSand","Tiny House","Shuriken","Gremlin Horn"],"acts_visited":["Exordium","TheCity","TheBeyond"],"potions_floor_usage":[7,18,23,29,41,41,50,50],"damage_taken":[{"damage":0,"enemies":"2 Louse","floor":1,"turns":1},{"damage":0,"enemies":"Small Slimes","floor":2,"turns":1},{"damage":0,"enemies":"Cultist","floor":3,"turns":3},{"damage":0,"enemies":"Looter","floor":4,"turns":3},{"damage":16,"enemies":"Red Slaver","floor":5,"turns":4},{"damage":14,"enemies":"Gremlin Nob","floor":7,"turns":3},{"damage":0,"enemies":"Slime Boss","floor":16,"turns":4},{"damage":0,"enemies":"Spheric Guardian","floor":18,"turns":2},{"damage":0,"enemies":"3 Byrds","floor":21,"turns":2},{"damage":39,"enemies":"Gremlin Leader","floor":23,"turns":3},{"damage":0,"enemies":"Cultist and Chosen","floor":25,"turns":1},{"damage":12,"enemies":"Snecko","floor":28,"turns":3},{"damage":14,"enemies":"Slavers","floor":29,"turns":3},{"damage":54,"enemies":"Collector","floor":33,"turns":6},{"damage":13,"enemies":"Orb Walker","floor":35,"turns":2},{"damage":19,"enemies":"3 Shapes","floor":37,"turns":2},{"damage":0,"enemies":"Transient","floor":38,"turns":5},{"damage":56,"enemies":"3 Darklings","floor":39,"turns":3},{"damage":18,"enemies":"Nemesis","floor":41,"turns":6},{"damage":48,"enemies":"Spire Growth","floor":44,"turns":3},{"damage":29,"enemies":"Reptomancer","floor":46,"turns":4},{"damage":20,"enemies":"Writhing Mass","floor":47,"turns":3},{"damage":102,"enemies":"Awakened One","floor":50,"turns":7}],"seed_played":"-7197327375184706704","potions_obtained":[{"floor":1,"key":"Dota2Spire:HealingSalve"},{"floor":3,"key":"ats:Top Emergency Sanity Potion"},{"floor":16,"key":"Swift Potion"},{"floor":18,"key":"Fire Potion"},{"floor":23,"key":"ats:Emergency Sanity Potion"},{"floor":34,"key":"LiquidBronze"},{"floor":35,"key":"Strength Potion"},{"floor":41,"key":"ats:Emergency Sanity Potion"}],"is_trial":false,"path_per_floor":["M","M","M","M","M","R","E","R","T","R","?","?","$","?","R","B",null,"M","$","M","M","?","E","R","M","T","R","M","E","?","$","R","B",null,"M","?","M","M","M","R","E","R","T","M","?","E","M","?","R","B"],"character_chosen":"DOCTOR_CLASS","items_purchased":["Dota2Spire:LotusOrb","ats:Sashimi Platter","ats:Magnetic Hammer"],"campfire_rested":0,"item_purchase_floors":[13,19,31],"current_hp_per_floor":[72,72,72,72,56,56,48,48,48,48,48,48,48,48,48,50,72,72,72,72,72,72,45,45,45,45,45,55,71,71,71,71,27,77,64,72,56,77,24,24,49,49,49,27,27,30,13,67,67,0,0],"gold":380,"neow_bonus":"RANDOM_COMMON_RELIC","is_daily":false,"chose_seed":false,"campfire_upgraded":10,"win_rate":0.0,"timestamp":1612024055,"path_taken":["M","M","M","M","M","R","E","R","T","R","?","?","$","?","R","BOSS","M","$","?","M","?","E","R","M","T","R","?","E","?","$","R","BOSS","M","?","M","M","M","R","E","R","T","M","?","E","?","?","R","BOSS"],"items_purchased_type":["Relic","Card","Card"],"build_version":"2020-12-22","purchased_purges":1,"victory":false,"max_hp_per_floor":[72,72,72,72,72,72,72,72,72,72,72,72,72,72,72,72,72,72,72,72,72,72,72,72,72,72,72,72,72,72,72,72,72,77,77,77,77,77,77,77,77,77,77,77,77,77,77,67,67,67,67],"card_choices":[{"not_picked":["ats:Very Hot Blade","ats:Automatic Cover"],"picked":"ats:Burning Ground","floor":1},{"not_picked":["ats:Blood Oath","ats:Apocalypse"],"picked":"ats:Very Hot Blade","floor":2},{"not_picked":["ats:Blood Oath","ats:Consecutive Shot Auto"],"picked":"ats:Explosion Area Strengthen","floor":3},{"not_picked":["ats:Part Time Job","ats:Hammer On"],"picked":"ats:Volcano","floor":4},{"not_picked":["ats:Very Hot Blade","ats:Powerful Strike"],"picked":"ats:Hammer On","floor":5},{"not_picked":["ats:Cat Scratch","ats:Steam Pump"],"picked":"ats:Part Time Job","floor":7},{"not_picked":["ats:Wolf Pack","ats:Ambush"],"picked":"ats:Roar Of Ursus","floor":16},{"not_picked":["ats:Hammer On+1","ats:Healing Drone"],"picked":"ats:Support Order","floor":18},{"not_picked":["ats:Thermite Blade","ats:Shell Defense"],"picked":"ats:Encircling Forest","floor":21},{"not_picked":["ats:Guard Mode","ats:Part Time Job"],"picked":"ats:Steam Pump","floor":23},{"not_picked":["ats:Chain Hook","ats:Curse Doll"],"picked":"ats:Ignite","floor":25},{"not_picked":["ats:Poison Spread+1","ats:True Silver Slash"],"picked":"ats:Blood Oath","floor":28},{"not_picked":["ats:Echo Reverb","ats:Roar Of Ursus","ats:Apocalypse"],"picked":"SKIP","floor":29},{"not_picked":["ats:Echo Reverb","ats:Shadow Assault"],"picked":"ats:Nebulous Foxfire","floor":33},{"not_picked":["ats:Explosion Area Strengthen","ats:Magnetic Hammer"],"picked":"ats:Cat Scratch","floor":34},{"not_picked":["ats:Poison Spread","ats:Magnetic Hammer+1"],"picked":"ats:Spore Proliferation+1","floor":35},{"not_picked":["ats:Cat Scratch+1","ats:Leaping Hammer"],"picked":"ats:Assault Order+1","floor":37},{"not_picked":["ats:Very Hot Blade+1","ats:Part Time Job"],"picked":"ats:Powerful Strike+1","floor":38},{"not_picked":["ats:Consecutive Shot Auto","ats:Leaping Hammer+1"],"picked":"ats:Curse Doll+1","floor":39},{"not_picked":["ats:Fractured Body","ats:Sunburst"],"picked":"ats:Demon Strength+1","floor":41},{"not_picked":["ats:Ignite+1","ats:Encircling Forest+1"],"picked":"ats:Flexible Camouflage+1","floor":44},{"not_picked":["ats:Curse Doll+1","ats:Cat Scratch+1","ats:Powerful Strike"],"picked":"SKIP","floor":46},{"not_picked":["ats:Encircling Forest","ats:Thorns"],"picked":"ats:Song Of Battle+1","floor":47}],"player_experience":737850,"relics_obtained":[{"floor":1,"key":"LetterFromLob"},{"floor":7,"key":"ats:Originium"},{"floor":7,"key":"Dota2Spire:DivineRapier"},{"floor":9,"key":"Dota2Spire:ArcaneBoots"},{"floor":23,"key":"ats:Originium"},{"floor":23,"key":"Dota2Spire:EchoSabre"},{"floor":26,"key":"Pen Nib"},{"floor":29,"key":"ats:Originium"},{"floor":29,"key":"AT_TimeSand"},{"floor":41,"key":"ats:Originium"},{"floor":41,"key":"Shuriken"},{"floor":46,"key":"Gremlin Horn"}],"event_choices":[{"damage_healed":0,"gold_gain":0,"player_choice":"»˚«Æ","damage_taken":0,"relics_obtained":["PaintedHorse:ReiMu"],"max_hp_gain":0,"max_hp_loss":0,"event_name":"yidonshenshe","floor":12,"gold_loss":40},{"damage_healed":0,"gold_gain":0,"player_choice":"0 cards matched","damage_taken":0,"max_hp_gain":0,"max_hp_loss":0,"event_name":"Match and Keep!","floor":14,"gold_loss":0,"cards_obtained":[]},{"damage_healed":0,"gold_gain":0,"player_choice":"Upgraded","damage_taken":0,"max_hp_gain":0,"max_hp_loss":0,"event_name":"Upgrade Shrine","floor":22,"gold_loss":0,"cards_upgraded":["ats:Roar Of Ursus"]},{"damage_healed":0,"gold_gain":0,"player_choice":"Ignored","damage_taken":0,"max_hp_gain":0,"max_hp_loss":0,"event_name":"Ghosts","floor":30,"gold_loss":0},{"damage_healed":0,"gold_gain":0,"player_choice":"Upgraded","damage_taken":0,"max_hp_gain":0,"max_hp_loss":0,"event_name":"Upgrade Shrine","floor":45,"gold_loss":0,"cards_upgraded":["ats:Steam Pump"]},{"damage_healed":67,"gold_gain":0,"player_choice":"Heal","damage_taken":0,"max_hp_gain":0,"max_hp_loss":10,"event_name":"The Moai Head","floor":48,"gold_loss":0}],"is_beta":false,"boss_relics":[{"not_picked":["RedLine:ReiMu","Runic Pyramid"],"picked":"bronze:MakeshiftBattery"},{"not_picked":["Snecko Eye","Calling Bell"],"picked":"Tiny House"}],"items_purged_floors":[31],"is_endless":false,"potions_floor_spawned":[1,3,16,18,23,35,37,39,41],"killed_by":"Awakened One","ascension_level":0}}