{"host":"5f8yr5jxnqok2jdo","time":1612009254,"event":{"mods":["AchievementEnabler","BaseMod","Bestiary","Better Altar","Better Match","Better Note","Better Skull","Better Third Choice","Block Reminder","Colored Map","Colored Powertips","Custom Start","DeckTracker","Defective Defect","Displayed Cursed Tome","Filter the Spire","Googly Eyes","Highlight Path","Key Reminder","Minty Spire (QoL Compilation)","Permanent Neow","Quick Restart","Random Character Button","Rare Cards Sparkle","Relic Sorter","Relic Stats","ShortenTheSpire","Spire Birthday Party","StSLib","Steal the Spire","Synergy Search","Uncapped","Unceasing Turn Reminder","Waifu the Spire","everything is the same but u backflip on backflip","slay the spire mod where everything is the same but ironclad has a cowboy hat"],"gold_per_floor":[118,118,133,133,145,145,145,70,70,104,130,130,165,179,179,284,284,303,303,47,65,65,65,97,97,97,97,97,117,134,160,160,255,255,275,288,126,126,126,154,154,184,209,238,250,21,32,88,88,88],"floor_reached":51,"language":"ENG","playtime":2255,"items_purged":["Defend_R","Pain","Strike_R"],"score":1186,"play_id":"72d8aacc-6b34-4145-a844-65b86e8cc1c3","local_time":"20210130132053","is_ascension_mode":true,"campfire_choices":[{"data":"Flame Barrier","floor":6,"key":"SMITH"},{"data":"True Grit","floor":12,"key":"SMITH"},{"data":"Shockwave","floor":15,"key":"SMITH"},{"data":"Feel No Pain","floor":23,"key":"SMITH"},{"data":"Whirlwind","floor":25,"key":"SMITH"},{"data":"Bash","floor":27,"key":"SMITH"},{"data":"Body Slam","floor":32,"key":"SMITH"},{"data":"Dark Embrace","floor":41,"key":"SMITH"},{"data":"Berserk","floor":49,"key":"SMITH"}],"circlet_count":0,"master_deck":["Strike_R+1","Defend_R","Bash+1","Offering","Flame Barrier+1","Iron Wave+1","Whirlwind+1","True Grit+1","Feel No Pain+1","Immolate","Shrug It Off+1","Body Slam+1","Evolve+1","Dark Embrace+1","Seeing Red+1","Reckless Charge","Berserk+1","Intimidate+1"],"relics":["Burning Blood","Nunchaku","Sundial","Boot","Odd Mushroom","SlaversCollar","WarpedTongs","Medical Kit","Lantern","Gremlin Horn","Kunai","Empty Cage","Happy Flower","Dream Catcher","CeramicFish","Mummified Hand","Turnip"],"acts_visited":["Exordium","TheCity","TheBeyond"],"potions_floor_usage":[31,50,50],"damage_taken":[{"damage":6,"enemies":"Small Slimes","floor":1,"turns":3},{"damage":6,"enemies":"Cultist","floor":3,"turns":2},{"damage":8,"enemies":"2 Louse","floor":5,"turns":3},{"damage":18,"enemies":"Lagavulin","floor":10,"turns":7},{"damage":6,"enemies":"The Mushroom Lair","floor":11,"turns":3},{"damage":7,"enemies":"3 Sentries","floor":13,"turns":7},{"damage":0,"enemies":"Blue Slaver","floor":14,"turns":5},{"damage":8,"enemies":"The Guardian","floor":16,"turns":15},{"damage":0,"enemies":"3 Byrds","floor":18,"turns":3},{"damage":12,"enemies":"Shell Parasite","floor":21,"turns":6},{"damage":29,"enemies":"Slavers","floor":24,"turns":3},{"damage":0,"enemies":"Snecko","floor":29,"turns":6},{"damage":6,"enemies":"Centurion and Healer","floor":30,"turns":4},{"damage":12,"enemies":"Gremlin Leader","floor":31,"turns":3},{"damage":11,"enemies":"Champ","floor":33,"turns":13},{"damage":1,"enemies":"3 Shapes","floor":35,"turns":5},{"damage":5,"enemies":"Orb Walker","floor":36,"turns":4},{"damage":6,"enemies":"Reptomancer","floor":40,"turns":3},{"damage":6,"enemies":"Giant Head","floor":42,"turns":6},{"damage":6,"enemies":"Reptomancer","floor":44,"turns":3},{"damage":6,"enemies":"Sphere and 2 Shapes","floor":45,"turns":3},{"damage":6,"enemies":"Transient","floor":47,"turns":5},{"damage":21,"enemies":"2 Orb Walkers","floor":48,"turns":2},{"damage":12,"enemies":"Time Eater","floor":50,"turns":9}],"seed_played":"8888396180368713078","potions_obtained":[{"floor":1,"key":"LiquidBronze"},{"floor":13,"key":"PowerPotion"},{"floor":16,"key":"Strength Potion"},{"floor":31,"key":"SmokeBomb"},{"floor":36,"key":"Energy Potion"}],"is_trial":false,"path_per_floor":["M","?","M","?","M","R","?","$","T","E","?","R","E","M","R","B",null,"M","?","$","M","$","R","E","R","T","R","?","M","M","E","R","B",null,"M","M","$","?","?","E","R","E","T","E","M","$","M","?","R","B",null],"character_chosen":"IRONCLAD","items_purchased":["Medical Kit","Reckless Charge","Berserk","FairyPotion"],"campfire_rested":0,"item_purchase_floors":[20,37,46,46],"current_hp_per_floor":[72,72,72,58,56,56,49,49,49,37,37,37,36,42,42,40,64,70,70,70,64,64,64,41,41,41,41,41,47,47,41,41,36,63,68,69,69,69,68,68,68,68,68,68,68,68,68,53,53,47],"gold":88,"neow_bonus":"THREE_RARE_CARDS","is_daily":false,"chose_seed":false,"campfire_upgraded":9,"win_rate":0.0,"timestamp":1612009253,"path_taken":["M","?","?","?","M","R","?","$","T","E","?","R","E","M","R","BOSS","M","?","?","M","$","R","E","R","T","R","?","?","M","E","R","BOSS","M","M","$","?","?","E","R","E","T","E","M","$","M","?","R","BOSS"],"items_purchased_type":["Relic","Card","Card","Potion"],"build_version":"2020-12-22","purchased_purges":3,"victory":true,"max_hp_per_floor":[72,72,72,72,72,72,72,72,72,72,72,72,72,72,72,72,72,72,72,72,72,72,72,72,72,72,72,72,72,72,72,72,72,72,72,72,72,72,68,68,68,68,68,68,68,68,68,68,68,68],"relic_stats":{"Gremlin Horn":[14,14],"Happy Flower":[9],"counters":[24,123],"CeramicFish":18,"Boot":[45],"Medical Kit":[35],"Burning Blood":144,"WarpedTongs":[53],"Nunchaku":[21],"Dream Catcher":0,"Sundial":[40],"Mummified Hand":[19],"Turnip":[0],"Kunai":[30],"obtain_stats":[{"Lantern":24,"Gremlin Horn":26,"Happy Flower":40,"CeramicFish":43,"Odd Mushroom":11,"Boot":10,"Medical Kit":20,"Empty Cage":34,"Burning Blood":0,"WarpedTongs":19,"SlaversCollar":17,"Nunchaku":13,"Dream Catcher":42,"Sundial":9,"Mummified Hand":44,"Turnip":48,"Kunai":31},{"Lantern":11,"Gremlin Horn":11,"Happy Flower":18,"CeramicFish":19,"Odd Mushroom":5,"Boot":4,"Medical Kit":9,"Empty Cage":15,"Burning Blood":0,"WarpedTongs":9,"SlaversCollar":8,"Nunchaku":6,"Dream Catcher":19,"Sundial":3,"Mummified Hand":20,"Turnip":23,"Kunai":14},{"Lantern":57,"Gremlin Horn":57,"Happy Flower":95,"CeramicFish":101,"Odd Mushroom":18,"Boot":15,"Medical Kit":48,"Empty Cage":83,"Burning Blood":0,"WarpedTongs":48,"SlaversCollar":45,"Nunchaku":25,"Dream Catcher":101,"Sundial":8,"Mummified Hand":104,"Turnip":114,"Kunai":70}]},"card_choices":[{"not_picked":["Berserk","Double Tap"],"picked":"Offering","floor":0},{"not_picked":["Wild Strike","Iron Wave"],"picked":"Flame Barrier","floor":1},{"not_picked":["Dual Wield","Anger"],"picked":"Iron Wave","floor":3},{"not_picked":["Hemokinesis","Ghostly Armor","Sword Boomerang"],"picked":"SKIP","floor":5},{"not_picked":["Double Tap","Power Through"],"picked":"Whirlwind","floor":10},{"not_picked":["Iron Wave","Havoc"],"picked":"True Grit","floor":11},{"not_picked":["Havoc","Sentinel"],"picked":"Feel No Pain","floor":13},{"not_picked":["Flex","Infernal Blade"],"picked":"Shockwave","floor":14},{"not_picked":["Feed","Impervious"],"picked":"Immolate","floor":16},{"not_picked":["Feel No Pain","Armaments"],"picked":"Shrug It Off+1","floor":18},{"not_picked":["Thunderclap","Armaments","Cleave+1"],"picked":"SKIP","floor":21},{"not_picked":["Burning Pact","Armaments","Dark Embrace"],"picked":"SKIP","floor":24},{"not_picked":["Havoc","Thunderclap"],"picked":"Body Slam","floor":29},{"not_picked":["Dark Embrace","Searing Blow+1","Bloodletting"],"picked":"SKIP","floor":30},{"not_picked":["Dark Embrace","Searing Blow+1","Bloodletting"],"picked":"SKIP","floor":30},{"not_picked":["Iron Wave+1","Second Wind"],"picked":"Evolve+1","floor":31},{"not_picked":["Perfected Strike","Iron Wave+1"],"picked":"Dark Embrace","floor":35},{"not_picked":["Perfected Strike","Warcry+1"],"picked":"Seeing Red+1","floor":36},{"not_picked":["Seeing Red","Spot Weakness","Clothesline"],"picked":"SKIP","floor":40},{"not_picked":["Combust","Shrug It Off+1","Anger"],"picked":"SKIP","floor":42},{"not_picked":["True Grit+1","Infernal Blade+1","Searing Blow"],"picked":"SKIP","floor":44},{"not_picked":["Clothesline+1","Flex+1","Shrug It Off"],"picked":"SKIP","floor":45},{"not_picked":["Dual Wield","Inflame+1","Iron Wave+1"],"picked":"SKIP","floor":47},{"not_picked":["Double Tap","Shrug It Off+1"],"picked":"Intimidate+1","floor":48}],"player_experience":352240,"relics_obtained":[{"floor":9,"key":"Sundial"},{"floor":10,"key":"Boot"},{"floor":11,"key":"Odd Mushroom"},{"floor":13,"key":"Nunchaku"},{"floor":24,"key":"Lantern"},{"floor":26,"key":"Gremlin Horn"},{"floor":31,"key":"Kunai"},{"floor":40,"key":"Happy Flower"},{"floor":42,"key":"Dream Catcher"},{"floor":43,"key":"CeramicFish"},{"floor":44,"key":"Mummified Hand"},{"floor":48,"key":"Turnip"}],"event_choices":[{"cards_removed":["Strike_R"],"damage_healed":0,"gold_gain":0,"player_choice":"Purged","damage_taken":0,"max_hp_gain":0,"max_hp_loss":0,"event_name":"Purifier","floor":2,"gold_loss":0},{"damage_healed":72,"gold_gain":0,"player_choice":"Upgrade","damage_taken":14,"max_hp_gain":0,"max_hp_loss":72,"event_name":"betterThird:BetterShining","floor":4,"gold_loss":0,"cards_upgraded":["Iron Wave","Strike_R"]},{"cards_removed":["Strike_R"],"damage_healed":0,"gold_gain":0,"player_choice":"Card Removal","damage_taken":7,"max_hp_gain":0,"max_hp_loss":0,"event_name":"Golden Wing","floor":7,"gold_loss":0},{"damage_healed":0,"gold_gain":0,"player_choice":"Fought Mushrooms","damage_taken":0,"max_hp_gain":0,"max_hp_loss":0,"event_name":"Mushrooms","floor":11,"gold_loss":0},{"damage_healed":0,"gold_gain":0,"player_choice":"Rummage","damage_taken":0,"relics_obtained":["WarpedTongs"],"max_hp_gain":0,"max_hp_loss":0,"event_name":"Accursed Blacksmith","floor":19,"gold_loss":0,"cards_obtained":["Pain"]},{"cards_removed":["Defend_R"],"damage_healed":0,"gold_gain":0,"player_choice":"Purged","damage_taken":0,"max_hp_gain":0,"max_hp_loss":0,"event_name":"Purifier","floor":28,"gold_loss":0},{"cards_removed":["Shockwave"],"damage_healed":0,"gold_gain":0,"player_choice":"Removed Skill","damage_taken":0,"max_hp_gain":0,"max_hp_loss":0,"event_name":"Falling","floor":38,"gold_loss":0},{"damage_healed":0,"gold_gain":0,"player_choice":"Max HP","damage_taken":0,"max_hp_gain":0,"max_hp_loss":4,"event_name":"Winding Halls","floor":39,"gold_loss":0},{"damage_healed":0,"gold_gain":0,"player_choice":"Fight","damage_taken":0,"max_hp_gain":0,"max_hp_loss":0,"event_name":"Mysterious Sphere","floor":48,"gold_loss":0}],"is_beta":false,"boss_relics":[{"not_picked":["SacredBark","Runic Cube"],"picked":"SlaversCollar"},{"not_picked":["Snecko Eye","Philosopher\u0027s Stone"],"picked":"Empty Cage"}],"items_purged_floors":[8,20,37],"is_endless":false,"potions_floor_spawned":[1,13,16,18,29,31,36,40,44,45],"ascension_level":5}}