{"host":"7rmsgc3rayi00cdt","time":1612014947,"event":{"mods":["BaseMod","Minty Spire (QoL Compilation)"],"gold_per_floor":[213,52,202,202,219,219,219,219,219,250,250,250,250,281,281,281,281],"floor_reached":16,"language":"ENG","playtime":346,"items_purged":[],"score":202,"play_id":"7248945b-b170-4c3e-ba37-567928012910","local_time":"20210130135547","is_ascension_mode":true,"campfire_choices":[{"floor":6,"key":"REST"},{"data":"Zap","floor":8,"key":"SMITH"},{"floor":11,"key":"REST"},{"floor":13,"key":"REST"},{"floor":15,"key":"REST"}],"circlet_count":0,"master_deck":["AscendersBane","Strike_B","Strike_B","Strike_B","Strike_B","Defend_B","Defend_B","Defend_B","Defend_B","Zap+1","Dualcast","Hologram","Stack"],"relics":["Cracked Core","Bronze Scales","Golden Idol","Turnip","Frozen Egg 2","Spirit Poop","Oddly Smooth Stone"],"acts_visited":["Exordium"],"potions_floor_usage":[14],"damage_taken":[{"damage":20,"enemies":"Small Slimes","floor":1,"turns":3},{"damage":1,"enemies":"Cultist","floor":5,"turns":3},{"damage":32,"enemies":"Gremlin Nob","floor":10,"turns":4},{"damage":30,"enemies":"Lagavulin","floor":14,"turns":6},{"damage":60,"enemies":"The Guardian","floor":16,"turns":10}],"seed_played":"-9220085208012853667","potions_obtained":[{"floor":10,"key":"Block Potion"}],"is_trial":false,"path_per_floor":["M","$","?","?","M","R","?","R","T","E","R","?","R","E","R","B"],"character_chosen":"DEFECT","items_purchased":["Bronze Scales"],"campfire_rested":4,"item_purchase_floors":[2],"current_hp_per_floor":[44,44,44,37,36,57,57,57,57,25,46,46,67,37,58,0,0],"gold":281,"neow_bonus":"HUNDRED_GOLD","is_daily":false,"chose_seed":false,"campfire_upgraded":1,"win_rate":0.0,"timestamp":1612014947,"path_taken":["M","$","?","?","M","R","?","R","T","E","R","?","R","E","R","BOSS"],"items_purchased_type":["Relic"],"build_version":"2020-12-22","purchased_purges":0,"victory":false,"max_hp_per_floor":[71,71,71,71,71,71,71,71,71,71,71,71,71,71,71,71,71],"card_choices":[{"not_picked":["Sweeping Beam","Redo"],"picked":"Hologram","floor":1},{"not_picked":["Barrage","Rainbow","Hologram"],"picked":"SKIP","floor":5},{"not_picked":["Barrage","Loop+1","Stack"],"picked":"SKIP","floor":10},{"not_picked":["Cold Snap","Conserve Battery"],"picked":"Stack","floor":14}],"player_experience":790406,"relics_obtained":[{"floor":9,"key":"Turnip"},{"floor":10,"key":"Frozen Egg 2"},{"floor":14,"key":"Oddly Smooth Stone"}],"event_choices":[{"damage_healed":0,"gold_gain":150,"player_choice":"AGREE","damage_taken":0,"max_hp_gain":0,"max_hp_loss":0,"event_name":"Liars Game","floor":3,"gold_loss":0,"cards_obtained":["Doubt"]},{"cards_removed":["Doubt"],"damage_healed":0,"gold_gain":0,"player_choice":"Card Removal","damage_taken":7,"max_hp_gain":0,"max_hp_loss":0,"event_name":"Golden Wing","floor":4,"gold_loss":0},{"damage_healed":0,"gold_gain":0,"player_choice":"Take Wound","damage_taken":0,"relics_obtained":["Golden Idol"],"max_hp_gain":0,"max_hp_loss":0,"event_name":"Golden Idol","floor":7,"gold_loss":0,"cards_obtained":["Injury"]},{"cards_removed":["Injury"],"damage_healed":0,"gold_gain":0,"player_choice":"Offered Curse","damage_taken":0,"relics_obtained":["Spirit Poop"],"max_hp_gain":0,"max_hp_loss":0,"event_name":"Bonfire Elementals","floor":12,"gold_loss":0}],"is_beta":false,"boss_relics":[],"items_purged_floors":[],"is_endless":false,"potions_floor_spawned":[10],"killed_by":"The Guardian","ascension_level":19}}