{"host":"yecadp3kwkksam5a","time":1612011427,"event":{"mods":["BaseMod","Minty Spire (QoL Compilation)","StSLib","SuperFastMode","The Cursed"],"gold_per_floor":[115,115,139,139,159,194,214,247,247,285,285,24,24,45,45,144,144,157,172,271,74,99,139,139,179,254,275,294,294,219,263,263,356,356,372,392,392,137,153,184,205,241,241,256,256,297,316,316,316,316,316,316,117,151,151],"floor_reached":56,"language":"KOR","playtime":2272,"items_purged":["Strike_R","Clothesline","Armaments+1"],"score":2358,"play_id":"c1e7e25e-d1c5-4fa9-bee9-c07aabec0e77","local_time":"20210130215707","is_ascension_mode":true,"campfire_choices":[{"data":"Body Slam","floor":11.0,"key":"SMITH"},{"data":"Dual Wield","floor":15.0,"key":"SMITH"},{"data":"Apotheosis","floor":24,"key":"SMITH"},{"floor":29,"key":"RECALL"},{"data":"Armaments","floor":32,"key":"SMITH"},{"data":"Body Slam","floor":45,"key":"SMITH"},{"data":"Barricade","floor":49,"key":"SMITH"},{"data":"Shockwave","floor":52,"key":"SMITH"}],"circlet_count":0,"master_deck":["AscendersBane","Defend_R","Defend_R","Defend_R","Defend_R","Bash","Juggernaut","Ghostly Armor","Mayhem+1","Mayhem+1","Mayhem+1","Mayhem+1","Mayhem+1","Mayhem+1","Mayhem+1","Mayhem+1","Mayhem+1","Mayhem+1","Dual Wield+1","Shockwave+1","Barricade+1","Dual Wield+1","Body Slam+1","Carnage","Dropkick","Shrug It Off","Body Slam+1","Apotheosis+1","Shrug It Off+1","Dropkick+1","Dual Wield+1","Impervious+1"],"relics":["Burning Blood","Bird Faced Urn","Golden Idol","Letter Opener","Mummified Hand","InkBottle","TheAbacus","SlaversCollar","Toxic Egg 2","Singing Bowl","HornCleat","Darkstone Periapt","Coffee Dripper","OrangePellets","Bottled Tornado","Red Skull","Gambling Chip","Smiling Mask","PrismaticShard","Nunchaku"],"acts_visited":["Exordium","TheCity","TheBeyond","TheEnding"],"potions_floor_usage":[],"damage_taken":[{"damage":1.0,"enemies":"Cultist","floor":1.0,"turns":4.0},{"damage":9.0,"enemies":"2 Louse","floor":3.0,"turns":4.0},{"damage":13.0,"enemies":"Jaw Worm","floor":5.0,"turns":5.0},{"damage":0.0,"enemies":"Lagavulin","floor":6.0,"turns":5.0},{"damage":19.0,"enemies":"Red Slaver","floor":7.0,"turns":5.0},{"damage":37.0,"enemies":"3 Sentries","floor":8.0,"turns":6.0},{"damage":11.0,"enemies":"Gremlin Nob","floor":10.0,"turns":4.0},{"damage":0.0,"enemies":"Large Slime","floor":14.0,"turns":4.0},{"damage":0.0,"enemies":"Slime Boss","floor":16.0,"turns":4.0},{"damage":9.0,"enemies":"2 Thieves","floor":18.0,"turns":3.0},{"damage":6.0,"enemies":"Spheric Guardian","floor":19.0,"turns":3.0},{"damage":13,"enemies":"Centurion and Healer","floor":22,"turns":3},{"damage":25,"enemies":"Slavers","floor":23,"turns":5},{"damage":20,"enemies":"Book of Stabbing","floor":25,"turns":4},{"damage":0,"enemies":"Snecko","floor":27,"turns":3},{"damage":19,"enemies":"Snake Plant","floor":28,"turns":3},{"damage":24,"enemies":"Slavers","floor":31,"turns":4},{"damage":0,"enemies":"Collector","floor":33,"turns":4},{"damage":5,"enemies":"3 Darklings","floor":35,"turns":4},{"damage":19,"enemies":"3 Shapes","floor":36,"turns":4},{"damage":17,"enemies":"3 Darklings","floor":39,"turns":4},{"damage":0,"enemies":"Nemesis","floor":40,"turns":5},{"damage":18,"enemies":"Spire Growth","floor":41,"turns":3},{"damage":0,"enemies":"Giant Head","floor":42,"turns":4},{"damage":17,"enemies":"Jaw Worm Horde","floor":44,"turns":3},{"damage":64,"enemies":"Reptomancer","floor":46,"turns":4},{"damage":0,"enemies":"Maw","floor":47,"turns":4},{"damage":49,"enemies":"Time Eater","floor":50,"turns":5},{"damage":33,"enemies":"Shield and Spear","floor":54,"turns":4},{"damage":6,"enemies":"The Heart","floor":55,"turns":5}],"seed_played":"-8999758356588734248","potions_obtained":[{"floor":6.0,"key":"Strength Potion"},{"floor":7.0,"key":"DistilledChaos"},{"floor":18.0,"key":"ElixirPotion"}],"is_trial":false,"path_per_floor":["M","?","M","?","M","E","M","E","T","E","R","$","?","M","R","B",null,"M","M","?","$","M","E","R","E","T","M","M","R","?","E","R","B",null,"M","M","?","$","M","E","M","E","T","M","R","E","M","?","R","B",null,"R","$","E","B",null],"character_chosen":"IRONCLAD","items_purchased":["Dropkick","TheAbacus","Apotheosis","OrangePellets","PrismaticShard"],"campfire_rested":0,"item_purchase_floors":[12,12,21,38,53],"current_hp_per_floor":[72,54,71,71,72,72,72,69,69,72,72,72,72,72,72,72,72,72,72,72,72,72,72,72,74,74,74,76,76,76,78,78,80,80,82,82,82,82,83,86,88,90,90,92,92,58,92,92,92,73,87,87,87,94,94],"gold":151,"neow_bonus":"TRANSFORM_TWO_CARDS","is_daily":false,"chose_seed":false,"campfire_upgraded":7,"win_rate":0.0,"timestamp":1612011427,"path_taken":["M","?","M","?","M","E","M","E","T","E","R","$","?","?","R","BOSS","M","M","?","$","M","E","R","E","T","M","M","R","?","E","R","BOSS","M","M","?","$","?","E","?","E","T","M","R","E","M","?","R","BOSS","R","$","E","BOSS"],"items_purchased_type":["Card","Relic","Card","Relic","Relic"],"build_version":"2020-12-22","purchased_purges":3,"victory":true,"max_hp_per_floor":[72,72,72,72,72,72,72,72,72,72,72,72,72,72,72,72,72,72,72,72,72,72,72,72,74,74,74,76,76,76,78,78,80,80,82,82,82,82,84,86,88,90,90,92,92,92,92,92,92,92,92,92,92,94,94],"card_choices":[{"not_picked":["Cleave","Wild Strike"],"picked":"Clothesline","floor":1.0},{"not_picked":["Clothesline","True Grit"],"picked":"Dual Wield","floor":3.0},{"not_picked":["Twin Strike","Intimidate"],"picked":"Barricade","floor":5.0},{"not_picked":["Clash","True Grit"],"picked":"Dual Wield","floor":6.0},{"not_picked":["Perfected Strike","Clothesline","Berserk"],"picked":"SKIP","floor":7.0},{"not_picked":["Pommel Strike","Uppercut"],"picked":"Body Slam","floor":8.0},{"not_picked":["Carnage","Iron Wave","Cleave"],"picked":"SKIP","floor":10.0},{"not_picked":["Iron Wave","Cleave"],"picked":"Carnage","floor":10.0},{"not_picked":["Clothesline","Bloodletting"],"picked":"Shrug It Off","floor":14.0},{"not_picked":["Shrug It Off","Dual Wield"],"picked":"Armaments","floor":18.0},{"not_picked":["Rampage","Iron Wave"],"picked":"Body Slam","floor":19.0},{"not_picked":["Berserk","Armaments","Iron Wave"],"picked":"SKIP","floor":22},{"not_picked":["Second Wind+1","Twin Strike","Intimidate+1"],"picked":"SKIP","floor":23},{"not_picked":["Clash","Fire Breathing","Feel No Pain"],"picked":"Singing Bowl","floor":25},{"not_picked":["Pommel Strike+1","Havoc+1"],"picked":"Shrug It Off+1","floor":27},{"not_picked":["Havoc+1","Thunderclap+1","Intimidate+1"],"picked":"Singing Bowl","floor":28},{"not_picked":["Disarm+1","Power Through+1","Flex+1"],"picked":"Singing Bowl","floor":31},{"not_picked":["Barricade","Brutality","Offering+1"],"picked":"Singing Bowl","floor":33},{"not_picked":["Flex+1","Sentinel+1","Dark Embrace"],"picked":"Singing Bowl","floor":35},{"not_picked":["Pommel Strike","Shrug It Off+1"],"picked":"Dropkick+1","floor":36},{"not_picked":["Headbutt","Clash","Rupture"],"picked":"Singing Bowl","floor":39},{"not_picked":["Reckless Charge","Pommel Strike","Thunderclap"],"picked":"Singing Bowl","floor":40},{"not_picked":["Blood for Blood","Pommel Strike","Hemokinesis"],"picked":"Singing Bowl","floor":41},{"not_picked":["Sword Boomerang","Bloodletting+1","Pummel"],"picked":"Singing Bowl","floor":42},{"not_picked":["Disarm+1","Combust+1","Seeing Red+1"],"picked":"Singing Bowl","floor":44},{"not_picked":["Rage+1","Iron Wave+1"],"picked":"Dual Wield+1","floor":46},{"not_picked":["Headbutt","Spot Weakness+1"],"picked":"Impervious+1","floor":47},{"not_picked":["Sentinel+1","Defragment","SignatureMove+1"],"picked":"Singing Bowl","floor":54}],"player_experience":539770,"relics_obtained":[{"floor":6.0,"key":"Letter Opener"},{"floor":8.0,"key":"Mummified Hand"},{"floor":10.0,"key":"InkBottle"},{"floor":23,"key":"Toxic Egg 2"},{"floor":25,"key":"Singing Bowl"},{"floor":26,"key":"HornCleat"},{"floor":31,"key":"Darkstone Periapt"},{"floor":40,"key":"Bottled Tornado"},{"floor":42,"key":"Red Skull"},{"floor":43,"key":"Gambling Chip"},{"floor":46,"key":"Smiling Mask"},{"floor":54,"key":"Nunchaku"}],"event_choices":[{"damage_healed":0.0,"max_hp_gain":0.0,"max_hp_loss":0.0,"gold_gain":0.0,"event_name":"Golden Idol","player_choice":"Take Damage","floor":2.0,"gold_loss":0.0,"damage_taken":18.0,"relics_obtained":["Golden Idol"]},{"damage_healed":0.0,"max_hp_gain":0.0,"max_hp_loss":0.0,"gold_gain":0.0,"cards_transformed":["Strike_R"],"event_name":"Living Wall","player_choice":"Change","floor":4.0,"gold_loss":0.0,"damage_taken":0.0,"cards_obtained":["Shockwave"]},{"damage_healed":0.0,"max_hp_gain":0.0,"max_hp_loss":0.0,"gold_gain":0.0,"event_name":"Accursed Blacksmith","player_choice":"Forge","floor":13.0,"gold_loss":0.0,"damage_taken":0.0,"cards_upgraded":["Dual Wield"]},{"damage_healed":0.0,"max_hp_gain":0.0,"max_hp_loss":0.0,"gold_gain":99.0,"event_name":"Nest","player_choice":"Stole From Cult","floor":20.0,"gold_loss":0.0,"damage_taken":0.0},{"cards_removed":["Strike_R"],"damage_healed":0,"gold_gain":0,"player_choice":"Gave Gold","damage_taken":0,"max_hp_gain":0,"max_hp_loss":0,"event_name":"Beggar","floor":30,"gold_loss":75},{"damage_healed":0,"gold_gain":0,"player_choice":"Ignored","damage_taken":0,"max_hp_gain":0,"max_hp_loss":0,"event_name":"SecretPortal","floor":37,"gold_loss":0},{"damage_healed":0,"gold_gain":0,"player_choice":"Ignored","damage_taken":0,"max_hp_gain":0,"max_hp_loss":0,"event_name":"Tomb of Lord Red Mask","floor":48,"gold_loss":0}],"is_beta":false,"boss_relics":[{"not_picked":["Empty Cage","Fusion Hammer"],"picked":"SlaversCollar"},{"not_picked":["Runic Dome","Runic Cube"],"picked":"Coffee Dripper"}],"items_purged_floors":[12,38,53],"is_endless":false,"potions_floor_spawned":[6,7,8,14,18,25,27,28,31,36,39,44,46],"ascension_level":13}}