{"host":"fv4u04bzswzfg5qa","time":1612028500,"event":{"mods":["BaseMod","Colored Map","Colored Powertips","Highlight Path","Minty Spire (QoL Compilation)","StSLib","Synergy Search"],"gold_per_floor":[113,38,38,38,52,52,71,71,98,128,128,146,158,186,186,291,291,310,310,310,55,55,55,88,88,88],"floor_reached":25,"language":"ENG","playtime":1401,"items_purged":["Strike_P"],"score":272,"play_id":"309044cc-286e-4824-a7cb-59a7896823f9","local_time":"20210130124140","is_ascension_mode":false,"campfire_choices":[{"data":"Eruption","floor":6,"key":"SMITH"},{"data":"Protect","floor":8,"key":"SMITH"},{"data":"SignatureMove","floor":11,"key":"SMITH"},{"data":"Vigilance","floor":15,"key":"SMITH"},{"data":"Study","floor":23,"key":"SMITH"}],"circlet_count":0,"master_deck":["Strike_P","Strike_P","Strike_P","Defend_P","Defend_P","Defend_P","Defend_P","Eruption+1","Vigilance+1","SignatureMove+1","Regret","JustLucky","Protect+1","JustLucky","Consecrate","ConjureBlade","Weave","Study+1","Shame","ClearTheMind+1"],"relics":["HolyWater","NeowsBlessing","Bag of Marbles","MealTicket","Bag of Preparation","Damaru","Toxic Egg 2","Potion Belt","Red Mask"],"acts_visited":["Exordium","TheCity"],"potions_floor_usage":[25],"damage_taken":[{"damage":0,"enemies":"Jaw Worm","floor":1,"turns":1},{"damage":0,"enemies":"Small Slimes","floor":5,"turns":1},{"damage":0,"enemies":"2 Louse","floor":7,"turns":1},{"damage":0,"enemies":"Blue Slaver","floor":12,"turns":2},{"damage":0,"enemies":"3 Louse","floor":13,"turns":1},{"damage":16,"enemies":"Lagavulin","floor":14,"turns":5},{"damage":4,"enemies":"Slime Boss","floor":16,"turns":4},{"damage":16,"enemies":"2 Thieves","floor":18,"turns":3},{"damage":49,"enemies":"Masked Bandits","floor":24,"turns":6},{"damage":24,"enemies":"Slavers","floor":25,"turns":3}],"seed_played":"-4451985876460513298","potions_obtained":[{"floor":1,"key":"Ancient Potion"},{"floor":16,"key":"Regen Potion"},{"floor":24,"key":"SpeedPotion"}],"is_trial":false,"path_per_floor":["M","$","?","?","M","R","M","R","T","?","R","M","M","E","R","B",null,"M","?","?","$","?","R","?","E"],"character_chosen":"WATCHER","items_purchased":["Toxic Egg 2"],"campfire_rested":0,"item_purchase_floors":[21],"current_hp_per_floor":[72,72,72,72,72,72,72,72,72,72,72,72,72,56,56,52,72,56,43,43,58,58,58,9,0,0],"gold":88,"neow_bonus":"THREE_ENEMY_KILL","is_daily":false,"chose_seed":false,"campfire_upgraded":5,"win_rate":0.0,"timestamp":1612028500,"path_taken":["M","$","?","?","M","R","M","R","T","?","R","M","M","E","R","BOSS","M","?","?","$","?","R","?","E"],"items_purchased_type":["Relic"],"build_version":"2020-12-22","purchased_purges":1,"victory":false,"max_hp_per_floor":[72,72,72,72,72,72,72,72,72,72,72,72,72,72,72,72,72,72,77,77,77,77,77,77,77,77],"card_choices":[{"not_picked":["ClearTheMind","CarveReality"],"picked":"SignatureMove","floor":1},{"not_picked":["Vengeance","ThirdEye"],"picked":"JustLucky","floor":5},{"not_picked":["ThirdEye","Prostrate"],"picked":"Protect","floor":7},{"not_picked":["SashWhip","Crescendo"],"picked":"JustLucky","floor":12},{"not_picked":["Vengeance","JustLucky"],"picked":"Consecrate","floor":13},{"not_picked":["Vault","CrushJoints","Crescendo"],"picked":"SKIP","floor":14},{"not_picked":["Blasphemy","Scrawl"],"picked":"ConjureBlade","floor":16},{"not_picked":["EmptyFist+1","Consecrate"],"picked":"Weave","floor":18},{"not_picked":["Adaptation","WaveOfTheHand+1"],"picked":"ClearTheMind+1","floor":24}],"player_experience":222372,"relics_obtained":[{"floor":9,"key":"MealTicket"},{"floor":14,"key":"Damaru"},{"floor":24,"key":"Red Mask"}],"event_choices":[{"damage_healed":0,"gold_gain":0,"player_choice":"Ignored","damage_taken":0,"max_hp_gain":0,"max_hp_loss":0,"event_name":"Liars Game","floor":3,"gold_loss":0},{"damage_healed":0,"gold_gain":0,"player_choice":"Box","damage_taken":0,"relics_obtained":["Bag of Marbles"],"max_hp_gain":0,"max_hp_loss":0,"event_name":"Big Fish","floor":4,"gold_loss":0,"cards_obtained":["Regret"]},{"damage_healed":0,"gold_gain":30,"player_choice":"Searched \u00273\u0027 times","damage_taken":0,"relics_obtained":["Bag of Preparation"],"max_hp_gain":0,"max_hp_loss":0,"event_name":"Dead Adventurer","floor":10,"gold_loss":0},{"damage_healed":0,"gold_gain":0,"player_choice":"Shed Blood","damage_taken":18,"max_hp_gain":5,"max_hp_loss":0,"event_name":"Forgotten Altar","floor":19,"gold_loss":0},{"damage_healed":0,"gold_gain":0,"player_choice":"Read","damage_taken":0,"max_hp_gain":0,"max_hp_loss":0,"event_name":"The Library","floor":20,"gold_loss":0,"cards_obtained":["Study"]},{"damage_healed":0,"gold_gain":0,"player_choice":"Stole Relic","damage_taken":0,"relics_obtained":["Potion Belt"],"max_hp_gain":0,"max_hp_loss":0,"event_name":"Addict","floor":22,"gold_loss":0,"cards_obtained":["Shame"]},{"damage_healed":0,"gold_gain":0,"player_choice":"Fought Bandits","damage_taken":0,"max_hp_gain":0,"max_hp_loss":0,"event_name":"Masked Bandits","floor":24,"gold_loss":0}],"is_beta":false,"boss_relics":[{"not_picked":["SacredBark","Coffee Dripper"],"picked":"HolyWater"}],"items_purged_floors":[2],"is_endless":false,"potions_floor_spawned":[1,16,24],"killed_by":"Slavers","ascension_level":0}}