{"host":"\u003c无名\u003e","time":1612002139,"event":{"mods":["BaseMod","Downfall","Lobotomy","Minty Spire (QoL Compilation)","Quick Restart","Remilia（蕾米莉亚）","Replay The Spire","Robot Space Explorer","StSLib","The Bug Knight"],"gold_per_floor":[99,117,292,304,318,5,32,93,106,106,136,136,136,163,180,180,180,180],"floor_reached":16,"language":"ZHS","playtime":1218,"items_purged":["bronze:Defend"],"score":110,"play_id":"9ae40122-3c2b-4ddb-98e4-90103b24e8c8","local_time":"20210130182219","is_ascension_mode":false,"campfire_choices":[{"floor":1,"key":"RECALL"},{"floor":13,"key":"REST"}],"circlet_count":0,"master_deck":["bronze:Strike","bronze:Strike","bronze:Strike","bronze:Strike","bronze:Defend","bronze:Defend","bronze:Defend","bronze:Replicate","bronze:Goto","bronze:Backtrace","Doubt","bronze:ChildClass","bronze:OilSpill","bronze:WhirlingStrike","bronze:DigitalCarnage","bronze:Optimize","bronze:DarkDash","bronze:Turbo","bronze:BugBarrage","bronze:Spike","bronze:DazingPulse","bronze:Explode","bronze:ItsAFeature","bronze:BuggyMess","bronze:Shell","bronze:Overheat"],"relics":["bronze:BronzeCore","Nunchaku","Replay:Baseball","Singing Bowl","downfall:BrokenWingStatue","HollowMod:PaleOreRelic"],"acts_visited":["Exordium"],"potions_floor_usage":[],"damage_taken":[{"damage":0,"enemies":"Cultist","floor":2,"turns":4},{"damage":5,"enemies":"Small Slimes","floor":4,"turns":3},{"damage":0,"enemies":"2 Louse","floor":5,"turns":3},{"damage":10,"enemies":"downfall:FleeingMerchant","floor":6,"turns":4},{"damage":14,"enemies":"Gremlin Nob","floor":8,"turns":4},{"damage":0,"enemies":"Large Slime","floor":9,"turns":2},{"damage":36,"enemies":"Large Slime","floor":10,"turns":5},{"damage":9,"enemies":"3 Sentries","floor":11,"turns":5},{"damage":10,"enemies":"Lagavulin","floor":14,"turns":4},{"damage":6,"enemies":"3 Louse","floor":15,"turns":2},{"damage":14,"enemies":"SI_SHIV_ARCHETYPE","floor":16,"turns":3}],"seed_played":"2153126156273000394","potions_obtained":[{"floor":2,"key":"Energy Potion"},{"floor":5,"key":"Guardian:BlockOnCardUsePotion"},{"floor":8,"key":"Elixir"}],"is_trial":false,"path_per_floor":["R","M","?","M","M","$","T","?","M","?","E","?","R","E","M","B"],"character_chosen":"THE_AUTOMATON","items_purchased":["bronze:DigitalCarnage","bronze:Optimize","bronze:DarkDash"],"campfire_rested":1,"item_purchase_floors":[6,6,6],"current_hp_per_floor":[77,77,77,72,72,62,62,48,48,12,3,3,26,16,10,0,0,0],"gold":180,"neow_bonus":"TEN_PERCENT_HP_BONUS","is_daily":false,"chose_seed":false,"campfire_upgraded":0,"win_rate":0.0,"timestamp":1612002139,"path_taken":["R","M","?","M","M","$","T","?","M","?","E","?","R","E","M","BOSS"],"items_purchased_type":["Card","Card","Card"],"build_version":"2020-12-18","purchased_purges":1,"victory":false,"max_hp_per_floor":[77,77,77,77,77,77,77,77,77,77,77,77,77,77,77,77,77,77],"card_choices":[{"not_picked":["bronze:DarkDash","bronze:NullPointer"],"picked":"bronze:Backtrace","floor":2},{"not_picked":["bronze:OilSpill","bronze:WildBeam"],"picked":"bronze:ChildClass","floor":4},{"not_picked":["bronze:Deprecate","bronze:Allocate"],"picked":"bronze:OilSpill","floor":5},{"not_picked":["bronze:Branch","bronze:BuggyMess"],"picked":"bronze:WhirlingStrike","floor":6},{"not_picked":["bronze:OilSpill","bronze:WhirlingStrike"],"picked":"bronze:Turbo","floor":8},{"not_picked":["bronze:ChildClass","bronze:Invalidate"],"picked":"bronze:BugBarrage","floor":9},{"not_picked":[],"picked":"bronze:Spike","floor":10},{"not_picked":[],"picked":"bronze:DazingPulse","floor":10},{"not_picked":[],"picked":"bronze:Explode","floor":10},{"not_picked":["bronze:Branch","bronze:ThunderWave"],"picked":"bronze:ItsAFeature","floor":10},{"not_picked":["bronze:Philosophize","bronze:WhirlingStrike"],"picked":"bronze:BuggyMess","floor":11},{"not_picked":["bronze:Deprecate","bronze:Optimize"],"picked":"bronze:Shell","floor":14},{"not_picked":["bronze:DigitalCarnage","bronze:WildBeam"],"picked":"bronze:Overheat","floor":15}],"player_experience":608711,"relics_obtained":[{"floor":7,"key":"Nunchaku"},{"floor":11,"key":"Singing Bowl"},{"floor":14,"key":"HollowMod:PaleOreRelic"}],"event_choices":[],"is_beta":true,"boss_relics":[],"items_purged_floors":[6],"is_endless":false,"potions_floor_spawned":[2,5,8,10],"killed_by":"SI_SHIV_ARCHETYPE","ascension_level":0}}