{"host":"iirf6tm60n5v4e3j","time":1612001839,"event":{"mods":["Act Like it!","BaseMod","Gensokyo","Marisa????????","Minty Spire (QoL Compilation)","StSLib","The Marked"],"gold_per_floor":[116,116,127,137,155,181,32,32,85,118,18,18,38,38,38,139,139,139],"floor_reached":17,"language":"ENG","playtime":1017,"items_purged":["Pain"],"score":165,"play_id":"25d1b821-3aa7-408b-b2af-1bb9030cf531","local_time":"20210130021719","is_ascension_mode":false,"campfire_choices":[{"data":"theMarked:EmpowerWeapon","floor":8,"key":"SMITH"},{"floor":15,"key":"REST"}],"circlet_count":0,"master_deck":["theMarked:Strike","theMarked:Strike","theMarked:Strike","theMarked:Strike","theMarked:Strike","theMarked:Defend","theMarked:Defend","theMarked:Defend","theMarked:Defend","theMarked:SoldierOfQuellstein","theMarked:EmpowerWeapon+1","theMarked:Parkour","theMarked:ChannelForce","theMarked:ThrowWeapon","theMarked:RogueSparks","theMarked:MuscleMemory","theMarked:RepellingDischarge","theMarked:Improvise","theMarked:TakeOffHeels"],"relics":["theMarked:ArtifactOfAir","NeowsBlessing","Gensokyo:LunaticRedEyes","Ornamental Fan","Vajra","Lantern","theMarked:Gun","SacredBark"],"acts_visited":["Exordium","Gensokyo:Gensokyo"],"potions_floor_usage":[6,6,10,16],"damage_taken":[{"damage":0,"enemies":"Gensokyo:2_Kodama","floor":1,"turns":1},{"damage":1,"enemies":"Gensokyo:3_Fairies","floor":3,"turns":2},{"damage":0,"enemies":"Gensokyo:Python","floor":4,"turns":1},{"damage":20,"enemies":"Gensokyo:CorruptedTreant","floor":5,"turns":3},{"damage":29,"enemies":"Gensokyo:Aya","floor":6,"turns":7},{"damage":15,"enemies":"Gensokyo:Cirno","floor":10,"turns":8},{"damage":0,"enemies":"Gensokyo:LivingMonolith","floor":13,"turns":2},{"damage":19,"enemies":"Gensokyo:Yukari","floor":16,"turns":8}],"seed_played":"-5800784040190774976","potions_obtained":[{"floor":1,"key":"Weak Potion"},{"floor":3,"key":"ColorlessPotion"},{"floor":4,"key":"SneckoOil"},{"floor":13,"key":"ColorlessPotion"}],"is_trial":false,"path_per_floor":["M","?","M","M","M","E","$","R","T","E","?","$","M","$","R","B",null],"character_chosen":"THE_DEFAULT","items_purchased":["theMarked:MuscleMemory"],"campfire_rested":1,"item_purchase_floors":[7],"current_hp_per_floor":[70,70,69,69,49,20,20,20,20,5,5,5,5,5,26,7,70,70],"gold":139,"neow_bonus":"THREE_ENEMY_KILL","is_daily":false,"chose_seed":false,"campfire_upgraded":1,"win_rate":0.0,"timestamp":1612001839,"path_taken":["M","?","M","M","M","E","$","R","T","E","?","?","M","$","R","BOSS"],"items_purchased_type":["Card"],"build_version":"2020-12-22","purchased_purges":1,"victory":false,"max_hp_per_floor":[70,70,70,70,70,70,70,70,70,70,70,70,70,70,70,70,70,70],"card_choices":[{"not_picked":["theMarked:Electrify","theMarked:TwofoldDefense"],"picked":"theMarked:EmpowerWeapon","floor":1},{"not_picked":["theMarked:Frustration","theMarked:SwordAndMagic"],"picked":"theMarked:Parkour","floor":3},{"not_picked":["theMarked:TakeCover","theMarked:Parkour"],"picked":"theMarked:ChannelForce","floor":4},{"not_picked":["theMarked:SwordAndMagic","theMarked:ElectricStrings"],"picked":"theMarked:ThrowWeapon","floor":5},{"not_picked":["theMarked:WardOff","theMarked:ComboAttacks"],"picked":"theMarked:RogueSparks","floor":6},{"not_picked":["theMarked:SwordAndMagic","theMarked:Convert"],"picked":"theMarked:RepellingDischarge","floor":10},{"not_picked":["theMarked:Convert","theMarked:SwordAndMagic"],"picked":"theMarked:Improvise","floor":13},{"not_picked":["theMarked:Abjuration","theMarked:SuspiciousRaven"],"picked":"theMarked:TakeOffHeels","floor":16}],"player_experience":182581,"relics_obtained":[{"floor":6,"key":"Ornamental Fan"},{"floor":9,"key":"Vajra"},{"floor":10,"key":"Lantern"}],"event_choices":[],"is_beta":false,"boss_relics":[{"not_picked":["theMarked:Eyepatch","Runic Pyramid"],"picked":"SacredBark"}],"items_purged_floors":[7],"is_endless":false,"potions_floor_spawned":[1,3,4,13],"ascension_level":0}}