{"host":"Bilverbakes","time":1612030519,"event":{"mods":["2.2 Compatiblity","AchievementEnabler","BaseMod","Bestiary","Colored Map","Minty Spire (QoL Compilation)","Relic Stats","StSLib","ojb\u0027s Info Mod"],"gold_per_floor":[19,19,36,53,53,84,84,114,114,114,139,168,255,278,290,302,302],"floor_reached":16,"language":"ENG","playtime":673,"items_purged":[],"score":290,"play_id":"1f77b13c-420f-4eaf-a796-05037bcfc7c4","local_time":"20210130121519","is_ascension_mode":true,"campfire_choices":[{"data":"Neutralize","floor":7.0,"key":"SMITH"},{"data":"Glass Knife","floor":10.0,"key":"SMITH"},{"data":"Caltrops","floor":15.0,"key":"SMITH"}],"circlet_count":0,"master_deck":["AscendersBane","Strike_G","Strike_G","Strike_G","Strike_G","Strike_G","Defend_G","Defend_G","Defend_G","Defend_G","Survivor","Neutralize+1","Panache","Masterful Stab","Unload","All Out Attack","PiercingWail","Distraction","Flying Knee","Glass Knife+1","Caltrops+1"],"relics":["Ring of the Snake","Centennial Puzzle","Singing Bowl","InkBottle","MawBank"],"acts_visited":["Exordium"],"potions_floor_usage":[],"damage_taken":[{"damage":0.0,"enemies":"2 Louse","floor":1.0,"turns":4.0},{"damage":0.0,"enemies":"Cultist","floor":3.0,"turns":3.0},{"damage":4.0,"enemies":"Small Slimes","floor":4.0,"turns":3.0},{"damage":0.0,"enemies":"3 Sentries","floor":6.0,"turns":5.0},{"damage":8.0,"enemies":"Gremlin Nob","floor":8.0,"turns":3.0},{"damage":12.0,"enemies":"Lagavulin","floor":11.0,"turns":6.0},{"damage":6.0,"enemies":"Exordium Wildlife","floor":12.0,"turns":2.0},{"damage":0.0,"enemies":"3 Louse","floor":14.0,"turns":2.0},{"damage":26,"enemies":"Hexaghost","floor":16,"turns":7}],"seed_played":"-8398853041260906561","potions_obtained":[{"floor":1.0,"key":"Fire Potion"},{"floor":3.0,"key":"SneckoOil"},{"floor":11.0,"key":"FearPotion"}],"is_trial":false,"path_per_floor":["M","?","M","M","?","E","R","E","T","R","E","M","?","M","R","B"],"character_chosen":"THE_SILENT","items_purchased":[],"campfire_rested":0,"item_purchase_floors":[],"current_hp_per_floor":[59,59,59,55,55,55,55,47,47,47,35,31,20,22,22,0,0],"gold":302,"neow_bonus":"RANDOM_COLORLESS_2","is_daily":false,"chose_seed":false,"campfire_upgraded":3,"win_rate":0.0,"timestamp":1612030519,"path_taken":["M","?","M","M","?","E","R","E","T","R","E","?","?","M","R","BOSS"],"items_purchased_type":[],"build_version":"2020-12-18","purchased_purges":0,"victory":false,"max_hp_per_floor":[66,66,66,66,66,66,66,66,66,66,66,68,68,70,70,70,70],"relic_stats":{"Centennial Puzzle":[12],"Singing Bowl":4,"counters":[9,35],"MawBank":60,"obtain_stats":[{"Centennial Puzzle":6,"Singing Bowl":8,"MawBank":11,"InkBottle":9,"Ring of the Snake":0},{"Centennial Puzzle":4,"Singing Bowl":5,"MawBank":6,"InkBottle":5,"Ring of the Snake":0},{"Centennial Puzzle":15,"Singing Bowl":18,"MawBank":24,"InkBottle":18,"Ring of the Snake":0}],"InkBottle":[5],"Ring of the Snake":[18]},"card_choices":[{"not_picked":["Mayhem","Secret Weapon"],"picked":"Panache","floor":0.0},{"not_picked":["Tactician","Dagger Throw"],"picked":"Masterful Stab","floor":1.0},{"not_picked":["Blur","Sucker Punch","Backflip"],"picked":"SKIP","floor":3.0},{"not_picked":["Deflect","Finisher"],"picked":"All Out Attack","floor":4.0},{"not_picked":["Riddle With Holes","Blur"],"picked":"Flying Knee","floor":6.0},{"not_picked":["Deflect","Crippling Poison"],"picked":"Glass Knife","floor":8.0},{"not_picked":["Well Laid Plans","Dagger Throw"],"picked":"Caltrops","floor":11.0},{"not_picked":["Endless Agony","Deflect","Quick Slash"],"picked":"Singing Bowl","floor":12.0},{"not_picked":["Prepared","Acrobatics","Masterful Stab"],"picked":"Singing Bowl","floor":14.0}],"player_experience":850005,"relics_obtained":[{"floor":6.0,"key":"Centennial Puzzle"},{"floor":8.0,"key":"Singing Bowl"},{"floor":9.0,"key":"InkBottle"},{"floor":11.0,"key":"MawBank"}],"event_choices":[{"damage_healed":0.0,"max_hp_gain":0.0,"max_hp_loss":0.0,"gold_gain":0.0,"cards_transformed":["Defend_G"],"event_name":"Living Wall","player_choice":"Change","floor":2.0,"gold_loss":0.0,"damage_taken":0.0,"cards_obtained":["Unload"]},{"damage_healed":0.0,"max_hp_gain":0.0,"max_hp_loss":0.0,"gold_gain":0.0,"event_name":"Match and Keep!","player_choice":"2 cards matched","floor":5.0,"gold_loss":0.0,"damage_taken":0.0,"cards_obtained":["PiercingWail","Distraction"]},{"damage_healed":0.0,"max_hp_gain":0.0,"max_hp_loss":0.0,"gold_gain":75.0,"event_name":"World of Goop","player_choice":"Gather Gold","floor":13.0,"gold_loss":0.0,"damage_taken":11.0}],"is_beta":true,"boss_relics":[],"items_purged_floors":[],"is_endless":false,"potions_floor_spawned":[1,3,11],"killed_by":"Hexaghost","ascension_level":20}}