{"host":"tiwza2kisyyrpq7h","time":1612013496,"event":{"mods":["BaseMod","BetterRewards","Colored Powertips","Minty Spire (QoL Compilation)","Quick Restart","Rare Cards Sparkle","StSLib","SuperFastMode","The Servant 0.9.4","óô»ðÖ¸ÄÏ"],"gold_per_floor":[118,118,135,154,172,172,190,190,215,215,235,247,281,300,300,374,374,393,411,411,411,430,430,32,65,147,160,12,88,98,132,132,210,210,222,222,239,264,281,312,237,265,335,335,335,386,386,404,13,13],"floor_reached":51,"language":"ZHS","playtime":1951,"items_purged":["Strike_B+1","Strike_B+1"],"score":1295,"play_id":"1f64ffba-6c3d-4c1b-97fd-b2369cb6b393","local_time":"20210130213136","is_ascension_mode":true,"campfire_choices":[{"data":"Sunder","floor":6.0,"key":"SMITH"},{"data":"Self Repair","floor":8.0,"key":"SMITH"},{"data":"Heatsinks","floor":15,"key":"SMITH"},{"floor":23,"key":"REST"},{"floor":32,"key":"REST"}],"circlet_count":0,"master_deck":["AscendersBane","Defend_B+1","Defend_B+1","Defend_B+1","Defend_B+1","Zap","Dualcast","Machine Learning","Sunder+1","Doom and Gloom","Turbo","Static Discharge","Self Repair+1","Ball Lightning","Conserve Battery","Heatsinks+1","Turbo","Echo Form","Chaos","Biased Cognition","Storm","Rip and Tear+1","Melter+1","Coolheaded","Reboot","Coolheaded","Machine Learning","Steam Power+1","Echo Form","Darkness+1","Force Field","Heatsinks","Hologram+1","Heatsinks","All For One","Transmutation","Echo Form"],"relics":["FrozenCore","Art of War","DataDisk","Fusion Hammer","Nilry\u0027s Codex","Symbiotic Virus","Orrery","Vajra","Question Card","Medical Kit","Bottled Tornado","Pen Nib","Bird Faced Urn","HornCleat","Smiling Mask","Kunai","Juzu Bracelet","Peace Pipe","DollysMirror"],"acts_visited":["Exordium","TheCity","TheBeyond"],"potions_floor_usage":[14,25,31,31,46,50,50],"damage_taken":[{"damage":7.0,"enemies":"Small Slimes","floor":1.0,"turns":3.0},{"damage":0.0,"enemies":"Cultist","floor":3.0,"turns":3.0},{"damage":0.0,"enemies":"Jaw Worm","floor":4.0,"turns":3.0},{"damage":16.0,"enemies":"Blue Slaver","floor":5.0,"turns":3.0},{"damage":4.0,"enemies":"Red Slaver","floor":7.0,"turns":2.0},{"damage":0.0,"enemies":"Exordium Wildlife","floor":11.0,"turns":2.0},{"damage":13.0,"enemies":"3 Louse","floor":12.0,"turns":4.0},{"damage":23.0,"enemies":"3 Sentries","floor":13.0,"turns":4.0},{"damage":10,"enemies":"Lots of Slimes","floor":14,"turns":3},{"damage":28,"enemies":"Hexaghost","floor":16,"turns":9},{"damage":5,"enemies":"3 Byrds","floor":18,"turns":3},{"damage":33,"enemies":"Chosen","floor":19,"turns":4},{"damage":14,"enemies":"Centurion and Healer","floor":22,"turns":6},{"damage":41,"enemies":"Book of Stabbing","floor":25,"turns":4},{"damage":0,"enemies":"Snecko","floor":27,"turns":3},{"damage":0,"enemies":"Snake Plant","floor":30,"turns":2},{"damage":2,"enemies":"Slavers","floor":31,"turns":4},{"damage":12,"enemies":"Champ","floor":33,"turns":9},{"damage":16,"enemies":"Orb Walker","floor":35,"turns":2},{"damage":26,"enemies":"3 Darklings","floor":37,"turns":4},{"damage":1,"enemies":"Mind Bloom Boss Battle","floor":38,"turns":4},{"damage":0,"enemies":"Maw","floor":39,"turns":6},{"damage":29,"enemies":"Reptomancer","floor":40,"turns":3},{"damage":12,"enemies":"Nemesis","floor":42,"turns":7},{"damage":13,"enemies":"2 Orb Walkers","floor":46,"turns":4},{"damage":0,"enemies":"Spire Growth","floor":48,"turns":4},{"damage":38,"enemies":"Donu and Deca","floor":50,"turns":5}],"seed_played":"7036063122959308434","potions_obtained":[{"floor":1.0,"key":"Regen Potion"},{"floor":4.0,"key":"SkillPotion"},{"floor":10.0,"key":"Regen Potion"},{"floor":13.0,"key":"Fire Potion"},{"floor":22,"key":"Regen Potion"},{"floor":25,"key":"Block Potion"},{"floor":27,"key":"Weak Potion"},{"floor":39,"key":"Block Potion"},{"floor":40,"key":"ColorlessPotion"},{"floor":46,"key":"LiquidBronze"}],"is_trial":false,"path_per_floor":["M","?","M","M","M","R","M","R","T","?","M","M","E","M","R","B",null,"M","M","?","?","M","R","$","E","T","M","$","T","M","E","R","B",null,"M","?","M","?","M","E","R","E","T","T","?","?","?","M","R","B",null],"character_chosen":"DEFECT","items_purchased":["Symbiotic Virus","Orrery","Medical Kit","Transmutation","DollysMirror"],"campfire_rested":2,"item_purchase_floors":[24,24,28,49,49],"current_hp_per_floor":[61,61,61,61,45,45,41,41,41,41,51,60,59,59,59,41,67,72,49,33,33,29,51,51,24,24,34,34,34,44,52,74,75,75,59,59,43,62,75,70,70,75,75,75,75,75,75,75,75,75],"gold":13,"neow_bonus":"ONE_RANDOM_RARE_CARD","is_daily":false,"chose_seed":false,"campfire_upgraded":3,"win_rate":0.0,"timestamp":1612013496,"path_taken":["M","?","M","?","M","R","M","R","T","?","?","M","E","M","R","BOSS","M","M","?","?","M","R","$","E","T","M","?","?","M","E","R","BOSS","M","?","?","?","M","E","R","E","T","?","?","?","?","M","R","BOSS"],"items_purchased_type":["Relic","Relic","Relic","Card","Relic"],"build_version":"2020-12-22","purchased_purges":2,"victory":true,"max_hp_per_floor":[75,75,75,75,75,75,75,75,75,75,75,75,75,75,75,75,75,75,75,75,75,75,75,75,75,75,75,75,75,75,75,75,75,75,75,75,75,75,75,75,75,75,75,75,75,75,75,75,75,75],"card_choices":[{"not_picked":["Rip and Tear","Turbo"],"picked":"Sunder","floor":1.0},{"not_picked":["Reinforced Body","Undo"],"picked":"Doom and Gloom","floor":3.0},{"not_picked":["Redo","Go for the Eyes"],"picked":"Turbo","floor":4.0},{"not_picked":["Compile Driver","Go for the Eyes"],"picked":"Static Discharge","floor":5.0},{"not_picked":["Gash","Melter"],"picked":"Self Repair","floor":7.0},{"not_picked":["Reinforced Body","FTL"],"picked":"Ball Lightning","floor":11.0},{"not_picked":["Beam Cell","Barrage"],"picked":"Conserve Battery","floor":12.0},{"not_picked":["Go for the Eyes","White Noise"],"picked":"Heatsinks","floor":13.0},{"not_picked":["Blizzard","Barrage"],"picked":"Turbo","floor":14},{"not_picked":["Meteor Strike","Hyperbeam"],"picked":"Echo Form","floor":16},{"not_picked":["Steam","Sweeping Beam","Rebound"],"picked":"SKIP","floor":18},{"not_picked":["Sweeping Beam","Steam Power","Streamline"],"picked":"SKIP","floor":19},{"not_picked":["Steam","Reinforced Body"],"picked":"Chaos","floor":22},{"not_picked":["Stack","Conserve Battery"],"picked":"Biased Cognition","floor":24},{"not_picked":["Compile Driver+1","Steam Power+1"],"picked":"Storm","floor":24},{"not_picked":["BootSequence+1","Rebound"],"picked":"Rip and Tear+1","floor":24},{"not_picked":["Cold Snap","Stack"],"picked":"Melter+1","floor":24},{"not_picked":["Conserve Battery","Turbo"],"picked":"Coolheaded","floor":25},{"not_picked":["Gash","Blizzard","Darkness","Ball Lightning"],"picked":"SKIP","floor":27},{"not_picked":["Reinforced Body","Reprogram","Sweeping Beam"],"picked":"Reboot","floor":30},{"not_picked":["Ball Lightning","Storm","Beam Cell"],"picked":"Coolheaded","floor":31},{"not_picked":["Fission","Meteor Strike","All For One"],"picked":"Machine Learning","floor":33},{"not_picked":["Compile Driver","Stack+1","Streamline"],"picked":"Steam Power+1","floor":35},{"not_picked":["Beam Cell","Stack+1","Ball Lightning"],"picked":"Darkness+1","floor":37},{"not_picked":["Go for the Eyes","FTL","Cold Snap"],"picked":"Force Field","floor":38},{"not_picked":["Stack","Auto Shields","Steam Power"],"picked":"Heatsinks","floor":39},{"not_picked":["Steam Power","Steam","Streamline"],"picked":"Hologram+1","floor":40},{"not_picked":["Doom and Gloom+1","Stack+1","Rip and Tear","Lockon"],"picked":"SKIP","floor":42},{"not_picked":["Coolheaded+1","Fusion","Melter"],"picked":"Heatsinks","floor":46},{"not_picked":["Undo","Leap","Sweeping Beam"],"picked":"All For One","floor":48}],"player_experience":960391,"relics_obtained":[{"floor":9.0,"key":"Art of War"},{"floor":13.0,"key":"DataDisk"},{"floor":20,"key":"Nilry\u0027s Codex"},{"floor":25,"key":"Vajra"},{"floor":26,"key":"Question Card"},{"floor":29,"key":"Bottled Tornado"},{"floor":31,"key":"Pen Nib"},{"floor":38,"key":"Bird Faced Urn"},{"floor":40,"key":"HornCleat"},{"floor":42,"key":"Smiling Mask"},{"floor":43,"key":"Kunai"},{"floor":44,"key":"Juzu Bracelet"},{"floor":46,"key":"Peace Pipe"}],"event_choices":[{"cards_removed":["Strike_B"],"damage_healed":0.0,"max_hp_gain":0.0,"max_hp_loss":0.0,"gold_gain":0.0,"event_name":"Purifier","player_choice":"Purged","floor":2.0,"gold_loss":0.0,"damage_taken":0.0},{"damage_healed":0.0,"max_hp_gain":0.0,"max_hp_loss":0.0,"gold_gain":0.0,"event_name":"Lab","player_choice":"Got Potions","floor":10.0,"gold_loss":0.0,"damage_taken":0.0},{"damage_healed":0,"gold_gain":0,"player_choice":"Obtained Book","damage_taken":16,"max_hp_gain":0,"max_hp_loss":0,"event_name":"Cursed Tome","floor":20,"gold_loss":0},{"damage_healed":0,"gold_gain":0,"player_choice":"Simplicity","damage_taken":0,"max_hp_gain":0,"max_hp_loss":0,"event_name":"Back to Basics","floor":21,"gold_loss":0,"cards_upgraded":["Strike_B","Strike_B","Strike_B","Defend_B","Defend_B","Defend_B","Defend_B"]},{"damage_healed":0,"gold_gain":0,"player_choice":"Copied","damage_taken":0,"max_hp_gain":0,"max_hp_loss":0,"event_name":"Duplicator","floor":36,"gold_loss":0,"cards_obtained":["Echo Form"]},{"damage_healed":0,"gold_gain":0,"player_choice":"Fight","damage_taken":0,"max_hp_gain":0,"max_hp_loss":0,"event_name":"MindBloom","floor":38,"gold_loss":0},{"damage_healed":0,"gold_gain":0,"player_choice":"Bought 0 Potions","damage_taken":0,"max_hp_gain":0,"max_hp_loss":0,"event_name":"The Woman in Blue","floor":45,"gold_loss":0},{"damage_healed":0,"gold_gain":0,"player_choice":"Fight","damage_taken":0,"max_hp_gain":0,"max_hp_loss":0,"event_name":"Mysterious Sphere","floor":46,"gold_loss":0},{"cards_removed":["Strike_B"],"damage_healed":0,"gold_gain":0,"player_choice":"Purged","damage_taken":0,"max_hp_gain":0,"max_hp_loss":0,"event_name":"Purifier","floor":47,"gold_loss":0}],"is_beta":false,"boss_relics":[{"not_picked":["Velvet Choker","Snecko Eye"],"picked":"Fusion Hammer"},{"not_picked":["Empty Cage","Tiny House"],"picked":"FrozenCore"}],"items_purged_floors":[41,49],"is_endless":false,"potions_floor_spawned":[1,4,7,11,13,22,25,27,39,40,42,46],"ascension_level":13}}