{"host":"ypphcgdomtfqpc2w","time":1612002216,"event":{"mods":["BaseMod","DeckTracker","Minty Spire (QoL Compilation)","Relic Stats","StSLib"],"gold_per_floor":[119,119,138,150,163,163,194,194,194,222,234,261,15,29,29,101,101,117,42,42,42,57,57,71,71,96,111,121,139,139,153,153,153,153],"floor_reached":33,"language":"ENG","playtime":1963,"items_purged":[],"score":567,"play_id":"703b83af-0699-496d-9016-0c606eace706","local_time":"20210130192336","is_ascension_mode":true,"campfire_choices":[{"data":"Armaments","floor":6.0,"key":"SMITH"},{"data":"Pommel Strike","floor":8.0,"key":"SMITH"},{"data":"Fire Breathing","floor":15.0,"key":"SMITH"},{"data":"Inflame","floor":23.0,"key":"SMITH"},{"data":"Shrug It Off","floor":25.0,"key":"SMITH"},{"data":"True Grit","floor":30.0,"key":"SMITH"},{"data":"Anger","floor":32.0,"key":"SMITH"}],"circlet_count":0,"master_deck":["AscendersBane","Strike_R","Strike_R+1","Strike_R","Strike_R+1","Defend_R","Defend_R","Defend_R","Defend_R","Bash","Pommel Strike+1","Armaments+1","Shrug It Off+1","Twin Strike","Carnage","Blood for Blood","Feed","Fire Breathing+1","Battle Trance","Reaper","Anger+1","Inflame+1","Power Through","Flex+1","True Grit+1","Thunderclap","Shrug It Off"],"relics":["Burning Blood","NeowsBlessing","Orichalcum","Darkstone Periapt","Whetstone","Anchor","Art of War","Centennial Puzzle","Runic Pyramid"],"acts_visited":["Exordium","TheCity"],"potions_floor_usage":[33],"damage_taken":[{"damage":0.0,"enemies":"2 Louse","floor":1.0,"turns":1.0},{"damage":0.0,"enemies":"Cultist","floor":3.0,"turns":1.0},{"damage":0.0,"enemies":"Jaw Worm","floor":4.0,"turns":1.0},{"damage":4.0,"enemies":"3 Louse","floor":5.0,"turns":2.0},{"damage":5.0,"enemies":"3 Sentries","floor":7.0,"turns":16.0},{"damage":22.0,"enemies":"Lagavulin","floor":10.0,"turns":11.0},{"damage":0.0,"enemies":"Blue Slaver","floor":11.0,"turns":2.0},{"damage":11.0,"enemies":"3 Sentries","floor":12.0,"turns":8.0},{"damage":0.0,"enemies":"Gremlin Gang","floor":14.0,"turns":4.0},{"damage":58.0,"enemies":"Hexaghost","floor":16.0,"turns":10.0},{"damage":27.0,"enemies":"Shell Parasite","floor":18.0,"turns":6.0},{"damage":3.0,"enemies":"3 Byrds","floor":22.0,"turns":5.0},{"damage":10.0,"enemies":"Snecko","floor":24.0,"turns":4.0},{"damage":13.0,"enemies":"Chosen and Byrds","floor":27.0,"turns":6.0},{"damage":21.0,"enemies":"Cultist and Chosen","floor":28.0,"turns":5.0},{"damage":39.0,"enemies":"Sentry and Sphere","floor":29.0,"turns":7.0},{"damage":12.0,"enemies":"Centurion and Healer","floor":31.0,"turns":7.0},{"damage":144,"enemies":"Automaton","floor":33,"turns":12}],"seed_played":"2892367377836966189","potions_obtained":[{"floor":3.0,"key":"Explosive Potion"},{"floor":4.0,"key":"PowerPotion"},{"floor":5.0,"key":"Dexterity Potion"},{"floor":11.0,"key":"Energy Potion"},{"floor":14.0,"key":"Fire Potion"},{"floor":18.0,"key":"FearPotion"},{"floor":22.0,"key":"BlessingOfTheForge"},{"floor":28.0,"key":"Swift Potion"}],"is_trial":false,"path_per_floor":["M","?","M","M","M","R","E","R","T","E","M","E","$","M","R","B",null,"M","?","$","?","M","R","M","R","T","M","M","M","R","M","R","B"],"character_chosen":"IRONCLAD","items_purchased":["Fire Breathing","Centennial Puzzle"],"campfire_rested":0,"item_purchase_floors":[13,13],"current_hp_per_floor":[74,74,75,75,75,75,75,75,75,59,65,60,60,70,70,18,64,54,54,54,54,70,70,79,79,79,89,77,57,57,76,76,0,0],"gold":153,"neow_bonus":"THREE_ENEMY_KILL","is_daily":false,"chose_seed":false,"campfire_upgraded":7,"win_rate":0.0,"timestamp":1612002216,"path_taken":["M","?","M","?","M","R","E","R","T","E","M","E","?","M","R","BOSS","M","?","$","?","M","R","M","R","T","M","M","M","R","M","R","BOSS"],"items_purchased_type":["Card","Relic"],"build_version":"2020-12-22","purchased_purges":0,"victory":false,"max_hp_per_floor":[75,75,75,75,75,75,75,75,75,75,75,75,75,79,79,79,79,83,83,83,83,87,87,90,90,90,94,97,100,100,103,103,103,103],"relic_stats":{"Darkstone Periapt":0,"Centennial Puzzle":[24],"counters":[18,108],"Art of War":[11],"Whetstone":["Strike_R","Strike_R"],"Orichalcum":[174],"obtain_stats":[{"Darkstone Periapt":7,"Anchor":10,"Centennial Puzzle":13,"NeowsBlessing":0,"Art of War":12,"Whetstone":9,"Orichalcum":2,"Burning Blood":0,"Runic Pyramid":17},{"Darkstone Periapt":5,"Anchor":6,"Centennial Puzzle":8,"NeowsBlessing":0,"Art of War":8,"Whetstone":5,"Orichalcum":1,"Burning Blood":0,"Runic Pyramid":10},{"Darkstone Periapt":21,"Anchor":32,"Centennial Puzzle":42,"NeowsBlessing":0,"Art of War":42,"Whetstone":21,"Orichalcum":1,"Burning Blood":0,"Runic Pyramid":56}],"Burning Blood":88},"card_choices":[{"not_picked":["Clash","Headbutt"],"picked":"True Grit","floor":1.0},{"not_picked":["Intimidate","Clash"],"picked":"Pommel Strike","floor":3.0},{"not_picked":["Spot Weakness","Flex"],"picked":"Armaments","floor":4.0},{"not_picked":["Heavy Blade","Rage"],"picked":"Shrug It Off","floor":5.0},{"not_picked":["Heavy Blade","Iron Wave"],"picked":"Twin Strike","floor":7.0},{"not_picked":["Shrug It Off","Clash"],"picked":"Carnage","floor":10.0},{"not_picked":["Twin Strike","True Grit"],"picked":"Blood for Blood","floor":11.0},{"not_picked":["Cleave","Clothesline"],"picked":"Feed","floor":12.0},{"not_picked":["Shrug It Off","Clothesline"],"picked":"Battle Trance","floor":14.0},{"not_picked":["Brutality","Berserk"],"picked":"Reaper","floor":16.0},{"not_picked":["Perfected Strike+1","Anger","Sword Boomerang"],"picked":"SKIP","floor":18.0},{"not_picked":["Perfected Strike+1","Sword Boomerang"],"picked":"Anger","floor":18.0},{"not_picked":["Iron Wave","Thunderclap"],"picked":"Power Through","floor":22.0},{"not_picked":["Wild Strike","Evolve"],"picked":"Flex+1","floor":24.0},{"not_picked":["Uppercut+1","Searing Blow"],"picked":"True Grit","floor":27.0},{"not_picked":["Perfected Strike","Ghostly Armor","Flex"],"picked":"SKIP","floor":28.0},{"not_picked":["Battle Trance","Anger"],"picked":"Thunderclap","floor":29.0},{"not_picked":["Thunderclap","Iron Wave"],"picked":"Shrug It Off","floor":31.0}],"player_experience":2125290,"relics_obtained":[{"floor":7.0,"key":"Darkstone Periapt"},{"floor":9.0,"key":"Whetstone"},{"floor":10.0,"key":"Anchor"},{"floor":12.0,"key":"Art of War"}],"event_choices":[{"cards_removed":["True Grit"],"damage_healed":0.0,"max_hp_gain":0.0,"max_hp_loss":0.0,"gold_gain":0.0,"event_name":"WeMeetAgain","player_choice":"Gave Card","floor":2.0,"gold_loss":0.0,"damage_taken":0.0,"relics_obtained":["Orichalcum"]},{"cards_removed":["Strike_R"],"damage_healed":0.0,"max_hp_gain":0.0,"max_hp_loss":0.0,"gold_gain":0.0,"event_name":"Beggar","player_choice":"Gave Gold","floor":19.0,"gold_loss":75.0,"damage_taken":0.0},{"damage_healed":0.0,"max_hp_gain":0.0,"max_hp_loss":0.0,"gold_gain":0.0,"event_name":"The Library","player_choice":"Read","floor":21.0,"gold_loss":0.0,"damage_taken":0.0,"cards_obtained":["Inflame"]}],"is_beta":false,"boss_relics":[{"not_picked":["Tiny House","Cursed Key"],"picked":"Runic Pyramid"}],"items_purged_floors":[],"is_endless":false,"potions_floor_spawned":[3,4,5,11,14,18,22,28,29],"killed_by":"Automaton","ascension_level":20}}