{"host":"1zjc08c6hob33401","time":1612043315,"event":{"mods":["AchievementEnabler","Act Like it!","Aspiration","BaseMod","Downfall","Elementarium","Energized Spire","Evolution","Friendly Minions","Gensokyo","GifTheSpireLib","Hubris","Infinite Spire","Jedi Mod","Menagerie","Minty Spire (QoL Compilation)","Pale of the Ancients","Quick Restart","Reliquary","Replay The Spire","Retaliation","Shop Mod","Spicy Shops","Spire Arcade","StS++","StSLib","Stuff the Spire","The Blue Laboratory","Wandering Minibosses","??????REMEMod"],"gold_per_floor":[109,109,129,149,149,149,174,34,111,111,111,111,125,125,125,202,202,212,212,212,224,239,239,259,271,326,342,342,369,369,387,387,461,461,479,489,489,502,502,502,527,527,527,546,546,7,7,7],"floor_reached":47,"language":"RUS","playtime":2923,"items_purged":[],"score":1068,"play_id":"220cf9d0-5e81-40cd-a564-4da45292ad7f","local_time":"20210130234835","is_ascension_mode":true,"campfire_choices":[{"data":"FIFO Queue","floor":6.0,"key":"SMITH"},{"data":"hubris:PowerSurge","floor":10.0,"key":"SMITH"},{"data":"StuffTheSpire:Coldhearted","floor":15.0,"key":"SMITH"},{"data":"jedi:studyfrost","floor":23.0,"key":"SMITH"},{"data":"jedi:gatheringstorm","floor":28.0,"key":"SMITH"},{"data":"aspiration:Polymerization","floor":30.0,"key":"SMITH"},{"data":"infinitespire:UltimateForm","floor":40.0,"key":"SMITH"},{"floor":42,"key":"REST"},{"data":"Meteor Strike","floor":45,"key":"SMITH"}],"circlet_count":0,"master_deck":["AscendersBane","Cold Snap","Cold Snap","Cold Snap+1","Cold Snap","Conserve Battery","Zap","Dualcast","Venomology+1","StuffTheSpire:Plugnplay","aspiration:Polymerization+1","FIFO Queue+1","Sweeping Beam","Glacier","StuffTheSpire:Coldhearted+1","Blizzard","hubris:PowerSurge+1","Conserve Battery","StuffTheSpire:DoubleShiv","Corpse Explosion","ReplayTheSpireMod:Tripwire","jedi:studyfrost+1","jedi:gatheringstorm+1","Beam Cell+1","hubris:Ukulele+1","Reboot","Compile Driver","jedi:BurstFrost","Redo","StuffTheSpire:LaunchingStrike","Rainbow","StSpp:Channeliser","Sweeping Beam","Cold Snap+1","infinitespire:UltimateForm+1","infinitespire:Oblivion","Meteor Strike+1","Hologram+1","Redo","REME_BodyOfCthun"],"relics":["Cracked Core","EVO:Axolotl","REME_ComplimentaryCards","Art of War","Carrot","SlaversCollar","jedi:laserpointer","Elementarium:ElementariumTrophy","Busted Crown","MerchantsRug"],"acts_visited":["Gensokyo:Gensokyo","Elementarium:Elementarium","TheBeyond"],"potions_floor_usage":[41,47],"damage_taken":[{"damage":0.0,"enemies":"Gensokyo:Python","floor":1.0,"turns":3.0},{"damage":0.0,"enemies":"Gensokyo:3_Fairies","floor":3.0,"turns":4.0},{"damage":0.0,"enemies":"Gensokyo:2_Kodama","floor":4.0,"turns":4.0},{"damage":12.0,"enemies":"Gensokyo:Mamizou","floor":7.0,"turns":8.0},{"damage":1.0,"enemies":"Gensokyo:CorruptedTreant","floor":13.0,"turns":3.0},{"damage":0.0,"enemies":"Gensokyo:Reimu","floor":16.0,"turns":11.0},{"damage":0.0,"enemies":"Elementarium:2_ELEMENTALS","floor":18.0,"turns":4.0},{"damage":11.0,"enemies":"Elementarium:MUD_AND_TAR_GOLEMS","floor":21.0,"turns":4.0},{"damage":1.0,"enemies":"Elementarium:CYCLONE_AND_ORB_OF_FIRE","floor":22.0,"turns":5.0},{"damage":9.0,"enemies":"Elementarium:3_ELEMENTALS","floor":24.0,"turns":4.0},{"damage":0.0,"enemies":"Elementarium:Hydrostalker","floor":25.0,"turns":6.0},{"damage":7.0,"enemies":"Elementarium:CYCLONE_AND_ORB_OF_FIRE","floor":27.0,"turns":6.0},{"damage":10.0,"enemies":"Elementarium:FIRE_NOBILITY","floor":29.0,"turns":5.0},{"damage":26.0,"enemies":"Elementarium:VOID_CORRUPTION_AND_ORB_OF_FIRE","floor":31.0,"turns":5.0},{"damage":6.0,"enemies":"Elementarium:GolemEmperor","floor":33.0,"turns":11.0},{"damage":11.0,"enemies":"3 Darklings","floor":35.0,"turns":4.0},{"damage":0.0,"enemies":"3 Shapes","floor":36.0,"turns":4.0},{"damage":0.0,"enemies":"Sphere and 2 Shapes","floor":38.0,"turns":6.0},{"damage":63,"enemies":"Reptomancer","floor":41,"turns":6},{"damage":0,"enemies":"Transient","floor":44,"turns":6},{"damage":42,"enemies":"Writhing Mass","floor":47,"turns":3}],"seed_played":"-5993142549270144660","potions_obtained":[{"floor":7.0,"key":"Fire Potion"},{"floor":16.0,"key":"SneckoOil"},{"floor":24.0,"key":"blueLaboratory:StoneskinPotion"},{"floor":25.0,"key":"Reflective Coating"},{"floor":29.0,"key":"DDmod:CleansePotion"},{"floor":35.0,"key":"blueLaboratory:ImpenetrablePotion"},{"floor":36.0,"key":"Regen Potion"},{"floor":44,"key":"blueLaboratory:FruitPunch"}],"is_trial":false,"path_per_floor":["M","$","M","M","$","R","E","COS","T","R","?","?","M","?","R","B",null,"M","?","$","M","M","R","M","M","T","M","R","E","R","M","R","B",null,"M","M","?","M","AVR","R","E","R","T","M","R","$","M"],"character_chosen":"DEFECT","items_purchased":["MerchantsRug","REME_BodyOfCthun"],"campfire_rested":1,"item_purchase_floors":[46,46],"current_hp_per_floor":[64,64,64,64,64,64,52,52,52,52,52,52,51,58,58,58,73,73,73,73,62,61,61,52,52,52,45,45,35,35,9,32,28,67,56,56,56,71,71,71,8,32,32,32,32,32,0,0],"gold":7,"neow_bonus":"UPGRADE_CARD","is_daily":false,"chose_seed":false,"campfire_upgraded":8,"win_rate":0.0,"timestamp":1612043315,"path_taken":["M","?","M","?","$","R","E","COS","T","R","?","?","?","?","R","BOSS","M","?","$","M","M","R","M","M","T","M","R","E","R","M","R","BOSS","M","M","?","M","AVR","R","E","R","T","M","R","$","M"],"items_purchased_type":["Relic","Card"],"build_version":"2020-12-22","purchased_purges":0,"victory":false,"max_hp_per_floor":[71,71,71,71,71,71,71,71,71,71,71,71,71,78,78,78,78,78,78,78,78,78,78,78,78,78,78,78,78,78,78,78,80,80,80,80,80,80,80,80,80,80,80,80,80,80,82,82],"card_choices":[{"not_picked":["StSpp:Fierceness","jedi:BurstFrost"],"picked":"StuffTheSpire:Plugnplay","floor":1.0},{"not_picked":["Hello World","Steam"],"picked":"aspiration:Polymerization","floor":3.0},{"not_picked":["Streamline","Turbo"],"picked":"FIFO Queue","floor":4.0},{"not_picked":["Steam","Conserve Battery"],"picked":"Sweeping Beam","floor":7.0},{"not_picked":["Redo","Conserve Battery"],"picked":"Glacier","floor":8.0},{"not_picked":["ReplayTheSpireMod:Omega Cannon","Go for the Eyes"],"picked":"StuffTheSpire:Coldhearted","floor":8.0},{"not_picked":["Melter","Storm"],"picked":"Blizzard","floor":8.0},{"not_picked":["StuffTheSpire:Plugnplay","Barrage"],"picked":"hubris:PowerSurge","floor":8.0},{"not_picked":["Panic Button","jedi:BurstLightning"],"picked":"Conserve Battery","floor":8.0},{"not_picked":["Beam Cell","aspiration:Polymerization"],"picked":"jedi:studyfrost","floor":13.0},{"not_picked":["Echo Form","jedi:bruteforce"],"picked":"jedi:gatheringstorm","floor":16.0},{"not_picked":["BasicCrystalCard","StuffTheSpire:NuclearReactor"],"picked":"Beam Cell+1","floor":18.0},{"not_picked":["Streamline","Barrage"],"picked":"hubris:Ukulele+1","floor":21.0},{"not_picked":["Rebound+1","Compile Driver"],"picked":"Reboot","floor":22.0},{"not_picked":["StuffTheSpire:Rend","Barrage"],"picked":"Compile Driver","floor":24.0},{"not_picked":["jedi:hex","Turbo"],"picked":"jedi:BurstFrost","floor":25.0},{"not_picked":["jedi:blockon","Turbo"],"picked":"Redo","floor":27.0},{"not_picked":["jedi:reiji","StuffTheSpire:Plugnplay"],"picked":"Meteor Strike","floor":29.0},{"not_picked":["Doom and Gloom","jedi:BurstLightning"],"picked":"StuffTheSpire:LaunchingStrike","floor":31.0},{"not_picked":["jedi:BurstDark","Reboot"],"picked":"Rainbow","floor":33.0},{"not_picked":[],"picked":"StSpp:Channeliser","floor":35.0},{"not_picked":[],"picked":"Sweeping Beam","floor":36.0},{"not_picked":[],"picked":"Cold Snap+1","floor":38.0},{"not_picked":[],"picked":"Hologram+1","floor":41},{"not_picked":[],"picked":"Redo","floor":44}],"player_experience":718097,"relics_obtained":[{"floor":7.0,"key":"Art of War"},{"floor":9.0,"key":"Carrot"},{"floor":26.0,"key":"Potion Belt"},{"floor":29.0,"key":"jedi:laserpointer"},{"floor":41,"key":"StuffTheSpire:Mouthbags"},{"floor":43,"key":"StSpp:Monolith"}],"event_choices":[{"damage_healed":0.0,"max_hp_gain":0.0,"max_hp_loss":0.0,"gold_gain":0.0,"event_name":"SensoryStone","player_choice":"Memory 1","floor":37.0,"gold_loss":0.0,"damage_taken":0.0}],"is_beta":false,"boss_relics":[{"not_picked":["Honey Jar","Empty Cage"],"picked":"SlaversCollar"},{"not_picked":["aspiration:SilentSkillbook","energizedSpire:SpiderWeb"],"picked":"Busted Crown"}],"items_purged_floors":[],"is_endless":false,"potions_floor_spawned":[4,7,16,24,25,29,35,36,44],"killed_by":"Writhing Mass","ascension_level":18}}