{"host":"vyjryxuuuxkt43k4","time":1612019499,"event":{"mods":["AchievementEnabler","BaseMod","Colored Map","DeckTracker","Keyboard Shortcuts","Minty Spire (QoL Compilation)","Permanent Neow","Quick Restart","Rare Cards Sparkle","StSLib","SuperFastMode","everything is the same but u backflip on backflip"],"gold_per_floor":[110,124,134,10,10,40,40,104,104,116,141,157,180,180,180,305,305,330,330,343,55,55,55,86,86,110,122,155,167,167,178,178,278,278,291,291,304,22,22,54,54,79,79,93,93,106,123,157,157,157,157,157,21,50,50],"floor_reached":56,"language":"KOR","playtime":3000,"items_purged":["Strike_P","Strike_P","Defend_P"],"score":1751,"play_id":"fc7db773-0626-4233-a163-c43fc60cdfa2","local_time":"20210131001139","is_ascension_mode":true,"campfire_choices":[{"data":"Eruption","floor":7.0,"key":"SMITH"},{"data":"Halt","floor":15.0,"key":"SMITH"},{"data":"Adaptation","floor":23.0,"key":"SMITH"},{"data":"DevaForm","floor":25.0,"key":"SMITH"},{"data":"Adaptation","floor":30.0,"key":"SMITH"},{"data":"Tantrum","floor":32.0,"key":"SMITH"},{"floor":41.0,"key":"RECALL"},{"data":"Establishment","floor":45.0,"key":"SMITH"},{"data":"Blasphemy","floor":49.0,"key":"SMITH"},{"data":"Madness","floor":52.0,"key":"SMITH"}],"circlet_count":0,"master_deck":["Strike_P+1","Strike_P+1","Defend_P+1","Defend_P+1","Defend_P+1","Eruption+1","Vigilance+1","LessonLearned","FollowUp","FearNoEvil+1","Halt+1","EmptyFist+1","CutThroughFate+1","Consecrate+1","FlurryOfBlows","Scrawl+1","FlurryOfBlows+1","Adaptation+1","Crescendo+1","DevaForm+1","TalkToTheHand+1","Adaptation+1","Tantrum+1","Establishment+1","Meditate+1","Madness+1","Madness","PathToVictory+1","Prostrate+1","Blasphemy+1","Indignation+1","MentalFortress","Ragnarok+1","ClearTheMind+1"],"relics":["PureWater","InkBottle","Mercury Hourglass","Pear","Question Card","Odd Mushroom","Bloody Idol","Philosopher\u0027s Stone","Membership Card","Vajra","Matryoshka","Orichalcum","Bird Faced Urn","SlaversCollar","Incense Burner","Medical Kit","Bag of Preparation","Juzu Bracelet","Strawberry","Letter Opener","War Paint","Anchor"],"acts_visited":["Exordium","TheCity","TheBeyond","TheEnding"],"potions_floor_usage":[55,55,55],"damage_taken":[{"damage":5.0,"enemies":"2 Louse","floor":1.0,"turns":3.0},{"damage":2.0,"enemies":"Jaw Worm","floor":2.0,"turns":3.0},{"damage":0.0,"enemies":"Small Slimes","floor":3.0,"turns":3.0},{"damage":22.0,"enemies":"Lagavulin","floor":6.0,"turns":7.0},{"damage":5.0,"enemies":"3 Sentries","floor":8.0,"turns":5.0},{"damage":0.0,"enemies":"2 Fungi Beasts","floor":10.0,"turns":2.0},{"damage":6.0,"enemies":"Gremlin Nob","floor":11.0,"turns":3.0},{"damage":0.0,"enemies":"Large Slime","floor":12.0,"turns":2.0},{"damage":0.0,"enemies":"The Mushroom Lair","floor":13.0,"turns":2.0},{"damage":0.0,"enemies":"Slime Boss","floor":16.0,"turns":4.0},{"damage":0.0,"enemies":"Spheric Guardian","floor":18.0,"turns":2.0},{"damage":1.0,"enemies":"Shell Parasite","floor":20.0,"turns":3.0},{"damage":0.0,"enemies":"Gremlin Leader","floor":24.0,"turns":4.0},{"damage":1.0,"enemies":"3 Cultists","floor":27.0,"turns":3.0},{"damage":31.0,"enemies":"Slavers","floor":28.0,"turns":3.0},{"damage":0.0,"enemies":"Snake Plant","floor":29.0,"turns":2.0},{"damage":0.0,"enemies":"Shelled Parasite and Fungi","floor":31.0,"turns":2.0},{"damage":0.0,"enemies":"Collector","floor":33.0,"turns":3.0},{"damage":0.0,"enemies":"3 Darklings","floor":35.0,"turns":3.0},{"damage":4.0,"enemies":"3 Shapes","floor":37.0,"turns":2.0},{"damage":28.0,"enemies":"Giant Head","floor":40.0,"turns":6.0},{"damage":0.0,"enemies":"Reptomancer","floor":42.0,"turns":3.0},{"damage":1.0,"enemies":"Transient","floor":44.0,"turns":5.0},{"damage":20.0,"enemies":"Spire Growth","floor":46.0,"turns":3.0},{"damage":6.0,"enemies":"Sphere and 2 Shapes","floor":47.0,"turns":3.0},{"damage":0.0,"enemies":"Giant Head","floor":48.0,"turns":4.0},{"damage":63.0,"enemies":"Time Eater","floor":50.0,"turns":8.0},{"damage":11.0,"enemies":"Shield and Spear","floor":54.0,"turns":3.0},{"damage":65,"enemies":"The Heart","floor":55,"turns":6}],"seed_played":"-5775143428828973250","potions_obtained":[{"floor":2.0,"key":"Block Potion"},{"floor":6.0,"key":"PowerPotion"},{"floor":8.0,"key":"SmokeBomb"},{"floor":24.0,"key":"Fruit Juice"},{"floor":27.0,"key":"Regen Potion"},{"floor":28.0,"key":"DistilledChaos"},{"floor":29.0,"key":"Fire Potion"},{"floor":37.0,"key":"Weak Potion"},{"floor":42.0,"key":"AttackPotion"},{"floor":46.0,"key":"Swift Potion"},{"floor":47.0,"key":"SteroidPotion"}],"is_trial":false,"path_per_floor":["M","M","M","$","?","E","R","?","T","M","E","M","?","?","R","B",null,"M","?","M","$","?","R","E","R","T","M","E","M","R","M","R","B",null,"M","?","M","$","?","E","R","E","T","M","R","M","M","E","R","B",null,"R","$","E","B",null],"character_chosen":"WATCHER","items_purchased":["BottledMiracle","Membership Card","Vajra","Crescendo","Incense Burner","Medical Kit","MentalFortress","SkillPotion","AttackPotion","Ragnarok"],"campfire_rested":0,"item_purchase_floors":[4,21,21,21,38,38,53,53,53,53],"current_hp_per_floor":[60,58,58,58,63,41,41,36,46,46,40,40,40,40,40,40,66,66,66,70,70,70,70,79,79,79,79,57,64,64,73,73,79,79,79,79,79,79,69,54,54,67,74,86,86,77,82,86,86,29,72,72,72,72,15],"gold":50,"neow_bonus":"THREE_RARE_CARDS","is_daily":false,"chose_seed":false,"campfire_upgraded":9,"win_rate":0.0,"timestamp":1612019499,"path_taken":["M","M","M","$","?","E","R","?","T","M","E","M","?","?","R","BOSS","M","?","M","$","?","R","E","R","T","M","E","M","R","?","R","BOSS","M","?","M","$","?","E","R","E","T","M","R","M","M","E","R","BOSS","R","$","E","BOSS"],"items_purchased_type":["Potion","Relic","Relic","Card","Relic","Relic","Card","Potion","Potion","Card"],"build_version":"2020-12-22","purchased_purges":3,"victory":true,"max_hp_per_floor":[65,65,65,65,70,70,70,70,80,80,80,80,80,74,74,74,74,74,74,74,74,74,74,79,79,79,79,79,79,79,79,79,79,79,79,79,79,79,79,79,79,79,86,86,86,86,86,86,86,86,86,86,86,86,86],"card_choices":[{"not_picked":["DevaForm","Judgement"],"picked":"LessonLearned","floor":0.0},{"not_picked":["Consecrate","Protect"],"picked":"FollowUp","floor":1.0},{"not_picked":["ClearTheMind","JustLucky"],"picked":"FearNoEvil","floor":2.0},{"not_picked":["BattleHymn","WindmillStrike"],"picked":"Halt","floor":3.0},{"not_picked":["Alpha","Swivel","EmptyFist"],"picked":"SKIP","floor":6.0},{"not_picked":["Alpha","Swivel"],"picked":"EmptyFist","floor":6.0},{"not_picked":["Crescendo","WindmillStrike","Swivel"],"picked":"SKIP","floor":10.0},{"not_picked":["CarveReality","Worship"],"picked":"CutThroughFate","floor":11.0},{"not_picked":["Crescendo","ReachHeaven","EmptyFist"],"picked":"Consecrate","floor":12.0},{"not_picked":["Wallop","EmptyFist","Prostrate"],"picked":"FlurryOfBlows","floor":13.0},{"not_picked":["DeusExMachina","LessonLearned","Establishment"],"picked":"Scrawl","floor":16.0},{"not_picked":["LikeWater","SashWhip","Study"],"picked":"FlurryOfBlows+1","floor":18.0},{"not_picked":["WheelKick","Conclude+1","Indignation"],"picked":"Adaptation","floor":20.0},{"not_picked":["Study+1","Halt","CrushJoints"],"picked":"TalkToTheHand+1","floor":24.0},{"not_picked":["CrushJoints","Prostrate","FollowUp+1","FlurryOfBlows+1"],"picked":"SKIP","floor":27.0},{"not_picked":["FollowUp","JustLucky","FlurryOfBlows","SandsOfTime"],"picked":"SKIP","floor":28.0},{"not_picked":["EmptyBody","Tantrum+1","Study"],"picked":"Adaptation","floor":29.0},{"not_picked":["ThirdEye","PathToVictory+1","Wallop+1"],"picked":"Tantrum","floor":31.0},{"not_picked":["MasterReality","LessonLearned","DevaForm"],"picked":"Establishment","floor":33.0},{"not_picked":["Fasting2+1","BowlingBash+1","SashWhip"],"picked":"Meditate+1","floor":35.0},{"not_picked":["Study","FlyingSleeves+1","WaveOfTheHand","JustLucky+1"],"picked":"SKIP","floor":37.0},{"not_picked":["JustLucky+1","FlyingSleeves+1","CutThroughFate","EmptyFist+1"],"picked":"SKIP","floor":40.0},{"not_picked":["Wallop","CarveReality+1","Crescendo"],"picked":"PathToVictory+1","floor":42.0},{"not_picked":["EmptyMind","CutThroughFate","Evaluate","CarveReality+1"],"picked":"SKIP","floor":44.0},{"not_picked":["Adaptation+1","ClearTheMind","Consecrate"],"picked":"Prostrate+1","floor":46.0},{"not_picked":["EmptyBody+1","BowlingBash","Indignation"],"picked":"Blasphemy","floor":47.0},{"not_picked":["Adaptation+1","Meditate","Protect+1"],"picked":"Indignation+1","floor":48.0},{"not_picked":["SashWhip+1","Evaluate+1","Adaptation+1"],"picked":"ClearTheMind+1","floor":54.0}],"player_experience":522011,"relics_obtained":[{"floor":6.0,"key":"InkBottle"},{"floor":8.0,"key":"Mercury Hourglass"},{"floor":9.0,"key":"Pear"},{"floor":11.0,"key":"Question Card"},{"floor":13.0,"key":"Odd Mushroom"},{"floor":24.0,"key":"Matryoshka"},{"floor":26.0,"key":"Orichalcum"},{"floor":28.0,"key":"Bird Faced Urn"},{"floor":40.0,"key":"Bag of Preparation"},{"floor":42.0,"key":"Juzu Bracelet"},{"floor":43.0,"key":"Strawberry"},{"floor":43.0,"key":"Letter Opener"},{"floor":48.0,"key":"War Paint"},{"floor":54.0,"key":"Anchor"}],"event_choices":[{"damage_healed":0.0,"max_hp_gain":5.0,"max_hp_loss":0.0,"gold_gain":0.0,"event_name":"Big Fish","player_choice":"Donut","floor":5.0,"gold_loss":0.0,"damage_taken":0.0},{"damage_healed":0.0,"max_hp_gain":0.0,"max_hp_loss":0.0,"gold_gain":30.0,"event_name":"Dead Adventurer","player_choice":"Searched \u00272\u0027 times","floor":8.0,"gold_loss":0.0,"damage_taken":0.0},{"damage_healed":0.0,"max_hp_gain":0.0,"max_hp_loss":0.0,"gold_gain":0.0,"event_name":"Mushrooms","player_choice":"Fought Mushrooms","floor":13.0,"gold_loss":0.0,"damage_taken":0.0},{"damage_healed":0.0,"max_hp_gain":0.0,"max_hp_loss":6.0,"gold_gain":0.0,"event_name":"Golden Idol","player_choice":"Lose Max HP","floor":14.0,"gold_loss":0.0,"damage_taken":0.0,"relics_obtained":["Golden Idol"]},{"damage_healed":0.0,"max_hp_gain":0.0,"max_hp_loss":0.0,"gold_gain":0.0,"event_name":"Forgotten Altar","player_choice":"Gave Idol","floor":19.0,"relics_lost":["Golden Idol"],"gold_loss":0.0,"damage_taken":0.0,"relics_obtained":["Bloody Idol"]},{"damage_healed":0.0,"max_hp_gain":0.0,"max_hp_loss":0.0,"gold_gain":0.0,"event_name":"Match and Keep!","player_choice":"1 cards matched","floor":22.0,"gold_loss":0.0,"damage_taken":0.0,"cards_obtained":["DevaForm"]},{"damage_healed":0.0,"max_hp_gain":0.0,"max_hp_loss":0.0,"gold_gain":0.0,"event_name":"Tomb of Lord Red Mask","player_choice":"Ignored","floor":36.0,"gold_loss":0.0,"damage_taken":0.0},{"damage_healed":0.0,"max_hp_gain":0.0,"max_hp_loss":0.0,"gold_gain":0.0,"event_name":"Winding Halls","player_choice":"Embrace Madness","floor":39.0,"gold_loss":0.0,"damage_taken":10.0,"cards_obtained":["Madness","Madness"]}],"is_beta":false,"boss_relics":[{"not_picked":["Coffee Dripper","Runic Dome"],"picked":"Philosopher\u0027s Stone"},{"not_picked":["HolyWater","Empty Cage"],"picked":"SlaversCollar"}],"items_purged_floors":[4,21,38],"is_endless":false,"potions_floor_spawned":[2,6,8,11,16,24,27,28,29,37,42,46,47],"ascension_level":6}}