{"host":"6xsbn6ynqlzwllfm","time":1612002514,"event":{"mods":["2.2 Compatiblity","BaseMod","Bestiary","Colored Map","Colored Powertips","Curses Come First","Highlight Path","Keyboard Shortcuts","Minty Spire (QoL Compilation)","Relic Stats","Slay the Relics Exporter","StSLib","SuperFastMode"],"gold_per_floor":[115,115,131,131,145,145,145],"floor_reached":6,"language":"ENG","playtime":149,"items_purged":[],"score":72,"play_id":"e8c92c72-7455-4ef1-8435-124688703799","local_time":"20210130052834","is_ascension_mode":true,"campfire_choices":[],"circlet_count":0,"master_deck":["AscendersBane","Strike_P","Strike_P","Strike_P","Defend_P","Defend_P","Defend_P","Defend_P","Eruption","Vigilance","TalkToTheHand","FearNoEvil","JustLucky"],"relics":["PureWater","Omamori","White Beast Statue"],"acts_visited":["Exordium"],"potions_floor_usage":[],"damage_taken":[{"damage":3,"enemies":"2 Louse","floor":1,"turns":3},{"damage":15,"enemies":"Jaw Worm","floor":3,"turns":5},{"damage":5,"enemies":"Small Slimes","floor":5,"turns":4},{"damage":69,"enemies":"Gremlin Nob","floor":6,"turns":3}],"seed_played":"3209170988548969119","potions_obtained":[{"floor":3,"key":"PowerPotion"},{"floor":5,"key":"Energy Potion"}],"is_trial":false,"path_per_floor":["M","?","M","T","M","E"],"character_chosen":"WATCHER","items_purchased":[],"campfire_rested":0,"item_purchase_floors":[],"current_hp_per_floor":[58,51,36,36,31,0,0],"gold":145,"neow_bonus":"RANDOM_COMMON_RELIC","is_daily":false,"chose_seed":false,"campfire_upgraded":0,"win_rate":0.0,"timestamp":1612002514,"path_taken":["M","?","M","?","M","E"],"items_purchased_type":[],"build_version":"2020-12-22","purchased_purges":0,"victory":false,"max_hp_per_floor":[68,68,68,68,68,68,68],"relic_stats":{"counters":[4,15],"obtain_stats":[{"Omamori":0,"PureWater":0,"White Beast Statue":4},{"Omamori":0,"PureWater":0,"White Beast Statue":2},{"Omamori":0,"PureWater":0,"White Beast Statue":8}]},"card_choices":[{"not_picked":["ClearTheMind","Crescendo"],"picked":"TalkToTheHand","floor":1},{"not_picked":["Meditate","Evaluate"],"picked":"FearNoEvil","floor":3},{"not_picked":["ClearTheMind","ThirdEye"],"picked":"JustLucky","floor":5}],"player_experience":1270280,"relics_obtained":[{"floor":4,"key":"White Beast Statue"}],"event_choices":[{"cards_removed":["Strike_P"],"damage_healed":0,"gold_gain":0,"player_choice":"Card Removal","damage_taken":7,"max_hp_gain":0,"max_hp_loss":0,"event_name":"Golden Wing","floor":2,"gold_loss":0}],"is_beta":false,"boss_relics":[],"items_purged_floors":[],"is_endless":false,"potions_floor_spawned":[3,5],"killed_by":"Gremlin Nob","ascension_level":20}}