{"host":"m4qpn8a4h7jhbw2f","time":1612033815,"event":{"mods":["BaseMod","Colored Map","Colored Powertips","Minty Spire (QoL Compilation)","Rare Cards Sparkle","Relic Stats"],"gold_per_floor":[111,130,146,160,180,213,213,213,213,213,242,242,37,47,47,146,146,157,172,172,17,36,70,70,85,162,162,187,4,4,18,18,114,114,133,147,147,47,67,67,67],"floor_reached":40,"language":"ENG","playtime":2736,"items_purged":["Defend_R","Strike_R"],"score":482,"play_id":"00b78067-2be8-449e-a038-454deff0d1b4","local_time":"20210130141015","is_ascension_mode":true,"campfire_choices":[{"data":"Inflame","floor":8,"key":"SMITH"},{"data":"Shockwave","floor":10,"key":"SMITH"},{"floor":15,"key":"REST"},{"data":"Madness","floor":24,"key":"SMITH"},{"data":"Brutality","floor":32,"key":"SMITH"}],"circlet_count":0,"master_deck":["Strike_R","Strike_R","Strike_R","Strike_R","Defend_R","Defend_R","Infernal Blade+1","Dropkick","Inflame+1","Perfected Strike","Shockwave+1","Limit Break","Pommel Strike","Madness+1","Twin Strike","Brutality+1","Anger+1","Spot Weakness+1","Shrug It Off+1","Metallicize","Cleave","Metallicize","Combust","Seeing Red+1","Limit Break","Combust+1","Iron Wave+1"],"relics":["Black Blood","Juzu Bracelet","White Beast Statue","Blood Vial","Orichalcum","WingedGreaves","Mercury Hourglass","Kunai","DollysMirror","Black Star"],"acts_visited":["Exordium","TheCity","TheBeyond"],"potions_floor_usage":[2,6,6,6,16,18,18,22,23,23,23,25,28,31,33,33,35,35,39,40],"damage_taken":[{"damage":9,"enemies":"Jaw Worm","floor":1,"turns":6},{"damage":5,"enemies":"Cultist","floor":2,"turns":5},{"damage":11,"enemies":"Small Slimes","floor":3,"turns":3},{"damage":18,"enemies":"3 Louse","floor":4,"turns":4},{"damage":21,"enemies":"Exordium Thugs","floor":5,"turns":4},{"damage":17,"enemies":"Lagavulin","floor":6,"turns":6},{"damage":31,"enemies":"3 Sentries","floor":11,"turns":5},{"damage":10,"enemies":"Gremlin Gang","floor":14,"turns":4},{"damage":32,"enemies":"The Guardian","floor":16,"turns":7},{"damage":12,"enemies":"Shell Parasite","floor":18,"turns":3},{"damage":9,"enemies":"Chosen","floor":19,"turns":3},{"damage":25,"enemies":"Snake Plant","floor":22,"turns":3},{"damage":23,"enemies":"Gremlin Leader","floor":23,"turns":4},{"damage":22,"enemies":"Sentry and Sphere","floor":25,"turns":4},{"damage":23,"enemies":"Book of Stabbing","floor":28,"turns":5},{"damage":1,"enemies":"Snecko","floor":31,"turns":3},{"damage":54,"enemies":"Automaton","floor":33,"turns":7},{"damage":32,"enemies":"3 Darklings","floor":35,"turns":4},{"damage":7,"enemies":"Orb Walker","floor":36,"turns":3},{"damage":27,"enemies":"Sphere and 2 Shapes","floor":39,"turns":3},{"damage":66,"enemies":"Reptomancer","floor":40,"turns":2}],"seed_played":"78332238332403814","potions_obtained":[{"floor":0,"key":"HeartOfIron"},{"floor":0,"key":"SmokeBomb"},{"floor":0,"key":"Fruit Juice"},{"floor":2,"key":"AttackPotion"},{"floor":5,"key":"BloodPotion"},{"floor":6,"key":"Dexterity Potion"},{"floor":11,"key":"AttackPotion"},{"floor":14,"key":"Fire Potion"},{"floor":16,"key":"HeartOfIron"},{"floor":18,"key":"Dexterity Potion"},{"floor":19,"key":"EssenceOfSteel"},{"floor":22,"key":"Dexterity Potion"},{"floor":23,"key":"Fire Potion"},{"floor":25,"key":"Strength Potion"},{"floor":28,"key":"DistilledChaos"},{"floor":30,"key":"CultistPotion"},{"floor":30,"key":"EssenceOfSteel"},{"floor":31,"key":"Dexterity Potion"},{"floor":33,"key":"BlessingOfTheForge"},{"floor":35,"key":"Fire Potion"},{"floor":36,"key":"GamblersBrew"},{"floor":39,"key":"Strength Potion"}],"is_trial":false,"path_per_floor":["M","M","M","M","M","E","?","R","T","R","E","?","$","M","R","B",null,"M","M","?","$","M","E","R","M","T","?","E","$","?","M","R","B",null,"M","M","?","$","M","E"],"character_chosen":"IRONCLAD","items_purchased":["Pommel Strike","Madness","Orichalcum","DollysMirror","Combust"],"campfire_rested":1,"item_purchase_floors":[13,13,21,29,29],"current_hp_per_floor":[77,83,78,66,51,57,57,57,57,57,32,25,25,23,48,24,85,85,85,85,85,72,63,63,55,55,55,46,46,46,59,59,19,85,65,72,72,72,59,0,0],"gold":67,"neow_bonus":"THREE_SMALL_POTIONS","is_daily":false,"chose_seed":false,"campfire_upgraded":4,"win_rate":0.0,"timestamp":1612033815,"path_taken":["M","M","M","M","M","E","?","R","T","R","E","?","$","M","R","BOSS","M","M","?","$","M","E","R","M","T","?","E","$","?","M","R","BOSS","M","M","?","$","M","E"],"items_purchased_type":["Card","Card","Relic","Relic","Card"],"build_version":"2020-12-22","purchased_purges":2,"victory":false,"max_hp_per_floor":[80,85,85,85,85,85,85,85,85,85,85,85,85,85,85,85,85,85,85,85,85,85,85,85,85,85,85,85,85,85,85,85,85,85,85,85,85,85,85,85,85],"relic_stats":{"Blood Vial":20,"counters":[21,88],"Black Blood":183,"Juzu Bracelet":3,"Black Star":0,"Kunai":[6],"Orichalcum":[138],"obtain_stats":[{"Blood Vial":11,"DollysMirror":29,"Black Blood":17,"WingedGreaves":23,"Juzu Bracelet":6,"Black Star":34,"Kunai":28,"Orichalcum":21,"Burning Blood":0,"White Beast Statue":9,"Mercury Hourglass":26},{"Blood Vial":7,"DollysMirror":15,"Black Blood":9,"WingedGreaves":13,"Juzu Bracelet":6,"Black Star":17,"Kunai":15,"Orichalcum":11,"Burning Blood":0,"White Beast Statue":6,"Mercury Hourglass":14},{"Blood Vial":33,"DollysMirror":66,"Black Blood":44,"WingedGreaves":57,"Juzu Bracelet":28,"Black Star":76,"Kunai":66,"Orichalcum":50,"Burning Blood":0,"White Beast Statue":28,"Mercury Hourglass":61}],"Mercury Hourglass":[117]},"card_choices":[{"not_picked":["Battle Trance","True Grit"],"picked":"Infernal Blade","floor":1},{"not_picked":["Headbutt","Sword Boomerang"],"picked":"Dropkick","floor":2},{"not_picked":["Second Wind","Clothesline"],"picked":"Inflame","floor":3},{"not_picked":["Entrench","Iron Wave"],"picked":"Perfected Strike","floor":4},{"not_picked":["True Grit","Headbutt"],"picked":"Shockwave","floor":5},{"not_picked":["Clash","Battle Trance"],"picked":"Demon Form","floor":6},{"not_picked":["Warcry","Pummel"],"picked":"Limit Break","floor":11},{"not_picked":["Fire Breathing","Blood for Blood"],"picked":"Twin Strike","floor":14},{"not_picked":["Juggernaut","Demon Form"],"picked":"Brutality","floor":16},{"not_picked":["Armaments","Evolve"],"picked":"Anger+1","floor":18},{"not_picked":["Entrench+1","Armaments+1"],"picked":"True Grit","floor":19},{"not_picked":["Shrug It Off","Second Wind","Headbutt"],"picked":"SKIP","floor":22},{"not_picked":["Infernal Blade+1","Fire Breathing"],"picked":"Spot Weakness+1","floor":23},{"not_picked":["Searing Blow","Feel No Pain"],"picked":"Shrug It Off+1","floor":25},{"not_picked":["Twin Strike","Perfected Strike"],"picked":"Cleave","floor":28},{"not_picked":["Clash","Warcry"],"picked":"Seeing Red+1","floor":31},{"not_picked":["Impervious","Immolate"],"picked":"Limit Break","floor":33},{"not_picked":["Dark Embrace+1","Carnage","Anger"],"picked":"SKIP","floor":35},{"not_picked":["Carnage+1","Uppercut"],"picked":"Combust+1","floor":36},{"not_picked":["Armaments","Whirlwind+1"],"picked":"Iron Wave+1","floor":39}],"player_experience":166843,"relics_obtained":[{"floor":6,"key":"Juzu Bracelet"},{"floor":9,"key":"White Beast Statue"},{"floor":11,"key":"Blood Vial"},{"floor":23,"key":"WingedGreaves"},{"floor":26,"key":"Mercury Hourglass"},{"floor":28,"key":"Kunai"}],"event_choices":[{"damage_healed":0,"gold_gain":0,"player_choice":"Upgraded","damage_taken":0,"max_hp_gain":0,"max_hp_loss":0,"event_name":"Upgrade Shrine","floor":7,"gold_loss":0,"cards_upgraded":["Infernal Blade"]},{"cards_removed":["Defend_R"],"damage_healed":0,"gold_gain":0,"player_choice":"Card Removal","damage_taken":7,"max_hp_gain":0,"max_hp_loss":0,"event_name":"Golden Wing","floor":12,"gold_loss":0},{"cards_removed":["Bash"],"damage_healed":0,"gold_gain":0,"player_choice":"Elegance","damage_taken":0,"max_hp_gain":0,"max_hp_loss":0,"event_name":"Back to Basics","floor":20,"gold_loss":0},{"damage_healed":0,"gold_gain":0,"cards_transformed":["True Grit"],"player_choice":"Transformed","damage_taken":0,"max_hp_gain":0,"max_hp_loss":0,"event_name":"Transmorgrifier","floor":27,"gold_loss":0,"cards_obtained":["Metallicize"]},{"damage_healed":0,"gold_gain":0,"player_choice":"Got Potions","damage_taken":0,"max_hp_gain":0,"max_hp_loss":0,"event_name":"Lab","floor":30,"gold_loss":0},{"cards_removed":["Demon Form"],"damage_healed":0,"gold_gain":0,"player_choice":"Removed Power","damage_taken":0,"max_hp_gain":0,"max_hp_loss":0,"event_name":"Falling","floor":37,"gold_loss":0}],"is_beta":false,"boss_relics":[{"not_picked":["Busted Crown","Runic Pyramid"],"picked":"Black Blood"},{"not_picked":["Fusion Hammer","Runic Cube"],"picked":"Black Star"}],"items_purged_floors":[13,38],"is_endless":false,"potions_floor_spawned":[2,5,6,11,14,16,18,19,22,23,25,28,31,33,35,36,39],"killed_by":"Reptomancer","ascension_level":2}}