{"host":"u21q392b5xaj11fl","time":1612050471,"event":{"mods":["2.2 Compatiblity","Bard","BaseMod","Better Note","Colored Map","Colored Powertips","Conspire","Custom Start","Downfall","Faster Ascension Climbing","GifTheSpireLib","Gremlin Skip","Highlight Path","Hubris","Infinite Spire","Mad Scientist","Marisa????????","Mimic Mod","Minty Spire (QoL Compilation)","Monster B Gone","Permanent Neow","Potionbrewer","Quick Restart","READ ME - Guardian Mod","Relic Sorter","Replay The Spire","Shop Mod","Somnambulant","StSLib","Stuff the Spire","SuperFastMode","The Construct","The Disciple","The Servant 0.9.4"],"gold_per_floor":[112,132,132,147,159,194,194,194,194],"floor_reached":8,"language":"ENG","playtime":888,"items_purged":[],"score":96,"play_id":"5de1040f-b942-4d7a-b895-08759d5377de","local_time":"20210130174751","is_ascension_mode":true,"campfire_choices":[{"floor":7.0,"key":"REST"}],"circlet_count":0,"master_deck":["AscendersBane","somnambulantmod: SomnambulantStrike","somnambulantmod: SomnambulantStrike+1","somnambulantmod: SomnambulantStrike","somnambulantmod: SomnambulantStrike","somnambulantmod: Defend_Somnambulant","somnambulantmod: Defend_Somnambulant","somnambulantmod: Defend_Somnambulant","somnambulantmod: Defend_Somnambulant","somnambulantmod: Defend_Somnambulant","somnambulantmod: QuickNap","somnambulantmod: PrimingPunch+1","somnambulantmod: MindWave","somnambulantmod: HeadSmack","somnambulantmod: Repression","somnambulantmod: UnthoughtKnown"],"relics":["somnambulantmod: DreamJournal","Juzu Bracelet"],"acts_visited":["Exordium"],"potions_floor_usage":[8],"damage_taken":[{"damage":6.0,"enemies":"conspire:RoseBush","floor":1.0,"turns":4.0},{"damage":2.0,"enemies":"Cultist","floor":2.0,"turns":4.0},{"damage":4.0,"enemies":"Jaw Worm","floor":4.0,"turns":3.0},{"damage":3.0,"enemies":"Exordium Wildlife","floor":5.0,"turns":4.0},{"damage":36.0,"enemies":"3 Sentries","floor":6.0,"turns":11.0},{"damage":36,"enemies":"Gremlin Nob","floor":8,"turns":4}],"seed_played":"3462652119539938709","potions_obtained":[{"floor":2.0,"key":"BlessingOfTheForge"},{"floor":5.0,"key":"Dexterity Potion"}],"is_trial":false,"path_per_floor":["M","M","?","M","M","E","R","E"],"character_chosen":"THE_SOMNAMBULANT","items_purchased":[],"campfire_rested":1,"item_purchase_floors":[],"current_hp_per_floor":[57,55,55,51,48,12,35,0,0],"gold":194,"neow_bonus":"UPGRADE_CARD","is_daily":false,"chose_seed":false,"campfire_upgraded":0,"win_rate":0.0,"timestamp":1612050471,"path_taken":["M","M","?","M","?","E","R","E"],"items_purchased_type":[],"build_version":"2020-12-22","purchased_purges":0,"victory":false,"max_hp_per_floor":[70,70,70,70,70,70,72,72,72],"card_choices":[{"not_picked":["somnambulantmod: AllForNothing","somnambulantmod: Stumble"],"picked":"somnambulantmod: MindWave","floor":1.0},{"not_picked":["somnambulantmod: LayeredDefense","somnambulantmod: Blink"],"picked":"somnambulantmod: HeadSmack","floor":2.0},{"not_picked":["somnambulantmod: LeechFears","somnambulantmod: Refracture"],"picked":"somnambulantmod: Repression","floor":4.0},{"not_picked":["somnambulantmod: Unknow","somnambulantmod: RecurringDream"],"picked":"somnambulantmod: UnthoughtKnown","floor":5.0},{"not_picked":["somnambulantmod: BrainFeeder","somnambulantmod: Overshare","somnambulantmod: RecurringDream"],"picked":"SKIP","floor":6.0}],"player_experience":203217,"relics_obtained":[{"floor":6.0,"key":"Juzu Bracelet"}],"event_choices":[{"cards_removed":["somnambulantmod: SomnambulantStrike"],"damage_healed":0.0,"max_hp_gain":0.0,"max_hp_loss":0.0,"gold_gain":0.0,"event_name":"Bonfire Elementals","player_choice":"Offered Basic","floor":3.0,"gold_loss":0.0,"damage_taken":0.0}],"is_beta":false,"boss_relics":[],"items_purged_floors":[],"is_endless":false,"potions_floor_spawned":[2,5],"killed_by":"Gremlin Nob","ascension_level":13}}