{"host":"fanbhphodrg87rgt","time":1612045355,"event":{"mods":["Astrologer","BaseMod","Colored Powertips","Fiend Mod","Friendly Minions","Infinite Spire","Marisa????????","Minty Spire (QoL Compilation)","Replay The Spire","StSLib","Td1madao Mod","The Administrix","The Hierophant","The Mystic","The Servant 0.9.4"],"gold_per_floor":[115,130,55,55,5,28,58,58,58,58,77,112,112,126,126,232,232,246,246,259,259,276,310,310,310,357,209,230,266,266,60,60,119,119,138,138,138,138,15,44,63,91,91,105,105,143,160,213,213,213],"floor_reached":51,"language":"ENG","playtime":7178,"items_purged":["mysticmod:HeavyStrike","hierophant:Zeal"],"score":1051,"play_id":"a03d52b4-8062-48db-8e8b-30c3f3677538","local_time":"20210130232235","daily_mods":["Draft"],"is_ascension_mode":true,"campfire_choices":[{"data":"Im Angry","floor":10,"key":"SMITH"},{"data":"Cooling Song","floor":13,"key":"SMITH"},{"data":"New Defend Magic","floor":15,"key":"SMITH"},{"data":"astrologer:Still","floor":25,"key":"SMITH"},{"data":"OneTimeOff","floor":32,"key":"SMITH"},{"data":"FastForward","floor":45,"key":"SMITH"},{"data":"AsteroidBelt","floor":49,"key":"SMITH"}],"circlet_count":0,"master_deck":["Cooling Song+1","FastForward+1","AdministrixMod:ShadowPlay","New Defend Magic+1","Gouge+1","hierophant:OrnateBuckler","mysticmod:Sideswipe+1","AsteroidBelt+1","AdministrixMod:SyncreticSurge","Sudden Beat+1","Acceleration","OneTimeOff+1","Im Angry+1","Luminosity+1","astrologer:Still+1","Here Defend Chip+1","StarChef+1","BottledTime","MillisecondPulsars+1"],"relics":["Apod","Ring of Chaos","Whetstone","Frozen Egg 2","infinitespire:Bottled Soul","MutagenicStrength","FossilizedHelix","ReplayTheSpireMod:TigerMarble","The Courier","infinitespire:WardingShard","SlaversCollar","Replay:Baseball","Replay:PocketPolymizer","Iron Hammer","Bottled Flame","Akabeko"],"acts_visited":["Exordium","TheCity","TheBeyond"],"potions_floor_usage":[22,23,29,29],"damage_taken":[{"damage":0,"enemies":"Cultist","floor":1,"turns":3},{"damage":0,"enemies":"Jaw Worm","floor":2,"turns":3},{"damage":0,"enemies":"2 Louse","floor":6,"turns":2},{"damage":13,"enemies":"3 Sentries","floor":7,"turns":16},{"damage":5,"enemies":"Blue Slaver","floor":11,"turns":3},{"damage":13,"enemies":"Replay:BlueRogue","floor":12,"turns":5},{"damage":0,"enemies":"Looter","floor":14,"turns":3},{"damage":20,"enemies":"Slime Boss","floor":16,"turns":16},{"damage":0,"enemies":"Spheric Guardian","floor":18,"turns":5},{"damage":0,"enemies":"3 Byrds","floor":20,"turns":9},{"damage":2,"enemies":"Cultist and Chosen","floor":22,"turns":5},{"damage":32,"enemies":"Gremlin Leader","floor":23,"turns":11},{"damage":0,"enemies":"Snecko","floor":28,"turns":5},{"damage":0,"enemies":"Book of Stabbing","floor":29,"turns":7},{"damage":0,"enemies":"Automaton","floor":33,"turns":8},{"damage":0,"enemies":"3 Darklings","floor":35,"turns":8},{"damage":0,"enemies":"Nemesis","floor":40,"turns":7},{"damage":0,"enemies":"Orb Walker","floor":41,"turns":4},{"damage":9,"enemies":"Nightmare","floor":42,"turns":8},{"damage":0,"enemies":"Maw","floor":44,"turns":8},{"damage":0,"enemies":"Reptomancer","floor":46,"turns":7},{"damage":0,"enemies":"Transient","floor":47,"turns":5},{"damage":0,"enemies":"Mind Bloom Boss Battle","floor":48,"turns":6},{"damage":0,"enemies":"Awakened One","floor":50,"turns":13}],"seed_played":"-8595543610922904299","potions_obtained":[{"floor":1,"key":"PowerPotion"},{"floor":2,"key":"FearPotion"},{"floor":6,"key":"Fire Potion"},{"floor":22,"key":"Energy Potion"},{"floor":28,"key":"Block Potion"},{"floor":29,"key":"Regen Potion"},{"floor":42,"key":"Languid Potion"}],"is_trial":true,"path_per_floor":["M","M","$","?","?","M","E","?","T","R","M","E","R","M","R","B",null,"M","?","M","?","M","E","?","R","T","$","M","E","?","$","R","B",null,"M","?","?","?","$","E","M","NM","T","M","R","E","M","?","R","B",null],"character_chosen":"TD1MADAO_CLASS","items_purchased":["Here Defend Chip+1","infinitespire:WardingShard","Replay:Baseball"],"campfire_rested":0,"item_purchase_floors":[27,31,39],"current_hp_per_floor":[70,70,70,70,70,70,57,57,57,57,52,39,39,39,39,19,70,70,70,70,70,68,36,36,36,36,36,36,36,36,36,36,36,70,70,70,70,70,70,70,70,61,61,61,61,65,65,65,65,65],"gold":213,"neow_bonus":"","is_daily":false,"chose_seed":false,"campfire_upgraded":7,"win_rate":0.0,"timestamp":1612045355,"path_taken":["M","M","$","?","?","M","E","?","T","R","M","E","R","M","R","BOSS","M","?","M","?","?","E","?","R","T","$","M","E","?","?","R","BOSS","M","?","?","?","$","E","?","NM","T","M","R","E","M","?","R","BOSS"],"items_purchased_type":["Card","Relic","Relic"],"build_version":"2020-12-22","purchased_purges":2,"victory":true,"max_hp_per_floor":[70,70,70,70,70,70,70,70,70,70,70,70,70,70,70,70,70,70,70,70,70,70,70,70,70,70,70,70,70,70,70,70,70,70,70,70,70,70,70,70,70,70,70,70,70,70,70,70,70,70],"card_choices":[{"not_picked":["Moondial","AdministrixMod:RegentEdict"],"picked":"Cooling Song","floor":0},{"not_picked":["hierophant:Purify","AdministrixMod:ImmortalGrace"],"picked":"FastForward","floor":0},{"not_picked":["Sub Weapons","Fiend:FiendSalvage"],"picked":"AdministrixMod:ShadowPlay","floor":0},{"not_picked":["Fiend:FiendBloodPrice","Ricochet"],"picked":"mysticmod:HeavyStrike","floor":0},{"not_picked":["hierophant:AuricBeam","Fixing"],"picked":"New Defend Magic","floor":0},{"not_picked":["mysticmod:LightningBolt","Light Attack"],"picked":"Fiend:FiendGreaterDemonSlash","floor":0},{"not_picked":["Awareness","GravityBeat"],"picked":"Gouge","floor":0},{"not_picked":["Fiend:FiendSliceAndDice","hierophant:Mercenaries"],"picked":"hierophant:Zeal","floor":0},{"not_picked":["hierophant:RustyCrate","LuminesStrike"],"picked":"hierophant:OrnateBuckler","floor":0},{"not_picked":["hierophant:PristineSoul","astrologer:CometStrike"],"picked":"hierophant:MorningPrayer","floor":0},{"not_picked":["mysticmod:Alacrity","hierophant:HolyVerse"],"picked":"mysticmod:Sideswipe","floor":0},{"not_picked":["MoonPhase","hierophant:TollTheBells"],"picked":"AsteroidBelt","floor":0},{"not_picked":["astrologer:FrozenStar","astrologer:SolarFlare"],"picked":"hierophant:DisplayOfPower","floor":0},{"not_picked":["astrologer:Eclipse","astrologer:Stardust"],"picked":"AdministrixMod:SyncreticSurge","floor":0},{"not_picked":["mysticmod:IllusionOfCalm","mysticmod:TomeOfSpells"],"picked":"Sudden Beat","floor":0},{"not_picked":["Fiend:FiendBloodlust","astrologer:CometStrike"],"picked":"Acceleration","floor":1},{"not_picked":["Recovery Mechanism","hierophant:Invocation","mysticmod:TomeOfSpells"],"picked":"SKIP","floor":2},{"not_picked":["astrologer:FrozenStar","Fixing"],"picked":"OneTimeOff","floor":6},{"not_picked":["mysticmod:Daze","Ricochet"],"picked":"Im Angry","floor":7},{"not_picked":["WitchLeyline","astrologer:CometStrike"],"picked":"Luminosity+1","floor":11},{"not_picked":["Winding Magic","mysticmod:Riposte"],"picked":"astrologer:Still","floor":12},{"not_picked":["hierophant:PristineSoul","astrologer:StarOfChange","6A"],"picked":"SKIP","floor":14},{"not_picked":["mysticmod:LightningBolt","mysticmod:Dedication+1","Fiend:FiendInfect+1"],"picked":"SKIP","floor":18},{"not_picked":["mysticmod:Snowball","TimeWarp","Provocative+1"],"picked":"SKIP","floor":20},{"not_picked":["AdministrixMod:SipOfSparks+1","Revamp","hierophant:Endure"],"picked":"SKIP","floor":22},{"not_picked":["Fiend:FiendFiendsGrip","hierophant:ArchangelShield+1","mysticmod:BulkUp+1"],"picked":"SKIP","floor":23},{"not_picked":["astrologer:Stardust+1","mysticmod:CorrosiveTouch+1","Reinforcement Parts"],"picked":"SKIP","floor":28},{"not_picked":["mysticmod:Alacrity+1","Revenge","Machining"],"picked":"SKIP","floor":29},{"not_picked":["LuminesStrike","mysticmod:ObscuringMist","Fiend:FiendRadiation+1"],"picked":"SKIP","floor":35},{"not_picked":["Alleviate+1","astrologer:Moonlight+1","hierophant:AuricShield"],"picked":"SKIP","floor":40},{"not_picked":["hierophant:SealAway+1","astrologer:SolarFlare+1"],"picked":"StarChef+1","floor":41},{"not_picked":["OrrerysSun+1","mysticmod:FloatingDisk","hierophant:Generosity+1"],"picked":"SKIP","floor":42},{"not_picked":["MagicChant","Fiend:FiendSplat+1"],"picked":"BottledTime","floor":44},{"not_picked":["ReturningBlade+1","DC"],"picked":"MillisecondPulsars+1","floor":46},{"not_picked":["Defy+1","Sub Weapons+1","ShootingEcho"],"picked":"SKIP","floor":47}],"player_experience":4802044,"relics_obtained":[{"floor":7,"key":"Whetstone"},{"floor":9,"key":"Frozen Egg 2"},{"floor":12,"key":"infinitespire:Bottled Soul"},{"floor":23,"key":"FossilizedHelix"},{"floor":26,"key":"ReplayTheSpireMod:TigerMarble"},{"floor":29,"key":"The Courier"},{"floor":40,"key":"Replay:PocketPolymizer"},{"floor":42,"key":"Iron Hammer"},{"floor":43,"key":"Bottled Flame"},{"floor":46,"key":"Akabeko"}],"event_choices":[{"cards_removed":["Fiend:FiendGreaterDemonSlash"],"damage_healed":0,"gold_gain":0,"player_choice":"Card Removal","damage_taken":0,"max_hp_gain":0,"max_hp_loss":0,"event_name":"The Cleric","floor":5,"gold_loss":50},{"damage_healed":0,"gold_gain":0,"player_choice":"Inject Mutagens","damage_taken":0,"relics_obtained":["MutagenicStrength"],"max_hp_gain":0,"max_hp_loss":0,"event_name":"Drug Dealer","floor":19,"gold_loss":0},{"cards_removed":["hierophant:DisplayOfPower"],"damage_healed":0,"gold_gain":0,"player_choice":"Purged","damage_taken":0,"max_hp_gain":0,"max_hp_loss":0,"event_name":"Purifier","floor":21,"gold_loss":0},{"cards_removed":["hierophant:MorningPrayer"],"damage_healed":0,"gold_gain":0,"player_choice":"Elegance","damage_taken":0,"max_hp_gain":0,"max_hp_loss":0,"event_name":"Back to Basics","floor":24,"gold_loss":0},{"damage_healed":0,"gold_gain":0,"player_choice":"Ignored","damage_taken":0,"max_hp_gain":0,"max_hp_loss":0,"event_name":"Ghosts","floor":30,"gold_loss":0},{"damage_healed":0,"gold_gain":0,"player_choice":"Ignored","damage_taken":0,"max_hp_gain":0,"max_hp_loss":0,"event_name":"Tomb of Lord Red Mask","floor":37,"gold_loss":0},{"damage_healed":0,"gold_gain":0,"player_choice":"Upgraded","damage_taken":0,"max_hp_gain":0,"max_hp_loss":0,"event_name":"Upgrade Shrine","floor":38,"gold_loss":0,"cards_upgraded":["Gouge"]},{"damage_healed":0,"gold_gain":0,"player_choice":"Fight","damage_taken":0,"max_hp_gain":0,"max_hp_loss":0,"event_name":"MindBloom","floor":48,"gold_loss":0}],"is_beta":false,"boss_relics":[{"not_picked":["Honey Jar","Snecko Heart","Kintsugi"]},{"not_picked":["Busted Crown","Replay:Drink Me"],"picked":"SlaversCollar"}],"items_purged_floors":[3,27],"is_endless":false,"potions_floor_spawned":[1,2,6,18,22,28,29,42,48],"ascension_level":1}}