{"host":"i0avyit1s6jb1siw","time":1612035241,"event":{"mods":["BaseMod","DeckTracker","Dota2Spire","Highlight Path","Minty Spire (QoL Compilation)","Quick Restart","StSLib","SuperFastMode"],"gold_per_floor":[99,99,99,99,24,24,24,24,24,24,24,24,24,24,24,24,24,24,24,24,24,0,0,0,0,0,0,0,0,0,0,0,0,0],"floor_reached":33,"language":"ENG","playtime":684,"items_purged":[],"score":925,"play_id":"898db549-6194-4795-b0f2-fed31c4a22a1","local_time":"20210130203401","is_ascension_mode":true,"campfire_choices":[{"data":"Predator","floor":6,"key":"SMITH"},{"floor":13,"key":"REST"},{"data":"Noxious Fumes","floor":16,"key":"SMITH"},{"data":"Crippling Poison","floor":19,"key":"SMITH"},{"floor":27,"key":"REST"},{"floor":29,"key":"REST"}],"circlet_count":0,"master_deck":["AscendersBane","Strike_G","Strike_G","Defend_G","Defend_G","Defend_G","Defend_G","Defend_G","Survivor","Neutralize","Predator+1","Noxious Fumes+1","Deadly Poison","Leg Sweep","Blade Dance","Crippling Poison+1","After Image","Malaise","Cloak And Dagger+1","Ghostly","Ghostly","Ghostly","Ghostly","Calculated Gamble"],"relics":["Ectoplasm","Gremlin Horn","Pen Nib","Dota2Spire:OrchidMalevolence","Empty Cage","Philosopher\u0027s Stone","Bottled Lightning","Nunchaku","Toy Ornithopter","Dota2Spire:AghanimScepter"],"acts_visited":["Exordium","TheCity"],"potions_floor_usage":[17],"damage_taken":[{"damage":0,"enemies":"Cultist","floor":1,"turns":4},{"damage":1,"enemies":"Small Slimes","floor":3,"turns":3},{"damage":0,"enemies":"2 Louse","floor":4,"turns":2},{"damage":46,"enemies":"Gremlin Nob","floor":7,"turns":5},{"damage":0,"enemies":"2 Fungi Beasts","floor":10,"turns":4},{"damage":0,"enemies":"Exordium Wildlife","floor":11,"turns":5},{"damage":0,"enemies":"3 Louse","floor":14,"turns":2},{"damage":0,"enemies":"Lots of Slimes","floor":15,"turns":4},{"damage":14,"enemies":"Hexaghost","floor":17,"turns":9},{"damage":0,"enemies":"Hexaghost","floor":20,"turns":8},{"damage":7,"enemies":"2 Thieves","floor":22,"turns":4},{"damage":0,"enemies":"Spheric Guardian","floor":25,"turns":5},{"damage":17,"enemies":"Shelled Parasite and Fungi","floor":26,"turns":6},{"damage":16,"enemies":"Gremlin Leader","floor":28,"turns":8},{"damage":0,"enemies":"Book of Stabbing","floor":30,"turns":6}],"seed_played":"-4248533587493200629","potions_obtained":[{"floor":4,"key":"Energy Potion"},{"floor":10,"key":"FearPotion"},{"floor":14,"key":"Dexterity Potion"},{"floor":20,"key":"FearPotion"},{"floor":22,"key":"Regen Potion"},{"floor":28,"key":"CunningPotion"}],"is_trial":false,"path_per_floor":["M","?","M","M","?","R","?","$","T","M","M","?","R","M","M","R","B",null,"R","B",null,"M","?","?","M","M","R","E","R","E","T","T","?"],"character_chosen":"THE_SILENT","items_purchased":[],"campfire_rested":3,"item_purchase_floors":[],"current_hp_per_floor":[59,59,58,58,58,58,12,12,12,12,12,12,31,31,31,31,17,17,17,17,54,47,33,33,33,16,25,9,18,18,18,18,0,0],"gold":0,"neow_bonus":"BOSS_RELIC","is_daily":false,"chose_seed":false,"campfire_upgraded":3,"win_rate":0.0,"timestamp":1612035241,"path_taken":["M","?","M","M","?","R","?","$","T","M","M","?","R","M","M","R","BOSS","R","BOSS","M","?","?","M","?","R","E","R","E","T","T","?"],"items_purchased_type":[],"build_version":"2020-12-22","purchased_purges":0,"victory":false,"max_hp_per_floor":[66,66,66,66,66,66,66,66,66,66,66,66,66,66,66,66,66,66,66,66,66,66,33,33,33,33,33,33,33,33,33,33,33,33],"card_choices":[{"not_picked":["Backflip","Outmaneuver"],"picked":"Predator","floor":1},{"not_picked":["Deadly Poison","Cloak And Dagger"],"picked":"Noxious Fumes","floor":3},{"not_picked":["Acrobatics","Cloak And Dagger"],"picked":"Deadly Poison","floor":4},{"not_picked":["Terror","Dodge and Roll"],"picked":"Leg Sweep","floor":7},{"not_picked":["Skewer","Accuracy"],"picked":"Blade Dance","floor":10},{"not_picked":["Deadly Poison","Dagger Spray"],"picked":"Crippling Poison","floor":11},{"not_picked":["Blade Dance","Acrobatics","Heel Hook"],"picked":"SKIP","floor":14},{"not_picked":["Quick Slash","Noxious Fumes","Prepared"],"picked":"SKIP","floor":15},{"not_picked":["Burst","Venomology"],"picked":"After Image","floor":17},{"not_picked":["Burst","Die Die Die"],"picked":"Malaise","floor":20},{"not_picked":["Dagger Spray","Slice"],"picked":"Cloak And Dagger+1","floor":22},{"not_picked":["Flying Knee","Finisher","Acrobatics"],"picked":"SKIP","floor":25},{"not_picked":["Dodge and Roll","Finisher+1","Riddle With Holes"],"picked":"SKIP","floor":26},{"not_picked":["Dodge and Roll","Flying Knee"],"picked":"Calculated Gamble","floor":28},{"not_picked":["Reflex","Bane","Cloak And Dagger"],"picked":"SKIP","floor":30}],"player_experience":2385367,"relics_obtained":[{"floor":7,"key":"Gremlin Horn"},{"floor":9,"key":"Pen Nib"},{"floor":28,"key":"Bottled Lightning"},{"floor":30,"key":"Nunchaku"},{"floor":31,"key":"Toy Ornithopter"},{"floor":32,"key":"Dota2Spire:AghanimScepter"}],"event_choices":[{"damage_healed":0,"gold_gain":0,"player_choice":"Ignored","damage_taken":0,"max_hp_gain":0,"max_hp_loss":0,"event_name":"Liars Game","floor":2,"gold_loss":0},{"cards_removed":["Strike_G"],"damage_healed":0,"gold_gain":0,"player_choice":"Card Removal","damage_taken":0,"max_hp_gain":0,"max_hp_loss":0,"event_name":"The Cleric","floor":5,"gold_loss":75},{"damage_healed":0,"gold_gain":0,"player_choice":"Searched \u00271\u0027 times","damage_taken":0,"max_hp_gain":0,"max_hp_loss":0,"event_name":"Dead Adventurer","floor":7,"gold_loss":0},{"damage_healed":0,"gold_gain":0,"player_choice":"Gave Potion","damage_taken":0,"relics_obtained":["Dota2Spire:OrchidMalevolence"],"max_hp_gain":0,"max_hp_loss":0,"event_name":"WeMeetAgain","floor":12,"gold_loss":0},{"damage_healed":0,"gold_gain":0,"player_choice":"Became a Ghost","damage_taken":0,"max_hp_gain":0,"max_hp_loss":33,"event_name":"Ghosts","floor":23,"gold_loss":0,"cards_obtained":["Ghostly","Ghostly","Ghostly"]},{"damage_healed":0,"gold_gain":0,"player_choice":"Copied","damage_taken":0,"max_hp_gain":0,"max_hp_loss":0,"event_name":"Duplicator","floor":24,"gold_loss":0,"cards_obtained":["Ghostly"]}],"is_beta":false,"boss_relics":[{"not_picked":["Black Star","Sozu"],"picked":"Empty Cage"},{"not_picked":["HoveringKite","SacredBark"],"picked":"Philosopher\u0027s Stone"}],"items_purged_floors":[],"is_endless":false,"potions_floor_spawned":[4,10,14,20,22,28],"ascension_level":20}}