{"host":"yvb207ks1sg3cxef","time":1612012362,"event":{"mods":["2.2 Compatiblity","BaseMod","Bestiary","Colored Powertips","Minty Spire (QoL Compilation)","Permanent Neow","Quick Restart","Relic Stats","StSLib"],"gold_per_floor":[368,379,392,406,56,111,147,147,172,172,259,318,362,415,415,415,415],"floor_reached":16,"language":"ENG","playtime":816,"items_purged":["Strike_G"],"score":298,"play_id":"aa24b112-c5b4-4303-a72d-07bf96bc0d98","local_time":"20210130184242","is_ascension_mode":true,"campfire_choices":[{"data":"HandOfGreed","floor":8,"key":"SMITH"},{"data":"Neutralize","floor":10,"key":"SMITH"},{"floor":15,"key":"REST"}],"circlet_count":0,"master_deck":["AscendersBane","Strike_G","Strike_G","Strike_G","Strike_G","Defend_G","Defend_G","Defend_G","Defend_G","Defend_G","Survivor","Neutralize+1","Dagger Spray","Dagger Spray","HandOfGreed+1","Footwork","Footwork","Leg Sweep","Venomology","Leg Sweep","PiercingWail"],"relics":["Ring of the Snake","Snake Skull","Oddly Smooth Stone","Anchor","Regal Pillow"],"acts_visited":["Exordium"],"potions_floor_usage":[6,12,14,14],"damage_taken":[{"damage":3.0,"enemies":"Cultist","floor":1.0,"turns":6.0},{"damage":4.0,"enemies":"Jaw Worm","floor":2.0,"turns":6.0},{"damage":0.0,"enemies":"2 Louse","floor":3.0,"turns":4.0},{"damage":2.0,"enemies":"2 Fungi Beasts","floor":4.0,"turns":4.0},{"damage":23,"enemies":"3 Sentries","floor":6,"turns":7},{"damage":1,"enemies":"Looter","floor":7,"turns":4},{"damage":6,"enemies":"3 Louse","floor":11,"turns":9},{"damage":7,"enemies":"Lagavulin","floor":12,"turns":7},{"damage":6,"enemies":"Blue Slaver","floor":13,"turns":4},{"damage":0,"enemies":"3 Sentries","floor":14,"turns":15},{"damage":0,"enemies":"Hexaghost","floor":16,"turns":8}],"seed_played":"-5602712487963955233","potions_obtained":[{"floor":2.0,"key":"Dexterity Potion"},{"floor":3.0,"key":"Swift Potion"},{"floor":4.0,"key":"DistilledChaos"},{"floor":11,"key":"FearPotion"}],"is_trial":false,"path_per_floor":["M","M","M","M","$","E","M","R","T","R","M","E","M","E","R","B"],"character_chosen":"THE_SILENT","items_purchased":["HandOfGreed","Footwork"],"campfire_rested":1,"item_purchase_floors":[5,5],"current_hp_per_floor":[56,52,52,50,50,27,26,26,26,26,20,13,7,7,40,40,40],"gold":415,"neow_bonus":"TWO_FIFTY_GOLD","is_daily":false,"chose_seed":false,"campfire_upgraded":2,"win_rate":0.0,"timestamp":1612012362,"path_taken":["M","M","M","M","$","E","?","R","T","R","M","E","M","E","R","BOSS"],"items_purchased_type":["Card","Card"],"build_version":"2020-12-22","purchased_purges":1,"victory":false,"max_hp_per_floor":[60,60,60,60,60,60,60,60,60,60,60,60,60,60,60,60,60],"relic_stats":{"Regal Pillow":15,"counters":[11,74],"Snake Skull":[0],"obtain_stats":[{"Anchor":12,"Regal Pillow":14,"Oddly Smooth Stone":9,"Snake Skull":6,"Ring of the Snake":0},{"Anchor":8,"Regal Pillow":10,"Oddly Smooth Stone":6,"Snake Skull":5,"Ring of the Snake":0},{"Anchor":47,"Regal Pillow":66,"Oddly Smooth Stone":31,"Snake Skull":27,"Ring of the Snake":0}],"Ring of the Snake":[22]},"card_choices":[{"not_picked":["Slice","PiercingWail","Heel Hook"],"picked":"SKIP","floor":1.0},{"not_picked":["Quick Slash","Finisher"],"picked":"Dagger Spray","floor":2.0},{"not_picked":["Quick Slash","Flechettes"],"picked":"Dagger Spray","floor":3.0},{"not_picked":["Crippling Poison","Distraction","Riddle With Holes"],"picked":"SKIP","floor":4.0},{"not_picked":["Infinite Blades","Doppelganger"],"picked":"Footwork","floor":6},{"not_picked":["Flying Knee","Masterful Stab","All Out Attack"],"picked":"SKIP","floor":7},{"not_picked":["PiercingWail","Blade Dance"],"picked":"Leg Sweep","floor":11},{"not_picked":["Acrobatics","Cloak And Dagger"],"picked":"Venomology","floor":12},{"not_picked":["Acrobatics","Flying Knee"],"picked":"Leg Sweep","floor":13},{"not_picked":["Deflect","Leg Sweep"],"picked":"PiercingWail","floor":14}],"player_experience":504784,"relics_obtained":[{"floor":6,"key":"Snake Skull"},{"floor":9,"key":"Oddly Smooth Stone"},{"floor":12,"key":"Anchor"},{"floor":14,"key":"Regal Pillow"}],"event_choices":[],"is_beta":false,"boss_relics":[],"items_purged_floors":[5],"is_endless":false,"potions_floor_spawned":[2,3,4,11],"killed_by":"Hexaghost","ascension_level":20}}