{"host":"vyiqbz5w606ur92t","time":1612041473,"event":{"mods":["BaseMod","Downfall","Minty Spire (QoL Compilation)","StSLib"],"gold_per_floor":[99,99,28,84,104,130,130,130,141,159,191,32,32,58,77,180,180,80,94,113,113,113,165,245,245,245,145,201,201,266,280,335,472,472,472,483,483,36,166,166,190,90,103,103,103,138,138,148,165,165,165,190,34,34,34,34],"floor_reached":57,"language":"ENG","playtime":23493,"items_purged":["Pain"],"score":1476,"play_id":"ae25885a-e009-489a-8be6-ca46f28e0578","local_time":"20210130211753","is_ascension_mode":true,"campfire_choices":[{"floor":1,"key":"RECALL"},{"data":"sneckomod:Nope","floor":13,"key":"SMITH"},{"data":"sneckomod:SerpentMind","floor":18,"key":"SMITH"},{"floor":27,"key":"REST"},{"data":"sneckomod:CheapStock","floor":35,"key":"SMITH"},{"data":"1","floor":40,"key":"LIFT"},{"data":"2","floor":42,"key":"LIFT"},{"data":"3","floor":44,"key":"LIFT"},{"data":"Panache","floor":54,"key":"SMITH"}],"circlet_count":0,"master_deck":["sneckomod:Strike","sneckomod:Strike","sneckomod:Strike","sneckomod:Defend","sneckomod:Defend","sneckomod:Defend","sneckomod:TailWhip","sneckomod:SnekBite","sneckomod:Unknown","sneckomod:Unknown","sneckomod:UnendingSupply","sneckomod:UnknownColorless","sneckomod:UnknownUncommonPower","sneckomod:QuickBite","sneckomod:SnakeSap","sneckomod:IronFang","sneckomod:SnakeSap","sneckomod:UnendingSupply","Clumsy","sneckomod:SoulRoll","sneckomod:UnknownDraw","sneckomod:Nope+1","sneckomod:Restock","sneckomod:QuickMove","sneckomod:UnknownBlock","sneckomod:SerpentMind+1","sneckomod:DefensiveFlair","sneckomod:UnknownClassTHE_BRONZE_AUTOMATON","sneckomod:CheapStock+1","sneckomod:UnknownVulnerable","sneckomod:UnknownUncommonPower+1","sneckomod:ImprovisedAttack+1","sneckomod:UnknownRarePower","sneckomod:Nope+1","expansioncontent:Chronoboost","expansioncontent:PrepareCrush","sneckomod:TrashToTreasure+1","sneckomod:SnakeSap","Panache+1","sneckomod:SoulDraw","sneckomod:UnknownClassTHE_BRONZE_AUTOMATON+1","sneckomod:SoulCleanse","sneckomod:SoulDraw+1","sneckomod:PureSnecko+1","sneckomod:SoulRoll+1","sneckomod:SoulDraw"],"relics":["sneckomod:SneckoSoul","downfall:HeartsMalice","Pantograph","Thread and Needle","Meat on the Bone","Nunchaku","Medical Kit","Odd Mushroom","Black Star","downfall:HeartBlessingRed","downfall:KnowingSkull","Singing Bowl","WarpedTongs","downfall:HeartBlessingGreen","Blue Candle","Mango","Runic Pyramid","Boot","Girya","downfall:HeartBlessingBlue","Oddly Smooth Stone","Slimebound:PreparedRelic","Anchor","Mercury Hourglass","Slimebound:StickyStick"],"acts_visited":["Exordium","TheCity","TheBeyond","TheEnding"],"potions_floor_usage":[14,16,23,23,26,26,31,55,56,56,56],"damage_taken":[{"damage":0,"enemies":"Cultist","floor":2,"turns":1},{"damage":0,"enemies":"downfall:FleeingMerchant","floor":3,"turns":1},{"damage":0,"enemies":"3 Sentries","floor":4,"turns":1},{"damage":2,"enemies":"Jaw Worm","floor":5,"turns":3},{"damage":14,"enemies":"Lagavulin","floor":6,"turns":6},{"damage":9,"enemies":"Small Slimes","floor":9,"turns":3},{"damage":11,"enemies":"Red Slaver","floor":10,"turns":4},{"damage":17,"enemies":"Gremlin Nob","floor":11,"turns":5},{"damage":1,"enemies":"downfall:FleeingMerchant","floor":12,"turns":4},{"damage":15,"enemies":"The Mushroom Lair","floor":14,"turns":4},{"damage":9,"enemies":"2 Fungi Beasts","floor":15,"turns":4},{"damage":18,"enemies":"IC_STATUS_ARCHETYPE","floor":16,"turns":11},{"damage":57,"enemies":"Shell Parasite","floor":19,"turns":8},{"damage":21,"enemies":"3 Byrds","floor":20,"turns":6},{"damage":30,"enemies":"Cultist and Chosen","floor":23,"turns":6},{"damage":34,"enemies":"Slavers","floor":26,"turns":4},{"damage":6,"enemies":"Centurion and Healer","floor":28,"turns":5},{"damage":48,"enemies":"Book of Stabbing","floor":30,"turns":10},{"damage":5,"enemies":"Sentry and Sphere","floor":31,"turns":5},{"damage":10,"enemies":"Snecko","floor":32,"turns":4},{"damage":4,"enemies":"WA_ARCHETYPE_CALM","floor":33,"turns":8},{"damage":18,"enemies":"3 Shapes","floor":36,"turns":5},{"damage":10,"enemies":"downfall:FleeingMerchant","floor":38,"turns":4},{"damage":19,"enemies":"downfall:FleeingMerchant","floor":39,"turns":5},{"damage":18,"enemies":"Orb Walker","floor":43,"turns":5},{"damage":29,"enemies":"Nemesis","floor":46,"turns":6},{"damage":39,"enemies":"4 Shapes","floor":48,"turns":6},{"damage":19,"enemies":"Jaw Worm Horde","floor":49,"turns":4},{"damage":33,"enemies":"DF_ARCHETYPE_ORBS","floor":50,"turns":6},{"damage":14,"enemies":"downfall:CharBossMerchant","floor":52,"turns":7},{"damage":9,"enemies":"downfall:NeowBoss","floor":55,"turns":7},{"damage":68,"enemies":"downfall:NeowBossFinal","floor":56,"turns":7}],"seed_played":"-8818124006138743983","potions_obtained":[{"floor":4,"key":"SpeedPotion"},{"floor":6,"key":"sneckomod:CheatPotion"},{"floor":10,"key":"SpeedPotion"},{"floor":11,"key":"FearPotion"},{"floor":14,"key":"sneckomod:DiceRollPotion"},{"floor":16,"key":"SmokeBomb"},{"floor":23,"key":"BlessingOfTheForge"},{"floor":28,"key":"Energy Potion"},{"floor":29,"key":"CultistPotion"},{"floor":36,"key":"FairyPotion"},{"floor":43,"key":"Explosive Potion"}],"is_trial":false,"path_per_floor":["R","M","$","?","M","E","T","?","M","M","E","$","R","?","M","B",null,"R","M","M","?","?","M","T","?","E","R","M","?","E","M","M","B",null,"R","M","?","$","?","R","T","R","M","R","?","E","?","M","M","B",null,"E","$","R","B","B",null],"character_chosen":"THE_SNECKO","items_purchased":["sneckomod:UnknownUncommonPower","Medical Kit","sneckomod:SnakeSap","Panache","sneckomod:SoulDraw","Boot","Slimebound:StickyStick"],"campfire_rested":1,"item_purchase_floors":[3,12,38,38,38,38,53],"current_hp_per_floor":[90,90,90,90,88,74,74,74,69,58,53,52,52,49,52,59,90,90,45,36,66,59,41,41,41,23,50,56,56,34,57,59,80,106,106,88,83,73,64,64,64,74,68,68,68,57,57,45,38,42,116,106,106,106,107,75],"gold":34,"neow_bonus":"THREE_ENEMY_KILL","is_daily":false,"chose_seed":false,"campfire_upgraded":4,"win_rate":0.0,"timestamp":1612041473,"path_taken":["R","M","?","?","M","E","T","?","M","?","E","$","R","?","M","BOSS","R","M","M","?","?","?","T","?","E","R","?","?","E","M","M","BOSS","R","M","?","$","?","R","T","R","M","R","?","E","?","M","M","BOSS","E","$","R","BOSS","BOSS"],"items_purchased_type":["Card","Relic","Card","Card","Card","Relic","Relic"],"build_version":"2020-12-22","purchased_purges":1,"victory":true,"max_hp_per_floor":[90,90,90,90,90,90,90,90,90,90,90,90,90,90,90,90,90,90,90,90,90,90,90,90,90,90,90,90,90,104,106,106,106,106,106,106,106,106,106,106,106,116,116,116,116,116,116,116,116,116,116,116,116,116,116,116],"card_choices":[{"not_picked":["sneckomod:WideSting","sneckomod:SoulRoll"],"picked":"sneckomod:UnendingSupply","floor":2},{"not_picked":["sneckomod:ImprovisedGuard","sneckomod:DiceBlock"],"picked":"sneckomod:UnknownColorless","floor":3},{"not_picked":["sneckomod:QuickMove","sneckomod:Unknown1Cost"],"picked":"sneckomod:QuickBite","floor":4},{"not_picked":["sneckomod:Unknown1Cost","sneckomod:DangerNoodle"],"picked":"sneckomod:SnakeSap","floor":5},{"not_picked":["sneckomod:UnknownDexterity","sneckomod:WideSting"],"picked":"sneckomod:IronFang","floor":6},{"not_picked":["sneckomod:Unknown2Cost","sneckomod:UnknownStrike"],"picked":"sneckomod:SoulRoll","floor":9},{"not_picked":["sneckomod:SoulRoll","sneckomod:SoulCleanse"],"picked":"sneckomod:UnknownDraw","floor":10},{"not_picked":["sneckomod:WideSting","sneckomod:UnknownBlock"],"picked":"sneckomod:Nope","floor":11},{"not_picked":["sneckomod:UnknownDraw","sneckomod:UnknownUncommonSkill"],"picked":"sneckomod:Restock","floor":12},{"not_picked":["sneckomod:UnknownBlock","sneckomod:UnknownDraw"],"picked":"sneckomod:QuickMove","floor":14},{"not_picked":["sneckomod:QuickMove","sneckomod:SoulRoll"],"picked":"sneckomod:UnknownBlock","floor":15},{"not_picked":["sneckomod:UnknownRareAttack","sneckomod:UnknownRareSkill"],"picked":"sneckomod:SerpentMind","floor":16},{"not_picked":["sneckomod:UnknownCommonAttack","sneckomod:PureSnecko"],"picked":"sneckomod:DefensiveFlair","floor":19},{"not_picked":["sneckomod:WideSting","sneckomod:UnknownColorless"],"picked":"sneckomod:UnknownClassTHE_BRONZE_AUTOMATON","floor":20},{"not_picked":["sneckomod:SoulCleanse","sneckomod:SoulDraw"],"picked":"sneckomod:CheapStock","floor":23},{"not_picked":["sneckomod:IronFang","sneckomod:UnknownDraw"],"picked":"sneckomod:UnknownVulnerable","floor":28},{"not_picked":["sneckomod:UnknownUncommonAttack+1","sneckomod:SoulCleanse"],"picked":"sneckomod:UnknownUncommonPower+1","floor":30},{"not_picked":["sneckomod:UnknownStrike","sneckomod:IronFang","sneckomod:MixItUp"],"picked":"Singing Bowl","floor":31},{"not_picked":["sneckomod:UnknownDraw","sneckomod:UnknownX"],"picked":"sneckomod:ImprovisedAttack+1","floor":32},{"not_picked":["sneckomod:DangerNoodle","sneckomod:SerpentMind"],"picked":"sneckomod:UnknownRarePower","floor":33},{"not_picked":["sneckomod:DiceCrush","sneckomod:QuickMove"],"picked":"sneckomod:Nope+1","floor":36},{"not_picked":["expansioncontent:HyperBeam","expansioncontent:Hexaburn"],"picked":"expansioncontent:Chronoboost","floor":37},{"not_picked":["expansioncontent:Chronoboost","expansioncontent:DecaShield"],"picked":"expansioncontent:PrepareCrush","floor":37},{"not_picked":["sneckomod:SnakeSap+1","sneckomod:UnknownClassGREEN"],"picked":"sneckomod:TrashToTreasure+1","floor":38},{"not_picked":["sneckomod:RainOfDice","sneckomod:DefensiveFlair"],"picked":"sneckomod:UnknownClassTHE_BRONZE_AUTOMATON+1","floor":39},{"not_picked":["sneckomod:IronFang+1","sneckomod:UnknownUncommonSkill"],"picked":"sneckomod:SoulCleanse","floor":43},{"not_picked":["sneckomod:UnknownRareSkill","sneckomod:UnendingSupply"],"picked":"sneckomod:SoulDraw+1","floor":46},{"not_picked":["sneckomod:UnknownClassTHE_BRONZE_AUTOMATON","sneckomod:QuickBite"],"picked":"sneckomod:PureSnecko+1","floor":48},{"not_picked":["sneckomod:UnknownClassTHE_BRONZE_AUTOMATON+1","sneckomod:UnknownClassSLIMEBOUND"],"picked":"sneckomod:SoulRoll+1","floor":49},{"not_picked":["sneckomod:UnknownClassSLIMEBOUND","sneckomod:RainOfDice"],"picked":"sneckomod:SoulDraw","floor":52}],"player_experience":1251561,"relics_obtained":[{"floor":6,"key":"Thread and Needle"},{"floor":7,"key":"Meat on the Bone"},{"floor":11,"key":"Nunchaku"},{"floor":14,"key":"Odd Mushroom"},{"floor":24,"key":"Singing Bowl"},{"floor":30,"key":"Blue Candle"},{"floor":30,"key":"Mango"},{"floor":39,"key":"Girya"},{"floor":46,"key":"Oddly Smooth Stone"},{"floor":46,"key":"Slimebound:PreparedRelic"},{"floor":52,"key":"Anchor"},{"floor":52,"key":"Mercury Hourglass"}],"event_choices":[{"damage_healed":0,"gold_gain":0,"player_choice":"Fought Mushrooms","damage_taken":0,"max_hp_gain":0,"max_hp_loss":0,"event_name":"Mushrooms","floor":14,"gold_loss":0},{"damage_healed":30,"gold_gain":0,"player_choice":"Heal","damage_taken":0,"max_hp_gain":0,"max_hp_loss":0,"event_name":"The Library","floor":21,"gold_loss":0},{"damage_healed":0,"gold_gain":0,"player_choice":"Rummage","damage_taken":0,"relics_obtained":["WarpedTongs"],"max_hp_gain":0,"max_hp_loss":0,"event_name":"Accursed Blacksmith","floor":25,"gold_loss":0,"cards_obtained":["Pain"]}],"is_beta":false,"boss_relics":[{"not_picked":["Busted Crown","bronze:MakeshiftBattery"],"picked":"Black Star"},{"not_picked":["sneckomod:SneckoBoss","Astrolabe"],"picked":"Runic Pyramid"}],"items_purged_floors":[38],"is_endless":false,"potions_floor_spawned":[4,6,10,11,14,16,19,23,28,36,43,46,49,52],"ascension_level":2}}