{"host":"6pfj0wha12yu6wq3","time":1612036763,"event":{"mods":["AchievementEnabler","BaseMod","Colored Map","Colored Powertips","Curses Come First","DeckTracker","Minty Spire (QoL Compilation)","RNG Fix","Relic Sorter","Relic Stats","StSLib","UnlockEverythingMod","ojb\u0027s Better Paths Mod","ojb\u0027s Info Mod"],"gold_per_floor":[113,113,113,133,154,185,185,216,216,216,236,236,249,287,287,376,376,399,19,44,78,3,3,44,44,44,88,88,121,144,160,160,249,249,263,276,297,297,297,337,337,368,394,450,469,27,58,74,74,74,74,74,74,74,109,109],"floor_reached":57,"language":"ENG","playtime":5686,"items_purged":["Skewer","Backstab"],"score":3361,"play_id":"aabe0b43-e300-4fae-afde-0be9b7c9d99e","local_time":"20210130145923","is_ascension_mode":true,"campfire_choices":[{"data":"Apotheosis","floor":7.0,"key":"SMITH"},{"floor":10.0,"key":"REST"},{"floor":12.0,"key":"REST"},{"data":"Footwork","floor":15.0,"key":"SMITH"},{"data":"Panache","floor":23,"key":"SMITH"},{"data":"Crippling Poison","floor":28,"key":"SMITH"},{"data":"Tactician","floor":32,"key":"SMITH"},{"data":"Wraith Form v2","floor":41,"key":"SMITH"},{"floor":49,"key":"RECALL"},{"data":"Well Laid Plans","floor":53,"key":"SMITH"}],"circlet_count":0,"master_deck":["AscendersBane","Survivor","Neutralize","Apotheosis+1","Dash","Finisher","Blade Dance","Blade Dance+1","Footwork+1","Venomology","Heel Hook","Dagger Throw","Escape Plan","Heel Hook","Crippling Poison+1","PiercingWail+1","Backflip","Concentrate+1","Panache+1","Backflip","Endless Agony","Backflip","Heel Hook+1","Acrobatics","Blade Dance","Tactician+1","Terror","Leg Sweep","Wraith Form v2+1","Dodge and Roll+1","Outmaneuver+1","Reflex","Apotheosis","Deep Breath","Madness","Crippling Poison","Well Laid Plans+1","Concentrate","Prepared","PiercingWail+1","Concentrate"],"relics":["Ring of the Snake","Golden Idol","InkBottle","Omamori","Sundial","Bag of Preparation","Pandora\u0027s Box","Red Mask","War Paint","FossilizedHelix","Paper Crane","HoveringKite","WarpedTongs","Darkstone Periapt","Anchor","Strawberry","Unceasing Top","Potion Belt","Centennial Puzzle","The Specimen","Art of War"],"acts_visited":["Exordium","TheCity","TheBeyond","TheEnding"],"potions_floor_usage":[18,20,21,27,29,30,31,33,36,44,55,56,56],"damage_taken":[{"damage":4.0,"enemies":"Cultist","floor":1.0,"turns":5.0},{"damage":0.0,"enemies":"Small Slimes","floor":4.0,"turns":4.0},{"damage":0.0,"enemies":"2 Louse","floor":5.0,"turns":4.0},{"damage":21.0,"enemies":"Lagavulin","floor":6.0,"turns":10.0},{"damage":22.0,"enemies":"Gremlin Nob","floor":8.0,"turns":5.0},{"damage":3.0,"enemies":"Blue Slaver","floor":11.0,"turns":7.0},{"damage":2.0,"enemies":"3 Louse","floor":13.0,"turns":3.0},{"damage":14.0,"enemies":"3 Sentries","floor":14.0,"turns":10.0},{"damage":17,"enemies":"Slime Boss","floor":16,"turns":7},{"damage":0,"enemies":"Chosen","floor":18,"turns":3},{"damage":0,"enemies":"3 Byrds","floor":20,"turns":3},{"damage":0,"enemies":"Masked Bandits","floor":21,"turns":3},{"damage":0,"enemies":"Book of Stabbing","floor":24,"turns":4},{"damage":0,"enemies":"Gremlin Leader","floor":27,"turns":2},{"damage":0,"enemies":"Book of Stabbing","floor":29,"turns":3},{"damage":0,"enemies":"Cultist and Chosen","floor":30,"turns":2},{"damage":0,"enemies":"Sentry and Sphere","floor":31,"turns":2},{"damage":0,"enemies":"Automaton","floor":33,"turns":4},{"damage":0,"enemies":"Orb Walker","floor":35,"turns":1},{"damage":0,"enemies":"3 Darklings","floor":36,"turns":4},{"damage":3,"enemies":"Jaw Worm Horde","floor":37,"turns":4},{"damage":0,"enemies":"Reptomancer","floor":40,"turns":2},{"damage":0,"enemies":"Giant Head","floor":42,"turns":2},{"damage":1,"enemies":"2 Orb Walkers","floor":44,"turns":6},{"damage":0,"enemies":"Writhing Mass","floor":45,"turns":3},{"damage":0,"enemies":"Nemesis","floor":47,"turns":4},{"damage":0,"enemies":"Spire Growth","floor":48,"turns":3},{"damage":0,"enemies":"Donu and Deca","floor":50,"turns":5},{"damage":8,"enemies":"Awakened One","floor":51,"turns":5},{"damage":0,"enemies":"Shield and Spear","floor":55,"turns":5},{"damage":46,"enemies":"The Heart","floor":56,"turns":9}],"seed_played":"8118194532991753833","potions_obtained":[{"floor":4.0,"key":"SpeedPotion"},{"floor":6.0,"key":"Weak Potion"},{"floor":8.0,"key":"GamblersBrew"},{"floor":16,"key":"Fire Potion"},{"floor":27,"key":"FearPotion"},{"floor":29,"key":"Weak Potion"},{"floor":31,"key":"Energy Potion"},{"floor":35,"key":"Weak Potion"},{"floor":44,"key":"FairyPotion"},{"floor":45,"key":"DuplicationPotion"},{"floor":48,"key":"Ancient Potion"}],"is_trial":false,"path_per_floor":["M","?","?","M","M","E","R","E","T","R","M","R","M","E","R","B",null,"M","$","M","?","?","R","E","?","T","E","R","E","M","M","R","B",null,"M","M","M","?","?","E","R","E","T","?","M","$","E","M","R","B","B",null,"R","$","E","B",null],"character_chosen":"THE_SILENT","items_purchased":["Panache","Backflip","Endless Agony","Potion Belt","Centennial Puzzle"],"campfire_rested":2,"item_purchase_floors":[19,19,19,46,46],"current_hp_per_floor":[55,54,54,54,54,33,33,11,11,27,24,40,38,24,24,7,42,42,42,42,42,42,42,42,47,47,47,47,47,47,47,47,47,52,52,52,49,39,39,39,39,39,46,45,45,45,45,45,45,45,37,55,55,55,55,9],"gold":109,"neow_bonus":"RANDOM_COLORLESS_2","is_daily":false,"chose_seed":false,"campfire_upgraded":7,"win_rate":0.0,"timestamp":1612036763,"path_taken":["M","?","?","M","M","E","R","E","T","R","M","R","M","E","R","BOSS","M","$","M","?","?","R","E","?","T","E","R","E","?","M","R","BOSS","M","M","M","?","?","E","R","E","T","?","M","$","E","?","R","BOSS","BOSS","R","$","E","BOSS"],"items_purchased_type":["Card","Card","Card","Relic","Relic"],"build_version":"2020-12-22","purchased_purges":2,"victory":true,"max_hp_per_floor":[60,54,54,54,54,54,54,54,54,54,54,54,54,54,54,54,54,54,54,54,54,54,54,54,54,54,54,54,54,54,54,54,54,54,54,54,54,54,54,54,54,54,61,61,61,61,61,61,61,61,61,61,61,61,61,61],"relic_stats":{"Darkstone Periapt":0,"counters":[31,134],"Golden Idol":231,"HoveringKite":[41],"Bag of Preparation":[49],"War Paint":["Blade Dance","PiercingWail"],"WarpedTongs":[18],"Centennial Puzzle":[7],"Sundial":[20],"Pandora\u0027s Box":["Heel Hook","Dagger Throw","Escape Plan","Heel Hook","Backstab","Dagger Throw","Crippling Poison","PiercingWail","Flying Knee","Backflip"],"Art of War":[2],"obtain_stats":[{"Darkstone Periapt":40,"Potion Belt":46,"The Specimen":47,"Golden Idol":2,"HoveringKite":34,"Omamori":8,"Bag of Preparation":14,"War Paint":24,"Paper Crane":29,"WarpedTongs":39,"Anchor":42,"Centennial Puzzle":46,"Sundial":9,"Strawberry":43,"Pandora\u0027s Box":17,"Red Mask":21,"Art of War":55,"InkBottle":6,"FossilizedHelix":27,"Unceasing Top":44,"Ring of the Snake":0},{"Darkstone Periapt":22,"Potion Belt":25,"The Specimen":26,"Golden Idol":1,"HoveringKite":18,"Omamori":5,"Bag of Preparation":8,"War Paint":13,"Paper Crane":15,"WarpedTongs":21,"Anchor":23,"Centennial Puzzle":25,"Sundial":5,"Strawberry":23,"Pandora\u0027s Box":9,"Red Mask":12,"Art of War":30,"InkBottle":4,"FossilizedHelix":14,"Unceasing Top":24,"Ring of the Snake":0},{"Darkstone Periapt":92,"Potion Belt":103,"The Specimen":107,"Golden Idol":5,"HoveringKite":81,"Omamori":28,"Bag of Preparation":48,"War Paint":68,"Paper Crane":73,"WarpedTongs":90,"Anchor":94,"Centennial Puzzle":103,"Sundial":28,"Strawberry":94,"Pandora\u0027s Box":55,"Red Mask":64,"Art of War":125,"InkBottle":23,"FossilizedHelix":70,"Unceasing Top":100,"Ring of the Snake":0}],"InkBottle":[95],"Unceasing Top":[10],"Ring of the Snake":[62]},"card_choices":[{"not_picked":["Secret Weapon","Panache"],"picked":"Apotheosis","floor":0.0},{"not_picked":["Quick Slash","Flechettes"],"picked":"Dash","floor":1.0},{"not_picked":["Blur","Caltrops","Deadly Poison"],"picked":"SKIP","floor":4.0},{"not_picked":["Skewer","Deflect"],"picked":"Finisher","floor":5.0},{"not_picked":["Escape Plan","Outmaneuver"],"picked":"Skewer","floor":6.0},{"not_picked":["Flying Knee","Deadly Poison","Underhanded Strike"],"picked":"SKIP","floor":8.0},{"not_picked":["Slice","Leg Sweep"],"picked":"Blade Dance","floor":11.0},{"not_picked":["Acrobatics","Flying Knee"],"picked":"Blade Dance","floor":13.0},{"not_picked":["Poisoned Stab","Reflex"],"picked":"Footwork","floor":14.0},{"not_picked":["Doppelganger","Night Terror"],"picked":"Venomology","floor":16},{"not_picked":["Acrobatics","Eviscerate"],"picked":"Concentrate+1","floor":18},{"not_picked":["Endless Agony","Underhanded Strike"],"picked":"Backflip","floor":20},{"not_picked":["Dash","Eviscerate"],"picked":"Heel Hook+1","floor":21},{"not_picked":["Bane","Quick Slash"],"picked":"Acrobatics","floor":24},{"not_picked":["Endless Agony","Infinite Blades"],"picked":"Blade Dance","floor":27},{"not_picked":["Acrobatics","Distraction"],"picked":"Tactician","floor":29},{"not_picked":["Quick Slash","Acrobatics+1"],"picked":"Terror","floor":30},{"not_picked":["Prepared","Infinite Blades"],"picked":"Leg Sweep","floor":31},{"not_picked":["Glass Knife","A Thousand Cuts"],"picked":"Wraith Form v2","floor":33},{"not_picked":["Footwork","Finisher"],"picked":"Dodge and Roll+1","floor":35},{"not_picked":["Skewer","Dagger Throw"],"picked":"Outmaneuver+1","floor":36},{"not_picked":["Dagger Throw","Catalyst"],"picked":"Reflex","floor":37},{"not_picked":["PanicButton","Trip"],"picked":"Apotheosis","floor":38},{"not_picked":["Apotheosis","Enlightenment"],"picked":"Deep Breath","floor":38},{"not_picked":["PanicButton","Purity"],"picked":"Madness","floor":38},{"not_picked":["Dash+1","Outmaneuver"],"picked":"Crippling Poison","floor":40},{"not_picked":["Choke+1","Slice+1","Flying Knee"],"picked":"SKIP","floor":42},{"not_picked":["Skewer+1","Deadly Poison"],"picked":"Well Laid Plans","floor":44},{"not_picked":["Slice","Adrenaline"],"picked":"Concentrate","floor":45},{"not_picked":["Eviscerate","Deadly Poison"],"picked":"Prepared","floor":47},{"not_picked":["Flying Knee+1","Blade Dance+1"],"picked":"PiercingWail+1","floor":48},{"not_picked":["Escape Plan+1","Quick Slash+1"],"picked":"Concentrate","floor":55}],"player_experience":570649,"relics_obtained":[{"floor":6.0,"key":"InkBottle"},{"floor":8.0,"key":"Omamori"},{"floor":9.0,"key":"Sundial"},{"floor":14.0,"key":"Bag of Preparation"},{"floor":21,"key":"Red Mask"},{"floor":24,"key":"War Paint"},{"floor":27,"key":"FossilizedHelix"},{"floor":29,"key":"Paper Crane"},{"floor":40,"key":"Darkstone Periapt"},{"floor":42,"key":"Anchor"},{"floor":43,"key":"Strawberry"},{"floor":44,"key":"Unceasing Top"},{"floor":47,"key":"The Specimen"},{"floor":55,"key":"Art of War"}],"event_choices":[{"damage_healed":0.0,"max_hp_gain":0.0,"max_hp_loss":6.0,"gold_gain":0.0,"event_name":"Golden Idol","player_choice":"Lose Max HP","floor":2.0,"gold_loss":0.0,"damage_taken":0.0,"relics_obtained":["Golden Idol"]},{"damage_healed":0.0,"max_hp_gain":0.0,"max_hp_loss":0.0,"gold_gain":0.0,"event_name":"Shining Light","player_choice":"Ignored","floor":3.0,"gold_loss":0.0,"damage_taken":0.0},{"damage_healed":0,"gold_gain":0,"player_choice":"Fought Bandits","damage_taken":0,"max_hp_gain":0,"max_hp_loss":0,"event_name":"Masked Bandits","floor":21,"gold_loss":0},{"cards_removed":["Flying Knee"],"damage_healed":0,"gold_gain":0,"player_choice":"Gave Gold","damage_taken":0,"max_hp_gain":0,"max_hp_loss":0,"event_name":"Beggar","floor":22,"gold_loss":75},{"cards_removed":["Dagger Throw"],"damage_healed":5,"gold_gain":0,"player_choice":"Offered Common","damage_taken":0,"max_hp_gain":0,"max_hp_loss":0,"event_name":"Bonfire Elementals","floor":25,"gold_loss":0},{"cards_removed":["Dagger Throw"],"damage_healed":5,"gold_gain":0,"player_choice":"Offered Special","damage_taken":0,"max_hp_gain":0,"max_hp_loss":0,"event_name":"Bonfire Elementals","floor":25,"gold_loss":0},{"damage_healed":0,"gold_gain":0,"player_choice":"Memory 3","damage_taken":10,"max_hp_gain":0,"max_hp_loss":0,"event_name":"SensoryStone","floor":38,"gold_loss":0},{"damage_healed":0,"gold_gain":0,"player_choice":"Rummage","damage_taken":0,"relics_obtained":["WarpedTongs"],"max_hp_gain":0,"max_hp_loss":0,"event_name":"Accursed Blacksmith","floor":39,"gold_loss":0,"cards_obtained":["Pain"]},{"damage_healed":0,"gold_gain":0,"player_choice":"Fight","damage_taken":0,"max_hp_gain":0,"max_hp_loss":0,"event_name":"Mysterious Sphere","floor":44,"gold_loss":0}],"is_beta":false,"boss_relics":[{"not_picked":["SlaversCollar","Ring of the Serpent"],"picked":"Pandora\u0027s Box"},{"not_picked":["Runic Dome","Velvet Choker"],"picked":"HoveringKite"}],"items_purged_floors":[19,46],"is_endless":false,"potions_floor_spawned":[4,6,8,16,27,29,31,35,37,44,45,48],"ascension_level":20}}