{"host":"q9718omregw4er46","time":1612022397,"event":{"mods":["BaseMod","Bestiary","Colored Powertips","Custom Start","Minty Spire (QoL Compilation)","Practice Mode","Quick Restart","Relic Stats"],"gold_per_floor":[16,27,37,55,67,99,99,130,199,211,229,229,247,278,278,278,278],"floor_reached":16,"language":"ENG","playtime":702,"items_purged":[],"score":302,"play_id":"4f4142e9-2af3-4195-972a-ef1184841cf2","local_time":"20210130205957","is_ascension_mode":true,"campfire_choices":[{"data":"Conclude","floor":7,"key":"SMITH"},{"floor":15,"key":"REST"}],"circlet_count":0,"master_deck":["AscendersBane","Strike_P","Strike_P","Strike_P","Strike_P","Defend_P","Defend_P","Defend_P","Defend_P","Eruption","Vigilance","Master of Strategy","FollowUp","Conclude+1","Meditate","FlurryOfBlows","EmptyMind","Adaptation","WheelKick","Indignation"],"relics":["PureWater","Nunchaku","Mercury Hourglass","The Courier","Incense Burner"],"acts_visited":[],"potions_floor_usage":[6,8,16],"damage_taken":[{"damage":4.0,"enemies":"Jaw Worm","floor":1.0,"turns":5.0},{"damage":0.0,"enemies":"Cultist","floor":2.0,"turns":2.0},{"damage":2.0,"enemies":"2 Louse","floor":3.0,"turns":4.0},{"damage":3.0,"enemies":"Blue Slaver","floor":4.0,"turns":4.0},{"damage":0,"enemies":"Large Slime","floor":5,"turns":3},{"damage":14,"enemies":"3 Sentries","floor":6,"turns":5},{"damage":0,"enemies":"Gremlin Nob","floor":8,"turns":2},{"damage":15,"enemies":"Red Slaver","floor":10,"turns":4},{"damage":0,"enemies":"Lots of Slimes","floor":11,"turns":1},{"damage":5,"enemies":"Large Slime","floor":13,"turns":6},{"damage":12,"enemies":"3 Sentries","floor":14,"turns":3},{"damage":26,"enemies":"The Guardian","floor":16,"turns":7}],"seed_played":"3409405303571234603","potions_obtained":[{"floor":2.0,"key":"BlessingOfTheForge"},{"floor":5,"key":"Swift Potion"},{"floor":8,"key":"Ambrosia"},{"floor":12,"key":"LiquidBronze"}],"is_trial":false,"path_per_floor":["M","M","M","M","M","E","R","E","T","M","M","?","M","E","R","B"],"character_chosen":"WATCHER","items_purchased":[],"campfire_rested":1,"item_purchase_floors":[],"current_hp_per_floor":[57,57,55,52,52,38,38,38,38,23,23,23,18,6,26,0,0],"gold":278,"neow_bonus":"RANDOM_COLORLESS_2","is_daily":false,"chose_seed":false,"campfire_upgraded":1,"win_rate":0.0,"timestamp":1612022397,"path_taken":["M","M","M","M","M","E","R","E","T","M","M","?","M","E","R","BOSS"],"items_purchased_type":[],"build_version":"2020-12-22","purchased_purges":0,"victory":false,"max_hp_per_floor":[68,68,68,68,68,68,68,68,68,68,68,68,68,68,68,68,68],"relic_stats":{"Nunchaku":[4],"counters":[12,46],"obtain_stats":[{"Nunchaku":6,"The Courier":9,"Incense Burner":14,"PureWater":0,"Mercury Hourglass":8},{"Nunchaku":6,"The Courier":7,"Incense Burner":11,"PureWater":0,"Mercury Hourglass":7},{"Nunchaku":23,"The Courier":25,"Incense Burner":39,"PureWater":0,"Mercury Hourglass":25}],"Mercury Hourglass":[90]},"card_choices":[{"not_picked":["Mayhem","Magnetism"],"picked":"Master of Strategy","floor":0.0},{"not_picked":["SignatureMove","JustLucky","EmptyBody"],"picked":"SKIP","floor":1.0},{"not_picked":["Prostrate","Wireheading"],"picked":"FollowUp","floor":2.0},{"not_picked":["Crescendo","ClearTheMind"],"picked":"Conclude","floor":3.0},{"not_picked":["Collect","Sanctity"],"picked":"Meditate","floor":4},{"not_picked":["Halt","Prostrate"],"picked":"FlurryOfBlows","floor":5},{"not_picked":["InnerPeace","SashWhip"],"picked":"EmptyMind","floor":6},{"not_picked":["Worship","SashWhip"],"picked":"Adaptation","floor":8},{"not_picked":["WreathOfFlame","SashWhip"],"picked":"WheelKick","floor":10},{"not_picked":["Halt","Swivel","Worship"],"picked":"SKIP","floor":11},{"not_picked":["BowlingBash","Protect"],"picked":"Indignation","floor":13},{"not_picked":["FollowUp","LikeWater","SashWhip"],"picked":"SKIP","floor":14}],"player_experience":764865,"relics_obtained":[{"floor":6,"key":"Nunchaku"},{"floor":8,"key":"Mercury Hourglass"},{"floor":9,"key":"The Courier"},{"floor":14,"key":"Incense Burner"}],"event_choices":[{"damage_healed":0,"gold_gain":0,"player_choice":"Got Potions","damage_taken":0,"max_hp_gain":0,"max_hp_loss":0,"event_name":"Lab","floor":12,"gold_loss":0}],"is_beta":false,"boss_relics":[],"items_purged_floors":[],"is_endless":false,"potions_floor_spawned":[2,5,8,13,14],"killed_by":"The Guardian","ascension_level":20}}