{"host":"0b7urydaxuefbgpn","time":1612009530,"event":{"mods":["Bard","BaseMod","Colored Powertips","Hermit","Marisa????????","Minty Spire (QoL Compilation)","StSLib","The Cursed","The Disciple","The Poker Player","The Servant 0.9.4"],"gold_per_floor":[113,128,147,164,181,210,222,248,271,297,317,317,492,512,512,610,610,621,641,641,566,566,566,408,408,434,459,473,491,502,517,517,517,517,517],"floor_reached":33,"language":"RUS","playtime":2318,"items_purged":["Injury"],"score":308,"play_id":"76e4d79e-2495-4592-9c72-e65f9ad58bcc","local_time":"20210130152530","is_ascension_mode":false,"metric_token":737,"campfire_choices":[{"floor":12,"key":"REST"},{"data":"PokerPlayerMod:Mulligan","floor":15,"key":"SMITH"},{"floor":23,"key":"REST"},{"floor":25,"key":"REST"},{"floor":32,"key":"REST"}],"circlet_count":0,"master_deck":["PokerPlayerMod:Diamond1","PokerPlayerMod:Diamond2","PokerPlayerMod:Diamond3","PokerPlayerMod:Diamond4","PokerPlayerMod:Diamond5","PokerPlayerMod:Spade1","PokerPlayerMod:Spade2","PokerPlayerMod:Spade4","PokerPlayerMod:Club1","PokerPlayerMod:Club2","PokerPlayerMod:Heart2","PokerPlayerMod:TrumpStrike","PokerPlayerMod:BadJoker","PokerPlayerMod:Mulligan+1","PokerPlayerMod:CloakAndDiamond","PokerPlayerMod:Raise","PokerPlayerMod:Spade2","PokerPlayerMod:Diamond8","PokerPlayerMod:Spade6","PokerPlayerMod:Promotion","PokerPlayerMod:Spade4","PokerPlayerMod:Spade5","PokerPlayerMod:Raise","PokerPlayerMod:Promotion","PokerPlayerMod:Diamond3","PokerPlayerMod:FakeSymbols+1","PokerPlayerMod:Diamond2","PokerPlayerMod:MagicTrick+1","PokerPlayerMod:Promotion","PokerPlayerMod:SecretDealer","PokerPlayerMod:StackedDeck","PokerPlayerMod:DiamondStrike","PokerPlayerMod:DiamondStrike+1","PokerPlayerMod:Extraction"],"relics":["PokerPlayerMod:DeckCase","NeowsBlessing","Letter Opener","Boot","Orichalcum","Bag of Marbles","Astrolabe","MutagenicStrength","PokerPlayerMod:Splitter","Blood Vial"],"acts_visited":["Exordium","TheCity"],"potions_floor_usage":[],"damage_taken":[{"damage":0,"enemies":"Cultist","floor":1,"turns":1},{"damage":0,"enemies":"Small Slimes","floor":2,"turns":1},{"damage":0,"enemies":"Jaw Worm","floor":3,"turns":1},{"damage":8,"enemies":"Looter","floor":4,"turns":3},{"damage":7,"enemies":"Large Slime","floor":5,"turns":4},{"damage":15,"enemies":"3 Sentries","floor":6,"turns":8},{"damage":3,"enemies":"Exordium Thugs","floor":7,"turns":4},{"damage":16,"enemies":"Lagavulin","floor":8,"turns":5},{"damage":0,"enemies":"Gremlin Gang","floor":11,"turns":3},{"damage":5,"enemies":"Lots of Slimes","floor":14,"turns":5},{"damage":4,"enemies":"The Guardian","floor":16,"turns":12},{"damage":24,"enemies":"3 Byrds","floor":18,"turns":5},{"damage":15,"enemies":"Spheric Guardian","floor":19,"turns":4},{"damage":0,"enemies":"Gremlin Leader","floor":27,"turns":6},{"damage":4,"enemies":"3 Cultists","floor":28,"turns":4},{"damage":13,"enemies":"Snecko","floor":29,"turns":6},{"damage":11,"enemies":"Centurion and Healer","floor":30,"turns":4},{"damage":6,"enemies":"3 Cultists","floor":31,"turns":4},{"damage":58,"enemies":"Champ","floor":33,"turns":12}],"seed_played":"-7358387965067807905","potions_obtained":[{"floor":3,"key":"BlessingOfTheForge"},{"floor":5,"key":"ColorlessPotion"},{"floor":6,"key":"DuplicationPotion"}],"is_trial":false,"path_per_floor":["M","M","M","M","M","E","M","E","T","T","M","R","?","M","R","B",null,"M","M","?","$","?","R","$","R","T","E","M","M","M","M","R","B"],"character_chosen":"THE_POKER_PLAYER","items_purchased":["PokerPlayerMod:SecretDealer"],"campfire_rested":4,"item_purchase_floors":[24],"current_hp_per_floor":[52,52,52,44,41,28,27,14,14,14,23,38,38,36,36,38,52,28,13,13,13,13,28,28,43,43,46,52,39,36,38,52,0,0,0],"gold":517,"neow_bonus":"THREE_ENEMY_KILL","is_daily":false,"chose_seed":false,"campfire_upgraded":1,"win_rate":0.0,"timestamp":1612009530,"path_taken":["M","M","M","M","M","E","M","E","T","?","M","R","?","M","R","BOSS","M","M","?","?","?","R","$","R","T","E","M","M","M","M","R","BOSS"],"items_purchased_type":["Card"],"build_version":"2020-12-13","purchased_purges":1,"victory":false,"max_hp_per_floor":[52,52,52,52,52,52,52,52,52,52,52,52,52,52,52,52,52,52,52,52,52,52,52,52,52,52,52,52,52,52,52,52,52,52,52],"card_choices":[{"not_picked":["PokerPlayerMod:Configure","PokerPlayerMod:Diamond2"],"picked":"PokerPlayerMod:CloakAndDiamond","floor":1},{"not_picked":["PokerPlayerMod:CardBurn","PokerPlayerMod:DartThrow"],"picked":"PokerPlayerMod:Raise","floor":2},{"not_picked":["PokerPlayerMod:Harden","PokerPlayerMod:Spade1"],"picked":"PokerPlayerMod:Spade2","floor":3},{"not_picked":["PokerPlayerMod:Diamond1","PokerPlayerMod:MagicTrick"],"picked":"PokerPlayerMod:Diamond8","floor":4},{"not_picked":["PokerPlayerMod:Club4","PokerPlayerMod:CloakAndDiamond"],"picked":"PokerPlayerMod:Spade6","floor":5},{"not_picked":["PokerPlayerMod:Spade8","PokerPlayerMod:Club1"],"picked":"PokerPlayerMod:DamnStraight","floor":6},{"not_picked":["PokerPlayerMod:Sharpen","PokerPlayerMod:Configure"],"picked":"PokerPlayerMod:Promotion","floor":7},{"not_picked":["PokerPlayerMod:Club2","PokerPlayerMod:Configure"],"picked":"PokerPlayerMod:Spade4","floor":8},{"not_picked":["PokerPlayerMod:Fold","PokerPlayerMod:HeartStrike"],"picked":"PokerPlayerMod:Spade5","floor":11},{"not_picked":["PokerPlayerMod:Diamond4","PokerPlayerMod:CardBurn"],"picked":"PokerPlayerMod:Raise","floor":14},{"not_picked":["PokerPlayerMod:Heart8","PokerPlayerMod:Spade8"],"picked":"PokerPlayerMod:Promotion","floor":16},{"not_picked":["PokerPlayerMod:Spade5","PokerPlayerMod:DartThrow"],"picked":"PokerPlayerMod:Diamond2","floor":18},{"not_picked":["PokerPlayerMod:Spade1","PokerPlayerMod:JackOfSpades"],"picked":"PokerPlayerMod:MagicTrick+1","floor":19},{"not_picked":["PokerPlayerMod:Diamond5","PokerPlayerMod:Club3"],"picked":"PokerPlayerMod:StackedDeck","floor":27},{"not_picked":["PokerPlayerMod:Diamond2","PokerPlayerMod:Fold+1"],"picked":"PokerPlayerMod:DiamondStrike","floor":28},{"not_picked":["PokerPlayerMod:PoorCopy","PokerPlayerMod:Club5","PokerPlayerMod:Fold"],"picked":"SKIP","floor":29},{"not_picked":["PokerPlayerMod:DamnStraight+1","PokerPlayerMod:Diamond5"],"picked":"PokerPlayerMod:DiamondStrike+1","floor":30},{"not_picked":["PokerPlayerMod:CardBurn+1","PokerPlayerMod:Raise"],"picked":"PokerPlayerMod:Extraction","floor":31}],"player_experience":1320,"relics_obtained":[{"floor":6,"key":"Letter Opener"},{"floor":8,"key":"Boot"},{"floor":9,"key":"Orichalcum"},{"floor":10,"key":"Bag of Marbles"},{"floor":26,"key":"PokerPlayerMod:Splitter"},{"floor":27,"key":"Blood Vial"}],"event_choices":[{"damage_healed":0,"gold_gain":175,"player_choice":"AGREE","damage_taken":0,"max_hp_gain":0,"max_hp_loss":0,"event_name":"Liars Game","floor":13,"gold_loss":0,"cards_obtained":["Doubt"]},{"damage_healed":0,"gold_gain":0,"player_choice":"Copied","damage_taken":0,"max_hp_gain":0,"max_hp_loss":0,"event_name":"Duplicator","floor":20,"gold_loss":0,"cards_obtained":["PokerPlayerMod:Promotion"]},{"damage_healed":0,"gold_gain":0,"player_choice":"Inject Mutagens","damage_taken":0,"relics_obtained":["MutagenicStrength"],"max_hp_gain":0,"max_hp_loss":0,"event_name":"Drug Dealer","floor":22,"gold_loss":0}],"is_beta":false,"boss_relics":[{"not_picked":["Empty Cage","Philosopher\u0027s Stone"],"picked":"Astrolabe"}],"items_purged_floors":[21],"is_endless":false,"potions_floor_spawned":[3,5,6,7,8,18,29,30,31],"killed_by":"Champ","ascension_level":0}}