{"host":"1tl36azeqm6yhdgj","time":1612007977,"event":{"mods":["AchievementEnabler","BaseMod","Minty Spire (QoL Compilation)","StSLib","The IronCluck","everything is the same but u backflip on backflip"],"gold_per_floor":[110,110,130,205,355,355,375,405,405,430,450,160,177,207,207,280,280,299,315,329,4,4,4,4],"floor_reached":23,"language":"ENG","playtime":694,"items_purged":["Doubt"],"score":422,"play_id":"825f6ac1-475d-4da1-b15d-01ff33b9eccc","local_time":"20210130065937","is_ascension_mode":true,"campfire_choices":[{"data":"Flame Barrier","floor":6.0,"key":"SMITH"},{"floor":15.0,"key":"REST"}],"circlet_count":0,"master_deck":["AscendersBane","Strike_R","Strike_R","Strike_R","Defend_R","Defend_R","Defend_R","Bash","Flex","Pummel","Flame Barrier+1","Blood for Blood","Pommel Strike","Inflame","Metallicize","Feed","Cleave","Fire Breathing","Seeing Red"],"relics":["Burning Blood","NeowsBlessing","Bottled Lightning","Mercury Hourglass","Singing Bowl","Centennial Puzzle","Bag of Marbles","Empty Cage","Shuriken"],"acts_visited":["Exordium","TheCity"],"potions_floor_usage":[23],"damage_taken":[{"damage":0.0,"enemies":"2 Louse","floor":1.0,"turns":1.0},{"damage":0.0,"enemies":"Jaw Worm","floor":3.0,"turns":1.0},{"damage":0.0,"enemies":"Small Slimes","floor":7.0,"turns":1.0},{"damage":9.0,"enemies":"Gremlin Nob","floor":8.0,"turns":3.0},{"damage":34.0,"enemies":"Lagavulin","floor":10.0,"turns":6.0},{"damage":7.0,"enemies":"Exordium Thugs","floor":11.0,"turns":4.0},{"damage":1.0,"enemies":"Looter","floor":13.0,"turns":4.0},{"damage":14.0,"enemies":"3 Sentries","floor":14.0,"turns":7.0},{"damage":54.0,"enemies":"Slime Boss","floor":16.0,"turns":11.0},{"damage":0.0,"enemies":"3 Byrds","floor":18.0,"turns":1.0},{"damage":25.0,"enemies":"Spheric Guardian","floor":19.0,"turns":5.0},{"damage":21.0,"enemies":"Snake Plant","floor":20.0,"turns":3.0},{"damage":49,"enemies":"Book of Stabbing","floor":23,"turns":5}],"seed_played":"-2462585792170988226","potions_obtained":[{"floor":3.0,"key":"DuplicationPotion"},{"floor":10.0,"key":"Swift Potion"},{"floor":11.0,"key":"SpeedPotion"},{"floor":13.0,"key":"LiquidBronze"},{"floor":19.0,"key":"BlessingOfTheForge"},{"floor":20.0,"key":"DistilledChaos"}],"is_trial":false,"path_per_floor":["M","?","M","?","?","R","M","E","T","E","M","$","M","E","R","B",null,"M","M","M","$","?","E"],"character_chosen":"IRONCLAD","items_purchased":["Centennial Puzzle","BloodPotion","Shuriken","Seeing Red"],"campfire_rested":1,"item_purchase_floors":[12,12,21,21],"current_hp_per_floor":[74,74,75,64,64,64,70,67,67,39,38,53,60,54,77,29,67,73,57,44,44,44,0,0],"gold":4,"neow_bonus":"THREE_ENEMY_KILL","is_daily":false,"chose_seed":false,"campfire_upgraded":1,"win_rate":0.0,"timestamp":1612007977,"path_taken":["M","?","M","?","?","R","M","E","T","E","M","$","M","E","R","BOSS","M","M","M","$","?","E"],"items_purchased_type":["Relic","Potion","Relic","Card"],"build_version":"2020-12-22","purchased_purges":1,"victory":false,"max_hp_per_floor":[75,75,75,75,75,75,75,75,75,75,75,75,77,79,79,79,79,79,82,84,84,84,84,84],"card_choices":[{"not_picked":["Clash","Sword Boomerang"],"picked":"Flex","floor":1.0},{"not_picked":["Sentinel","Disarm"],"picked":"Flame Barrier","floor":3.0},{"not_picked":["Clash","Flex"],"picked":"Blood for Blood","floor":7.0},{"not_picked":["Warcry","Sentinel"],"picked":"Pommel Strike","floor":8.0},{"not_picked":["Armaments","Havoc"],"picked":"Inflame","floor":10.0},{"not_picked":["Blood for Blood","Bludgeon"],"picked":"Metallicize","floor":11.0},{"not_picked":["Evolve","Clash","Ghostly Armor"],"picked":"Singing Bowl","floor":13.0},{"not_picked":["Clothesline","Combust","Sword Boomerang"],"picked":"Singing Bowl","floor":14.0},{"not_picked":["Limit Break","Double Tap"],"picked":"Feed","floor":16.0},{"not_picked":["Entrench","Power Through"],"picked":"Cleave","floor":18.0},{"not_picked":["Wild Strike","True Grit"],"picked":"Fire Breathing","floor":19.0},{"not_picked":["Metallicize","True Grit","Dark Embrace"],"picked":"Singing Bowl","floor":20.0}],"player_experience":2110699,"relics_obtained":[{"floor":8.0,"key":"Bottled Lightning"},{"floor":9.0,"key":"Mercury Hourglass"},{"floor":10.0,"key":"Singing Bowl"},{"floor":14.0,"key":"Bag of Marbles"}],"event_choices":[{"damage_healed":0.0,"max_hp_gain":0.0,"max_hp_loss":0.0,"gold_gain":0.0,"cards_transformed":["Strike_R"],"event_name":"Living Wall","player_choice":"Change","floor":2.0,"gold_loss":0.0,"damage_taken":0.0,"cards_obtained":["Pummel"]},{"damage_healed":0.0,"max_hp_gain":0.0,"max_hp_loss":0.0,"gold_gain":75.0,"event_name":"World of Goop","player_choice":"Gather Gold","floor":4.0,"gold_loss":0.0,"damage_taken":11.0},{"damage_healed":0.0,"max_hp_gain":0.0,"max_hp_loss":0.0,"gold_gain":150.0,"event_name":"Liars Game","player_choice":"AGREE","floor":5.0,"gold_loss":0.0,"damage_taken":0.0,"cards_obtained":["Doubt"]},{"damage_healed":0.0,"max_hp_gain":0.0,"max_hp_loss":0.0,"gold_gain":0.0,"event_name":"Ghosts","player_choice":"Ignored","floor":22.0,"gold_loss":0.0,"damage_taken":0.0}],"is_beta":false,"boss_relics":[{"not_picked":["Runic Dome","Black Star"],"picked":"Empty Cage"}],"items_purged_floors":[12],"is_endless":false,"potions_floor_spawned":[3,10,11,13,19,20],"killed_by":"Book of Stabbing","ascension_level":20}}