{"host":"h3ybbam5olp21xet","time":1612049543,"event":{"mods":["BaseMod","Downfall","Hermit","Hubris","Infinite Spire","Minty Spire (QoL Compilation)","StSLib","The Bug Knight"],"gold_per_floor":[99,112,123,123,134,134,134,145,145,51,51,78,78,97,118,223,223,223,250,250,276,276,276,276,317,336,336,360,360,360,34,52,52,52,52],"floor_reached":33,"language":"ENG","playtime":2673,"items_purged":["downfall:Bewildered"],"score":259,"play_id":"f54dab47-3ea5-466e-9e4c-818a6ea37fa3","local_time":"20210130173223","is_ascension_mode":false,"campfire_choices":[{"data":"hexamod:Float","floor":1,"key":"SMITH"},{"data":"hexamod:HeatCrush","floor":6,"key":"SMITH"},{"data":"hexamod:TimeOfNeed","floor":13,"key":"SMITH"},{"data":"hexamod:SkipABeat","floor":18,"key":"SMITH"},{"floor":23,"key":"REST"},{"data":"hexamod:UnlimitedPower","floor":27,"key":"SMITH"},{"floor":30,"key":"REST"}],"circlet_count":0,"master_deck":["hexamod:Sear","hexamod:Float+1","hexamod:EtherealExpedition+1","hexamod:SpectersWail","hexamod:HeatCrush+1","hexamod:FirstSeal","hexamod:SecondSeal","hexamod:TimeOfNeed+1","hexamod:StepThrough","hexamod:StepThrough","hexamod:FastForward","hexamod:WildfireWeapon","hexamod:ParanormalForm","hexamod:ThirdSeal","hexamod:GhostOfSpireFuture","hexamod:FastForward","hexamod:AdvancingGuard","hexamod:SkipABeat+1","hexamod:GhostOfSpirePresent","hexamod:PhantomCloak","hexamod:Firestarter+1","hexamod:PhantomFireball+1","hexamod:GhostOfSpirePast","hexamod:EtherealExpedition+1","hexamod:UnlimitedPower+1","hexamod:FourthSeal","hexamod:BacktrackSmack","hexamod:RainOfEmbers","hexamod:Hexaguard","expansioncontent:StudyTheSpire","hexamod:HauntingEcho","hexamod:ThirdSeal"],"relics":["hexamod:SpiritBrand","Pandora\u0027s Box","sneckomod:BabySnecko","downfall:RedIOU","hubris:SphereOfDissonance","Ornamental Fan","hubris:Icosahedron"],"acts_visited":["Exordium","TheCity"],"potions_floor_usage":[16,16,26,28,31,33,33],"damage_taken":[{"damage":0,"enemies":"2 Louse","floor":2,"turns":3},{"damage":0,"enemies":"Small Slimes","floor":3,"turns":3},{"damage":0,"enemies":"Jaw Worm","floor":5,"turns":3},{"damage":6,"enemies":"Exordium Thugs","floor":8,"turns":3},{"damage":0,"enemies":"downfall:FleeingMerchant","floor":10,"turns":4},{"damage":11,"enemies":"2 Fungi Beasts","floor":12,"turns":4},{"damage":18,"enemies":"3 Louse","floor":14,"turns":3},{"damage":12,"enemies":"Exordium Thugs","floor":15,"turns":3},{"damage":37,"enemies":"WA_ARCHETYPE_RETAIN","floor":16,"turns":9},{"damage":12,"enemies":"Shell Parasite","floor":19,"turns":6},{"damage":32,"enemies":"Spheric Guardian","floor":21,"turns":6},{"damage":2,"enemies":"Nightmare","floor":25,"turns":9},{"damage":20,"enemies":"Snake Plant","floor":26,"turns":3},{"damage":31,"enemies":"3 Cultists","floor":28,"turns":4},{"damage":6,"enemies":"downfall:FleeingMerchant","floor":31,"turns":4},{"damage":35,"enemies":"Centurion and Healer","floor":32,"turns":5},{"damage":54,"enemies":"SI_MIRROR_ARCHETYPE","floor":33,"turns":4}],"seed_played":"6190024720209528467","potions_obtained":[{"floor":2,"key":"DistilledChaos"},{"floor":8,"key":"Swift Potion"},{"floor":15,"key":"hexamod:DoubleChargePotion"},{"floor":16,"key":"SpeedPotion"},{"floor":19,"key":"SkillPotion"},{"floor":25,"key":"FairyPotion"},{"floor":26,"key":"SpeedPotion"},{"floor":28,"key":"sneckomod:MuddlingPotion"},{"floor":28,"key":"hexamod:SoulburnPotion"},{"floor":32,"key":"PowerPotion"}],"is_trial":false,"path_per_floor":["R","M","M","?","M","R","T","M","?","$","?","M","R","M","M","B",null,"R","M","?","M","?","R","T","NM","M","R","M","?","R","$","M","B"],"character_chosen":"THE_SPIRIT","items_purchased":["hexamod:TimeOfNeed","expansioncontent:StudyTheSpire","hexamod:HauntingEcho"],"campfire_rested":2,"item_purchase_floors":[10,31,31],"current_hp_per_floor":[77,77,77,77,77,77,77,71,71,77,77,73,73,55,50,13,77,77,72,72,47,47,70,70,75,62,62,38,38,61,62,27,0,0,0],"gold":52,"neow_bonus":"TEN_PERCENT_HP_BONUS","is_daily":false,"chose_seed":false,"campfire_upgraded":5,"win_rate":0.0,"timestamp":1612049543,"path_taken":["R","M","M","?","M","R","T","M","?","$","?","M","R","?","M","BOSS","R","M","?","M","?","R","T","NM","M","R","M","?","R","$","M","BOSS"],"items_purchased_type":["Card","Card","Card"],"build_version":"2020-12-22","purchased_purges":1,"victory":false,"max_hp_per_floor":[77,77,77,77,77,77,77,77,77,77,77,77,77,77,77,77,77,77,77,77,77,77,77,77,77,77,77,77,77,77,77,77,77,77,77],"card_choices":[{"not_picked":["hexamod:PhantomFireball","hexamod:Hexaguard"],"picked":"hexamod:EtherealExpedition","floor":2},{"not_picked":["hexamod:GhostShield","hexamod:GhostOfSpireFuture"],"picked":"hexamod:SpectersWail","floor":3},{"not_picked":["hexamod:BacktrackSmack","hexamod:RetreatToShadows"],"picked":"hexamod:Rewind","floor":5},{"not_picked":["hexamod:Again","hexamod:HauntingEcho"],"picked":"hexamod:FirstSeal","floor":8},{"not_picked":["hexamod:HauntingEcho","hexamod:GhostOfSpirePast"],"picked":"hexamod:SecondSeal","floor":10},{"not_picked":["hexamod:AdvancingGuard","hexamod:FirstSeal"],"picked":"hexamod:StepThrough","floor":12},{"not_picked":["hexamod:ShieldOfDarkness","hexamod:Firestarter"],"picked":"hexamod:StepThrough","floor":14},{"not_picked":["hexamod:Hexaguard","hexamod:NightmareStrike"],"picked":"hexamod:FastForward","floor":15},{"not_picked":["hexamod:SearingWound","hexamod:GhostOfSpirePresent"],"picked":"hexamod:WildfireWeapon","floor":16},{"not_picked":["hexamod:SwordOfDarkness","hexamod:ThermalTransfer"],"picked":"hexamod:Firestarter+1","floor":19},{"not_picked":["hexamod:GhostLash","hexamod:NightmareGuise"],"picked":"hexamod:PhantomFireball+1","floor":19},{"not_picked":["hexamod:Again","hexamod:NightmareStrike"],"picked":"hexamod:GhostOfSpirePast","floor":21},{"not_picked":["hexamod:NightmareGuise","hexamod:NecessarySacrifice"],"picked":"hexamod:EtherealExpedition+1","floor":21},{"not_picked":["hexamod:TimeWarp","hexamod:SoulSteal"],"picked":"hexamod:UnlimitedPower","floor":25},{"not_picked":["hexamod:SearingWound","hexamod:Haunt"],"picked":"hexamod:FourthSeal","floor":25},{"not_picked":["hexamod:NightmareStrike","hexamod:ShieldOfDarkness+1"],"picked":"hexamod:BacktrackSmack","floor":26},{"not_picked":["hexamod:GhostOfSpirePast","hexamod:CatchUp"],"picked":"hexamod:RainOfEmbers","floor":28},{"not_picked":["hexamod:ShieldOfDarkness","hexamod:GhostOfSpirePresent"],"picked":"hexamod:Hexaguard","floor":31},{"not_picked":["hexamod:ChargedBarrage","hexamod:GhostLash+1"],"picked":"hexamod:ThirdSeal","floor":32}],"player_experience":607888,"relics_obtained":[{"floor":7,"key":"hubris:TenFootPole"},{"floor":24,"key":"hubris:SphereOfDissonance"},{"floor":25,"key":"Ornamental Fan"}],"event_choices":[{"damage_healed":0,"gold_gain":0,"player_choice":"Grow","damage_taken":0,"max_hp_gain":0,"max_hp_loss":0,"event_name":"Living Wall","floor":9,"gold_loss":0,"cards_upgraded":["hexamod:EtherealExpedition"]},{"cards_removed":["hexamod:Rewind"],"damage_healed":0,"gold_gain":0,"player_choice":"Offered Uncommon","damage_taken":0,"max_hp_gain":0,"max_hp_loss":0,"event_name":"Bonfire Elementals","floor":11,"gold_loss":0}],"is_beta":false,"boss_relics":[{"not_picked":["Sozu","hubris:Stopwatch"],"picked":"Pandora\u0027s Box"}],"items_purged_floors":[31],"is_endless":true,"potions_floor_spawned":[2,8,15,16,19,25,28,32],"killed_by":"SI_MIRROR_ARCHETYPE","ascension_level":0}}