{"host":"0hb9w7uizu7y13wj","time":1612030601,"event":{"mods":["Act Like it!","Aspiration","BaseMod","BetterRewards","Colored Map","Conspire","Downfall","Energized Spire","FTL Soundtrack","Friendly Minions","Halation","Hubris","Infinite Spire","Minty Spire (QoL Compilation)","Quick Restart","Replay The Spire","StSLib","Synergy Search","The Hierophant","The Jungle","The Poker Player","Trackpad","everything is the same but u backflip on backflip"],"gold_per_floor":[118,49,64,139,151,151,180,197,244,271,271,42,42,42],"floor_reached":13,"language":"ENG","playtime":394,"items_purged":[],"score":149,"play_id":"08da4089-b529-4829-92ea-f067b1c4934f","local_time":"20210130181641","is_ascension_mode":true,"campfire_choices":[{"data":"Zap","floor":6.0,"key":"SMITH"}],"circlet_count":0,"master_deck":["AscendersBane","Strike_B","Strike_B","Strike_B","Strike_B","Defend_B","Defend_B","Defend_B","Defend_B","Zap+1","Dualcast","Storm","Guardian:Gem_Red","Spot Weakness","ReplayTheSpireMod:Calculation Training","Pummel","FIFO Queue","Bandage Up","Bandage Up"],"relics":["Cracked Core","aspiration:Nostalgia","m_GuardianBlood","Akabeko","hubris:ToyBattleship","hubris:Towel","halation:NonexistentMirror"],"acts_visited":["Exordium"],"potions_floor_usage":[13],"damage_taken":[{"damage":2.0,"enemies":"2 Louse","floor":1.0,"turns":2.0},{"damage":0.0,"enemies":"Small Slimes","floor":3.0,"turns":3.0},{"damage":7.0,"enemies":"Jaw Worm","floor":5.0,"turns":4.0},{"damage":37.0,"enemies":"3 Sentries","floor":7.0,"turns":7.0},{"damage":8.0,"enemies":"Blue Slaver","floor":8.0,"turns":2.0},{"damage":18.0,"enemies":"Gremlin Nob","floor":10.0,"turns":3.0},{"damage":25,"enemies":"Replay:BlueRogue","floor":13,"turns":3}],"seed_played":"5375910250444921998","potions_obtained":[{"floor":3.0,"key":"hexamod:SoulburnPotion"},{"floor":5.0,"key":"PowerPotion"},{"floor":8.0,"key":"PowerPotion"}],"is_trial":false,"path_per_floor":["M","$","M","?","M","R","E","M","T","E","?","$","E"],"character_chosen":"DEFECT","items_purchased":["Storm","halation:NonexistentMirror","Bandage Up"],"campfire_rested":0,"item_purchase_floors":[2,12,12],"current_hp_per_floor":[72,72,75,64,63,63,32,30,30,18,18,18,0,0],"gold":42,"neow_bonus":"NOSTALGIA","is_daily":false,"chose_seed":false,"campfire_upgraded":1,"win_rate":0.0,"timestamp":1612030601,"path_taken":["M","$","M","?","M","R","E","M","T","E","?","$","E"],"items_purchased_type":["Card","Relic","Card"],"build_version":"2020-12-22","purchased_purges":0,"victory":false,"max_hp_per_floor":[75,75,75,75,75,75,75,75,75,75,75,75,75,75],"card_choices":[{"not_picked":["Entrench","Barrage","ReplaySolidLightProjector"],"picked":"SKIP","floor":1.0},{"not_picked":["Conserve Battery","Hello World"],"picked":"Guardian:Gem_Red","floor":3.0},{"not_picked":["Hello World","Twin Strike"],"picked":"Spot Weakness","floor":5.0},{"not_picked":["ReplayTheSpireMod:Muscle Training","Spot Weakness"],"picked":"ReplayTheSpireMod:Calculation Training","floor":7.0},{"not_picked":["Doom and Gloom","Cold Snap"],"picked":"Pummel","floor":8.0},{"not_picked":["Cold Snap","Fusion"],"picked":"FIFO Queue","floor":10.0}],"player_experience":952293,"relics_obtained":[{"floor":7.0,"key":"Akabeko"},{"floor":10.0,"key":"hubris:ToyBattleship"}],"event_choices":[{"damage_healed":0.0,"max_hp_gain":0.0,"max_hp_loss":0.0,"gold_gain":75.0,"event_name":"World of Goop","player_choice":"Gather Gold","floor":4.0,"gold_loss":0.0,"damage_taken":11.0}],"is_beta":false,"boss_relics":[],"items_purged_floors":[],"is_endless":false,"potions_floor_spawned":[3,5,8],"killed_by":"Replay:BlueRogue","ascension_level":12}}