{"host":"62ml2u9p5u2np5kb","time":1612013658,"event":{"mods":["BaseMod","Colored Map","Friendly Minions","Koishi","Marisa（F雨　魔理沙）","Minty Spire (QoL Compilation)","MostiFishMod","Quick Restart","Reimu（博丽灵梦）","StSLib","Waifu the Spire","WarShipGirlsR/战舰少女R mod","Yakumo Yukari mod","Youmu（魂魄妖梦）","[功能]功能增强和修复MOD","noobMod"],"gold_per_floor":[109,121,137,137,151,151,178,178,204,217,252,252,266,278,278,383,383,383],"floor_reached":17,"language":"ZHS","playtime":1709,"items_purged":[],"score":169,"play_id":"37d805a5-6cad-4e8c-ad4b-48df3adc3372","local_time":"20210130213418","is_ascension_mode":false,"campfire_choices":[{"floor":6,"key":"RECALL"},{"data":"Koishi:ImGoingToCallYouNow","floor":8,"key":"SMITH"},{"data":"Koishi:CatchAndRose","floor":12,"key":"SMITH"},{"data":"Koishi:EmbryosDream","floor":15,"key":"SMITH"}],"circlet_count":0,"master_deck":["Koishi:BasicStrike","Koishi:BasicStrike","Koishi:BasicDefend","Koishi:BasicDefend","Koishi:BasicDefend","Koishi:BasicDefend","Koishi:Provoke","Koishi:HauntingSlash","Koishi:TremblingHands","Koishi:CatchAndRose+1","Koishi:IdleWhim","Koishi:GrowingPain","Koishi:EmbryosDream+1","Koishi:ImGoingToCallYouNow+1","Koishi:DreadfulBlow","Koishi:StingingMind","Koishi:FidgetySnatcher","Koishi:Prune","Koishi:ConfinedInnocent"],"relics":["Koishi:ImaginaryFriend","ice","DaveBox","Nloth\u0027s Gift","SynthV:TestCard","Bottled Lightning","Toxic Egg 2","FeatherPendant"],"acts_visited":["Exordium","TheCity"],"potions_floor_usage":[3,3,5,7,10,10,11,13,14,16],"damage_taken":[{"damage":1,"enemies":"Cultist","floor":1,"turns":5},{"damage":2,"enemies":"Small Slimes","floor":2,"turns":4},{"damage":6,"enemies":"Jaw Worm","floor":3,"turns":3},{"damage":6,"enemies":"Looter","floor":5,"turns":4},{"damage":40,"enemies":"3 Sentries","floor":7,"turns":15},{"damage":15,"enemies":"Exordium Thugs","floor":10,"turns":6},{"damage":24,"enemies":"Lagavulin","floor":11,"turns":14},{"damage":13,"enemies":"3 Louse","floor":13,"turns":7},{"damage":14,"enemies":"Blue Slaver","floor":14,"turns":6},{"damage":57,"enemies":"The Guardian","floor":16,"turns":10}],"seed_played":"3134282752134005441","potions_obtained":[{"floor":1,"key":"Dexterity Potion"},{"floor":2,"key":"DuplicationPotion"},{"floor":2,"key":"GrandPatriotsElixir:ReiMu"},{"floor":5,"key":"Regen Potion"},{"floor":7,"key":"Fire Potion"},{"floor":7,"key":"Weak Potion"},{"floor":10,"key":"Swift Potion"},{"floor":11,"key":"Strength Potion"},{"floor":11,"key":"ZuzhouPotion:ReiMu"},{"floor":13,"key":"GamblersBrew"},{"floor":13,"key":"GamblersBrew"},{"floor":14,"key":"MagicPotion:ReiMu"},{"floor":16,"key":"SkillPotion"}],"is_trial":false,"path_per_floor":["M","M","M","?","M","R","E","R","T","M","E","R","M","M","R","B",null],"character_chosen":"KOISHI","items_purchased":[],"campfire_rested":0,"item_purchase_floors":[],"current_hp_per_floor":[60,59,54,54,49,49,25,25,25,26,30,30,32,40,40,66,66,66],"gold":383,"neow_bonus":"TRANSFORM_CARD","is_daily":false,"chose_seed":false,"campfire_upgraded":3,"win_rate":0.0,"timestamp":1612013658,"path_taken":["M","M","?","?","M","R","E","R","T","?","E","R","M","M","R","BOSS"],"items_purchased_type":[],"build_version":"2020-12-22","purchased_purges":0,"victory":false,"max_hp_per_floor":[60,60,60,60,60,60,60,60,60,60,60,60,60,60,60,66,66,66],"card_choices":[{"not_picked":["Koishi:ReflexRadar","Koishi:RacingHeart"],"picked":"Koishi:CatchAndRose","floor":1},{"not_picked":["Koishi:UnconsciousUrges","Koishi:UnansweredLove","Koishi:SpiritedAway","Koishi:Vanish"],"picked":"Koishi:IdleWhim","floor":2},{"not_picked":["Koishi:EmbersOfLove","Koishi:CatchAndRose","Koishi:SubterraneanRose","Koishi:PhantomStrike"],"picked":"Koishi:GrowingPain","floor":3},{"not_picked":["Koishi:BramblyRoseGarden","Koishi:PhantomBarrier","Koishi:SubterraneanRose","Koishi:EmbersOfLove"],"picked":"Koishi:EmbryosDream","floor":5},{"not_picked":["Koishi:HeartfeltFancy","Koishi:Whimsy","Koishi:SuperEgo","Koishi:DNAsFlaw"],"picked":"Koishi:ImGoingToCallYouNow","floor":7},{"not_picked":["Koishi:DNAsFlaw","Koishi:HeartAttack","Koishi:ParalyzingFear","Koishi:UnseenTerror"],"picked":"Koishi:DreadfulBlow","floor":10},{"not_picked":["Koishi:IdleWhim+1","Koishi:ReflexRadar+1","Koishi:RacingHeart","Koishi:ConfinedInnocent"],"picked":"Koishi:StingingMind","floor":11},{"not_picked":["Koishi:SubconsciousSweep","Koishi:PhantomBarrier+1","Koishi:SpiritedAway","Koishi:SubterraneanRose+1"],"picked":"Koishi:FidgetySnatcher","floor":13},{"not_picked":["Koishi:HeartAttack","Koishi:PhantomStrike","Koishi:ApparitionsStalkTheNight+1","Koishi:Catatonia"],"picked":"Koishi:Prune","floor":14},{"not_picked":["Koishi:FormlessExistence","Koishi:RuptureMind","Koishi:MindStellarRelief+1","Koishi:RoseHell+1"],"picked":"Koishi:ConfinedInnocent","floor":16}],"player_experience":53910,"relics_obtained":[{"floor":1,"key":"SynthV:TestCard"},{"floor":7,"key":"Bottled Lightning"},{"floor":11,"key":"Toxic Egg 2"}],"event_choices":[{"cards_removed":["Koishi:BasicStrike"],"damage_healed":0,"gold_gain":0,"player_choice":"Purged","damage_taken":0,"max_hp_gain":0,"max_hp_loss":0,"event_name":"Purifier","floor":4,"gold_loss":0}],"is_beta":false,"boss_relics":[{"not_picked":["Calling Bell","RhineCircuit"],"picked":"FeatherPendant"}],"items_purged_floors":[],"is_endless":false,"potions_floor_spawned":[1,2,2,5,7,7,10,11,11,13,13,14,16],"ascension_level":0}}