{"host":"gmrw3hv4wligmwgo","time":1612019660,"event":{"mods":["2.2 Compatiblity","BaseMod","Colored Map","Highlight Path","Minty Spire (QoL Compilation)","Relic Stats","StSLib","Synergy Search","Td1madao Mod","The Animator"],"gold_per_floor":[109,124,141,141,151,183,183,203,203,221,50,50,50,50,50,50,50],"floor_reached":16,"language":"ENG","playtime":1008,"items_purged":[],"score":204,"play_id":"67e10030-d863-4dc7-8704-3e7bc490eff4","local_time":"20210130161420","is_ascension_mode":true,"campfire_choices":[{"data":"True Grit","floor":7,"key":"SMITH"},{"floor":12,"key":"REST"},{"floor":15,"key":"REST"}],"circlet_count":0,"master_deck":["AscendersBane","Strike_R","Strike_R","Strike_R","Strike_R","Strike_R","Defend_R","Defend_R","Defend_R","Defend_R","Bash","Shrug It Off","Wild Strike","Dual Wield","Feel No Pain","True Grit+1","Headbutt","Power Through"],"relics":["Cursed Key","Juzu Bracelet","Medical Kit"],"acts_visited":["Exordium"],"potions_floor_usage":[6],"damage_taken":[{"damage":2.0,"enemies":"Cultist","floor":1.0,"turns":4.0},{"damage":1.0,"enemies":"2 Louse","floor":2.0,"turns":3.0},{"damage":7.0,"enemies":"Jaw Worm","floor":3.0,"turns":2.0},{"damage":10.0,"enemies":"Exordium Thugs","floor":5.0,"turns":5.0},{"damage":33,"enemies":"Gremlin Nob","floor":6,"turns":4},{"damage":18,"enemies":"Exordium Wildlife","floor":8,"turns":7},{"damage":7,"enemies":"2 Fungi Beasts","floor":10,"turns":3},{"damage":52,"enemies":"Slime Boss","floor":16,"turns":7}],"seed_played":"3810903998821447425","potions_obtained":[{"floor":1.0,"key":"LiquidBronze"},{"floor":2.0,"key":"BloodPotion"},{"floor":5.0,"key":"PowerPotion"},{"floor":8,"key":"FearPotion"}],"is_trial":false,"path_per_floor":["M","M","M","?","M","E","R","M","T","M","$","R","?","T","R","B"],"character_chosen":"IRONCLAD","items_purchased":["Medical Kit"],"campfire_rested":2,"item_purchase_floors":[11],"current_hp_per_floor":[66,65,58,58,63,30,30,12,12,5,5,27,27,27,49,0,0],"gold":50,"neow_bonus":"BOSS_RELIC","is_daily":false,"chose_seed":false,"campfire_upgraded":1,"win_rate":0.0,"timestamp":1612019660,"path_taken":["M","?","M","?","M","E","R","M","T","M","$","R","?","?","R","BOSS"],"items_purchased_type":["Relic"],"build_version":"2020-12-22","purchased_purges":0,"victory":false,"max_hp_per_floor":[75,75,75,75,75,75,75,75,75,75,75,75,75,75,75,75,75],"relic_stats":{"counters":[8,35],"Juzu Bracelet":0,"Cursed Key":0,"Medical Kit":[3],"obtain_stats":[{"Juzu Bracelet":6,"Cursed Key":0,"Medical Kit":11,"Burning Blood":0},{"Juzu Bracelet":5,"Cursed Key":0,"Medical Kit":7,"Burning Blood":0},{"Juzu Bracelet":18,"Cursed Key":0,"Medical Kit":28,"Burning Blood":0}]},"card_choices":[{"not_picked":["Disarm","Sever Soul"],"picked":"Shrug It Off","floor":1.0},{"not_picked":["Dark Embrace","Thunderclap"],"picked":"Wild Strike","floor":2.0},{"not_picked":["Sword Boomerang","Headbutt"],"picked":"Dual Wield","floor":3.0},{"not_picked":["Warcry","Searing Blow"],"picked":"Feel No Pain","floor":5.0},{"not_picked":["Armaments","Sever Soul"],"picked":"True Grit","floor":6},{"not_picked":["Iron Wave","Cleave"],"picked":"Headbutt","floor":8},{"not_picked":["Sword Boomerang","Clash"],"picked":"Power Through","floor":10}],"player_experience":678790,"relics_obtained":[{"floor":6,"key":"Juzu Bracelet"}],"event_choices":[{"damage_healed":0.0,"max_hp_gain":0.0,"max_hp_loss":0.0,"gold_gain":0.0,"event_name":"Liars Game","player_choice":"Ignored","floor":4.0,"gold_loss":0.0,"damage_taken":0.0},{"damage_healed":0,"gold_gain":0,"player_choice":"Fled","damage_taken":0,"max_hp_gain":0,"max_hp_loss":0,"event_name":"Scrap Ooze","floor":13,"gold_loss":0}],"is_beta":false,"boss_relics":[],"items_purged_floors":[],"is_endless":false,"potions_floor_spawned":[1,2,5,8],"killed_by":"Slime Boss","ascension_level":20}}