{"host":"stku21i8hhz5zha4","time":1612029650,"event":{"mods":["2.2 Compatiblity","AchievementEnabler","Aspiration","BaseMod","Better Altar","Better Match","Better Note","Better Sensory Stone","Better Skull","Better Third Choice","Better Vampires","Colored Map","Colorless Booster Pack","Conspire","Dark Map","Displayed Cursed Tome","Downfall","Energized Spire","Friendly Minions","GifTheSpireLib","Halation","Hubris","Infinite Spire","Jedi Mod","Jorbs\u0027s Wanderer Trilogy","Minty Spire (QoL Compilation)","Permanent Neow","Quick Restart","Rare Cards Sparkle","Reliquary","Replay The Spire","Shop Mod","Spikes Relics","Spire Arcade","StS++","StSLib","Stuff the Spire","The Blue Laboratory","Trackpad","Transform Curses","Uncapped"],"gold_per_floor":[12,12,30,30,50,79,91,124,124,150,150,167,186,196,196,271,271,290,290,305,305,305],"floor_reached":21,"language":"RUS","playtime":1277,"items_purged":[],"score":445,"play_id":"4c9b3537-bcf2-43cb-a093-3423a6902ad5","local_time":"20210130210050","is_ascension_mode":true,"campfire_choices":[{"data":"Apotheosis","floor":11,"key":"SMITH"},{"data":"Shrug It Off","floor":15,"key":"SMITH"}],"circlet_count":0,"master_deck":["AscendersBane","Strike_R","Strike_R","Strike_R","Strike_R","Strike_R","Defend_R","Defend_R","Defend_R","Defend_R","Bash","Midas Touch+1","conspire:Charge+1","Apotheosis+1","Inflame","Shrug It Off+1","Dual Wield","Warcry","Disarm","Reaper","Brutality","conspire:Charge","conspire:Charge","StSpp:Succumb"],"relics":["Burning Blood","hubris:ToyBattleship","Replay:Bottled Steam","Nunchaku","SpikesRelics:DaevaFist","aspiration:RunicSpoon"],"acts_visited":["Exordium","TheCity"],"potions_floor_usage":[5,6,6,6,10,16,16,18],"damage_taken":[{"damage":6,"enemies":"Cultist","floor":1,"turns":3},{"damage":12,"enemies":"2 Louse","floor":3,"turns":2},{"damage":16,"enemies":"Jaw Worm","floor":5,"turns":3},{"damage":0,"enemies":"Gremlin Nob","floor":6,"turns":3},{"damage":20,"enemies":"Exordium Thugs","floor":7,"turns":4},{"damage":26,"enemies":"Replay:BlueRogue","floor":8,"turns":5},{"damage":26,"enemies":"3 Sentries","floor":10,"turns":5},{"damage":0,"enemies":"Looter","floor":12,"turns":3},{"damage":16,"enemies":"Blue Slaver","floor":13,"turns":5},{"damage":24,"enemies":"Exordium Wildlife","floor":14,"turns":5},{"damage":45,"enemies":"Fading Forest","floor":16,"turns":13},{"damage":3,"enemies":"2 Thieves","floor":18,"turns":4},{"damage":24,"enemies":"Chosen","floor":20,"turns":4},{"damage":55,"enemies":"Shelled Parasite and Fungi","floor":21,"turns":3}],"seed_played":"-3675529930339889492","potions_obtained":[{"floor":1,"key":"blueLaboratory:EmptyBottle"},{"floor":5,"key":"EntropicBrew"},{"floor":8,"key":"Weak Potion"},{"floor":10,"key":"Block Potion"},{"floor":12,"key":"SkillPotion"}],"is_trial":false,"path_per_floor":["M","?","M","?","M","E","M","E","T","E","R","M","M","M","R","B",null,"M","?","M","M"],"character_chosen":"IRONCLAD","items_purchased":[],"campfire_rested":0,"item_purchase_floors":[],"current_hp_per_floor":[68,68,62,62,52,58,44,24,24,55,55,61,51,47,47,50,61,64,64,46,0,0],"gold":305,"neow_bonus":"RANDOM_COLORLESS_2","is_daily":false,"chose_seed":false,"campfire_upgraded":2,"win_rate":0.0,"timestamp":1612029650,"path_taken":["M","?","M","?","M","E","M","E","T","E","R","M","M","M","R","BOSS","M","?","M","M"],"items_purchased_type":[],"build_version":"2020-12-22","purchased_purges":0,"victory":false,"max_hp_per_floor":[75,75,75,75,75,75,75,75,75,65,65,65,65,65,65,65,65,65,65,65,65,65],"card_choices":[{"not_picked":["Reforge","Secret Technique"],"picked":"Midas Touch","floor":0},{"not_picked":["Clash","Seeing Red","Massacre"],"picked":"SKIP","floor":1},{"not_picked":["Second Wind","StuffTheSpire:RockThrow"],"picked":"conspire:Charge","floor":3},{"not_picked":["Body Slam","Anger"],"picked":"Inflame","floor":5},{"not_picked":["Sword Boomerang","Defy Death"],"picked":"Shrug It Off","floor":6},{"not_picked":["StSpp:TheBiggerTheyAre","Perfected Strike"],"picked":"Dual Wield","floor":7},{"not_picked":["Blood for Blood","hubris:ReadiedAction"],"picked":"Warcry","floor":8},{"not_picked":["Uppercut","StuffTheSpire:Slingshot"],"picked":"Disarm","floor":10},{"not_picked":["BarbarianYell","Twin Strike"],"picked":"Reaper","floor":12},{"not_picked":["StuffTheSpire:Resist","Armaments","Perfected Strike"],"picked":"SKIP","floor":13},{"not_picked":["StuffTheSpire:Slingshot","Warcry","jedi:collectorstrike"],"picked":"SKIP","floor":14},{"not_picked":["Corruption","Fiend Fire"],"picked":"Brutality","floor":16},{"not_picked":["Anger","Disarm"],"picked":"conspire:Charge","floor":18},{"not_picked":["Armaments","Pummel"],"picked":"StSpp:Succumb","floor":20}],"player_experience":259824,"relics_obtained":[{"floor":6,"key":"hubris:ToyBattleship"},{"floor":8,"key":"Replay:Bottled Steam"},{"floor":9,"key":"Nunchaku"},{"floor":10,"key":"SpikesRelics:DaevaFist"}],"event_choices":[{"damage_healed":0,"gold_gain":0,"player_choice":"Grow","damage_taken":0,"max_hp_gain":0,"max_hp_loss":0,"event_name":"Living Wall","floor":2,"gold_loss":0,"cards_upgraded":["Midas Touch"]},{"damage_healed":62,"gold_gain":0,"player_choice":"Embrace","damage_taken":0,"max_hp_gain":0,"max_hp_loss":75,"event_name":"betterThird:BetterShining","floor":4,"gold_loss":0},{"damage_healed":0,"gold_gain":0,"player_choice":"Copied","damage_taken":0,"max_hp_gain":0,"max_hp_loss":0,"event_name":"Duplicator","floor":19,"gold_loss":0,"cards_obtained":["conspire:Charge"]}],"is_beta":false,"boss_relics":[{"not_picked":["Tiny House","Velvet Choker"],"picked":"aspiration:RunicSpoon"}],"items_purged_floors":[],"is_endless":false,"potions_floor_spawned":[1,5,8,10,12,13],"killed_by":"Shelled Parasite and Fungi","ascension_level":19}}