{"host":"tq99ucv8ezzqzioe","time":1612050388,"event":{"mods":["BaseMod","Colored Map","Downfall","Highlight Path","Minty Spire (QoL Compilation)","StSLib"],"gold_per_floor":[118,118,118,14,24,54,54,84,84,84,9,31,59,70,70,70,70],"floor_reached":16,"language":"ENG","playtime":735,"items_purged":["Bash"],"score":138,"play_id":"9c24f054-aef9-477e-a3b8-709ec27f32f5","local_time":"20210130184628","is_ascension_mode":true,"campfire_choices":[{"data":"Defend_R","floor":7,"key":"SMITH"},{"data":"Shrug It Off","floor":10,"key":"SMITH"},{"data":"Body Slam","floor":15,"key":"SMITH"}],"circlet_count":0,"master_deck":["Strike_R","Strike_R","Strike_R","Strike_R","Strike_R","Defend_R","Defend_R+1","Defend_R","Defend_R","Impervious","Shrug It Off+1","Headbutt","Evolve","Body Slam+1"],"relics":["Burning Blood","StrikeDummy","Juzu Bracelet","Prayer Wheel","Odd Mushroom","Strawberry"],"acts_visited":["Exordium"],"potions_floor_usage":[6,13,13,16],"damage_taken":[{"damage":6,"enemies":"Jaw Worm","floor":1,"turns":5},{"damage":0,"enemies":"Small Slimes","floor":5,"turns":3},{"damage":24,"enemies":"Gremlin Nob","floor":6,"turns":4},{"damage":14,"enemies":"The Mushroom Lair","floor":12,"turns":5},{"damage":21,"enemies":"Lagavulin","floor":13,"turns":5},{"damage":0,"enemies":"2 Louse","floor":14,"turns":4},{"damage":46,"enemies":"The Guardian","floor":16,"turns":13}],"seed_played":"-3001402175093513986","potions_obtained":[{"floor":1,"key":"hexamod:SoulburnPotion"},{"floor":6,"key":"Swift Potion"},{"floor":12,"key":"Fire Potion"}],"is_trial":false,"path_per_floor":["M","?","?","$","M","E","R","?","T","R","$","?","E","M","R","B"],"character_chosen":"IRONCLAD","items_purchased":["Shrug It Off","SkillPotion"],"campfire_rested":0,"item_purchase_floors":[4,4],"current_hp_per_floor":[72,72,65,65,71,53,53,53,53,53,53,45,37,43,43,0,0],"gold":70,"neow_bonus":"ONE_RANDOM_RARE_CARD","is_daily":false,"chose_seed":false,"campfire_upgraded":3,"win_rate":0.0,"timestamp":1612050388,"path_taken":["M","?","?","$","M","E","R","?","T","R","$","?","E","M","R","BOSS"],"items_purchased_type":["Card","Potion"],"build_version":"2020-12-22","purchased_purges":1,"victory":false,"max_hp_per_floor":[80,80,80,80,80,80,80,80,80,80,80,80,87,87,87,87,87],"card_choices":[{"not_picked":["Rupture","Sword Boomerang","Anger"],"picked":"SKIP","floor":1},{"not_picked":["Burning Pact","Flex","Clothesline"],"picked":"SKIP","floor":5},{"not_picked":["Dark Embrace","Dropkick"],"picked":"Headbutt","floor":6},{"not_picked":["True Grit","Anger","Sword Boomerang"],"picked":"SKIP","floor":13},{"not_picked":["Warcry","Havoc"],"picked":"Evolve","floor":14},{"not_picked":["Spot Weakness","True Grit"],"picked":"Body Slam","floor":14}],"player_experience":827520,"relics_obtained":[{"floor":6,"key":"Juzu Bracelet"},{"floor":9,"key":"Prayer Wheel"},{"floor":12,"key":"Odd Mushroom"},{"floor":13,"key":"Strawberry"}],"event_choices":[{"damage_healed":0,"gold_gain":0,"player_choice":"Box","damage_taken":0,"relics_obtained":["StrikeDummy"],"max_hp_gain":0,"max_hp_loss":0,"event_name":"Big Fish","floor":2,"gold_loss":0,"cards_obtained":["Regret"]},{"cards_removed":["Regret"],"damage_healed":0,"gold_gain":0,"player_choice":"Card Removal","damage_taken":7,"max_hp_gain":0,"max_hp_loss":0,"event_name":"Golden Wing","floor":3,"gold_loss":0},{"damage_healed":0,"gold_gain":30,"player_choice":"Searched \u00272\u0027 times","damage_taken":0,"max_hp_gain":0,"max_hp_loss":0,"event_name":"Dead Adventurer","floor":8,"gold_loss":0},{"damage_healed":0,"gold_gain":0,"player_choice":"Fought Mushrooms","damage_taken":0,"max_hp_gain":0,"max_hp_loss":0,"event_name":"Mushrooms","floor":12,"gold_loss":0}],"is_beta":false,"boss_relics":[],"items_purged_floors":[11],"is_endless":false,"potions_floor_spawned":[1,6,12],"killed_by":"The Guardian","ascension_level":6}}