{"host":"ELF","time":1612040570,"event":{"mods":["BaseMod","Bestiary","Minty Spire (QoL Compilation)","Relic Stats","Slay the Relics Exporter"],"gold_per_floor":[114,114,133,2,2,45,45,65,65,65,65,109,130,155,155,155,155],"floor_reached":16,"language":"ENG","playtime":366,"items_purged":[],"score":270,"play_id":"a9106d43-4e4b-4df1-9a93-bab004dc2f02","local_time":"20210130150250","is_ascension_mode":true,"campfire_choices":[{"floor":7.0,"key":"REST"},{"floor":11.0,"key":"REST"},{"floor":15,"key":"REST"}],"circlet_count":0,"master_deck":["AscendersBane","Strike_B","Strike_B","Strike_B","Defend_B+1","Defend_B","Defend_B","Defend_B","Zap","Dualcast","Cold Snap","Cold Snap+1","Loop","White Noise","Blizzard","Glacier","Heatsinks","Coolheaded","Genetic Algorithm"],"relics":["Cracked Core","NeowsBlessing","Golden Idol","Incense Burner","The Courier","Bottled Tornado"],"acts_visited":["Exordium"],"potions_floor_usage":[14,14],"damage_taken":[{"damage":0.0,"enemies":"Jaw Worm","floor":1.0,"turns":1.0},{"damage":0.0,"enemies":"Small Slimes","floor":3.0,"turns":1.0},{"damage":0.0,"enemies":"3 Sentries","floor":6.0,"turns":1.0},{"damage":0.0,"enemies":"2 Louse","floor":8.0,"turns":1.0},{"damage":34.0,"enemies":"Gremlin Nob","floor":12.0,"turns":5.0},{"damage":9,"enemies":"2 Fungi Beasts","floor":13,"turns":4},{"damage":4,"enemies":"Lots of Slimes","floor":14,"turns":4},{"damage":35,"enemies":"Slime Boss","floor":16,"turns":6}],"seed_played":"2025085473839135070","potions_obtained":[{"floor":3.0,"key":"SpeedPotion"},{"floor":6.0,"key":"CultistPotion"},{"floor":12,"key":"LiquidBronze"},{"floor":13,"key":"Block Potion"},{"floor":14,"key":"FearPotion"}],"is_trial":false,"path_per_floor":["M","?","M","$","?","E","R","M","T","?","R","E","M","M","R","B"],"character_chosen":"DEFECT","items_purchased":["Loop","White Noise"],"campfire_rested":3,"item_purchase_floors":[4,4],"current_hp_per_floor":[64,40,40,40,33,33,54,54,54,33,54,20,11,7,28,0,0],"gold":155,"neow_bonus":"THREE_ENEMY_KILL","is_daily":false,"chose_seed":false,"campfire_upgraded":0,"win_rate":0.0,"timestamp":1612040570,"path_taken":["M","?","M","$","?","E","R","M","T","?","R","E","M","M","R","BOSS"],"items_purchased_type":["Card","Card"],"build_version":"2020-12-18","purchased_purges":0,"victory":false,"max_hp_per_floor":[71,71,71,71,71,71,71,71,71,71,71,71,71,71,71,71,71],"relic_stats":{"counters":[8,23],"Golden Idol":44,"obtain_stats":[{"NeowsBlessing":0,"Golden Idol":2,"The Courier":9,"Incense Burner":6,"Bottled Tornado":12,"Cracked Core":0},{"NeowsBlessing":0,"Golden Idol":1,"The Courier":4,"Incense Burner":3,"Bottled Tornado":5,"Cracked Core":0},{"NeowsBlessing":0,"Golden Idol":1,"The Courier":4,"Incense Burner":3,"Bottled Tornado":9,"Cracked Core":0}]},"card_choices":[{"not_picked":["Go for the Eyes","Turbo"],"picked":"Cold Snap","floor":1.0},{"not_picked":["Leap","Sweeping Beam"],"picked":"Cold Snap","floor":3.0},{"not_picked":["Hello World","Self Repair"],"picked":"Blizzard","floor":6.0},{"not_picked":["Steam","Coolheaded"],"picked":"Glacier","floor":8.0},{"not_picked":["Storm","Core Surge"],"picked":"Heatsinks","floor":12},{"not_picked":["Hello World","Steam"],"picked":"Coolheaded","floor":13},{"not_picked":["Undo","Reprogram"],"picked":"Genetic Algorithm","floor":14}],"player_experience":3362954,"relics_obtained":[{"floor":6.0,"key":"Incense Burner"},{"floor":9.0,"key":"The Courier"},{"floor":12,"key":"Bottled Tornado"}],"event_choices":[{"damage_healed":0.0,"max_hp_gain":0.0,"max_hp_loss":0.0,"gold_gain":0.0,"event_name":"Golden Idol","player_choice":"Take Damage","floor":2.0,"gold_loss":0.0,"damage_taken":24.0,"relics_obtained":["Golden Idol"]},{"cards_removed":["Strike_B"],"damage_healed":0.0,"max_hp_gain":0.0,"max_hp_loss":0.0,"gold_gain":0.0,"event_name":"Golden Wing","player_choice":"Card Removal","floor":5.0,"gold_loss":0.0,"damage_taken":7.0},{"damage_healed":0.0,"max_hp_gain":0.0,"max_hp_loss":0.0,"gold_gain":0.0,"event_name":"Shining Light","player_choice":"Entered Light","floor":10.0,"gold_loss":0.0,"damage_taken":21.0,"cards_upgraded":["Cold Snap","Defend_B"]}],"is_beta":true,"boss_relics":[],"items_purged_floors":[],"is_endless":false,"potions_floor_spawned":[3,6,12,13,14],"killed_by":"Slime Boss","ascension_level":20}}