{"host":"vld99k9l4elccfy8","time":1612045884,"event":{"mods":["AchievementEnabler","BaseMod","Bestiary","Block Reminder","Colored Map","Colored Powertips","Custom Start","Highlight Path","Minty Spire (QoL Compilation)","Permanent Neow","Rare Cards Sparkle"],"gold_per_floor":[215,215,215,234,253,253,265,317,343,343,343,354,354,372,372,476,476,495,495,515,15,32,32,57,68,68,68,68,81,81,92,92,191,191,208,208,208,208,223,223,33,45,72,122,132,148,148,159,159,159,159],"floor_reached":50,"language":"ENG","playtime":8070,"items_purged":[],"score":506,"play_id":"5f90d54e-bf13-4eaa-9760-6a392438ba92","local_time":"20210130153124","is_ascension_mode":false,"campfire_choices":[{"data":"Heavy Blade","floor":6.0,"key":"SMITH"},{"data":"Bash","floor":11.0,"key":"SMITH"},{"data":"Entrench","floor":15.0,"key":"SMITH"},{"floor":23.0,"key":"REST"},{"floor":27.0,"key":"REST"},{"data":"Demon Form","floor":30.0,"key":"SMITH"},{"floor":32.0,"key":"REST"},{"data":"Heavy Blade","floor":40.0,"key":"SMITH"},{"data":"Barricade","floor":47.0,"key":"SMITH"},{"floor":49.0,"key":"REST"}],"circlet_count":0,"master_deck":["Strike_R","Strike_R+1","Strike_R+1","Defend_R","Defend_R","Bash+1","Shockwave+1","Warcry","Heavy Blade+1","Disarm","Power Through","Entrench+1","Demon Form+1","Spot Weakness+1","Intimidate+1","Ghostly Armor+1","Headbutt","Reaper","Inflame","Heavy Blade+1","Flex","Flex","Barricade+1","Pommel Strike+1","Flex","Impervious","CurseOfTheBell","Rage+1","Heavy Blade+1","Inflame+1","Body Slam+1","Rampage+1","Juggernaut","Iron Wave+1"],"relics":["Burning Blood","Boot","Toy Ornithopter","Astrolabe","Matryoshka","Nunchaku","Molten Egg 2","StrikeDummy","FossilizedHelix","Calling Bell","Bag of Preparation","The Courier","Calipers","White Beast Statue","Potion Belt","Ancient Tea Set","Thread and Needle"],"acts_visited":["Exordium","TheCity","TheBeyond"],"potions_floor_usage":[50,50],"damage_taken":[{"damage":1.0,"enemies":"2 Louse","floor":1.0,"turns":3.0},{"damage":4.0,"enemies":"Small Slimes","floor":4.0,"turns":4.0},{"damage":0.0,"enemies":"Cultist","floor":5.0,"turns":3.0},{"damage":13.0,"enemies":"Large Slime","floor":7.0,"turns":9.0},{"damage":7.0,"enemies":"2 Fungi Beasts","floor":12.0,"turns":4.0},{"damage":9.0,"enemies":"Red Slaver","floor":14.0,"turns":5.0},{"damage":16.0,"enemies":"The Guardian","floor":16.0,"turns":17.0},{"damage":15.0,"enemies":"Chosen","floor":18.0,"turns":5.0},{"damage":31.0,"enemies":"Spheric Guardian","floor":20.0,"turns":6.0},{"damage":46.0,"enemies":"3 Cultists","floor":22.0,"turns":6.0},{"damage":44.0,"enemies":"Slavers","floor":24.0,"turns":7.0},{"damage":15.0,"enemies":"Snake Plant","floor":25.0,"turns":5.0},{"damage":7.0,"enemies":"Shelled Parasite and Fungi","floor":29.0,"turns":5.0},{"damage":24.0,"enemies":"Centurion and Healer","floor":31.0,"turns":6.0},{"damage":104.0,"enemies":"Collector","floor":33.0,"turns":8.0},{"damage":17.0,"enemies":"3 Shapes","floor":35.0,"turns":5.0},{"damage":0.0,"enemies":"Orb Walker","floor":39.0,"turns":5.0},{"damage":23.0,"enemies":"Maw","floor":42.0,"turns":8.0},{"damage":49.0,"enemies":"Mind Bloom Boss Battle","floor":44.0,"turns":9.0},{"damage":36.0,"enemies":"Sphere and 2 Shapes","floor":45.0,"turns":6.0},{"damage":4.0,"enemies":"3 Darklings","floor":46.0,"turns":6.0},{"damage":51.0,"enemies":"Transient","floor":48.0,"turns":5.0},{"damage":80,"enemies":"Donu and Deca","floor":50,"turns":6}],"seed_played":"-8705195620858153971","potions_obtained":[{"floor":1.0,"key":"SkillPotion"},{"floor":5.0,"key":"AttackPotion"},{"floor":12.0,"key":"Regen Potion"},{"floor":22.0,"key":"GamblersBrew"},{"floor":24.0,"key":"FearPotion"},{"floor":31.0,"key":"PowerPotion"},{"floor":33.0,"key":"BlessingOfTheForge"},{"floor":35.0,"key":"SpeedPotion"},{"floor":42.0,"key":"Strength Potion"},{"floor":44.0,"key":"Block Potion"},{"floor":45.0,"key":"Strength Potion"},{"floor":46.0,"key":"SteroidPotion"},{"floor":48.0,"key":"ElixirPotion"}],"is_trial":false,"path_per_floor":["M","?","?","M","M","R","M","?","T","?","R","M","?","M","R","B",null,"M","?","M","$","M","R","E","M","T","R","?","M","R","M","R","B",null,"M","?","?","?","M","R","$","M","T","?","M","M","R","M","R","B"],"character_chosen":"IRONCLAD","items_purchased":["Heavy Blade","Flex","Matryoshka","Nunchaku","White Beast Statue"],"campfire_rested":4,"item_purchase_floors":[21,21,21,21,41],"current_hp_per_floor":[80,64,64,66,72,72,65,65,65,65,65,64,61,58,58,53,80,71,71,46,46,40,64,41,32,32,56,56,55,55,55,79,35,80,74,74,74,74,80,80,80,63,63,37,58,80,80,35,59,0,0],"gold":159,"neow_bonus":"HUNDRED_GOLD","is_daily":false,"chose_seed":false,"campfire_upgraded":6,"win_rate":0.0,"timestamp":1612045884,"path_taken":["M","?","?","M","?","R","M","?","T","?","R","?","?","M","R","BOSS","M","?","?","$","M","R","E","M","T","R","?","M","R","M","R","BOSS","M","?","?","?","M","R","?","M","T","?","?","M","R","M","R","BOSS"],"items_purchased_type":["Card","Card","Relic","Relic","Relic"],"build_version":"2020-12-22","purchased_purges":0,"victory":false,"max_hp_per_floor":[80,80,80,80,80,80,80,80,80,80,80,80,80,80,80,80,80,80,80,80,80,80,80,80,80,80,80,80,80,80,80,80,80,80,80,80,80,80,80,80,80,80,80,80,80,80,80,80,80,80,80],"card_choices":[{"not_picked":["Dark Embrace","Havoc"],"picked":"Shockwave","floor":1.0},{"not_picked":["Searing Blow","Whirlwind"],"picked":"Warcry","floor":4.0},{"not_picked":["Flex","Battle Trance"],"picked":"Heavy Blade","floor":5.0},{"not_picked":["Cleave","Combust"],"picked":"Disarm","floor":7.0},{"not_picked":["Blood for Blood","Havoc"],"picked":"Power Through","floor":12.0},{"not_picked":["Flex","Feel No Pain"],"picked":"Entrench","floor":14.0},{"not_picked":["Exhume","Barricade"],"picked":"Demon Form","floor":16.0},{"not_picked":["Wild Strike","Metallicize"],"picked":"Headbutt","floor":18.0},{"not_picked":["Carnage+1","Wild Strike"],"picked":"Inflame","floor":20.0},{"not_picked":["Entrench","Evolve"],"picked":"Flex","floor":22.0},{"not_picked":["Warcry","Armaments"],"picked":"Barricade","floor":24.0},{"not_picked":["Pummel+1","True Grit+1"],"picked":"Pommel Strike+1","floor":25.0},{"not_picked":["Warcry+1","Blood for Blood+1"],"picked":"Inflame","floor":29.0},{"not_picked":["Havoc+1","Body Slam+1"],"picked":"Flex","floor":31.0},{"not_picked":["Barricade","Offering"],"picked":"Impervious","floor":33.0},{"not_picked":["Wild Strike+1","Armaments"],"picked":"Rage+1","floor":35.0},{"not_picked":["Rage","Clothesline+1"],"picked":"Heavy Blade+1","floor":39.0},{"not_picked":["Sever Soul+1","Anger+1"],"picked":"Inflame+1","floor":42.0},{"not_picked":["Bloodletting","Perfected Strike+1"],"picked":"Body Slam+1","floor":44.0},{"not_picked":["Thunderclap+1","Havoc+1"],"picked":"Rampage+1","floor":45.0},{"not_picked":["Thunderclap+1","Dual Wield+1"],"picked":"Juggernaut","floor":46.0},{"not_picked":["Bloodletting+1","Shrug It Off"],"picked":"Iron Wave+1","floor":48.0}],"player_experience":335321,"relics_obtained":[{"floor":9.0,"key":"Boot"},{"floor":24.0,"key":"Molten Egg 2"},{"floor":26.0,"key":"StrikeDummy"},{"floor":26.0,"key":"FossilizedHelix"},{"floor":34.0,"key":"Bag of Preparation"},{"floor":34.0,"key":"The Courier"},{"floor":34.0,"key":"Calipers"},{"floor":43.0,"key":"Potion Belt"},{"floor":43.0,"key":"Ancient Tea Set"},{"floor":44.0,"key":"Thread and Needle"}],"event_choices":[{"damage_healed":0.0,"max_hp_gain":0.0,"max_hp_loss":0.0,"gold_gain":0.0,"event_name":"Shining Light","player_choice":"Entered Light","floor":2.0,"gold_loss":0.0,"damage_taken":16.0,"cards_upgraded":["Strike_R","Strike_R"]},{"damage_healed":0.0,"max_hp_gain":0.0,"max_hp_loss":0.0,"gold_gain":0.0,"event_name":"The Woman in Blue","player_choice":"Bought 0 Potions","floor":3.0,"gold_loss":0.0,"damage_taken":0.0},{"damage_healed":0.0,"max_hp_gain":0.0,"max_hp_loss":0.0,"gold_gain":52.0,"event_name":"Golden Wing","player_choice":"Gained Gold","floor":8.0,"gold_loss":0.0,"damage_taken":0.0},{"damage_healed":0.0,"max_hp_gain":0.0,"max_hp_loss":0.0,"gold_gain":0.0,"event_name":"Upgrade Shrine","player_choice":"Upgraded","floor":10.0,"gold_loss":0.0,"damage_taken":0.0,"cards_upgraded":["Shockwave"]},{"damage_healed":0.0,"max_hp_gain":0.0,"max_hp_loss":0.0,"gold_gain":0.0,"event_name":"Scrap Ooze","player_choice":"Success","floor":13.0,"gold_loss":0.0,"damage_taken":3.0,"relics_obtained":["Toy Ornithopter"]},{"damage_healed":0.0,"max_hp_gain":0.0,"max_hp_loss":0.0,"gold_gain":0.0,"cards_transformed":["Defend_R"],"event_name":"Transmorgrifier","player_choice":"Transformed","floor":19.0,"gold_loss":0.0,"damage_taken":0.0,"cards_obtained":["Reaper"]},{"damage_healed":0.0,"max_hp_gain":0.0,"max_hp_loss":0.0,"gold_gain":0.0,"event_name":"Vampires","player_choice":"Ignored","floor":28.0,"gold_loss":0.0,"damage_taken":0.0},{"damage_healed":0.0,"max_hp_gain":0.0,"max_hp_loss":0.0,"gold_gain":0.0,"event_name":"Mysterious Sphere","player_choice":"Ignored","floor":36.0,"gold_loss":0.0,"damage_taken":0.0},{"damage_healed":0.0,"max_hp_gain":0.0,"max_hp_loss":0.0,"gold_gain":0.0,"event_name":"Tomb of Lord Red Mask","player_choice":"Ignored","floor":37.0,"gold_loss":0.0,"damage_taken":0.0},{"cards_removed":["Inflame"],"damage_healed":0.0,"max_hp_gain":0.0,"max_hp_loss":0.0,"gold_gain":0.0,"event_name":"Falling","player_choice":"Removed Power","floor":38.0,"gold_loss":0.0,"damage_taken":0.0},{"damage_healed":0.0,"max_hp_gain":0.0,"max_hp_loss":0.0,"gold_gain":0.0,"event_name":"MindBloom","player_choice":"Fight","floor":44.0,"gold_loss":0.0,"damage_taken":0.0}],"is_beta":false,"boss_relics":[{"not_picked":["Sozu","Busted Crown"],"picked":"Astrolabe"},{"not_picked":["Pandora\u0027s Box","Velvet Choker"],"picked":"Calling Bell"}],"items_purged_floors":[],"is_endless":false,"potions_floor_spawned":[1,5,12,22,24,31,33,35,42,44,45,46,48],"killed_by":"Donu and Deca","ascension_level":0}}