{"host":"q6r63elxu27obe7v","time":1612025660,"event":{"mods":["BaseMod","DeckTracker","Keyboard Shortcuts","Marisa£¨Ùöéë¡¡Øª×âÞÞ£©","Minty Spire (QoL Compilation)","Permanent Neow","Quick Restart","StSLib","SuperFastMode","Swap Starting Deck Mod"],"gold_per_floor":[115,290,390,403,33,81,114,163,163,128,178,31,31,31],"floor_reached":13,"language":"KOR","playtime":838,"items_purged":["Doubt"],"score":101,"play_id":"7b101a56-01de-4fa5-9096-7cbde1ea3599","local_time":"20210131015420","is_ascension_mode":false,"campfire_choices":[],"circlet_count":0,"master_deck":["Strike_MRS","Strike_MRS","Strike_MRS","Strike_MRS","Defend_MRS","Defend_MRS","Defend_MRS","Defend_MRS","MasterSpark","UpSweep","FinalSpark","MilkyWay","DC","EarthLightRay","WitchOfGreed","UnstableBomb","GasGiant","MysteriousBeam","EnergyFlow","MeteoricShower"],"relics":["MiniHakkero","Boot","Strawberry","White Beast Statue","Juzu Bracelet","Sling"],"acts_visited":["Exordium"],"potions_floor_usage":[8,11,13],"damage_taken":[{"damage":0,"enemies":"Small Slimes","floor":1,"turns":3},{"damage":11,"enemies":"Jaw Worm","floor":4,"turns":5},{"damage":39,"enemies":"Gremlin Nob","floor":6,"turns":5},{"damage":1,"enemies":"Cultist","floor":7,"turns":4},{"damage":17,"enemies":"3 Sentries","floor":8,"turns":5},{"damage":32,"enemies":"Lagavulin","floor":11,"turns":4},{"damage":29,"enemies":"3 Sentries","floor":13,"turns":3}],"seed_played":"8844641472821714909","potions_obtained":[{"floor":4,"key":"FearPotion"},{"floor":6,"key":"Swift Potion"},{"floor":7,"key":"Energy Potion"},{"floor":7,"key":"ShroomBrew"},{"floor":8,"key":"Fruit Juice"},{"floor":11,"key":"Weak Potion"},{"floor":11,"key":"SneckoOil"}],"is_trial":false,"path_per_floor":["M","?","?","M","$","E","M","E","T","?","E","$","E"],"character_chosen":"MARISA","items_purchased":["EarthLightRay","WitchOfGreed","Boot","UnstableBomb","Sling"],"campfire_rested":0,"item_purchase_floors":[5,5,5,5,12],"current_hp_per_floor":[75,75,75,64,64,36,39,31,31,52,24,24,0,0],"gold":31,"neow_bonus":"ONE_RANDOM_RARE_CARD","is_daily":false,"chose_seed":false,"campfire_upgraded":0,"win_rate":0.0,"timestamp":1612025660,"path_taken":["M","?","?","?","$","E","M","E","T","?","E","$","E"],"items_purchased_type":["Card","Card","Relic","Card","Relic"],"build_version":"2020-12-22","purchased_purges":1,"victory":false,"max_hp_per_floor":[75,75,75,75,75,82,82,87,87,87,87,87,87,87],"card_choices":[{"not_picked":["6A","Occultation"],"picked":"MilkyWay","floor":1},{"not_picked":["StarlightTyphoon","6A"],"picked":"DC","floor":4},{"not_picked":["SporeBomb","6A"],"picked":"GasGiant","floor":6},{"not_picked":["DragonMeteor","6A"],"picked":"MysteriousBeam","floor":7},{"not_picked":["WitchLeyline","Orbital"],"picked":"EnergyFlow","floor":8},{"not_picked":["UnstableBomb","GalacticHalo"],"picked":"MeteoricShower","floor":11}],"player_experience":55499,"relics_obtained":[{"floor":6,"key":"Strawberry"},{"floor":8,"key":"White Beast Statue"},{"floor":11,"key":"Juzu Bracelet"}],"event_choices":[{"damage_healed":0,"gold_gain":175,"player_choice":"AGREE","damage_taken":0,"max_hp_gain":0,"max_hp_loss":0,"event_name":"Liars Game","floor":2,"gold_loss":0,"cards_obtained":["Doubt"]},{"damage_healed":0,"gold_gain":100,"player_choice":"Pray","damage_taken":0,"max_hp_gain":0,"max_hp_loss":0,"event_name":"Golden Shrine","floor":3,"gold_loss":0},{"damage_healed":21,"gold_gain":0,"player_choice":"Healed","damage_taken":0,"max_hp_gain":0,"max_hp_loss":0,"event_name":"The Cleric","floor":10,"gold_loss":35}],"is_beta":false,"boss_relics":[],"items_purged_floors":[5],"is_endless":false,"potions_floor_spawned":[4,7,8,11],"killed_by":"3 Sentries","ascension_level":0}}