{"host":"d52brwsy6af8zvaq","time":1612036700,"event":{"mods":["AchievementEnabler","BaseMod","Bestiary","Highlight Path","Minty Spire (QoL Compilation)","Quick Restart","Relic Stats","ojb\u0027s Better Paths Mod"],"gold_per_floor":[121,140,161,16,16,16,45,45,123,165,188,188,188,212,212,300,300,323,342,38,38,47,81,81,123,132,132,7,36,75,96,105,191,191,210,244,16,16,66,66,109,109,109,109,129,154,171,200,209,209,209,209,209,14,58,58,58],"floor_reached":56,"language":"ENG","playtime":3618,"items_purged":["Strike_G","Strike_G","Shame","Clumsy","Strike_G+1"],"score":1870,"play_id":"e13d3540-906d-4e33-b9bd-e59f238ecd75","local_time":"20210130125820","is_ascension_mode":true,"campfire_choices":[{"data":"Skewer","floor":6.0,"key":"SMITH"},{"data":"Dagger Spray","floor":8.0,"key":"SMITH"},{"floor":13.0,"key":"REST"},{"data":"Footwork","floor":15.0,"key":"SMITH"},{"data":"Adrenaline","floor":24.0,"key":"SMITH"},{"data":"Enlightenment","floor":27.0,"key":"SMITH"},{"floor":32.0,"key":"REST"},{"floor":40.0,"key":"RECALL"},{"floor":42.0,"key":"REST"},{"data":"Bouncing Flask","floor":44.0,"key":"SMITH"},{"floor":49.0,"key":"REST"},{"data":"Dash","floor":53,"key":"SMITH"}],"circlet_count":0,"master_deck":["AscendersBane","Strike_G+1","Strike_G+1","Defend_G+1","Defend_G+1","Defend_G+1","Defend_G+1","Defend_G+1","Survivor","Neutralize","Cloak And Dagger","Skewer+1","Dagger Spray+1","Footwork+1","Predator","Adrenaline+1","Prepared","Bouncing Flask+1","Wraith Form v2+1","PiercingWail","Blade Dance","Well Laid Plans+1","Enlightenment+1","Dash+1","Acrobatics","Terror","Prepared","Adrenaline+1","Crippling Poison+1","Concentrate+1","Venomology+1","Blade Dance+1","Calculated Gamble+1","Accuracy+1","Dodge and Roll+1","Backstab","Leg Sweep+1","Burst+1","Crippling Poison+1","Dodge and Roll+1","Leg Sweep+1"],"relics":["Ring of the Snake","CeramicFish","Bottled Tornado","Ancient Tea Set","Frozen Egg 2","Cursed Key","PreservedInsect","Dream Catcher","Bag of Marbles","Toxic Egg 2","Runic Pyramid","The Specimen","MealTicket","Nunchaku"],"acts_visited":["Exordium","TheCity","TheBeyond","TheEnding"],"potions_floor_usage":[55,56,56,56],"damage_taken":[{"damage":4.0,"enemies":"2 Louse","floor":1.0,"turns":3.0},{"damage":1.0,"enemies":"Jaw Worm","floor":2.0,"turns":6.0},{"damage":0.0,"enemies":"Small Slimes","floor":3.0,"turns":3.0},{"damage":24.0,"enemies":"Exordium Wildlife","floor":7.0,"turns":5.0},{"damage":28.0,"enemies":"3 Sentries","floor":10.0,"turns":8.0},{"damage":0.0,"enemies":"3 Louse","floor":11.0,"turns":2.0},{"damage":0.0,"enemies":"Large Slime","floor":14.0,"turns":5.0},{"damage":4.0,"enemies":"The Guardian","floor":16.0,"turns":11.0},{"damage":0.0,"enemies":"Chosen","floor":18.0,"turns":5.0},{"damage":0.0,"enemies":"3 Byrds","floor":19.0,"turns":5.0},{"damage":1.0,"enemies":"Slavers","floor":23.0,"turns":5.0},{"damage":1.0,"enemies":"Book of Stabbing","floor":25.0,"turns":6.0},{"damage":0.0,"enemies":"3 Cultists","floor":29.0,"turns":5.0},{"damage":4.0,"enemies":"Gremlin Leader","floor":30.0,"turns":5.0},{"damage":24.0,"enemies":"Chosen and Byrds","floor":31.0,"turns":6.0},{"damage":39.0,"enemies":"Automaton","floor":33.0,"turns":11.0},{"damage":31.0,"enemies":"3 Darklings","floor":35.0,"turns":5.0},{"damage":0.0,"enemies":"Mind Bloom Boss Battle","floor":36.0,"turns":7.0},{"damage":6.0,"enemies":"Reptomancer","floor":41.0,"turns":4.0},{"damage":0.0,"enemies":"Orb Walker","floor":45.0,"turns":2.0},{"damage":11.0,"enemies":"Transient","floor":46.0,"turns":6.0},{"damage":0.0,"enemies":"Jaw Worm Horde","floor":47.0,"turns":4.0},{"damage":0.0,"enemies":"Sphere and 2 Shapes","floor":48.0,"turns":4.0},{"damage":23.0,"enemies":"Awakened One","floor":50.0,"turns":18.0},{"damage":50,"enemies":"Donu and Deca","floor":51,"turns":12},{"damage":35,"enemies":"Shield and Spear","floor":55,"turns":6},{"damage":37,"enemies":"The Heart","floor":56,"turns":8}],"seed_played":"8247751277060838205","potions_obtained":[{"floor":3.0,"key":"GamblersBrew"},{"floor":7.0,"key":"SneckoOil"},{"floor":10.0,"key":"Fire Potion"},{"floor":14.0,"key":"BlessingOfTheForge"},{"floor":19.0,"key":"Explosive Potion"},{"floor":23.0,"key":"Fruit Juice"},{"floor":30.0,"key":"PowerPotion"}],"is_trial":false,"path_per_floor":["M","M","M","$","?","R","M","R","T","E","M","T","R","M","R","B",null,"M","M","$","?","?","E","R","E","T","R","$","M","E","M","R","B",null,"M","?","$","?","?","R","E","R","T","R","M","M","M","M","R","B","B",null,"R","$","E","B"],"character_chosen":"THE_SILENT","items_purchased":["Footwork","Well Laid Plans+1","Enlightenment","Dash","Accuracy+1","Dodge and Roll+1"],"campfire_rested":4,"item_purchase_floors":[4,20,20,20,37,54],"current_hp_per_floor":[55,54,54,54,54,54,30,30,30,2,2,2,21,21,21,17,54,54,54,54,54,54,58,58,57,57,57,57,57,53,29,50,11,56,25,25,25,25,25,25,19,40,40,40,40,29,29,29,50,27,11,56,56,71,36,0,0],"gold":58,"neow_bonus":"RANDOM_COMMON_RELIC","is_daily":false,"chose_seed":false,"campfire_upgraded":7,"win_rate":0.0,"timestamp":1612036700,"path_taken":["M","M","M","$","?","R","M","R","T","E","M","?","R","M","R","BOSS","M","M","$","?","?","E","R","E","T","R","?","M","E","M","R","BOSS","M","?","$","?","?","R","E","R","T","R","M","M","?","M","R","BOSS","BOSS","R","$","E","BOSS"],"items_purchased_type":["Card","Card","Card","Card","Card","Card"],"build_version":"2020-12-22","purchased_purges":5,"victory":false,"max_hp_per_floor":[66,66,66,66,66,66,66,66,66,66,66,66,66,66,66,66,66,66,66,66,66,66,71,71,71,71,71,71,71,71,71,71,71,71,71,71,71,71,71,71,71,71,71,71,71,71,71,71,71,71,71,71,71,71,71,71,71],"relic_stats":{"Dream Catcher":3,"Nunchaku":[1],"counters":[27,167],"CeramicFish":297,"MealTicket":15,"PreservedInsect":276,"Cursed Key":1,"obtain_stats":[{"The Specimen":36,"CeramicFish":0,"PreservedInsect":22,"Bottled Tornado":9,"Frozen Egg 2":12,"Ancient Tea Set":10,"Cursed Key":17,"Dream Catcher":23,"Nunchaku":55,"MealTicket":41,"Bag of Marbles":25,"Toxic Egg 2":30,"Ring of the Snake":0,"Runic Pyramid":34},{"The Specimen":18,"CeramicFish":0,"PreservedInsect":10,"Bottled Tornado":4,"Frozen Egg 2":6,"Ancient Tea Set":5,"Cursed Key":8,"Dream Catcher":11,"Nunchaku":26,"MealTicket":19,"Bag of Marbles":12,"Toxic Egg 2":14,"Ring of the Snake":0,"Runic Pyramid":16},{"The Specimen":103,"CeramicFish":0,"PreservedInsect":53,"Bottled Tornado":17,"Frozen Egg 2":27,"Ancient Tea Set":25,"Cursed Key":43,"Dream Catcher":58,"Nunchaku":159,"MealTicket":107,"Bag of Marbles":64,"Toxic Egg 2":74,"Ring of the Snake":0,"Runic Pyramid":91}],"Ring of the Snake":[54]},"card_choices":[{"not_picked":["Dagger Throw","Riddle With Holes"],"picked":"Cloak And Dagger","floor":1.0},{"not_picked":["Sucker Punch","Flechettes"],"picked":"Skewer","floor":2.0},{"not_picked":["Poisoned Stab","Bane"],"picked":"Dagger Spray","floor":3.0},{"not_picked":["Escape Plan","Acrobatics"],"picked":"Predator","floor":7.0},{"not_picked":["Outmaneuver","Crippling Poison"],"picked":"Adrenaline","floor":10.0},{"not_picked":["Slice","Outmaneuver"],"picked":"Prepared","floor":11.0},{"not_picked":["Dodge and Roll","Dagger Throw"],"picked":"Bouncing Flask","floor":14.0},{"not_picked":["Adrenaline","Burst"],"picked":"Wraith Form v2+1","floor":16.0},{"not_picked":["Bane","Prepared"],"picked":"PiercingWail","floor":18.0},{"not_picked":["Deflect","Acrobatics"],"picked":"Blade Dance","floor":19.0},{"not_picked":["Quick Slash","Eviscerate"],"picked":"Acrobatics","floor":23.0},{"not_picked":["Poisoned Stab","Bouncing Flask"],"picked":"Terror","floor":25.0},{"not_picked":["Skewer","PiercingWail"],"picked":"Prepared","floor":29.0},{"not_picked":["Poisoned Stab","Deadly Poison+1"],"picked":"Adrenaline+1","floor":30.0},{"not_picked":["Acrobatics+1","Dagger Spray"],"picked":"Crippling Poison+1","floor":31.0},{"not_picked":["Well Laid Plans+1","Finisher"],"picked":"Concentrate+1","floor":32.0},{"not_picked":["Bullet Time+1","A Thousand Cuts+1"],"picked":"Venomology+1","floor":33.0},{"not_picked":["Prepared+1","Outmaneuver+1"],"picked":"Blade Dance+1","floor":35.0},{"not_picked":["Backstab","Quick Slash"],"picked":"Calculated Gamble+1","floor":36.0},{"not_picked":["Backflip+1","Outmaneuver+1"],"picked":"Dodge and Roll+1","floor":41.0},{"not_picked":["Endless Agony","Terror+1"],"picked":"Backstab","floor":45.0},{"not_picked":["Setup+1","Prepared+1"],"picked":"Leg Sweep+1","floor":46.0},{"not_picked":["Riddle With Holes","Slice","Backstab"],"picked":"SKIP","floor":47.0},{"not_picked":["Acrobatics+1","Prepared+1"],"picked":"Burst+1","floor":48.0},{"not_picked":["Flying Knee+1","Blade Dance+1"],"picked":"Crippling Poison+1","floor":49.0},{"not_picked":["Deflect+1","Dash"],"picked":"Leg Sweep+1","floor":55}],"player_experience":2076931,"relics_obtained":[{"floor":9.0,"key":"Bottled Tornado"},{"floor":10.0,"key":"Ancient Tea Set"},{"floor":12.0,"key":"Frozen Egg 2"},{"floor":23.0,"key":"Dream Catcher"},{"floor":25.0,"key":"Bag of Marbles"},{"floor":30.0,"key":"Toxic Egg 2"},{"floor":36.0,"key":"The Specimen"},{"floor":41.0,"key":"MealTicket"},{"floor":55,"key":"Nunchaku"}],"event_choices":[{"damage_healed":0.0,"max_hp_gain":0.0,"max_hp_loss":0.0,"gold_gain":0.0,"event_name":"Liars Game","player_choice":"Ignored","floor":5.0,"gold_loss":0.0,"damage_taken":0.0},{"damage_healed":0.0,"max_hp_gain":0.0,"max_hp_loss":0.0,"gold_gain":0.0,"event_name":"Back to Basics","player_choice":"Simplicity","floor":21.0,"gold_loss":0.0,"damage_taken":0.0,"cards_upgraded":["Strike_G","Strike_G","Strike_G","Defend_G","Defend_G","Defend_G","Defend_G","Defend_G"]},{"damage_healed":0.0,"max_hp_gain":0.0,"max_hp_loss":0.0,"gold_gain":0.0,"event_name":"Addict","player_choice":"Stole Relic","floor":22.0,"gold_loss":0.0,"damage_taken":0.0,"relics_obtained":["PreservedInsect"],"cards_obtained":["Shame"]},{"damage_healed":0.0,"max_hp_gain":0.0,"max_hp_loss":0.0,"gold_gain":0.0,"event_name":"MindBloom","player_choice":"Fight","floor":36.0,"gold_loss":0.0,"damage_taken":0.0},{"damage_healed":0.0,"max_hp_gain":0.0,"max_hp_loss":0.0,"gold_gain":0.0,"event_name":"The Moai Head","player_choice":"Ignored","floor":38.0,"gold_loss":0.0,"damage_taken":0.0},{"damage_healed":0.0,"max_hp_gain":0.0,"max_hp_loss":0.0,"gold_gain":50.0,"event_name":"Golden Shrine","player_choice":"Pray","floor":39.0,"gold_loss":0.0,"damage_taken":0.0}],"is_beta":false,"boss_relics":[{"not_picked":["Sozu","Fusion Hammer"],"picked":"Cursed Key"},{"not_picked":["Coffee Dripper","WristBlade"],"picked":"Runic Pyramid"}],"items_purged_floors":[4,20,28,37,54],"is_endless":false,"potions_floor_spawned":[3,7,10,14,19,23,30,33,36,41],"killed_by":"The Heart","ascension_level":20}}