{"host":"tetk82fuf8thwxol","time":1612040799,"event":{"mods":["AchievementEnabler","BaseMod","BetterRewards","GifTheSpireLib","Hermit","Jorbs\u0027s Wanderer Trilogy","Minty Spire (QoL Compilation)","Permanent Neow","Quick Restart","Shop Mod","Spicy Shops","StSLib","The Bug Knight","The Cursed","The Forsaken","The Runesmith"],"gold_per_floor":[113,113,288,288,141,172,172,215,215,254,278,278,24,49,49,184,184,208,208,228,88,88,88],"floor_reached":22,"language":"ENG","playtime":719,"items_purged":["Doubt","Strike_G"],"score":400,"play_id":"17f1cba4-823e-4d1e-a874-f4bdc5d0a919","local_time":"20210130150639","is_ascension_mode":true,"campfire_choices":[{"data":"Deadly Poison","floor":7,"key":"SMITH"},{"floor":15,"key":"REST"}],"circlet_count":0,"master_deck":["AscendersBane","Strike_G","Strike_G","Strike_G","Strike_G","Defend_G","Defend_G","Defend_G","Defend_G","Defend_G","Survivor","Neutralize","Deadly Poison+1","Injury","Cloak And Dagger","Deadly Poison","Crippling Poison","Blade Dance","Deadly Poison","Corpse Explosion","Deadly Poison","Accuracy","Catalyst"],"relics":["Ring of the Snake","NeowsBlessing","Golden Idol","Vajra","Question Card","Singing Bowl","Orichalcum","MawBank","CeramicFish","Philosopher\u0027s Stone","Bird Faced Urn"],"acts_visited":["Exordium","TheCity"],"potions_floor_usage":[16,16],"damage_taken":[{"damage":0,"enemies":"Cultist","floor":1,"turns":1},{"damage":0,"enemies":"Gremlin Nob","floor":6,"turns":1},{"damage":0,"enemies":"3 Sentries","floor":8,"turns":1},{"damage":18,"enemies":"Gremlin Nob","floor":10,"turns":4},{"damage":0,"enemies":"Small Slimes","floor":11,"turns":2},{"damage":0,"enemies":"2 Louse","floor":14,"turns":2},{"damage":33,"enemies":"The Guardian","floor":16,"turns":8},{"damage":19,"enemies":"Spheric Guardian","floor":18,"turns":4},{"damage":24,"enemies":"2 Thieves","floor":20,"turns":4},{"damage":8,"enemies":"Shelled Parasite and Fungi","floor":22,"turns":2}],"seed_played":"6808736333903398123","potions_obtained":[{"floor":1,"key":"Explosive Potion"},{"floor":10,"key":"Strength Potion"},{"floor":16,"key":"SteroidPotion"},{"floor":20,"key":"Strength Potion"}],"is_trial":false,"path_per_floor":["M","?","?","?","$","E","R","E","T","E","M","?","$","M","R","B",null,"M","?","M","$","M"],"character_chosen":"THE_SILENT","items_purchased":["Cloak And Dagger","Blade Dance","CeramicFish","Accuracy","Catalyst"],"campfire_rested":1,"item_purchase_floors":[5,13,13,21,21],"current_hp_per_floor":[63,63,63,63,63,63,63,63,63,47,49,37,37,37,59,26,62,43,43,21,21,15,15],"gold":88,"neow_bonus":"THREE_ENEMY_KILL","is_daily":false,"chose_seed":false,"campfire_upgraded":1,"win_rate":0.0,"timestamp":1612040799,"path_taken":["M","?","?","?","$","E","R","E","T","E","M","?","$","M","R","BOSS","M","?","M","$","M"],"items_purchased_type":["Card","Card","Relic","Card","Card"],"build_version":"2020-12-22","purchased_purges":2,"victory":false,"max_hp_per_floor":[70,70,70,70,70,70,70,70,70,72,74,74,74,74,74,74,74,74,74,76,76,76,76],"card_choices":[{"not_picked":["Catalyst","Riddle With Holes"],"picked":"Deadly Poison","floor":1},{"not_picked":["Finisher","Caltrops"],"picked":"Deadly Poison","floor":6},{"not_picked":["Setup","Blur"],"picked":"Crippling Poison","floor":8},{"not_picked":["Underhanded Strike","Quick Slash","Escape Plan","Blade Dance"],"picked":"Singing Bowl","floor":10},{"not_picked":["Underhanded Strike","Infinite Blades","Blade Dance","Acrobatics"],"picked":"Singing Bowl","floor":11},{"not_picked":["Acrobatics","Flying Knee","Expertise"],"picked":"Deadly Poison","floor":14},{"not_picked":["Burst","Grand Finale","Venomology"],"picked":"Corpse Explosion","floor":16},{"not_picked":["Deflect","Flying Knee","Underhanded Strike"],"picked":"Deadly Poison","floor":18},{"not_picked":["Concentrate","Blur","Deflect","Flying Knee"],"picked":"Singing Bowl","floor":20}],"player_experience":268241,"relics_obtained":[{"floor":6,"key":"Vajra"},{"floor":8,"key":"Question Card"},{"floor":9,"key":"Singing Bowl"},{"floor":10,"key":"Orichalcum"}],"event_choices":[{"damage_healed":0,"gold_gain":0,"player_choice":"Take Wound","damage_taken":0,"relics_obtained":["Golden Idol"],"max_hp_gain":0,"max_hp_loss":0,"event_name":"Golden Idol","floor":2,"gold_loss":0,"cards_obtained":["Injury"]},{"damage_healed":0,"gold_gain":175,"player_choice":"AGREE","damage_taken":0,"max_hp_gain":0,"max_hp_loss":0,"event_name":"Liars Game","floor":3,"gold_loss":0,"cards_obtained":["Doubt"]},{"damage_healed":0,"gold_gain":0,"player_choice":"Leave","damage_taken":0,"max_hp_gain":0,"max_hp_loss":0,"event_name":"The Cleric","floor":4,"gold_loss":0},{"damage_healed":0,"gold_gain":0,"player_choice":"Success","damage_taken":12,"relics_obtained":["MawBank"],"max_hp_gain":0,"max_hp_loss":0,"event_name":"Scrap Ooze","floor":12,"gold_loss":0},{"damage_healed":0,"gold_gain":0,"player_choice":"Gave Potion","damage_taken":0,"relics_obtained":["Bird Faced Urn"],"max_hp_gain":0,"max_hp_loss":0,"event_name":"WeMeetAgain","floor":19,"gold_loss":0}],"is_beta":false,"boss_relics":[{"not_picked":["Calling Bell","SlaversCollar"],"picked":"Philosopher\u0027s Stone"}],"items_purged_floors":[5,13],"is_endless":false,"potions_floor_spawned":[1,10,16,20],"killed_by":"Shelled Parasite and Fungi","ascension_level":10}}