{"host":"yck2t2q3ro7hf56e","time":1612029715,"event":{"mods":["2.2 Compatiblity","AchievementEnabler","Act Like it!","Aspiration","BaseMod","Better Altar","Better Match","Better Note","Better Sensory Stone","Better Skull","Better Third Choice","Better Vampires","BetterRewards","Block Reminder","CCEM2","Challenge The Spire","Colored Powertips","Conspire","Curses Come First","DNKmod","Energized Spire","Friendly Minions","GifTheSpireLib","Glutton Mod","Halation","Hubris","Infinite Spire","Marked Mod","Minty Spire (QoL Compilation)","Permanent Neow","Practice Mode","Quick Restart","Rare Cards Sparkle","RatMod","Relic Sorter","Relic Stats","Reliquary","Replay The Spire","Shade Mod","Shop Mod","Spicy Shops","Spikes Relics","StSLib","Stuff the Spire","Synergy Search","The Blue Laboratory","The Construct","TheSurvivalist","Thieving Mod","Unceasing Turn Reminder","Unknown Chances","everything is the same but u backflip on backflip","??????REMEMod"],"gold_per_floor":[6016,6026,4791,4803,4822,4850,4865,4898,4898,4898,3828,3828,3848,3863,3863,3958,3958,3976,3976,3986,4000,4018,4044,4057,3003,3003,3003,3003,3003,3003,3029,3029,3046,3046,3154,3154,3177,2078,2078,2096,2096,2124,2166,1891,1891,1891,1926,1947,1965,1965,1965,1977,1977],"floor_reached":52,"language":"ENG","playtime":7616,"items_purged":["Strike_G","Strike_G","Strike_G","Strike_G"],"score":738,"play_id":"bdb12f7c-9e66-4cd9-aa14-865daefc5883","local_time":"20210130180155","is_ascension_mode":false,"campfire_choices":[{"floor":10.0,"key":"RECALL"},{"floor":15.0,"key":"REST"},{"floor":34,"key":"DIG"},{"data":"After Image","floor":46,"key":"SMITH"}],"circlet_count":0,"master_deck":["Strike_G","Defend_G","Defend_G","Defend_G","Defend_G","Defend_G","Neutralize","Bane","Poisoned Stab","Corpse Explosion","Crippling Poison","Noxious Fumes","Fluid Movement","Footwork","Deadly Poison","Survivor","Footwork","Crow Ritual+1","Deadly Poison","Sharp Hide+1","After Image+1","CloudedMind","Dark Shackles+1","infinitespire:Starlight","Poisoned Stab","Backflip","Deadly Poison+1","Poisoned Stab+1"],"relics":["Ring of the Snake","Replay:M_SmolderingBlood","REME_ComplimentaryCards","Darkstone Periapt","halation:Sosunser","Paper Crane","halation:LostSnail","Ancient Tea Set","hubris:BottledRain","reliquary:TuningFork","Orrery","reliquary:PurpleTingedLeaf","CCEMRelics:DerglesHeadphones","Toolbox","RollingBoulder","CCEMRelics:ReaperScythe","StuffTheSpire:BottledEssence","StuffTheSpire:Mouthbags","Mercury Hourglass","infinitespire:WardingShard","Pear","CCEMRelics:FestiveHat","DollysMirror","Replay:Bandana","Lizard Tail","ReplayTheSpireMod:SealedPack","reliquary:RadioactivePellet","GiantMaggot","halation:AfternoonTea","CCEMRelics:GlassOfMilk","aspiration:Nostalgia","CCEMRelics:SoftDrink","MealTicket","Basket Of Snakes","aspiration:FetidBarrel","halation:PinkSoulGem","hubris:AncientText"],"acts_visited":["Exordium","TheCity","TheBeyond"],"potions_floor_usage":[18,21,22,24,24,24,24,35,52,52],"damage_taken":[{"damage":0.0,"enemies":"Jaw Worm","floor":1.0,"turns":4.0},{"damage":0.0,"enemies":"Small Slimes","floor":2.0,"turns":4.0},{"damage":0.0,"enemies":"Cultist","floor":4.0,"turns":3.0},{"damage":0.0,"enemies":"2 Fungi Beasts","floor":5.0,"turns":4.0},{"damage":7.0,"enemies":"3 Sentries","floor":6.0,"turns":3.0},{"damage":0.0,"enemies":"Looter","floor":7.0,"turns":3.0},{"damage":10.0,"enemies":"conspire:MimicChest","floor":8.0,"turns":5.0},{"damage":1.0,"enemies":"Exordium Wildlife","floor":13.0,"turns":2.0},{"damage":3.0,"enemies":"Lots of Slimes","floor":14.0,"turns":3.0},{"damage":11.0,"enemies":"Slime Boss","floor":16.0,"turns":9.0},{"damage":0,"enemies":"2 Thieves","floor":18,"turns":3},{"damage":0,"enemies":"Chosen","floor":20,"turns":4},{"damage":7,"enemies":"Sentry and Sphere","floor":21,"turns":6},{"damage":12,"enemies":"Snake Plant","floor":22,"turns":2},{"damage":13,"enemies":"Nightmare","floor":23,"turns":8},{"damage":0,"enemies":"Centurion and Healer","floor":24,"turns":3},{"damage":5,"enemies":"Snecko","floor":31,"turns":4},{"damage":0,"enemies":"Snake Plant","floor":33,"turns":4},{"damage":0,"enemies":"Collector","floor":35,"turns":6},{"damage":0,"enemies":"3 Darklings","floor":37,"turns":4},{"damage":0,"enemies":"3 Shapes","floor":40,"turns":1},{"damage":5,"enemies":"Maw","floor":42,"turns":8},{"damage":11,"enemies":"Nightmare","floor":43,"turns":8},{"damage":0,"enemies":"Giant Head","floor":47,"turns":8},{"damage":0,"enemies":"3 Darklings","floor":48,"turns":3},{"damage":0,"enemies":"Sphere and 2 Shapes","floor":49,"turns":5},{"damage":204,"enemies":"LordOfAnnihilation","floor":52,"turns":16}],"seed_played":"1691186310820628498","potions_obtained":[{"floor":5.0,"key":"blueLaboratory:PhilterOfMotion"},{"floor":6.0,"key":"Death Potion"},{"floor":16.0,"key":"ColorlessPotion"},{"floor":20,"key":"Weak Potion"},{"floor":22,"key":"blueLaboratory:PyrophylliteBrew"},{"floor":23,"key":"EntropicBrew"},{"floor":24,"key":"blueLaboratory:CorrosionFlask"},{"floor":43,"key":"PowerPotion"}],"is_trial":false,"path_per_floor":["M","M","$","M","M","E","M","?","T","R","$","?","M","M","R","B",null,"M","AVR","M","M","M","NM","M","$","T","PTL","PTL","?","?","M","?","M","R","B",null,"M","$","?","M","?","M","NM","$","T","R","E","M","M","?","R","B"],"character_chosen":"THE_SILENT","items_purchased":["Poisoned Stab","Corpse Explosion","Darkstone Periapt","halation:Sosunser","Paper Crane","halation:LostSnail","Ancient Tea Set","Orrery","reliquary:PurpleTingedLeaf","Footwork","CCEMRelics:DerglesHeadphones","Toolbox","RollingBoulder","Mercury Hourglass","infinitespire:WardingShard","Pear","CCEMRelics:FestiveHat","DollysMirror","reliquary:RadioactivePellet","GiantMaggot","halation:AfternoonTea","CCEMRelics:GlassOfMilk","aspiration:Nostalgia","Poisoned Stab","Fire Potion","Basket Of Snakes","Deadly Poison"],"campfire_rested":1,"item_purchase_floors":[3,3,3,3,3,3,3,11,11,11,11,11,11,25,25,25,25,25,38,38,38,38,38,38,38,44,44],"current_hp_per_floor":[100,100,100,100,100,93,93,83,83,83,83,83,82,80,100,90,100,100,100,100,93,82,71,72,82,82,82,82,82,82,78,78,78,78,79,116,116,116,116,116,75,91,92,107,107,116,116,116,116,116,116,0,0],"gold":1977,"neow_bonus":"THREE_CARDS","is_daily":false,"chose_seed":false,"campfire_upgraded":1,"win_rate":0.0,"timestamp":1612029715,"path_taken":["M","M","$","M","M","E","M","?","T","R","$","?","?","M","R","BOSS","M","AVR","M","M","M","NM","M","$","T","PTL","PTL","?","?","M","?","M","R","BOSS","M","$","?","M","?","M","NM","$","T","R","E","?","M","?","R","BOSS"],"items_purchased_type":["Card","Card","Relic","Relic","Relic","Relic","Relic","Relic","Relic","Card","Relic","Relic","Relic","Relic","Relic","Relic","Relic","Relic","Relic","Relic","Relic","Relic","Relic","Card","Potion","Relic","Card"],"build_version":"2020-12-22","purchased_purges":4,"victory":false,"max_hp_per_floor":[100,100,100,100,100,100,100,100,100,100,100,100,100,100,100,100,100,100,100,100,100,100,100,100,110,110,110,110,110,110,110,110,110,110,110,116,116,116,116,116,116,116,116,116,116,116,116,116,116,116,116,116,116],"relic_stats":{"Darkstone Periapt":6,"Lizard Tail":58,"counters":[27,129],"MealTicket":15,"obtain_stats":[{"Darkstone Periapt":3,"halation:Sosunser":3,"CCEMRelics:SoftDrink":41,"StuffTheSpire:BottledEssence":19,"Ancient Tea Set":3,"CCEMRelics:DerglesHeadphones":11,"Replay:Bandana":26,"Lizard Tail":34,"DollysMirror":25,"CCEMRelics:GlassOfMilk":38,"Replay:M_SmolderingBlood":38,"Toolbox":11,"CCEMRelics:ReaperScythe":17,"RollingBoulder":11,"MealTicket":43,"reliquary:RadioactivePellet":38,"Ring of the Snake":0,"Pear":25,"GiantMaggot":38,"aspiration:Nostalgia":38,"aspiration:FetidBarrel":45,"Basket Of Snakes":44,"ReplayTheSpireMod:SealedPack":36,"Paper Crane":3,"Mercury Hourglass":25,"StuffTheSpire:Mouthbags":23,"infinitespire:WardingShard":25,"CCEMRelics:FestiveHat":25,"Orrery":11,"reliquary:TuningFork":8,"halation:AfternoonTea":38,"halation:LostSnail":3,"halation:PinkSoulGem":50,"reliquary:PurpleTingedLeaf":11,"hubris:AncientText":52,"REME_ComplimentaryCards":0,"hubris:BottledRain":6},{"Darkstone Periapt":2,"halation:Sosunser":2,"CCEMRelics:SoftDrink":21,"StuffTheSpire:BottledEssence":11,"Ancient Tea Set":2,"CCEMRelics:DerglesHeadphones":7,"Replay:Bandana":16,"Lizard Tail":18,"DollysMirror":16,"CCEMRelics:GlassOfMilk":20,"Replay:M_SmolderingBlood":20,"Toolbox":7,"CCEMRelics:ReaperScythe":10,"RollingBoulder":7,"MealTicket":23,"reliquary:RadioactivePellet":20,"Ring of the Snake":0,"Pear":16,"GiantMaggot":20,"aspiration:Nostalgia":20,"aspiration:FetidBarrel":23,"Basket Of Snakes":23,"ReplayTheSpireMod:SealedPack":19,"Paper Crane":2,"Mercury Hourglass":16,"StuffTheSpire:Mouthbags":15,"infinitespire:WardingShard":16,"CCEMRelics:FestiveHat":16,"Orrery":7,"reliquary:TuningFork":7,"halation:AfternoonTea":20,"halation:LostSnail":2,"halation:PinkSoulGem":26,"reliquary:PurpleTingedLeaf":7,"hubris:AncientText":27,"REME_ComplimentaryCards":0,"hubris:BottledRain":5},{"Darkstone Periapt":8,"halation:Sosunser":8,"CCEMRelics:SoftDrink":83,"StuffTheSpire:BottledEssence":43,"Ancient Tea Set":8,"CCEMRelics:DerglesHeadphones":26,"Replay:Bandana":65,"Lizard Tail":72,"DollysMirror":65,"CCEMRelics:GlassOfMilk":82,"Replay:M_SmolderingBlood":82,"Toolbox":26,"CCEMRelics:ReaperScythe":40,"RollingBoulder":26,"MealTicket":97,"reliquary:RadioactivePellet":82,"Ring of the Snake":0,"Pear":65,"GiantMaggot":82,"aspiration:Nostalgia":82,"aspiration:FetidBarrel":97,"Basket Of Snakes":97,"ReplayTheSpireMod:SealedPack":78,"Paper Crane":8,"Mercury Hourglass":65,"StuffTheSpire:Mouthbags":62,"infinitespire:WardingShard":65,"CCEMRelics:FestiveHat":65,"Orrery":26,"reliquary:TuningFork":26,"halation:AfternoonTea":82,"halation:LostSnail":8,"halation:PinkSoulGem":113,"reliquary:PurpleTingedLeaf":26,"hubris:AncientText":118,"REME_ComplimentaryCards":0,"hubris:BottledRain":18}],"Ring of the Snake":[54],"Mercury Hourglass":[204]},"card_choices":[{"not_picked":["rat:Shadowstep","rat:MimicPod"],"picked":"Bane","floor":0.0},{"not_picked":["Dash","rat:RuptureArtery","Dagger Throw"],"picked":"SKIP","floor":1.0},{"not_picked":["Slice","Accuracy","rat:RuptureArtery"],"picked":"SKIP","floor":2.0},{"not_picked":["rat:SiphonBlood","Bane","rat:FanOfKnives"],"picked":"SKIP","floor":4.0},{"not_picked":["Outmaneuver","Dagger Throw","Dagger Spray"],"picked":"SKIP","floor":5.0},{"not_picked":["REME_GrazeFinale","hubris:SlightOfHand"],"picked":"Crippling Poison","floor":6.0},{"not_picked":["Prepared","rat:SilverDagger","rat:SiphonBlood"],"picked":"SKIP","floor":7.0},{"not_picked":["Footwork","Deadly Poison"],"picked":"Noxious Fumes","floor":8.0},{"not_picked":["rat:DextrousStrike","Poison Darts"],"picked":"Fluid Movement","floor":11.0},{"not_picked":["Flying Knee","rat:SilveredBlade","Dagger Throw"],"picked":"SKIP","floor":13.0},{"not_picked":["Burst","rat:SiphonSilver","rat:DextrousStrike"],"picked":"SKIP","floor":14.0},{"not_picked":["Dagger Throw","rat:SiphonBlood","StuffTheSpire:Python"],"picked":"SKIP","floor":18},{"not_picked":["rat:SilverDagger+1","rat:FanOfKnives","Slice"],"picked":"SKIP","floor":20},{"not_picked":["Tactician+1","rat:DextrousStrike"],"picked":"Deadly Poison","floor":21},{"not_picked":["Blade Dance","Well Laid Plans","Dagger Throw"],"picked":"SKIP","floor":22},{"not_picked":["Dagger Throw","Deflect","Slice"],"picked":"SKIP","floor":23},{"not_picked":["Dagger Spray","Sucker Punch","rat:DextrousStrike+1"],"picked":"SKIP","floor":24},{"not_picked":["Reforge+1","ReplayTheSpireMod:Uncanny Aura+1"],"picked":"Crow Ritual+1","floor":31},{"not_picked":["rat:RuptureArtery","Outmaneuver","PiercingWail"],"picked":"SKIP","floor":31},{"not_picked":["StuffTheSpire:Shiver+1","Cloak And Dagger"],"picked":"Deadly Poison","floor":33},{"not_picked":["Survey Options+1","REME_Flogging+1","Forethought+1"],"picked":"SKIP","floor":33},{"not_picked":["ReplayTheSpireMod:Necrogeddon","HandOfGreed+1"],"picked":"Sharp Hide+1","floor":35},{"not_picked":["rat:SilverCoating","Storm of Steel"],"picked":"After Image","floor":35},{"not_picked":["Forethought","ReplayTheSpireMod:Trickstab"],"picked":"Dark Shackles","floor":36},{"not_picked":["infinitespire:Collect","infinitespire:FinalStrike"],"picked":"infinitespire:Starlight","floor":36},{"not_picked":["Cloak And Dagger+1","Predator","StuffTheSpire:DoubleShiv"],"picked":"SKIP","floor":37},{"not_picked":["StuffTheSpire:Injection","All Out Attack"],"picked":"Backflip","floor":40},{"not_picked":["rat:Garrote","rat:SilveredBlade+1","Prepared"],"picked":"SKIP","floor":42},{"not_picked":["StuffTheSpire:Sprint+1","rat:SilveredBlade","Crescendo"],"picked":"SKIP","floor":43},{"not_picked":["StuffTheSpire:ClusterCrunch","rat:SilveredBlade","EmptyFist+1"],"picked":"SKIP","floor":47},{"not_picked":["hubris:SlightOfHand+1","Dagger Spray+1","StuffTheSpire:MirrorStance"],"picked":"SKIP","floor":48},{"not_picked":["Sucker Punch","FollowUp+1"],"picked":"Poisoned Stab+1","floor":49}],"player_experience":201354,"relics_obtained":[{"floor":6.0,"key":"hubris:BottledRain"},{"floor":8.0,"key":"reliquary:TuningFork"},{"floor":23,"key":"StuffTheSpire:Mouthbags"},{"floor":26,"key":"Replay:Bandana"},{"floor":34,"key":"Lizard Tail"},{"floor":43,"key":"MealTicket"},{"floor":45,"key":"aspiration:FetidBarrel"}],"event_choices":[{"cards_removed":["Strike_G"],"damage_healed":0,"gold_gain":0,"player_choice":"Offered Basic","damage_taken":0,"max_hp_gain":0,"max_hp_loss":0,"event_name":"Bonfire Elementals","floor":29,"gold_loss":0},{"damage_healed":0,"gold_gain":0,"player_choice":"Ignored","damage_taken":0,"max_hp_gain":0,"max_hp_loss":0,"event_name":"betterNote:BetterNote","floor":30,"gold_loss":0,"cards_obtained":["Doubt"]},{"damage_healed":0,"gold_gain":0,"player_choice":"Ignored","damage_taken":0,"max_hp_gain":0,"max_hp_loss":0,"event_name":"Tomb of Lord Red Mask","floor":39,"gold_loss":0},{"damage_healed":0,"gold_gain":0,"player_choice":"UP RE ","damage_taken":45,"relics_obtained":["CCEMRelics:SoftDrink"],"max_hp_gain":0,"max_hp_loss":0,"event_name":"betterSkull:BetterSkull","floor":41,"gold_loss":0,"cards_upgraded":["Dark Shackles"]}],"is_beta":false,"boss_relics":[{"not_picked":["Runic Pyramid","StuffTheSpire:RunicConfusion"],"picked":"CCEMRelics:ReaperScythe"},{"not_picked":["hubris:BlackHole","halation:Risk"],"picked":"ReplayTheSpireMod:SealedPack"}],"items_purged_floors":[3,3,38,44],"is_endless":false,"potions_floor_spawned":[5,6,8,16,20,22,23,24,43,49],"killed_by":"LordOfAnnihilation","ascension_level":0}}