{"host":"c44ey07ufggfw2m8","time":1612008452,"event":{"mods":["2.2 Compatiblity","BaseMod","Colored Map","DeckTracker","Highlight Path","Keyboard Shortcuts","Minty Spire (QoL Compilation)","Permanent Neow","Quick Restart","StSLib","SuperFastMode","UnlockEverythingMod"],"gold_per_floor":[116,132,132,145,156,156,156,166,166,182,197,197,215,290,290,290,290],"floor_reached":16,"language":"KOR","playtime":376,"items_purged":[],"score":144,"play_id":"6ddb9b68-541b-4748-a173-0bc7e4c4c22e","local_time":"20210130210732","is_ascension_mode":true,"campfire_choices":[{"data":"Noxious Fumes","floor":6,"key":"SMITH"},{"data":"Deadly Poison","floor":12,"key":"SMITH"},{"floor":15,"key":"REST"}],"circlet_count":0,"master_deck":["AscendersBane","Strike_G","Strike_G","Strike_G","Strike_G","Defend_G","Defend_G","Defend_G","Defend_G","Defend_G","Survivor","Neutralize","Deadly Poison+1","Quick Slash","Noxious Fumes+1","Underhanded Strike","Backflip","Escape Plan","Burst","Bouncing Flask"],"relics":["Ring of the Snake","NeowsBlessing","Tough Bandages"],"acts_visited":["Exordium"],"potions_floor_usage":[8,8,16,16,16],"damage_taken":[{"damage":0,"enemies":"Small Slimes","floor":1,"turns":1},{"damage":0,"enemies":"Cultist","floor":2,"turns":1},{"damage":0,"enemies":"Jaw Worm","floor":4,"turns":1},{"damage":8,"enemies":"Red Slaver","floor":5,"turns":4},{"damage":0,"enemies":"Gremlin Gang","floor":8,"turns":4},{"damage":5,"enemies":"2 Fungi Beasts","floor":10,"turns":4},{"damage":19,"enemies":"3 Louse","floor":11,"turns":3},{"damage":10,"enemies":"Exordium Wildlife","floor":13,"turns":4},{"damage":32,"enemies":"Slime Boss","floor":16,"turns":6}],"seed_played":"6162093103321760692","potions_obtained":[{"floor":3,"key":"PowerPotion"},{"floor":3,"key":"CunningPotion"},{"floor":3,"key":"GamblersBrew"},{"floor":8,"key":"AttackPotion"},{"floor":10,"key":"Poison Potion"}],"is_trial":false,"path_per_floor":["M","M","?","M","M","R","?","M","T","M","M","R","M","?","R","B"],"character_chosen":"THE_SILENT","items_purchased":[],"campfire_rested":1,"item_purchase_floors":[],"current_hp_per_floor":[63,63,63,63,55,55,55,55,55,50,31,31,21,10,31,0,0],"gold":290,"neow_bonus":"THREE_ENEMY_KILL","is_daily":false,"chose_seed":false,"campfire_upgraded":2,"win_rate":0.0,"timestamp":1612008452,"path_taken":["M","M","?","?","?","R","?","?","T","M","M","R","?","?","R","BOSS"],"items_purchased_type":[],"build_version":"2020-12-22","purchased_purges":0,"victory":false,"max_hp_per_floor":[70,70,70,70,70,70,70,70,70,70,70,70,70,70,70,70,70],"card_choices":[{"not_picked":["Dagger Spray","Dodge and Roll"],"picked":"Deadly Poison","floor":1},{"not_picked":["Dagger Spray","Dagger Throw"],"picked":"Quick Slash","floor":2},{"not_picked":["Wraith Form v2","Finisher"],"picked":"Noxious Fumes","floor":4},{"not_picked":["PiercingWail","Flying Knee"],"picked":"Underhanded Strike","floor":5},{"not_picked":["Flying Knee","Finisher"],"picked":"Backflip","floor":8},{"not_picked":["Setup","Dodge and Roll"],"picked":"Escape Plan","floor":10},{"not_picked":["Slice","PiercingWail"],"picked":"Burst","floor":11},{"not_picked":["Bane","Underhanded Strike"],"picked":"Bouncing Flask","floor":13}],"player_experience":93028,"relics_obtained":[{"floor":9,"key":"Tough Bandages"}],"event_choices":[{"damage_healed":0,"gold_gain":0,"player_choice":"Got Potions","damage_taken":0,"max_hp_gain":0,"max_hp_loss":0,"event_name":"Lab","floor":3,"gold_loss":0},{"cards_removed":["Strike_G"],"damage_healed":0,"gold_gain":0,"player_choice":"Purged","damage_taken":0,"max_hp_gain":0,"max_hp_loss":0,"event_name":"Purifier","floor":7,"gold_loss":0},{"damage_healed":0,"gold_gain":75,"player_choice":"Gather Gold","damage_taken":11,"max_hp_gain":0,"max_hp_loss":0,"event_name":"World of Goop","floor":14,"gold_loss":0}],"is_beta":false,"boss_relics":[],"items_purged_floors":[],"is_endless":false,"potions_floor_spawned":[8,10],"killed_by":"Slime Boss","ascension_level":10}}