{"host":"xp5rvh2jwe2ejyfm","time":1611032278,"event":{"mods":["BaseMod","Hermit","Minty Spire (QoL Compilation)","Replay The Spire","StSLib","The Construct","The Cursed","The Disciple","The Hierophant","The Necromancer","The Runesmith"],"gold_per_floor":[111,168,182,182,194,219,236,236,236,252,252,252],"floor_reached":11,"language":"ENG","playtime":485,"items_purged":[],"score":75,"play_id":"66a8cc8b-28f4-4282-8cd9-d17033cd6af0","local_time":"20210118235758","is_ascension_mode":false,"campfire_choices":[{"floor":8,"key":"REST"}],"circlet_count":0,"master_deck":["hermit:Strike_Hermit","hermit:Strike_Hermit","hermit:Strike_Hermit","hermit:Strike_Hermit","hermit:Defend_Hermit","hermit:Defend_Hermit","hermit:Defend_Hermit","hermit:Defend_Hermit","hermit:Snapshot","hermit:Covet","hermit:CalledShot","ReplayTheSpireMod:Splinters","hermit:Showdown","hermit:Quickdraw","hermit:Horror","hermit:Snipe","hermit:HoleUp","hermit:Feint","hermit:TakeAim","hermit:FullyLoaded"],"relics":["hermit:Momento","NeowsBlessing","Akabeko","Ancient Tea Set","Nunchaku"],"acts_visited":["Exordium"],"potions_floor_usage":[6,11],"damage_taken":[{"damage":0,"enemies":"Cultist","floor":1,"turns":1},{"damage":0,"enemies":"Small Slimes","floor":3,"turns":1},{"damage":0,"enemies":"2 Louse","floor":5,"turns":1},{"damage":36,"enemies":"Lagavulin","floor":6,"turns":7},{"damage":3,"enemies":"Red Slaver","floor":7,"turns":4},{"damage":12,"enemies":"Large Slime","floor":10,"turns":6},{"damage":51,"enemies":"Gremlin Nob","floor":11,"turns":5}],"seed_played":"1389168135728340392","potions_obtained":[{"floor":1,"key":"LiquidMemories"},{"floor":2,"key":"Dexterity Potion"},{"floor":5,"key":"construct:ShiftPotion"}],"is_trial":false,"path_per_floor":["M","?","M","?","M","E","M","R","T","M","E"],"character_chosen":"HERMIT","items_purchased":[],"campfire_rested":1,"item_purchase_floors":[],"current_hp_per_floor":[75,75,75,75,75,39,36,58,58,46,0,0],"gold":252,"neow_bonus":"THREE_ENEMY_KILL","is_daily":false,"chose_seed":false,"campfire_upgraded":0,"win_rate":0.0,"timestamp":1611032278,"path_taken":["M","?","M","?","?","E","M","R","T","M","E"],"items_purchased_type":[],"build_version":"2020-12-22","purchased_purges":0,"victory":false,"max_hp_per_floor":[75,75,75,75,75,75,75,75,75,75,75,75],"card_choices":[{"not_picked":["hermit:LoneWolf","hermit:Feint"],"picked":"hermit:CalledShot","floor":1},{"not_picked":["hermit:WideOpen","hermit:NoHoldsBarred"],"picked":"hermit:Showdown","floor":2},{"not_picked":["hermit:Desperado","hermit:Cheat"],"picked":"hermit:Quickdraw","floor":2},{"not_picked":["hermit:GhostlyPresence","hermit:CalledShot"],"picked":"hermit:Horror","floor":3},{"not_picked":["hermit:EternalForm","hermit:CursedWeapon"],"picked":"hermit:HoleUp","floor":5},{"not_picked":["hermit:NoHoldsBarred","hermit:LowProfile"],"picked":"hermit:Feint","floor":6},{"not_picked":["hermit:Dive","hermit:Headshot"],"picked":"hermit:TakeAim","floor":7},{"not_picked":["hermit:Gestalt","hermit:NoHoldsBarred"],"picked":"hermit:FullyLoaded","floor":10}],"player_experience":242162,"relics_obtained":[{"floor":2,"key":"Akabeko"},{"floor":6,"key":"Ancient Tea Set"},{"floor":9,"key":"Nunchaku"}],"event_choices":[{"damage_healed":0,"gold_gain":0,"player_choice":"1 cards matched","damage_taken":0,"max_hp_gain":0,"max_hp_loss":0,"event_name":"Match and Keep!","floor":4,"gold_loss":0,"cards_obtained":["hermit:Snipe"]}],"is_beta":false,"boss_relics":[],"items_purged_floors":[],"is_endless":false,"potions_floor_spawned":[1,5],"killed_by":"Gremlin Nob","ascension_level":0}}