{"host":"mg3e76uznu9x14du","time":1611027179,"event":{"mods":["BaseMod","Colored Map","Minty Spire (QoL Compilation)","Permanent Neow","Relic Stats","StSLib"],"gold_per_floor":[367,383,395,395,350,350,278,278,352,370,11,11,24,51,51,155,155,168,267,60,60,74,103,116,133,159,159,235,39,39,52,52,153,153,167,217,217,19,35,35,46,61,61,92,92,105,65,85,85,85,85],"floor_reached":50,"language":"ENG","playtime":3533,"items_purged":[],"score":696,"play_id":"1479b27e-d6a7-47fb-8103-e89322f12b6b","local_time":"20210118223259","is_ascension_mode":true,"campfire_choices":[{"data":"Eruption","floor":6,"key":"SMITH"},{"floor":12,"key":"REST"},{"floor":15,"key":"REST"},{"floor":27,"key":"REST"},{"data":"MentalFortress","floor":30,"key":"SMITH"},{"floor":32,"key":"REST"},{"data":"Ragnarok","floor":40,"key":"SMITH"},{"floor":45,"key":"RECALL"},{"floor":49,"key":"REST"}],"circlet_count":0,"master_deck":["Strike_P","Strike_P","Strike_P","Defend_P","Defend_P","Defend_P","Defend_P","Eruption+1","Vigilance","MentalFortress","ClearTheMind","FlurryOfBlows","Wireheading","MentalFortress+1","MentalFortress+1","EmptyFist","ClearTheMind","Omniscience","Enlightenment","InnerPeace","EmptyFist","Adaptation","Crescendo+1","Tantrum+1","EmptyBody","Adaptation","Mayhem","DevaForm","Ragnarok+1","MentalFortress+1","Crescendo","LikeWater+1","ClearTheMind","FlurryOfBlows"],"relics":["HolyWater","Centennial Puzzle","InkBottle","FossilizedHelix","Strawberry","SacredBark","Bag of Preparation","Blood Vial","White Beast Statue","Girya","Bottled Lightning","Damaru"],"acts_visited":["Exordium","TheCity","TheBeyond"],"potions_floor_usage":[5,13,18,23,24,31,33,36,36,36,39,41,42,44,46,50,50,50],"damage_taken":[{"damage":3,"enemies":"Cultist","floor":1,"turns":4},{"damage":4,"enemies":"2 Louse","floor":2,"turns":4},{"damage":8,"enemies":"Jaw Worm","floor":3,"turns":8},{"damage":11,"enemies":"Looter","floor":5,"turns":5},{"damage":0,"enemies":"Exordium Wildlife","floor":10,"turns":3},{"damage":8,"enemies":"Blue Slaver","floor":13,"turns":4},{"damage":0,"enemies":"Lagavulin","floor":14,"turns":8},{"damage":11,"enemies":"The Guardian","floor":16,"turns":12},{"damage":13,"enemies":"2 Thieves","floor":18,"turns":4},{"damage":27,"enemies":"Shell Parasite","floor":22,"turns":6},{"damage":20,"enemies":"Gremlin Leader","floor":23,"turns":7},{"damage":6,"enemies":"Chosen and Byrds","floor":24,"turns":5},{"damage":0,"enemies":"Centurion and Healer","floor":25,"turns":6},{"damage":0,"enemies":"Snecko","floor":31,"turns":4},{"damage":5,"enemies":"Champ","floor":33,"turns":7},{"damage":13,"enemies":"3 Darklings","floor":35,"turns":7},{"damage":0,"enemies":"Mind Bloom Boss Battle","floor":36,"turns":4},{"damage":10,"enemies":"Orb Walker","floor":39,"turns":3},{"damage":14,"enemies":"Writhing Mass","floor":41,"turns":5},{"damage":0,"enemies":"Jaw Worm Horde","floor":42,"turns":4},{"damage":14,"enemies":"Nemesis","floor":44,"turns":7},{"damage":12,"enemies":"Transient","floor":46,"turns":5},{"damage":0,"enemies":"Spire Growth","floor":48,"turns":5},{"damage":41,"enemies":"Time Eater","floor":50,"turns":4}],"seed_played":"-8791414593719708940","potions_obtained":[{"floor":2,"key":"Energy Potion"},{"floor":3,"key":"SkillPotion"},{"floor":14,"key":"DistilledChaos"},{"floor":18,"key":"StancePotion"},{"floor":23,"key":"Swift Potion"},{"floor":24,"key":"LiquidMemories"},{"floor":31,"key":"Strength Potion"},{"floor":33,"key":"BlessingOfTheForge"},{"floor":35,"key":"EntropicBrew"},{"floor":36,"key":"ColorlessPotion"},{"floor":39,"key":"StancePotion"},{"floor":41,"key":"DistilledChaos"},{"floor":42,"key":"BlessingOfTheForge"},{"floor":44,"key":"Swift Potion"},{"floor":46,"key":"SneckoOil"},{"floor":47,"key":"SneckoOil"}],"is_trial":false,"path_per_floor":["M","M","M","?","M","R","$","?","T","M","$","R","M","E","R","B",null,"M","?","$","?","M","E","M","M","T","R","T","$","R","M","R","B",null,"M","?","?","$","M","R","M","M","T","E","R","M","?","M","R","B"],"character_chosen":"WATCHER","items_purchased":["Wireheading","FossilizedHelix","MentalFortress","Enlightenment","InnerPeace","EmptyFist","Mayhem","Ragnarok","SpeedPotion"],"campfire_rested":5,"item_purchase_floors":[7,11,11,20,20,20,29,38,38],"current_hp_per_floor":[62,58,50,43,32,32,32,25,25,25,25,44,36,43,64,53,67,54,54,54,54,27,7,1,1,1,22,22,22,22,24,45,42,65,54,56,56,56,48,48,36,38,38,26,26,16,16,18,39,0,0],"gold":85,"neow_bonus":"TWO_FIFTY_GOLD","is_daily":false,"chose_seed":false,"campfire_upgraded":3,"win_rate":0.0,"timestamp":1611027179,"path_taken":["M","M","?","?","M","R","$","?","T","M","$","R","M","E","R","BOSS","M","?","$","?","M","E","M","M","T","R","?","$","R","M","R","BOSS","M","?","?","$","M","R","M","?","T","E","R","M","?","M","R","BOSS"],"items_purchased_type":["Card","Relic","Card","Card","Card","Card","Card","Card","Potion"],"build_version":"2020-12-22","purchased_purges":0,"victory":false,"max_hp_per_floor":[65,65,65,65,65,65,65,65,65,65,65,65,65,72,72,72,72,72,72,72,72,72,72,72,72,72,72,72,72,72,72,72,72,72,72,72,72,72,72,72,72,72,72,72,72,72,72,72,72,72,72],"relic_stats":{"Blood Vial":22,"Centennial Puzzle":[42],"counters":[24,131],"Bag of Preparation":[26],"obtain_stats":[{"Girya":36,"SacredBark":17,"Damaru":44,"Bag of Preparation":23,"White Beast Statue":28,"Blood Vial":26,"Centennial Puzzle":4,"Strawberry":14,"HolyWater":34,"Bottled Lightning":43,"PureWater":0,"InkBottle":9,"FossilizedHelix":11},{"Girya":17,"SacredBark":8,"Damaru":21,"Bag of Preparation":11,"White Beast Statue":13,"Blood Vial":13,"Centennial Puzzle":3,"Strawberry":7,"HolyWater":15,"Bottled Lightning":20,"PureWater":0,"InkBottle":4,"FossilizedHelix":5},{"Girya":98,"SacredBark":48,"Damaru":117,"Bag of Preparation":65,"White Beast Statue":76,"Blood Vial":76,"Centennial Puzzle":16,"Strawberry":36,"HolyWater":87,"Bottled Lightning":110,"PureWater":0,"InkBottle":21,"FossilizedHelix":24}],"InkBottle":[70]},"card_choices":[{"not_picked":["Crescendo","Swivel"],"picked":"MentalFortress","floor":1},{"not_picked":["EmptyBody","JustLucky","BowlingBash"],"picked":"SKIP","floor":2},{"not_picked":["Study","EmptyMind"],"picked":"ClearTheMind","floor":3},{"not_picked":["InnerPeace","Consecrate"],"picked":"FlurryOfBlows","floor":5},{"not_picked":["WreathOfFlame","DeceiveReality"],"picked":"MentalFortress","floor":10},{"not_picked":["Wireheading","Halt"],"picked":"EmptyFist","floor":13},{"not_picked":["PathToVictory","SashWhip"],"picked":"ClearTheMind","floor":14},{"not_picked":["Judgement","Vault"],"picked":"Omniscience","floor":16},{"not_picked":["FlyingSleeves","Consecrate","Fasting2"],"picked":"SKIP","floor":18},{"not_picked":["FlyingSleeves","Halt+1"],"picked":"Crescendo+1","floor":22},{"not_picked":["InnerPeace","SandsOfTime"],"picked":"Tantrum+1","floor":23},{"not_picked":["Protect+1","Sanctity+1"],"picked":"EmptyBody","floor":24},{"not_picked":["WreathOfFlame","Halt"],"picked":"Adaptation","floor":25},{"not_picked":["SashWhip","ThirdEye+1","Wallop+1"],"picked":"SKIP","floor":31},{"not_picked":["DeusExMachina","Vault"],"picked":"DevaForm","floor":33},{"not_picked":["Evaluate","ThirdEye","EmptyFist+1"],"picked":"SKIP","floor":35},{"not_picked":["BowlingBash+1","EmptyBody+1"],"picked":"MentalFortress+1","floor":39},{"not_picked":["Prostrate+1","BowlingBash","Crescendo"],"picked":"SKIP","floor":41},{"not_picked":["Prostrate+1","BowlingBash"],"picked":"Crescendo","floor":41},{"not_picked":["Swivel+1","TalkToTheHand"],"picked":"LikeWater+1","floor":42},{"not_picked":["Establishment","SashWhip+1"],"picked":"ClearTheMind","floor":44},{"not_picked":["Nirvana+1","FollowUp+1","PathToVictory"],"picked":"SKIP","floor":46},{"not_picked":["BowlingBash+1","Meditate+1"],"picked":"FlurryOfBlows","floor":48}],"player_experience":258001,"relics_obtained":[{"floor":9,"key":"InkBottle"},{"floor":14,"key":"Strawberry"},{"floor":23,"key":"Bag of Preparation"},{"floor":26,"key":"Blood Vial"},{"floor":28,"key":"White Beast Statue"},{"floor":36,"key":"Girya"},{"floor":43,"key":"Bottled Lightning"},{"floor":44,"key":"Damaru"}],"event_choices":[{"damage_healed":0,"gold_gain":0,"player_choice":"Success","damage_taken":7,"relics_obtained":["Centennial Puzzle"],"max_hp_gain":0,"max_hp_loss":0,"event_name":"Scrap Ooze","floor":4,"gold_loss":0},{"cards_removed":["Strike_P"],"damage_healed":0,"gold_gain":0,"player_choice":"Card Removal","damage_taken":7,"max_hp_gain":0,"max_hp_loss":0,"event_name":"Golden Wing","floor":8,"gold_loss":0},{"damage_healed":0,"gold_gain":99,"player_choice":"Stole From Cult","damage_taken":0,"max_hp_gain":0,"max_hp_loss":0,"event_name":"Nest","floor":19,"gold_loss":0},{"damage_healed":0,"gold_gain":0,"player_choice":"Read","damage_taken":0,"max_hp_gain":0,"max_hp_loss":0,"event_name":"The Library","floor":21,"gold_loss":0,"cards_obtained":["Adaptation"]},{"damage_healed":0,"gold_gain":0,"player_choice":"Fight","damage_taken":0,"max_hp_gain":0,"max_hp_loss":0,"event_name":"MindBloom","floor":36,"gold_loss":0},{"damage_healed":0,"gold_gain":0,"player_choice":"Upgraded","damage_taken":0,"max_hp_gain":0,"max_hp_loss":0,"event_name":"Upgrade Shrine","floor":37,"gold_loss":0,"cards_upgraded":["MentalFortress"]},{"damage_healed":0,"gold_gain":0,"player_choice":"Bought 3 Potions","damage_taken":0,"max_hp_gain":0,"max_hp_loss":0,"event_name":"The Woman in Blue","floor":47,"gold_loss":0}],"is_beta":false,"boss_relics":[{"not_picked":["Runic Dome","Runic Pyramid"],"picked":"SacredBark"},{"not_picked":["Velvet Choker","Astrolabe"],"picked":"HolyWater"}],"items_purged_floors":[],"is_endless":false,"potions_floor_spawned":[2,3,14,18,23,24,31,33,35,36,39,41,42,44,46,48],"killed_by":"Time Eater","ascension_level":5}}