{"host":"appz8zkad29u9482","time":1611087118,"event":{"mods":["2.2 Compatiblity","Act Like it!","Aspiration","BaseMod","Beaked The Cultist","Better Altar","Better Match","Better Note","Better Sensory Stone","Better Skull","Better Third Choice","BetterRewards","CapriCore","Chen","Conspire","Disable Question Mark Monsters","Energized Spire","Gensokyo","GifTheSpireLib","Gold Saver","Halation","Hermit","Hubris","Infinite Spire","Jedi Mod","Lobotomy","LobotomyExtend","Marisa????????","Minty Spire (QoL Compilation)","Permanent Neow","Reimu??????","Replay The Spire","Spicy Shops","StSLib","Strawberry Spire","Stuff the Spire","The Administrix","The Bug Knight","The Construct","The Cursed","The Hierophant","The Immortal","The Servant 0.9.4","yUi"],"gold_per_floor":[1899,1899,1899,1910,1910,1910,1910,1938,2019,2130,2130,2145,2145,2191,2191,2308,2308,2308,2308],"floor_reached":18,"language":"ENG","playtime":951,"items_purged":[],"score":192,"play_id":"35d1c478-771a-4519-b579-fdd2e1f68588","local_time":"20210119101158","is_ascension_mode":true,"campfire_choices":[{"data":"Massacre","floor":6,"key":"SMITH"},{"data":"Inflame","floor":11,"key":"SMITH"},{"data":"beaked:MachineSpirit","floor":13,"key":"SMITH"},{"data":"beaked:Ceremony","floor":15,"key":"SMITH"}],"circlet_count":0,"master_deck":["beaked:Strike_Y","beaked:Strike_Y","beaked:Strike_Y","beaked:Strike_Y","beaked:Strike_Y","beaked:Defend_Y","beaked:Defend_Y","beaked:Defend_Y","beaked:Defend_Y","beaked:Ceremony","beaked:Ceremony+1","CrumblingArmor","beaked:Tweet","Inflame+1","MHz","Massacre+1","FairyFestival","OldLady","beaked:VolatileMisfortune","Yin","beaked:MachineSpirit+1","Feed","hubris:NaturalOne"],"relics":["CogitoBucket","LetterFromLob","hubris:Icosahedron","m_ByrdBlood","halation:EternalFortune","infinitespire:Midas Blood","infinitespire:EmpoweringShard","StuffTheSpire:Rhapsscallions","Juzu Bracelet","Yang_Lob","hubris:GrandSneckoEye"],"acts_visited":["Exordium","TheCity"],"potions_floor_usage":[16],"damage_taken":[{"damage":0,"enemies":"2 Louse","floor":1,"turns":2},{"damage":2,"enemies":"Small Slimes","floor":4,"turns":3},{"damage":18,"enemies":"Lagavulin","floor":8,"turns":5},{"damage":0,"enemies":"Cultist","floor":10,"turns":4},{"damage":11,"enemies":"Exordium Wildlife","floor":12,"turns":2},{"damage":83,"enemies":"Fading Forest","floor":16,"turns":11},{"damage":0,"enemies":"Spheric Guardian","floor":18,"turns":1}],"seed_played":"7567065843520570344","potions_obtained":[{"floor":4,"key":"Strength Potion"},{"floor":12,"key":"Cursed Concoction"},{"floor":16,"key":"Fire Potion"}],"is_trial":false,"path_per_floor":["M","?","?","M","?","R","T","E","T","M","R","M","R","T","R","B",null,"M"],"character_chosen":"BEAKED_THE_CULTIST","items_purchased":[],"campfire_rested":0,"item_purchase_floors":[],"current_hp_per_floor":[50,50,50,50,53,53,53,47,50,56,56,54,54,54,54,8,63,63,63],"gold":2308,"neow_bonus":"","is_daily":false,"chose_seed":false,"campfire_upgraded":4,"win_rate":0.0,"timestamp":1611087118,"path_taken":["M","?","?","M","?","R","?","E","T","?","R","M","R","?","R","BOSS","M"],"items_purchased_type":[],"build_version":"2020-12-22","purchased_purges":0,"victory":false,"max_hp_per_floor":[50,50,50,50,53,53,53,53,56,56,56,59,59,59,59,63,63,63,63],"card_choices":[{"not_picked":["Wellcheers","Woodsman"],"picked":"CrumblingArmor","floor":1},{"not_picked":["beaked:Cower","beaked:Replenish"],"picked":"beaked:Tweet","floor":1},{"not_picked":["Murderer","SpiderBud"],"picked":"MHz","floor":4},{"not_picked":["beaked:DigDeep","beaked:VigorBurst"],"picked":"Massacre","floor":4},{"not_picked":["QueenBee","Bloodbath","LittlePrince"],"picked":"Singing Bowl","floor":8},{"not_picked":["MeatLantern","BeautyBeast"],"picked":"FairyFestival","floor":8},{"not_picked":["beaked:Mantra","beaked:DigDeeper","beaked:Resilience"],"picked":"SKIP","floor":8},{"not_picked":["Alriune","CherryBlossoms"],"picked":"OldLady","floor":10},{"not_picked":["Flex","beaked:SurvivalInstinct"],"picked":"beaked:VolatileMisfortune","floor":10},{"not_picked":["WallGazer","CherryBlossoms"],"picked":"Yin","floor":12},{"not_picked":["beaked:CursingBlood","beaked:HuntressEssence"],"picked":"beaked:MachineSpirit","floor":12},{"not_picked":["beaked:VolatileMisfortune","beaked:LiftOff"],"picked":"Feed","floor":16}],"player_experience":567541,"relics_obtained":[{"floor":1,"key":"LetterFromLob"},{"floor":7,"key":"infinitespire:Midas Blood"},{"floor":8,"key":"infinitespire:EmpoweringShard"},{"floor":9,"key":"StuffTheSpire:Rhapsscallions"},{"floor":12,"key":"halation:EternalFortune"},{"floor":14,"key":"Juzu Bracelet"}],"event_choices":[],"is_beta":false,"boss_relics":[{"not_picked":["Astrolabe","halation:Risk"],"picked":"hubris:GrandSneckoEye"}],"items_purged_floors":[],"is_endless":false,"potions_floor_spawned":[4,12,16],"killed_by":"Spheric Guardian","ascension_level":1}}