{"host":"2i0myh7fqij2ti1z","time":1611041425,"event":{"mods":["Aspiration","BaseMod","Better Third Choice","Colored Powertips","Conspire","Evolution","FoggyMod","GifTheSpireLib","Highlight Path","Hubris","Minty Spire (QoL Compilation)","Permanent Neow","Quick Restart","Random Character Button","Random Character Mod","Replay The Spire","Shop Mod","Spicy Shops","StSLib","Stuff the Spire","Wandering Minibosses","vexMod","óô»ðÖ¸ÄÏ"],"gold_per_floor":[116,116,116,41,82,131,131,180,180,80,105,126,126,52,52,182,182,206,337,337,252,252,271,312,312,312,360,125,125,11,11,11,237,337,351,375,708,708,708,737,737,772,772,532,532,532,566,581,581,581,581,581,110,138,138],"floor_reached":56,"language":"ENG","playtime":7211,"items_purged":["Replay:Hysterical Blindness","hubris:Greed","Strike_B","Defend_B","Sweeping Beam","Dualcast"],"score":1812,"play_id":"0641b832-7ef4-4dad-a7b5-e7969dee9575","local_time":"20210119153025","is_ascension_mode":true,"campfire_choices":[{"data":"Zap","floor":7,"key":"SMITH"},{"floor":15,"key":"REST"},{"data":"Defragment","floor":29,"key":"SMITH"},{"floor":32,"key":"DIG"},{"data":"StuffTheSpire:BrainWave","floor":46,"key":"SMITH"},{"floor":49,"key":"RECALL"},{"data":"Panacea","floor":52,"key":"SMITH"}],"circlet_count":0,"master_deck":["Zap+1","Leap+1","BootSequence","Ball Lightning","Ghostly+1","Core Surge","FIFO Queue","Hyperbeam","Defragment+1","Redo+1","White Noise","Conserve Battery","Ghostly+1","Ghostly+1","Ghostly+1","Ghostly+1","Ghostly+1","ReplayTheSpireMod:Calculation Training+1","Defragment+1","conspire:SharedLibrary","conspire:SharedLibrary+1","Hologram+1","Panacea+1","Replay:Sssssssssshield","StuffTheSpire:BrainWave+1","Coolheaded+1","White Noise","ReplayTheSpireMod:System Scan","ReplayUltimateDefense+1","Amplify"],"relics":["EVO:Axolotl","Kintsugi","conspire:Boomerang","vexMod:MemoryStick","Incense Burner","hubris:Icosahedron","hubris:RunicObelisk","Replay:Antivirus Software","Cables","Calipers","vexMod:FocusSash","DataDisk","Membership Card","ReplayFunnel","Replay:Wanted Poster","Prayer Wheel","hubris:Towel","Quantum Egg","Art of War","Replay:Bottled Eggs","Lee\u0027s Waffle","Centennial Puzzle","wanderingMiniBosses:ThiefScarf","Pet Ghost","hubris:SoftwareUpdate","Inserter","vexMod:PaidLearning","Sundial"],"acts_visited":["Exordium","TheCity","TheBeyond","TheEnding"],"potions_floor_usage":[24,33,33,33,48,48,55],"damage_taken":[{"damage":0,"enemies":"Small Slimes","floor":1,"turns":2},{"damage":16,"enemies":"conspire:MimicChest","floor":5,"turns":6},{"damage":28,"enemies":"Gremlin Nob","floor":6,"turns":5},{"damage":5,"enemies":"3 Sentries","floor":8,"turns":5},{"damage":1,"enemies":"Jaw Worm","floor":12,"turns":3},{"damage":0,"enemies":"Slime Boss","floor":16,"turns":8},{"damage":0,"enemies":"2 Thieves","floor":18,"turns":4},{"damage":1,"enemies":"Chosen","floor":23,"turns":4},{"damage":16,"enemies":"Gremlin Leader","floor":24,"turns":5},{"damage":4,"enemies":"Book of Stabbing","floor":27,"turns":6},{"damage":7,"enemies":"Pondfish","floor":33,"turns":10},{"damage":6,"enemies":"Orb Walker","floor":35,"turns":4},{"damage":13,"enemies":"3 Darklings","floor":36,"turns":6},{"damage":4,"enemies":"Giant Head","floor":40,"turns":9},{"damage":0,"enemies":"R_Hoarder","floor":42,"turns":8},{"damage":0,"enemies":"Reptomancer","floor":47,"turns":7},{"damage":0,"enemies":"Transient","floor":48,"turns":7},{"damage":0,"enemies":"Awakened One","floor":50,"turns":9},{"damage":0,"enemies":"Shield and Spear","floor":54,"turns":7},{"damage":10,"enemies":"The Heart","floor":55,"turns":11}],"seed_played":"30715731712245532","potions_obtained":[{"floor":6,"key":"Dexterity Potion"},{"floor":8,"key":"ColorlessPotion"},{"floor":23,"key":"Venom Potion"},{"floor":31,"key":"Strength Potion"},{"floor":31,"key":"Explosive Potion"},{"floor":33,"key":"Swift Potion"},{"floor":40,"key":"SpeedPotion"},{"floor":42,"key":"Elixir"},{"floor":48,"key":"Strength Potion"}],"is_trial":false,"path_per_floor":["M","?","?","$","?","E","R","E","T","?","T","M","?","$","R","B",null,"M","?","?","?","?","M","E","?","T","E","$","R","$","?","R","B",null,"M","M","?","?","?","E","?","E","T","$","$","R","E","M","R","B",null,"R","$","E","B",null],"character_chosen":"DEFECT","items_purchased":["FIFO Queue","Membership Card","Defragment","conspire:SharedLibrary","Lee\u0027s Waffle","hubris:SoftwareUpdate","ReplayUltimateDefense","vexMod:PaidLearning","Amplify"],"campfire_rested":1,"item_purchase_floors":[14,28,28,30,44,53,53,53,53],"current_hp_per_floor":[75,75,57,57,41,13,13,8,8,8,8,7,7,7,29,29,75,75,57,57,57,57,56,40,37,37,33,33,33,33,33,33,26,37,31,18,18,8,8,4,4,4,4,41,41,41,41,41,41,41,41,41,41,41,31],"gold":138,"neow_bonus":"BOSS_RELIC","is_daily":false,"chose_seed":false,"campfire_upgraded":4,"win_rate":0.0,"timestamp":1611041425,"path_taken":["M","?","?","$","?","E","R","E","T","?","?","?","?","$","R","BOSS","M","?","?","?","?","?","E","?","T","E","$","R","$","?","R","BOSS","M","?","?","?","?","E","?","E","T","?","$","R","E","?","R","BOSS","R","$","E","BOSS"],"items_purchased_type":["Card","Relic","Card","Card","Relic","Relic","Card","Relic","Card"],"build_version":"2020-12-22","purchased_purges":6,"victory":true,"max_hp_per_floor":[75,75,75,75,75,75,75,75,75,75,75,75,75,75,75,75,75,75,75,75,75,75,75,75,37,37,37,37,37,37,37,37,37,37,37,37,37,37,37,37,34,34,34,41,41,41,41,41,41,41,41,41,41,41,41],"card_choices":[{"not_picked":["Panic Button","Time Bomb"],"picked":"Leap","floor":1},{"not_picked":["Leap","Melter"],"picked":"BootSequence","floor":6},{"not_picked":["Coolheaded","Force Field"],"picked":"Ball Lightning","floor":8},{"not_picked":["Stack","Cold Snap"],"picked":"Core Surge","floor":12},{"not_picked":["hubris:Prefetch","StuffTheSpire:Purify"],"picked":"Hyperbeam","floor":16},{"not_picked":["StuffTheSpire:LoadUp","Sweeping Beam"],"picked":"Defragment","floor":18},{"not_picked":["Hologram","Ball Lightning"],"picked":"Redo+1","floor":19},{"not_picked":["Leap","Undo"],"picked":"White Noise","floor":19},{"not_picked":["Beam Cell","Heatsinks+1"],"picked":"Conserve Battery","floor":23},{"not_picked":["ReplayTheSpireMod:Repulse","Cold Snap","ReplayTheSpireMod:GoodbyeWorld"],"picked":"SKIP","floor":24},{"not_picked":["Force Field+1","Darkness+1"],"picked":"ReplayTheSpireMod:Calculation Training+1","floor":27},{"not_picked":["hubris:Prefetch","ReplayTheSpireMod:Omega Cannon"],"picked":"ReplayTheSpireMod:Fabricate Wheel","floor":33},{"not_picked":["Sweeping Beam","Sunder"],"picked":"conspire:SharedLibrary+1","floor":35},{"not_picked":["Compile Driver","Darkness","Genetic Algorithm+1"],"picked":"SKIP","floor":35},{"not_picked":["ReplayTheSpireMod:Repulse+1","Leap+1"],"picked":"Hologram+1","floor":36},{"not_picked":["Aggregate","Streamline+1","StuffTheSpire:Plugnplay"],"picked":"SKIP","floor":36},{"not_picked":["PanicButton","Madness"],"picked":"Panacea","floor":38},{"not_picked":["StuffTheSpire:Recharge","Swift Strike"],"picked":"Replay:Sssssssssshield","floor":38},{"not_picked":["StuffTheSpire:LoadUp","Sweeping Beam+1","Compile Driver"],"picked":"SKIP","floor":40},{"not_picked":["Rebound+1","StuffTheSpire:ShieldGenerator"],"picked":"Coolheaded+1","floor":42},{"not_picked":["Aggregate","Steam+1"],"picked":"White Noise","floor":47},{"not_picked":["Leap+1","Streamline"],"picked":"ReplayTheSpireMod:System Scan","floor":48},{"not_picked":["Streamline","Compile Driver","ReplayTheSpireMod:GoodbyeWorld"],"picked":"SKIP","floor":48},{"not_picked":["Go for the Eyes","Conserve Battery+1","Fission"],"picked":"SKIP","floor":54}],"player_experience":250075,"relics_obtained":[{"floor":5,"key":"conspire:Boomerang"},{"floor":6,"key":"vexMod:MemoryStick"},{"floor":8,"key":"Incense Burner"},{"floor":11,"key":"Nunchaku"},{"floor":19,"key":"Replay:Antivirus Software"},{"floor":24,"key":"Calipers"},{"floor":26,"key":"vexMod:FocusSash"},{"floor":27,"key":"DataDisk"},{"floor":32,"key":"ReplayFunnel"},{"floor":40,"key":"Quantum Egg"},{"floor":42,"key":"Art of War"},{"floor":43,"key":"Replay:Bottled Eggs"},{"floor":47,"key":"Centennial Puzzle"},{"floor":48,"key":"wanderingMiniBosses:ThiefScarf"},{"floor":48,"key":"Pet Ghost"},{"floor":54,"key":"Sundial"}],"event_choices":[{"damage_healed":0,"gold_gain":0,"player_choice":"Take Damage","damage_taken":18,"relics_obtained":["Golden Idol"],"max_hp_gain":0,"max_hp_loss":0,"event_name":"Golden Idol","floor":3,"gold_loss":0},{"damage_healed":0,"gold_gain":0,"player_choice":"Argue","damage_taken":0,"max_hp_gain":0,"max_hp_loss":0,"event_name":"conspire:LoneGhost","floor":10,"gold_loss":0},{"damage_healed":0,"gold_gain":0,"player_choice":"Leave","damage_taken":0,"max_hp_gain":0,"max_hp_loss":0,"event_name":"conspire:Investor","floor":20,"gold_loss":0},{"damage_healed":0,"gold_gain":0,"player_choice":"Obtained Relic","damage_taken":0,"relics_obtained":["Cables"],"max_hp_gain":0,"max_hp_loss":0,"event_name":"Addict","floor":21,"gold_loss":85},{"damage_healed":0,"gold_gain":0,"player_choice":"Bought 0 Potions","damage_taken":0,"max_hp_gain":0,"max_hp_loss":0,"event_name":"The Woman in Blue","floor":22,"gold_loss":0},{"damage_healed":0,"gold_gain":0,"player_choice":"Became a Ghost","damage_taken":0,"max_hp_gain":0,"max_hp_loss":38,"event_name":"Ghosts","floor":25,"gold_loss":0,"cards_obtained":["Ghostly","Ghostly","Ghostly","Ghostly","Ghostly"]},{"damage_healed":0,"gold_gain":0,"player_choice":"Got Potions","damage_taken":0,"max_hp_gain":0,"max_hp_loss":0,"event_name":"Lab","floor":31,"gold_loss":0},{"damage_healed":0,"gold_gain":333,"player_choice":"Gave Idol","damage_taken":0,"max_hp_gain":0,"max_hp_loss":0,"event_name":"The Moai Head","floor":37,"relics_lost":["Golden Idol"],"gold_loss":0},{"damage_healed":0,"gold_gain":0,"player_choice":"Memory 3","damage_taken":10,"max_hp_gain":0,"max_hp_loss":0,"event_name":"SensoryStone","floor":38,"gold_loss":0}],"is_beta":false,"boss_relics":[{"not_picked":["ReplayTheSpireMod:DimensionalGlitch","hubris:Stopwatch"],"picked":"hubris:RunicObelisk"},{"not_picked":["aspiration:RunicSpoon","aspiration:RitualDagger"],"picked":"Replay:Wanted Poster"}],"items_purged_floors":[4,28,30,44,44,53],"is_endless":false,"potions_floor_spawned":[6,8,23,33,40,42,47,48],"ascension_level":1}}