{"host":"7fyy23rucerupe6i","time":1611041065,"event":{"mods":["AchievementEnabler","Act Like it!","BaseMod","BetterRewards","Colored Map","Colored Powertips","Conspire","Custom Start","Downfall","Marisa£®ÏF”Í°°ƒß¿Ì…≥£©","Minty Spire (QoL Compilation)","Quick Restart","Shop Mod","Spicy Shops","StSLib","SuperFastMode","The Factory","The Jungle","UnlockEverythingMod"],"gold_per_floor":[118,153,173,193,193,218,218,246,293,293,368,386,417,437,437,533,533,553,568,586,501,501,535,535,485,485,485,169,185,72,72,72],"floor_reached":31,"language":"ZHS","playtime":1688,"items_purged":["Injury","Strike_MRS","Defend_MRS"],"score":402,"play_id":"7aa4f71f-3f12-4d6f-9ca4-8bb9612c38d3","local_time":"20210119152425","is_ascension_mode":true,"campfire_choices":[{"data":"StarBarrage","floor":7.0,"key":"SMITH"},{"data":"OortCloud","floor":10.0,"key":"SMITH"},{"data":"MilkyWay","floor":15.0,"key":"SMITH"},{"data":"MillisecondPulsars","floor":24.0,"key":"SMITH"},{"data":"StarBarrage+1","floor":27.0,"key":"SMITH"}],"circlet_count":0,"master_deck":["Strike_MRS","Strike_MRS","Strike_MRS","Defend_MRS+1","Defend_MRS","Defend_MRS+1","MasterSpark","UpSweep","OortCloud+1","DeepEcoloBomb","StarBarrage+2","PowerUp","Singularity","Singularity","MilkyWay+1","MillisecondPulsars+1","SprinkleStarSeal+1","EventHorizon","DeepEcoloBomb+1"],"relics":["MiniHakkero","NeowsBlessing","Sundial","Mummified Hand","Slimebound:StickyStick","hexamod:CandleOfCauterizing","Coffee Dripper","WingedGreaves","conspire:InfiniteJournal","MerchantsRug","Membership Card","Molten Egg 2"],"acts_visited":["Exordium","TheCity"],"potions_floor_usage":[],"damage_taken":[{"damage":0.0,"enemies":"2 Louse","floor":1.0,"turns":2.0},{"damage":0.0,"enemies":"conspire:MimicChest","floor":2.0,"turns":1.0},{"damage":0.0,"enemies":"Small Slimes","floor":3.0,"turns":1.0},{"damage":7.0,"enemies":"Jaw Worm","floor":4.0,"turns":4.0},{"damage":25.0,"enemies":"3 Sentries","floor":6.0,"turns":9.0},{"damage":19.0,"enemies":"Gremlin Nob","floor":8.0,"turns":5.0},{"damage":0.0,"enemies":"Looter","floor":12.0,"turns":3.0},{"damage":0.0,"enemies":"Lagavulin","floor":13.0,"turns":5.0},{"damage":0.0,"enemies":"Large Slime","floor":14.0,"turns":5.0},{"damage":6.0,"enemies":"The Guardian","floor":16.0,"turns":6.0},{"damage":11.0,"enemies":"2 Thieves","floor":18.0,"turns":4.0},{"damage":14.0,"enemies":"Spheric Guardian","floor":19.0,"turns":4.0},{"damage":6.0,"enemies":"Snecko","floor":20.0,"turns":6.0},{"damage":24.0,"enemies":"Slavers","floor":23.0,"turns":5.0},{"damage":0.0,"enemies":"Cultist and Chosen","floor":29.0,"turns":4.0},{"damage":12,"enemies":"Gremlin Leader","floor":31,"turns":3}],"seed_played":"3804303797088144044","potions_obtained":[{"floor":1.0,"key":"PowerPotion"},{"floor":6.0,"key":"DuplicationPotion"},{"floor":8.0,"key":"Regen Potion"},{"floor":13.0,"key":"GamblersBrew"},{"floor":18.0,"key":"FearPotion"}],"is_trial":false,"path_per_floor":["M","?","M","M","?","E","R","E","T","R","?","M","E","M","R","B",null,"M","M","M","?","?","E","R","?","T","R","$","M","$","E"],"character_chosen":"MARISA","items_purchased":["MerchantsRug","Membership Card","Molten Egg 2","DeepEcoloBomb+1"],"campfire_rested":0,"item_purchase_floors":[28,28,28,28],"current_hp_per_floor":[68,68,68,61,66,41,41,22,22,22,11,11,11,11,11,20,65,54,40,34,34,34,10,10,10,10,10,10,10,10,0,0],"gold":72,"neow_bonus":"THREE_ENEMY_KILL","is_daily":false,"chose_seed":false,"campfire_upgraded":5,"win_rate":0.0,"timestamp":1611041065,"path_taken":["M","?","M","M","?","E","R","E","T","R","?","M","E","M","R","BOSS","M","M","M","?","?","E","R","?","T","R","$","M","$","E"],"items_purchased_type":["Relic","Relic","Relic","Card"],"build_version":"2020-12-22","purchased_purges":3,"victory":false,"max_hp_per_floor":[75,75,75,75,80,80,80,80,80,80,80,80,80,80,80,80,80,80,80,80,80,80,80,80,80,80,80,80,80,80,80,80],"card_choices":[{"not_picked":["DarkSpark","GravityBeat"],"picked":"OortCloud","floor":1.0},{"not_picked":["GrandCross","SporeBomb"],"picked":"DeepEcoloBomb","floor":2.0},{"not_picked":["PulseMagic","MysteriousBeam"],"picked":"StarBarrage","floor":3.0},{"not_picked":["StarBarrage","WitchLeyline","ShootingEcho"],"picked":"SKIP","floor":4.0},{"not_picked":["Orbital","MachineGunSpark"],"picked":"PowerUp","floor":6.0},{"not_picked":["GrandCross","MysteriousBeam"],"picked":"Singularity","floor":8.0},{"not_picked":["DoubleSpark","AlicesGift"],"picked":"Singularity","floor":12.0},{"not_picked":["UnstableBomb","ShootTheMoon"],"picked":"MilkyWay","floor":13.0},{"not_picked":["NonDirectionalLaser","DoubleSpark","GrandCross"],"picked":"SKIP","floor":14.0},{"not_picked":["MaximisePower","BigCrunch"],"picked":"MillisecondPulsars","floor":16.0},{"not_picked":["MeteoricShower","ShootingEcho","IllusionStar"],"picked":"SKIP","floor":18.0},{"not_picked":["MysteriousBeam","DoubleSpark+1","GrandCross+1"],"picked":"SKIP","floor":19.0},{"not_picked":["6A","LuminesStrike"],"picked":"SprinkleStarSeal+1","floor":20.0},{"not_picked":["NonDirectionalLaser","AsteroidBelt"],"picked":"EventHorizon","floor":23.0},{"not_picked":["DeepEcoloBomb+1","GalacticHalo","RefractionSpark+1"],"picked":"SKIP","floor":29.0}],"player_experience":351605,"relics_obtained":[{"floor":2.0,"key":"Sundial"},{"floor":6.0,"key":"War Paint"},{"floor":8.0,"key":"Mummified Hand"},{"floor":9.0,"key":"Slimebound:StickyStick"},{"floor":13.0,"key":"hexamod:CandleOfCauterizing"},{"floor":23.0,"key":"WingedGreaves"},{"floor":26.0,"key":"conspire:InfiniteJournal"}],"event_choices":[{"damage_healed":0.0,"max_hp_gain":5.0,"max_hp_loss":0.0,"gold_gain":0.0,"event_name":"Big Fish","player_choice":"Donut","floor":5.0,"gold_loss":0.0,"damage_taken":0.0},{"damage_healed":0.0,"max_hp_gain":0.0,"max_hp_loss":0.0,"gold_gain":75.0,"event_name":"World of Goop","player_choice":"Gather Gold","floor":11.0,"gold_loss":0.0,"damage_taken":11.0},{"damage_healed":0.0,"max_hp_gain":0.0,"max_hp_loss":0.0,"gold_gain":0.0,"event_name":"Addict","player_choice":"Obtained Relic","floor":21.0,"gold_loss":85.0,"damage_taken":0.0,"relics_obtained":["Dream Catcher"]},{"damage_healed":0.0,"max_hp_gain":0.0,"max_hp_loss":0.0,"gold_gain":0.0,"event_name":"Vampires","player_choice":"Ignored","floor":22.0,"gold_loss":0.0,"damage_taken":0.0},{"damage_healed":0.0,"max_hp_gain":0.0,"max_hp_loss":0.0,"gold_gain":0.0,"event_name":"The Joust","player_choice":"Bet on Owner","floor":25.0,"gold_loss":50.0,"damage_taken":0.0}],"is_beta":false,"boss_relics":[{"not_picked":["SacredBark","Tiny House"],"picked":"Coffee Dripper"}],"items_purged_floors":[28,30,30],"is_endless":false,"potions_floor_spawned":[1,6,8,12,13,18],"killed_by":"Gremlin Leader","ascension_level":7}}