{"host":"l4kdldlios54gl54","time":1611026032,"event":{"mods":["AchievementEnabler","BaseMod","Colored Map","Colored Powertips","Minty Spire (QoL Compilation)","Random Character Button"],"gold_per_floor":[116,41,41,41,41,75,75,75,102,137,148,164,164,181,181,260,260,271,271,65,90,104,104,104,104],"floor_reached":24,"language":"ENG","playtime":569,"items_purged":["Strike_R","Strike_R"],"score":504,"play_id":"bc8135f4-2111-47d0-907b-e07d793a9d4f","local_time":"20210119041352","is_ascension_mode":true,"campfire_choices":[{"data":"Pommel Strike","floor":7,"key":"SMITH"},{"data":"Whirlwind","floor":13,"key":"SMITH"},{"data":"Evolve","floor":15,"key":"SMITH"},{"floor":23,"key":"REST"}],"circlet_count":0,"master_deck":["AscendersBane","Strike_R+1","Strike_R+1","Strike_R","Defend_R","Defend_R","Defend_R","Defend_R","Bash","Cleave+1","Pommel Strike+1","Evolve+1","Whirlwind+1","Flex","Berserk","Warcry"],"relics":["Burning Blood","NeowsBlessing","Gremlin Horn","Whetstone","The Courier","Sozu","Bag of Marbles","Red Mask"],"acts_visited":["Exordium","TheCity"],"potions_floor_usage":[16],"damage_taken":[{"damage":0,"enemies":"Jaw Worm","floor":1,"turns":1},{"damage":0,"enemies":"3 Sentries","floor":6,"turns":1},{"damage":0,"enemies":"Lagavulin","floor":10,"turns":1},{"damage":7,"enemies":"2 Louse","floor":11,"turns":3},{"damage":0,"enemies":"Small Slimes","floor":12,"turns":2},{"damage":0,"enemies":"2 Fungi Beasts","floor":14,"turns":1},{"damage":68,"enemies":"Hexaghost","floor":16,"turns":6},{"damage":0,"enemies":"Chosen","floor":18,"turns":3},{"damage":0,"enemies":"Masked Bandits","floor":21,"turns":1},{"damage":40,"enemies":"Shell Parasite","floor":22,"turns":4},{"damage":102,"enemies":"Book of Stabbing","floor":24,"turns":4}],"seed_played":"1347707467768535715","potions_obtained":[{"floor":1,"key":"Explosive Potion"},{"floor":6,"key":"PowerPotion"},{"floor":12,"key":"FairyPotion"}],"is_trial":false,"path_per_floor":["M","$","?","?","?","E","R","$","T","E","M","M","R","M","R","B",null,"M","?","$","?","M","R","E"],"character_chosen":"IRONCLAD","items_purchased":["Bag of Marbles"],"campfire_rested":1,"item_purchase_floors":[20],"current_hp_per_floor":[74,74,74,79,79,80,80,80,80,80,79,80,80,80,80,18,65,71,71,71,77,43,67,0,0],"gold":104,"neow_bonus":"THREE_ENEMY_KILL","is_daily":false,"chose_seed":false,"campfire_upgraded":3,"win_rate":0.0,"timestamp":1611026032,"path_taken":["M","$","?","?","?","E","R","$","T","E","M","M","R","M","R","BOSS","M","?","$","?","M","R","E"],"items_purchased_type":["Relic"],"build_version":"2020-12-22","purchased_purges":2,"victory":false,"max_hp_per_floor":[75,75,75,80,80,80,80,80,80,80,80,80,80,80,80,80,80,80,80,80,80,80,80,80,80],"card_choices":[{"not_picked":["Seeing Red","Infernal Blade"],"picked":"Cleave","floor":1},{"not_picked":["Thunderclap","Limit Break"],"picked":"Pommel Strike","floor":6},{"not_picked":["Shrug It Off","Wild Strike"],"picked":"Evolve","floor":10},{"not_picked":["Flex","Thunderclap"],"picked":"Whirlwind","floor":11},{"not_picked":["Dark Embrace","Heavy Blade","Evolve"],"picked":"SKIP","floor":12},{"not_picked":["True Grit","Cleave"],"picked":"Flex","floor":14},{"not_picked":["Reaper","Juggernaut"],"picked":"Berserk","floor":16},{"not_picked":["Thunderclap","Infernal Blade","Warcry"],"picked":"SKIP","floor":18},{"not_picked":["Rampage","Feel No Pain","Armaments+1"],"picked":"SKIP","floor":22}],"player_experience":877682,"relics_obtained":[{"floor":6,"key":"Gremlin Horn"},{"floor":9,"key":"Whetstone"},{"floor":10,"key":"The Courier"},{"floor":21,"key":"Red Mask"}],"event_choices":[{"damage_healed":0,"gold_gain":0,"player_choice":"Grow","damage_taken":0,"max_hp_gain":0,"max_hp_loss":0,"event_name":"Living Wall","floor":3,"gold_loss":0,"cards_upgraded":["Cleave"]},{"damage_healed":0,"gold_gain":0,"player_choice":"Donut","damage_taken":0,"max_hp_gain":5,"max_hp_loss":0,"event_name":"Big Fish","floor":4,"gold_loss":0},{"damage_healed":0,"gold_gain":0,"player_choice":"Ignored","damage_taken":0,"max_hp_gain":0,"max_hp_loss":0,"event_name":"Liars Game","floor":5,"gold_loss":0},{"damage_healed":0,"gold_gain":0,"player_choice":"Read","damage_taken":0,"max_hp_gain":0,"max_hp_loss":0,"event_name":"The Library","floor":19,"gold_loss":0,"cards_obtained":["Warcry"]},{"damage_healed":0,"gold_gain":0,"player_choice":"Fought Bandits","damage_taken":0,"max_hp_gain":0,"max_hp_loss":0,"event_name":"Masked Bandits","floor":21,"gold_loss":0}],"is_beta":false,"boss_relics":[{"not_picked":["Runic Pyramid","Mark of Pain"],"picked":"Sozu"}],"items_purged_floors":[2,20],"is_endless":false,"potions_floor_spawned":[1,6,12,18],"killed_by":"Book of Stabbing","ascension_level":20}}