{"host":"bf9sa99gaumonoeu","time":1611078736,"event":{"mods":["AchievementEnabler","Act Like it!","Aspiration","BaseMod","Bestiary","Better Note","Block Reminder","Colored Map","Colored Powertips","Fox Events","Friendly Minions","Gensokyo","GifTheSpireLib","Googly Eyes","Hallownest","Hermit","Highlight Path","Jorbs\u0027s Wanderer Trilogy","KinomotoSakuraMod(????)","Koishi","Marisa????????","Minty Spire (QoL Compilation)","Rare Cards Sparkle","Relic Stats","Remilia??????","Replay The Spire","Spire Arcade","StS++","StSLib","The Administrix","The Animator","The Blue Laboratory","The Bug Knight","The Construct","The Cursed","The Hierophant","The Mystic","The Necromancer","The Poker Player","The Runesmith","The Senshi","The Servant 0.9.4","ojb\u0027s Info Mod"],"gold_per_floor":[362,362,362,373,106,134,134,5,5,5,38,54,80,94,94,173,173,183,203,48,58,58,86,86,86,158,158,170,196,196,8,8,8,8],"floor_reached":33,"language":"ENG","playtime":2222,"items_purged":["ReplayTheSpireMod:Restless Dread","Strike_G","Defend_G"],"score":627,"play_id":"60320a0c-685c-41f9-9e1c-df54ac2f11b4","local_time":"20210119155216","is_ascension_mode":true,"campfire_choices":[{"floor":7,"key":"REST"},{"floor":10,"key":"REST"},{"data":"Replay:Bag of Tricks","floor":15,"key":"SMITH"},{"data":"Deadly Poison","floor":15,"key":"SMITH"},{"floor":24,"key":"REST"},{"data":"Corpse Explosion","floor":27,"key":"SMITH"},{"data":"Replay:Bag of Tricks","floor":27,"key":"SMITH"},{"data":"Accuracy","floor":32,"key":"SMITH"},{"data":"StSpp:ChainedTrap","floor":32,"key":"SMITH"}],"circlet_count":0,"master_deck":["AscendersBane","Defend_G","Defend_G","Defend_G","Defend_G","Survivor+1","Neutralize","StSpp:PoisonousPunch","Bullet Time+1","Draining Mist+1","Corpse Explosion+1","Cloak And Dagger","Backflip","StSpp:ChainedTrap+1","Die Die Die+1","Deadly Poison+1","Replay:Bag of Tricks+1","Replay:Bag of Tricks+1","AbeCurse","StSpp:ChainedTrap","PiercingWail","PiercingWail","Accuracy+1","Bite","Bite","Bite","Bite","Bite","Concentrate+1"],"relics":["Ring of the Snake","Bottled Lightning","War Paint","Incense Burner","Replay:Arrowhead","Abe\u0027s Treasure","ReplayTheSpireMod:Shallot","Meat on the Bone","Ginger"],"acts_visited":["Exordium","TheCity"],"potions_floor_usage":[6,6,11,18,33],"damage_taken":[{"damage":21,"enemies":"Cultist","floor":1,"turns":7},{"damage":0,"enemies":"Jaw Worm","floor":4,"turns":2},{"damage":30,"enemies":"3 Sentries","floor":6,"turns":6},{"damage":11,"enemies":"Lagavulin","floor":11,"turns":5},{"damage":0,"enemies":"Small Slimes","floor":12,"turns":3},{"damage":11,"enemies":"3 Sentries","floor":13,"turns":4},{"damage":0,"enemies":"Gremlin Gang","floor":14,"turns":3},{"damage":13,"enemies":"The Guardian","floor":16,"turns":8},{"damage":0,"enemies":"3 Byrds","floor":18,"turns":3},{"damage":0,"enemies":"2 Thieves","floor":19,"turns":2},{"damage":27,"enemies":"Snake Plant","floor":21,"turns":5},{"damage":7,"enemies":"Replay:Snechameleon","floor":23,"turns":5},{"damage":0,"enemies":"3 Cultists","floor":28,"turns":2},{"damage":20,"enemies":"Gremlin Leader","floor":29,"turns":5},{"damage":64,"enemies":"Champ","floor":33,"turns":9}],"seed_played":"6606112731226387928","potions_obtained":[{"floor":4,"key":"LiquidMemories"},{"floor":12,"key":"Adrenaline Potion"},{"floor":13,"key":"blueLaboratory:EnragingPotion"},{"floor":14,"key":"Ancient Potion"}],"is_trial":false,"path_per_floor":["M","?","?","M","$","E","R","$","T","R","E","M","E","M","R","B",null,"M","M","$","M","?","E","R","$","T","R","M","E","?","$","R","B"],"character_chosen":"THE_SILENT","items_purchased":["Corpse Explosion","Cloak And Dagger","blueLaboratory:BottleOfVodka","blueLaboratory:BottleOfVodka","StSpp:ChainedTrap","blueLaboratory:LouseDecoction","Concentrate+1"],"campfire_rested":3,"item_purchase_floors":[5,5,5,8,8,20,31],"current_hp_per_floor":[38,38,38,38,38,8,27,27,27,46,35,35,24,24,24,11,52,52,52,52,25,25,18,37,37,37,37,37,29,29,29,29,0,0],"gold":8,"neow_bonus":"TWO_FIFTY_GOLD","is_daily":false,"chose_seed":false,"campfire_upgraded":6,"win_rate":0.0,"timestamp":1611078736,"path_taken":["M","?","?","M","$","E","R","$","T","R","E","?","E","M","R","BOSS","M","M","$","M","?","E","R","$","T","R","?","E","?","?","R","BOSS"],"items_purchased_type":["Card","Card","Potion","Potion","Card","Potion","Card"],"build_version":"2020-12-22","purchased_purges":3,"victory":false,"max_hp_per_floor":[66,66,66,66,66,66,66,66,66,66,66,66,66,66,66,66,66,66,66,66,66,66,66,66,66,66,66,66,66,46,46,46,46,46],"relic_stats":{"counters":[15,69],"Ginger":[2],"War Paint":["Survivor","Draining Mist"],"obtain_stats":[{"ReplayTheSpireMod:Shallot":23,"Incense Burner":11,"Bottled Lightning":6,"Ginger":29,"War Paint":9,"Replay:Arrowhead":13,"Abe\u0027s Treasure":17,"Ring of the Snake":0,"Meat on the Bone":26},{"ReplayTheSpireMod:Shallot":12,"Incense Burner":4,"Bottled Lightning":3,"Ginger":14,"War Paint":3,"Replay:Arrowhead":6,"Abe\u0027s Treasure":8,"Ring of the Snake":0,"Meat on the Bone":12},{"ReplayTheSpireMod:Shallot":53,"Incense Burner":20,"Bottled Lightning":15,"Ginger":60,"War Paint":15,"Replay:Arrowhead":27,"Abe\u0027s Treasure":38,"Ring of the Snake":0,"Meat on the Bone":53}],"Ring of the Snake":[30],"Meat on the Bone":12},"card_choices":[{"not_picked":["Distraction","Slice"],"picked":"StSpp:PoisonousPunch","floor":1},{"not_picked":["Underhanded Strike","Catalyst"],"picked":"Draining Mist","floor":4},{"not_picked":["StSpp:Throw","ReplayTheSpireMod:Scrap Shanks"],"picked":"Backflip","floor":6},{"not_picked":["Choke","Dagger Spray"],"picked":"Die Die Die","floor":11},{"not_picked":["Dagger Throw","Masterful Stab"],"picked":"Deadly Poison","floor":12},{"not_picked":["Riddle With Holes","Dash"],"picked":"Replay:Bag of Tricks","floor":13},{"not_picked":["Masterful Stab","Underhanded Strike","StSpp:PoisonousPunch"],"picked":"SKIP","floor":14},{"not_picked":["Unload","ReplayTheSpireMod:From All Sides"],"picked":"Replay:Bag of Tricks","floor":16},{"not_picked":["StSpp:PoisonousPunch","Skewer+1","StSpp:Throw"],"picked":"SKIP","floor":18},{"not_picked":["Finisher","StSpp:Throw"],"picked":"StSpp:ChainedTrap","floor":19},{"not_picked":["Deadly Poison","Skewer"],"picked":"PiercingWail","floor":21},{"not_picked":["Blur","StSpp:TimeParadox"],"picked":"PiercingWail","floor":23},{"not_picked":["Caltrops","Outmaneuver","Backstab"],"picked":"SKIP","floor":28},{"not_picked":["Flying Knee","Escape Plan"],"picked":"Accuracy","floor":29}],"player_experience":988834,"relics_obtained":[{"floor":6,"key":"Bottled Lightning"},{"floor":9,"key":"War Paint"},{"floor":11,"key":"Incense Burner"},{"floor":13,"key":"Replay:Arrowhead"},{"floor":23,"key":"ReplayTheSpireMod:Shallot"},{"floor":26,"key":"Meat on the Bone"},{"floor":29,"key":"Ginger"}],"event_choices":[{"damage_healed":0,"gold_gain":0,"player_choice":"Ignored","damage_taken":0,"max_hp_gain":0,"max_hp_loss":0,"event_name":"Shining Light","floor":2,"gold_loss":0},{"cards_removed":["Survivor"],"damage_healed":0,"gold_gain":0,"player_choice":"Take \u0026 Give","damage_taken":0,"max_hp_gain":0,"max_hp_loss":0,"event_name":"betterNote:BetterNote","floor":3,"gold_loss":0,"cards_obtained":["Bullet Time"]},{"damage_healed":0,"gold_gain":0,"player_choice":"Forge","damage_taken":0,"max_hp_gain":0,"max_hp_loss":0,"event_name":"Accursed Blacksmith","floor":22,"gold_loss":0,"cards_upgraded":["Die Die Die"]},{"damage_healed":0,"gold_gain":0,"player_choice":"Became a vampire","damage_taken":0,"max_hp_gain":0,"max_hp_loss":20,"event_name":"Vampires","floor":30,"gold_loss":0,"cards_obtained":["Bite","Bite","Bite","Bite","Bite"]}],"is_beta":false,"boss_relics":[{"not_picked":["SacredBark","aspiration:PoetsPen_weak"],"picked":"Abe\u0027s Treasure"}],"items_purged_floors":[5,20,31],"is_endless":false,"potions_floor_spawned":[4,12,13,14,21,28],"killed_by":"Champ","ascension_level":20}}