{"host":"psx7kpya4lma94s4","time":1611036286,"event":{"mods":["BaseMod","BetterRewards","Hubris","Hyrulean Relics","Marked Mod","Minty Spire (QoL Compilation)","Replay The Spire","StSLib","The Dragon Tamer","The Poker Player"],"gold_per_floor":[116,130,57,67,84,113,113,130,130,161,210,14,14,27,27,122,122,139,88,0,0,15,15,15],"floor_reached":23,"language":"ENG","playtime":2017,"items_purged":["Strike_R"],"score":251,"play_id":"88f7ac84-e819-4d0d-8828-24af5d2425d1","local_time":"20210119080446","is_ascension_mode":false,"campfire_choices":[{"floor":7.0,"key":"REST"},{"floor":15.0,"key":"REST"}],"circlet_count":0,"master_deck":["Strike_R","Strike_R","Strike_R","Strike_R","Defend_R","Defend_R","Defend_R","Defend_R","Bash","Heavy Blade","Run Through","Inflame","Power Through","Inflame","Bludgeon","Twin Strike","Perfected Strike","Impatience","Replay:Undeath\u0027s Touch","ReplayReversal","Infernal Blade","Dark Embrace","Flex","Immolate","Pommel Strike","Rupture","Rupture","Sword Boomerang"],"relics":["Painkiller Herb","hubris:PeanutButter","Pantograph","Replay:Bottled Steam","Regal Pillow","BargainBundle","ReplayTheSpireMod:TigerMarble","hubris:Backtick","StoneCalendar"],"acts_visited":[],"potions_floor_usage":[23,23],"damage_taken":[{"damage":1.0,"enemies":"Cultist","floor":1.0,"turns":3.0},{"damage":11.0,"enemies":"Jaw Worm","floor":2.0,"turns":2.0},{"damage":2.0,"enemies":"2 Louse","floor":4.0,"turns":2.0},{"damage":8.0,"enemies":"Red Slaver","floor":5.0,"turns":3.0},{"damage":39.0,"enemies":"3 Sentries","floor":6.0,"turns":7.0},{"damage":2.0,"enemies":"Exordium Thugs","floor":8.0,"turns":3.0},{"damage":1.0,"enemies":"Replay:BlueRogue","floor":10.0,"turns":3.0},{"damage":1.0,"enemies":"2 Fungi Beasts","floor":14.0,"turns":2.0},{"damage":0.0,"enemies":"Slime Boss","floor":16.0,"turns":9.0},{"damage":2,"enemies":"Spheric Guardian","floor":18,"turns":3},{"damage":12,"enemies":"2 Thieves","floor":22,"turns":3},{"damage":79,"enemies":"Slavers","floor":23,"turns":4}],"seed_played":"-8359667766644980266","potions_obtained":[{"floor":1.0,"key":"FearPotion"},{"floor":8.0,"key":"BlessingOfTheForge"},{"floor":10.0,"key":"SneckoOil"},{"floor":14.0,"key":"Energy Potion"},{"floor":18,"key":"GamblersBrew"},{"floor":22,"key":"Reflective Coating"}],"is_trial":false,"path_per_floor":["?","?","T","?","?","E","T","?","T","E","T","T","?","?","T","B",null,"?","T","?","T","?","E"],"character_chosen":"IRONCLAD","items_purchased":["Inflame","BargainBundle","Impatience","Replay:Undeath\u0027s Touch","ReplayReversal","Infernal Blade","Dark Embrace","Fire Potion","Rupture"],"campfire_rested":2,"item_purchase_floors":[3,12,12,12,12,12,12,12,19],"current_hp_per_floor":[79,68,68,66,58,19,43,41,41,40,40,40,40,42,81,83,83,81,81,81,81,69,0,0],"gold":15,"neow_bonus":"BOSS_RELIC","is_daily":false,"chose_seed":false,"campfire_upgraded":0,"win_rate":0.0,"timestamp":1611036286,"path_taken":["?","?","T","?","?","E","T","?","T","E","?","T","?","?","T","BOSS","?","?","?","T","?","E"],"items_purchased_type":["Card","Relic","Card","Card","Card","Card","Card","Potion","Card"],"build_version":"2020-12-22","purchased_purges":1,"victory":false,"max_hp_per_floor":[80,80,80,80,80,80,80,80,80,80,80,80,80,83,83,83,83,83,83,83,83,83,83,83],"card_choices":[{"not_picked":["Dual Wield","Shrug It Off"],"picked":"Heavy Blade","floor":1.0},{"not_picked":["True Grit","Fire Breathing"],"picked":"Run Through","floor":2.0},{"not_picked":["hubris:CleavingFinish","Thunderclap"],"picked":"Power Through","floor":4.0},{"not_picked":["Searing Blow","Wild Strike"],"picked":"Inflame","floor":5.0},{"not_picked":["Metallicize","Burning Pact"],"picked":"Bludgeon","floor":6.0},{"not_picked":["Run Through","True Grit"],"picked":"Twin Strike","floor":8.0},{"not_picked":["Dark Embrace","Eclipse"],"picked":"Perfected Strike","floor":10.0},{"not_picked":["Iron Wave","Perfected Strike"],"picked":"Flex","floor":14.0},{"not_picked":["Juggernaut","Bludgeon"],"picked":"Immolate","floor":16.0},{"not_picked":["hubris:ReadiedAction","Clash"],"picked":"Pommel Strike","floor":18},{"not_picked":["Anger","Inflame"],"picked":"Sword Boomerang","floor":22}],"player_experience":40280,"relics_obtained":[{"floor":6.0,"key":"hubris:PeanutButter"},{"floor":9.0,"key":"Pantograph"},{"floor":10.0,"key":"Replay:Bottled Steam"},{"floor":11.0,"key":"Regal Pillow"}],"event_choices":[{"damage_healed":0.0,"max_hp_gain":0.0,"max_hp_loss":0.0,"gold_gain":0.0,"event_name":"WeMeetAgain","player_choice":"Gave Potion","floor":13.0,"gold_loss":0.0,"damage_taken":0.0,"relics_obtained":["ReplayTheSpireMod:TigerMarble"]},{"damage_healed":0,"gold_gain":0,"player_choice":"Paid Fearfully","damage_taken":0,"max_hp_gain":0,"max_hp_loss":0,"event_name":"Masked Bandits","floor":20,"gold_loss":88}],"is_beta":false,"boss_relics":[{"not_picked":["Kintsugi","Replay:Ancient Bell"],"picked":"hubris:Backtick"}],"items_purged_floors":[12],"is_endless":false,"potions_floor_spawned":[1,8,10,14,18,22],"killed_by":"Slavers","ascension_level":0}}