{"host":"Krakhan","time":1611030605,"event":{"mods":["AchievementEnabler","BaseMod","Colored Map","Colored Powertips","Faster Ascension Climbing","Highlight Path","Minty Spire (QoL Compilation)","Rare Cards Sparkle","Relic Stats","StSLib"],"gold_per_floor":[112,130,143,156,156,156,200,214,240,276,299,299,339,339,339,428,428,451,470,470,494,544,544,544],"floor_reached":23,"language":"ENG","playtime":1006,"items_purged":[],"score":426,"play_id":"ce784771-871f-454d-b8bd-7536d6ed9f90","local_time":"20210118233005","is_ascension_mode":true,"campfire_choices":[{"data":"Perfected Strike","floor":6,"key":"SMITH"},{"data":"Bash","floor":12,"key":"SMITH"},{"floor":15,"key":"REST"}],"circlet_count":0,"master_deck":["AscendersBane","Strike_R","Strike_R","Strike_R","Strike_R","Defend_R","Defend_R","Defend_R","Defend_R","Bash+1","Cleave","Perfected Strike+1","Headbutt","Sword Boomerang","Hemokinesis","Uppercut","Feed","True Grit","Feel No Pain"],"relics":["Velvet Choker","Golden Idol","Boot","Red Skull","Dream Catcher","Smiling Mask","Snecko Eye"],"acts_visited":["Exordium","TheCity"],"potions_floor_usage":[7,10,10],"damage_taken":[{"damage":1,"enemies":"Cultist","floor":1,"turns":3},{"damage":5,"enemies":"Small Slimes","floor":2,"turns":3},{"damage":2,"enemies":"Jaw Worm","floor":3,"turns":3},{"damage":4,"enemies":"Red Slaver","floor":4,"turns":2},{"damage":6,"enemies":"Gremlin Nob","floor":7,"turns":3},{"damage":0,"enemies":"2 Fungi Beasts","floor":8,"turns":2},{"damage":20,"enemies":"Lagavulin","floor":10,"turns":6},{"damage":0,"enemies":"3 Louse","floor":11,"turns":2},{"damage":6,"enemies":"Gremlin Nob","floor":13,"turns":3},{"damage":45,"enemies":"The Guardian","floor":16,"turns":8},{"damage":30,"enemies":"Shell Parasite","floor":18,"turns":4},{"damage":6,"enemies":"Spheric Guardian","floor":19,"turns":3},{"damage":9,"enemies":"Snake Plant","floor":21,"turns":2},{"damage":12,"enemies":"Gremlin Leader","floor":23,"turns":1}],"seed_played":"-80996336210393097","potions_obtained":[{"floor":2,"key":"LiquidBronze"},{"floor":3,"key":"Strength Potion"},{"floor":4,"key":"Regen Potion"},{"floor":8,"key":"Weak Potion"}],"is_trial":false,"path_per_floor":["M","M","M","M","?","R","E","M","T","E","M","R","E","?","R","B",null,"M","M","?","M","?","E"],"character_chosen":"IRONCLAD","items_purchased":[],"campfire_rested":1,"item_purchase_floors":[],"current_hp_per_floor":[67,62,60,56,56,56,50,50,50,42,42,42,36,36,56,11,54,27,21,21,12,12,0,0],"gold":544,"neow_bonus":"BOSS_RELIC","is_daily":false,"chose_seed":false,"campfire_upgraded":2,"win_rate":0.0,"timestamp":1611030605,"path_taken":["M","M","M","M","?","R","E","M","T","E","M","R","E","?","R","BOSS","M","M","?","?","?","E"],"items_purchased_type":[],"build_version":"2020-12-18","purchased_purges":0,"victory":false,"max_hp_per_floor":[75,75,75,75,68,68,68,68,68,68,68,68,68,68,68,68,68,71,71,71,71,71,71,71],"relic_stats":{"Dream Catcher":1,"counters":[14,45],"Golden Idol":64,"Snecko Eye":[17,14,16,20],"Boot":[12],"Smiling Mask":0,"obtain_stats":[{"Dream Catcher":10,"Golden Idol":5,"Velvet Choker":0,"Snecko Eye":17,"Boot":7,"Smiling Mask":13,"Burning Blood":0,"Red Skull":9},{"Dream Catcher":7,"Golden Idol":4,"Velvet Choker":0,"Snecko Eye":10,"Boot":5,"Smiling Mask":9,"Burning Blood":0,"Red Skull":6},{"Dream Catcher":22,"Golden Idol":11,"Velvet Choker":0,"Snecko Eye":35,"Boot":14,"Smiling Mask":27,"Burning Blood":0,"Red Skull":16}]},"card_choices":[{"not_picked":["Thunderclap","Wild Strike"],"picked":"Anger","floor":1},{"not_picked":["Twin Strike","Offering"],"picked":"Cleave","floor":2},{"not_picked":["Flex","Infernal Blade","Anger"],"picked":"SKIP","floor":3},{"not_picked":["Sword Boomerang","Warcry"],"picked":"Perfected Strike","floor":4},{"not_picked":["Sever Soul","Body Slam"],"picked":"Headbutt","floor":7},{"not_picked":["Limit Break","Sword Boomerang","Heavy Blade"],"picked":"SKIP","floor":8},{"not_picked":["Havoc","Iron Wave"],"picked":"Sword Boomerang","floor":10},{"not_picked":["Carnage","Combust","Flex"],"picked":"SKIP","floor":11},{"not_picked":["Thunderclap","Body Slam","Rampage"],"picked":"SKIP","floor":13},{"not_picked":["Fiend Fire","Warcry"],"picked":"Uppercut","floor":15},{"not_picked":["Brutality","Berserk"],"picked":"Feed","floor":16},{"not_picked":["Pommel Strike+1","Clash"],"picked":"True Grit","floor":18},{"not_picked":["Reckless Charge","Clash"],"picked":"Feel No Pain","floor":19},{"not_picked":["Twin Strike+1","Havoc","Warcry+1"],"picked":"SKIP","floor":21}],"player_experience":1352014,"relics_obtained":[{"floor":7,"key":"Boot"},{"floor":9,"key":"Red Skull"},{"floor":10,"key":"Dream Catcher"},{"floor":13,"key":"Smiling Mask"}],"event_choices":[{"damage_healed":0,"gold_gain":0,"player_choice":"Lose Max HP","damage_taken":0,"relics_obtained":["Golden Idol"],"max_hp_gain":0,"max_hp_loss":7,"event_name":"Golden Idol","floor":5,"gold_loss":0},{"damage_healed":0,"gold_gain":0,"cards_transformed":["Strike_R"],"player_choice":"Change","damage_taken":0,"max_hp_gain":0,"max_hp_loss":0,"event_name":"Living Wall","floor":14,"gold_loss":0,"cards_obtained":["Hemokinesis"]},{"cards_removed":["Anger"],"damage_healed":0,"gold_gain":0,"player_choice":"Purged","damage_taken":0,"max_hp_gain":0,"max_hp_loss":0,"event_name":"Purifier","floor":20,"gold_loss":0},{"damage_healed":0,"gold_gain":50,"player_choice":"Stole From Cult","damage_taken":0,"max_hp_gain":0,"max_hp_loss":0,"event_name":"Nest","floor":22,"gold_loss":0}],"is_beta":true,"boss_relics":[{"not_picked":["Tiny House","Mark of Pain"],"picked":"Snecko Eye"}],"items_purged_floors":[],"is_endless":false,"potions_floor_spawned":[2,3,4,8],"killed_by":"Gremlin Leader","ascension_level":20}}