{"host":"8d3fefv2347kqkpz","time":1611043379,"event":{"mods":["100% Spire Juice","AchievementEnabler","Act Like it!","Aspiration","BaseMod","Better Vampires","Colored Map","Colored Powertips","Conspire","GifTheSpireLib","Highlight Path","Mimic Mod","Minty Spire (QoL Compilation)","Quick Restart","Reimu£®≤©¿ˆ¡È√Œ£©","Relic Stats","Remilia£®¿Ÿ√◊¿Ú—«£©","Replay The Spire","Spicy Shops","StSLib","The Gatherer","The Jungle","The Senshi","The Servant 0.9.4","Waifu the Spire","vexMod"],"gold_per_floor":[12,31,42,42,58,58,88,98,123,123,166,91,133,176,176,176,176],"floor_reached":16,"language":"ZHS","playtime":567,"items_purged":["Strike_P"],"score":106,"play_id":"1d358489-5902-49ba-86b7-9f846f92810e","local_time":"20210119160259","is_ascension_mode":false,"campfire_choices":[{"floor":6.0,"key":"REST"},{"data":"Wish","floor":10.0,"key":"SMITH"},{"floor":15.0,"key":"REST"}],"circlet_count":0,"master_deck":["Strike_P","Strike_P","Defend_P","Defend_P","Defend_P","Eruption","Vigilance","Consecrate","Wish+1"],"relics":["PureWater","aspiration:HummingbirdHeart","Blue Doll"],"acts_visited":["Exordium"],"potions_floor_usage":[16],"damage_taken":[{"damage":3.0,"enemies":"Jaw Worm","floor":1.0,"turns":3.0},{"damage":3.0,"enemies":"2 Louse","floor":2.0,"turns":2.0},{"damage":7.0,"enemies":"Cultist","floor":3.0,"turns":3.0},{"damage":2.0,"enemies":"Blue Slaver","floor":5.0,"turns":5.0},{"damage":8.0,"enemies":"Gremlin Nob","floor":7.0,"turns":3.0},{"damage":0.0,"enemies":"Looter","floor":8.0,"turns":2.0},{"damage":1.0,"enemies":"3 Louse","floor":11.0,"turns":3.0},{"damage":0.0,"enemies":"Exordium Wildlife","floor":13.0,"turns":5.0},{"damage":15.0,"enemies":"Exordium Thugs","floor":14.0,"turns":5.0},{"damage":86,"enemies":"Hexaghost","floor":16,"turns":10}],"seed_played":"5471015218834943143","potions_obtained":[{"floor":1.0,"key":"PowerPotion"},{"floor":5.0,"key":"SteroidPotion"},{"floor":8.0,"key":"ZuzhouPotion:ReiMu"},{"floor":14.0,"key":"Regen Potion"}],"is_trial":false,"path_per_floor":["M","M","M","?","M","R","E","M","T","R","M","$","M","M","R","B"],"character_chosen":"WATCHER","items_purchased":[],"campfire_rested":2,"item_purchase_floors":[],"current_hp_per_floor":[69,66,59,59,57,72,64,64,64,64,63,63,63,48,69,0,0],"gold":176,"neow_bonus":"REMOVE_TWO","is_daily":false,"chose_seed":false,"campfire_upgraded":1,"win_rate":0.0,"timestamp":1611043379,"path_taken":["M","M","M","?","M","R","E","M","T","R","M","?","M","M","R","BOSS"],"items_purchased_type":[],"build_version":"2020-12-22","purchased_purges":1,"victory":false,"max_hp_per_floor":[72,72,72,72,72,72,72,72,72,72,72,72,72,72,72,72,72],"relic_stats":{"counters":[10,41],"obtain_stats":[{"Blue Doll":9,"aspiration:HummingbirdHeart":7,"PureWater":0},{"Blue Doll":6,"aspiration:HummingbirdHeart":5,"PureWater":0},{"Blue Doll":18,"aspiration:HummingbirdHeart":16,"PureWater":0}]},"card_choices":[{"not_picked":["WindmillStrike","Replay:Hum","CarveReality"],"picked":"SKIP","floor":1.0},{"not_picked":["WaveOfTheHand","CutThroughFate","FearNoEvil"],"picked":"SKIP","floor":2.0},{"not_picked":["TalkToTheHand","Meditate"],"picked":"Consecrate","floor":3.0},{"not_picked":["FollowUp","FlyingSleeves","Replay:BluntJabs"],"picked":"SKIP","floor":5.0},{"not_picked":["Replay:Vibes","Prostrate","Protect"],"picked":"SKIP","floor":7.0},{"not_picked":["Indignation","CarveReality"],"picked":"Wish","floor":8.0},{"not_picked":["JustLucky","Replay:ManipulateFuture","FlyingSleeves"],"picked":"SKIP","floor":11.0},{"not_picked":["JustLucky","Indignation","Consecrate"],"picked":"SKIP","floor":13.0},{"not_picked":["ThirdEye","Consecrate","Replay:ManipulateFuture"],"picked":"SKIP","floor":14.0}],"player_experience":137107,"relics_obtained":[{"floor":7.0,"key":"aspiration:HummingbirdHeart"},{"floor":9.0,"key":"Blue Doll"}],"event_choices":[{"damage_healed":0.0,"max_hp_gain":0.0,"max_hp_loss":0.0,"gold_gain":0.0,"event_name":"conspire:Investor","player_choice":"Leave","floor":4.0,"gold_loss":0.0,"damage_taken":0.0}],"is_beta":false,"boss_relics":[],"items_purged_floors":[12],"is_endless":false,"potions_floor_spawned":[1,5,8,14],"killed_by":"Hexaghost","ascension_level":0}}