{"host":"yblq3p6acu4d7asa","time":1611063348,"event":{"mods":["AchievementEnabler","Act Like it!","Aspiration","BaseMod","Colored Map","Hermit","Highlight Path","Jedi Mod","Minty Spire (QoL Compilation)","Replay The Spire","Shop Mod","StSLib","The Mystic"],"gold_per_floor":[110,129,142,159,334,334,103,103,130,165,165,181,197,223,223,323,323,340,354,84,64,79,79,106,106,154,52,77,26,26,44,44,44,44],"floor_reached":33,"language":"RUS","playtime":2570,"items_purged":["hermit:Defend_Hermit"],"score":289,"play_id":"490a7208-453a-4d3a-b6d4-6b18442912fe","local_time":"20210119163548","is_ascension_mode":true,"campfire_choices":[{"floor":6,"key":"REST"},{"data":"hermit:CursedWeapon","floor":8,"key":"SMITH"},{"data":"hermit:HighCaliber","floor":11,"key":"SMITH"},{"floor":15,"key":"REST"},{"floor":23,"key":"REST"},{"floor":25,"key":"REST"},{"floor":30,"key":"REST"},{"data":"The Bomb","floor":32,"key":"SMITH"}],"circlet_count":0,"master_deck":["hermit:Strike_Hermit+1","hermit:Strike_Hermit","hermit:Strike_Hermit","hermit:Defend_Hermit","hermit:Defend_Hermit","hermit:Snapshot","hermit:Covet","hermit:CursedWeapon+1","hermit:Glare","Doubt","hermit:Feint+1","The Bomb+1","hermit:HighCaliber+1","hermit:TakeCover","hermit:BodyArmor","hermit:HeroicBravado","ReplayTheSpireMod:Necrogeddon+1","hermit:Gestalt","hermit:Grudge","hermit:Quickdraw","hermit:Showdown","hermit:Showdown","hermit:Desperado"],"relics":["hermit:Momento","ReplayFunnel","aspiration:Lifesprig","Incense Burner","Empty Cage","ReplayTheSpireMod:Ninjato","Whetstone","Pet Ghost"],"acts_visited":["Exordium","TheCity"],"potions_floor_usage":[19,19,33,33],"damage_taken":[{"damage":0,"enemies":"2 Louse","floor":1,"turns":3},{"damage":5,"enemies":"Jaw Worm","floor":2,"turns":3},{"damage":3,"enemies":"Cultist","floor":3,"turns":3},{"damage":18,"enemies":"Exordium Thugs","floor":4,"turns":5},{"damage":5,"enemies":"3 Sentries","floor":10,"turns":4},{"damage":4,"enemies":"Exordium Wildlife","floor":12,"turns":3},{"damage":9,"enemies":"Red Slaver","floor":13,"turns":3},{"damage":13,"enemies":"Lagavulin","floor":14,"turns":5},{"damage":33,"enemies":"Fading Forest","floor":16,"turns":11},{"damage":22,"enemies":"Spheric Guardian","floor":18,"turns":5},{"damage":9,"enemies":"Shell Parasite","floor":19,"turns":4},{"damage":5,"enemies":"Snecko","floor":22,"turns":8},{"damage":33,"enemies":"Slavers","floor":24,"turns":6},{"damage":9,"enemies":"3 Cultists","floor":31,"turns":4},{"damage":79,"enemies":"Automaton","floor":33,"turns":8}],"seed_played":"69493113392118954","potions_obtained":[{"floor":2,"key":"FearPotion"},{"floor":3,"key":"hermit:Tonic"},{"floor":10,"key":"jedi:hoardpotion"},{"floor":13,"key":"EntropicBrew"},{"floor":14,"key":"CultistPotion"},{"floor":21,"key":"FearPotion"}],"is_trial":false,"path_per_floor":["M","M","M","M","?","R","$","R","T","E","R","M","M","E","R","B",null,"M","M","$","?","M","R","E","R","T","$","T","$","R","M","R","B"],"character_chosen":"HERMIT","items_purchased":["hermit:Feint+1","The Bomb","ReplayTheSpireMod:Necrogeddon","hermit:Quickdraw","hermit:Showdown","hermit:Desperado"],"campfire_rested":5,"item_purchase_floors":[7,7,20,27,27,29],"current_hp_per_floor":[82,77,74,56,56,80,80,80,80,75,75,71,62,49,73,58,82,60,51,51,51,46,70,37,61,61,61,61,61,82,73,73,0,0],"gold":44,"neow_bonus":"TEN_PERCENT_HP_BONUS","is_daily":false,"chose_seed":false,"campfire_upgraded":3,"win_rate":0.0,"timestamp":1611063348,"path_taken":["M","M","M","M","?","R","$","R","T","E","R","M","M","E","R","BOSS","M","M","$","?","?","R","E","R","T","?","?","$","R","M","R","BOSS"],"items_purchased_type":["Card","Card","Card","Card","Card","Card"],"build_version":"2020-12-22","purchased_purges":1,"victory":false,"max_hp_per_floor":[82,82,82,82,82,82,82,82,82,82,82,82,82,82,82,82,82,82,82,82,82,82,82,82,82,82,82,82,82,82,82,82,82,82],"card_choices":[{"not_picked":["hermit:Snipe","hermit:Combo"],"picked":"hermit:CursedWeapon","floor":1},{"not_picked":["hermit:Roulette","hermit:Misfire","hermit:Vantage"],"picked":"SKIP","floor":2},{"not_picked":["hermit:OverwhelmingPower","hermit:SprayPray","hermit:Brawl"],"picked":"SKIP","floor":3},{"not_picked":["hermit:LowProfile","hermit:GhostlyPresence"],"picked":"hermit:Glare","floor":4},{"not_picked":["hermit:HeroicBravado","hermit:Feint"],"picked":"hermit:HighCaliber","floor":10},{"not_picked":["hermit:Determination","hermit:Malice"],"picked":"hermit:TakeCover","floor":12},{"not_picked":["hermit:LowProfile","hermit:Misfire","hermit:Deadeye"],"picked":"SKIP","floor":13},{"not_picked":["hermit:Brawl","hermit:ItchyTrigger"],"picked":"hermit:BodyArmor","floor":14},{"not_picked":["hermit:OverwhelmingPower","hermit:Magnum"],"picked":"hermit:HeroicBravado","floor":16},{"not_picked":["hermit:Coalescence","hermit:Quickdraw","hermit:Shortfuse"],"picked":"SKIP","floor":18},{"not_picked":["hermit:Vantage","hermit:Brawl+1","hermit:Cheat+1"],"picked":"SKIP","floor":19},{"not_picked":["hermit:CursedWeapon+1","hermit:Ricochet"],"picked":"hermit:Gestalt","floor":22},{"not_picked":["hermit:Headshot","hermit:BlackWind"],"picked":"hermit:Grudge","floor":24},{"not_picked":["hermit:Misfire","hermit:Feint","hermit:CalledShot"],"picked":"SKIP","floor":31}],"player_experience":14271,"relics_obtained":[{"floor":9,"key":"ReplayFunnel"},{"floor":10,"key":"aspiration:Lifesprig"},{"floor":14,"key":"Incense Burner"},{"floor":24,"key":"ReplayTheSpireMod:Ninjato"},{"floor":26,"key":"Whetstone"},{"floor":28,"key":"Pet Ghost"}],"event_choices":[{"damage_healed":0,"gold_gain":175,"player_choice":"AGREE","damage_taken":0,"max_hp_gain":0,"max_hp_loss":0,"event_name":"Liars Game","floor":5,"gold_loss":0,"cards_obtained":["Doubt"]},{"damage_healed":0,"gold_gain":0,"player_choice":"Bought 1 Potion","damage_taken":0,"max_hp_gain":0,"max_hp_loss":0,"event_name":"The Woman in Blue","floor":21,"gold_loss":0}],"is_beta":false,"boss_relics":[{"not_picked":["Runic Pyramid","Snecko Eye"],"picked":"Empty Cage"}],"items_purged_floors":[20],"is_endless":false,"potions_floor_spawned":[2,3,10,13,14,22,24,31],"killed_by":"Automaton","ascension_level":1}}