{"host":"8d3fefv2347kqkpz","time":1611049078,"event":{"mods":["100% Spire Juice","AchievementEnabler","Act Like it!","Aspiration","BaseMod","Better Vampires","Colored Map","Colored Powertips","Conspire","GifTheSpireLib","Highlight Path","Mimic Mod","Minty Spire (QoL Compilation)","Quick Restart","Reimu£®≤©¿ˆ¡È√Œ£©","Relic Stats","Remilia£®¿Ÿ√◊¿Ú—«£©","Replay The Spire","Spicy Shops","StSLib","The Gatherer","The Jungle","The Senshi","The Servant 0.9.4","Waifu the Spire","vexMod"],"gold_per_floor":[111,36,36,36,47,47,67,67,98,116,116,129,129,140,140,238,238,252,285,200,100,119,119,130,130,130,142,241,260,273,29,29,124,124,135,135,155,183,183,183,183,183,207,244,5,35,35,35,35,38],"floor_reached":51,"language":"ZHS","playtime":1907,"items_purged":["Strike_P","Eruption","WindmillStrike+1","Writhe"],"score":760,"play_id":"50276078-7d08-4c70-b125-43a8193571ef","local_time":"20210119173758","is_ascension_mode":false,"campfire_choices":[{"data":"SandsOfTime","floor":6.0,"key":"SMITH"},{"floor":8.0,"key":"REST"},{"data":"PathToVictory","floor":11.0,"key":"SMITH"},{"floor":15.0,"key":"RECALL"},{"data":"Establishment","floor":23.0,"key":"SMITH"},{"data":"PathToVictory","floor":25.0,"key":"SMITH"},{"floor":32,"key":"REST"},{"floor":40,"key":"REST"},{"data":"PathToVictory","floor":42,"key":"SMITH"},{"floor":47,"key":"REST"},{"data":"Vault","floor":49,"key":"SMITH"}],"circlet_count":0,"master_deck":["Strike_P","Strike_P","Strike_P","Defend_P","Defend_P","Defend_P","Vigilance","SandsOfTime+1","Protect+1","PathToVictory+1","Establishment+1","PathToVictory+1","Meditate+1","Study","PathToVictory+1","ReplayTheSpireMod:Private Reserves","Protect+1","Finesse","PathToVictory","Vault+1"],"relics":["PureWater","CaptainsWheel","Bag of Marbles","Philosopher\u0027s Stone","Prayer Wheel","vexMod:MemoryStick","ReplayTheSpireMod:ShopPack","Strawberry","Replay:Bandana","vexMod:ScavengeHelm","vexMod:RetaliationKit"],"acts_visited":["Exordium","TheCity","TheBeyond"],"potions_floor_usage":[38,50],"damage_taken":[{"damage":10.0,"enemies":"Jaw Worm","floor":1.0,"turns":4.0},{"damage":0.0,"enemies":"Cultist","floor":5.0,"turns":4.0},{"damage":0.0,"enemies":"Small Slimes","floor":7.0,"turns":2.0},{"damage":0.0,"enemies":"Red Slaver","floor":9.0,"turns":7.0},{"damage":3.0,"enemies":"Red Slaver","floor":10.0,"turns":4.0},{"damage":2.0,"enemies":"Blue Slaver","floor":12.0,"turns":4.0},{"damage":0.0,"enemies":"Exordium Wildlife","floor":14.0,"turns":4.0},{"damage":0.0,"enemies":"Slime Boss","floor":16.0,"turns":5.0},{"damage":1.0,"enemies":"Shell Parasite","floor":18.0,"turns":5.0},{"damage":7.0,"enemies":"Spheric Guardian","floor":19.0,"turns":8.0},{"damage":1.0,"enemies":"Spheric Guardian","floor":22.0,"turns":4.0},{"damage":16.0,"enemies":"Centurion and Healer","floor":24.0,"turns":6.0},{"damage":12.0,"enemies":"Sentry and Sphere","floor":27.0,"turns":7.0},{"damage":0.0,"enemies":"3 Cultists","floor":29.0,"turns":5.0},{"damage":2.0,"enemies":"Chosen and Byrds","floor":30.0,"turns":6.0},{"damage":42,"enemies":"Pondfish","floor":33,"turns":7},{"damage":13,"enemies":"3 Shapes","floor":35,"turns":5},{"damage":6,"enemies":"Orb Walker","floor":37,"turns":4},{"damage":11,"enemies":"conspire:MimicChest","floor":38,"turns":4},{"damage":0,"enemies":"Jaw Worm Horde","floor":44,"turns":5},{"damage":20,"enemies":"Jaw Worm Horde","floor":46,"turns":6},{"damage":21,"enemies":"Replay:Hell Engine","floor":50,"turns":7}],"seed_played":"8850472490510285335","potions_obtained":[{"floor":1.0,"key":"ColorlessPotion"},{"floor":10.0,"key":"Strength Potion"},{"floor":14.0,"key":"Fruit Juice"},{"floor":24.0,"key":"SkillPotion"}],"is_trial":false,"path_per_floor":["M","$","?","T","M","R","M","R","MIM","M","R","M","?","M","R","B",null,"M","MIM","?","$","M","R","M","R","T","M","?","M","M","$","R","B",null,"M","?","M","?","?","R","?","R","T","MIM","$","M","R","$","R","B",null],"character_chosen":"WATCHER","items_purchased":["ReplayTheSpireMod:ShopPack","vexMod:RetaliationKit"],"campfire_rested":4,"item_purchase_floors":[31,45],"current_hp_per_floor":[69,69,62,62,62,62,62,79,79,76,76,74,74,79,79,79,84,83,76,76,76,75,75,59,59,59,47,47,47,45,45,70,28,84,71,71,65,61,61,88,91,91,91,91,91,71,91,91,91,70],"gold":38,"neow_bonus":"TEN_PERCENT_HP_BONUS","is_daily":false,"chose_seed":false,"campfire_upgraded":6,"win_rate":0.0,"timestamp":1611049078,"path_taken":["M","$","?","?","?","R","M","R","MIM","M","R","M","?","M","R","BOSS","M","?","?","$","M","R","M","R","T","M","?","?","M","$","R","BOSS","M","?","M","?","?","R","?","R","T","?","?","M","R","$","R","BOSS"],"items_purchased_type":["Relic","Relic"],"build_version":"2020-12-22","purchased_purges":4,"victory":true,"max_hp_per_floor":[79,79,79,79,79,79,79,79,79,79,79,79,79,84,84,84,84,84,84,84,84,84,84,84,84,84,84,84,84,84,84,84,84,84,84,84,84,91,91,91,91,91,91,91,91,91,91,91,91,91],"relic_stats":{"counters":[22,113],"Prayer Wheel":8,"obtain_stats":[{"CaptainsWheel":4,"vexMod:MemoryStick":26,"Replay:Bandana":43,"vexMod:ScavengeHelm":44,"Strawberry":38,"Philosopher\u0027s Stone":17,"Prayer Wheel":20,"Bag of Marbles":9,"PureWater":0,"vexMod:RetaliationKit":45,"ReplayTheSpireMod:ShopPack":31},{"CaptainsWheel":1,"vexMod:MemoryStick":12,"Replay:Bandana":19,"vexMod:ScavengeHelm":20,"Strawberry":19,"Philosopher\u0027s Stone":8,"Prayer Wheel":10,"Bag of Marbles":4,"PureWater":0,"vexMod:RetaliationKit":20,"ReplayTheSpireMod:ShopPack":15},{"CaptainsWheel":4,"vexMod:MemoryStick":57,"Replay:Bandana":95,"vexMod:ScavengeHelm":100,"Strawberry":95,"Philosopher\u0027s Stone":34,"Prayer Wheel":47,"Bag of Marbles":17,"PureWater":0,"vexMod:RetaliationKit":100,"ReplayTheSpireMod:ShopPack":75}]},"card_choices":[{"not_picked":["Weave","FlurryOfBlows","Replay:BluntJabs"],"picked":"SKIP","floor":1.0},{"not_picked":["Pray","Sanctity"],"picked":"SandsOfTime","floor":5.0},{"not_picked":["Adaptation","SashWhip","CrushJoints"],"picked":"SKIP","floor":7.0},{"not_picked":["JustLucky","ClearTheMind"],"picked":"Protect","floor":9.0},{"not_picked":["Consecrate","Replay:BluntJabs"],"picked":"PathToVictory","floor":10.0},{"not_picked":["FearNoEvil","CutThroughFate","SashWhip"],"picked":"SKIP","floor":12.0},{"not_picked":["Wallop","Halt","BowlingBash"],"picked":"SKIP","floor":14.0},{"not_picked":["Judgement","Vault"],"picked":"Establishment","floor":16.0},{"not_picked":["Replay:BluntJabs","ClearTheMind+1"],"picked":"PathToVictory","floor":18.0},{"not_picked":["FlyingSleeves","BowlingBash","Tantrum"],"picked":"SKIP","floor":22.0},{"not_picked":["BowlingBash+1","SashWhip","FollowUp"],"picked":"SKIP","floor":22.0},{"not_picked":["ForeignInfluence","ThirdEye"],"picked":"Meditate+1","floor":24.0},{"not_picked":["Wallop","Crescendo","ClearTheMind+1"],"picked":"SKIP","floor":24.0},{"not_picked":["Worship","Alpha"],"picked":"Study","floor":27.0},{"not_picked":["Prostrate","Indignation","JustLucky"],"picked":"SKIP","floor":27.0},{"not_picked":["Evaluate","Consecrate"],"picked":"WindmillStrike+1","floor":29.0},{"not_picked":["JustLucky","Sanctity","Consecrate"],"picked":"SKIP","floor":29.0},{"not_picked":["Replay:BluntJabs","Prostrate+1"],"picked":"PathToVictory","floor":30.0},{"not_picked":["ForeignInfluence","Meditate","SandsOfTime+1"],"picked":"SKIP","floor":30.0},{"not_picked":["Deep Breath","Flash of Steel"],"picked":"ReplayTheSpireMod:Private Reserves","floor":31},{"not_picked":["FearNoEvil","Perseverance"],"picked":"Protect+1","floor":35},{"not_picked":["FearNoEvil","CarveReality+1","Replay:AtTheReady+1"],"picked":"SKIP","floor":35},{"not_picked":["FearNoEvil","CarveReality+1","Replay:AtTheReady+1"],"picked":"SKIP","floor":35},{"not_picked":["Secret Weapon","Panache"],"picked":"Finesse","floor":36},{"not_picked":["BowlingBash","Crescendo"],"picked":"PathToVictory","floor":37},{"not_picked":["Prostrate+1","SandsOfTime+1","Conclude"],"picked":"SKIP","floor":37},{"not_picked":["WindmillStrike+1","FollowUp+1"],"picked":"Vault","floor":46},{"not_picked":["Evaluate+1","FollowUp+1","CutThroughFate"],"picked":"SKIP","floor":46}],"player_experience":142873,"relics_obtained":[{"floor":4.0,"key":"CaptainsWheel"},{"floor":9.0,"key":"Bag of Marbles"},{"floor":26.0,"key":"vexMod:MemoryStick"},{"floor":38,"key":"Strawberry"},{"floor":43,"key":"Replay:Bandana"},{"floor":44,"key":"vexMod:ScavengeHelm"}],"event_choices":[{"cards_removed":["Defend_P"],"damage_healed":0.0,"max_hp_gain":0.0,"max_hp_loss":0.0,"gold_gain":0.0,"event_name":"Golden Wing","player_choice":"Card Removal","floor":3.0,"gold_loss":0.0,"damage_taken":7.0},{"damage_healed":0.0,"max_hp_gain":0.0,"max_hp_loss":0.0,"gold_gain":0.0,"event_name":"Accursed Blacksmith","player_choice":"Forge","floor":13.0,"gold_loss":0.0,"damage_taken":0.0,"cards_upgraded":["Protect"]},{"damage_healed":0.0,"max_hp_gain":0.0,"max_hp_loss":0.0,"gold_gain":0.0,"event_name":"Addict","player_choice":"Obtained Relic","floor":20.0,"gold_loss":85.0,"damage_taken":0.0,"relics_obtained":["Prayer Wheel"]},{"damage_healed":0.0,"max_hp_gain":0.0,"max_hp_loss":0.0,"gold_gain":99.0,"event_name":"Nest","player_choice":"Stole From Cult","floor":28.0,"gold_loss":0.0,"damage_taken":0.0},{"damage_healed":0,"gold_gain":0,"player_choice":"Memory 1","damage_taken":0,"max_hp_gain":0,"max_hp_loss":0,"event_name":"SensoryStone","floor":36,"gold_loss":0},{"damage_healed":0,"gold_gain":0,"player_choice":"Ignored","damage_taken":0,"max_hp_gain":0,"max_hp_loss":0,"event_name":"Mysterious Sphere","floor":39,"gold_loss":0},{"damage_healed":23,"gold_gain":0,"player_choice":"Writhe","damage_taken":0,"max_hp_gain":0,"max_hp_loss":0,"event_name":"Winding Halls","floor":41,"gold_loss":0,"cards_obtained":["Writhe"]}],"is_beta":false,"boss_relics":[{"not_picked":["Ring of Chaos","vexMod:NewClearReactor"],"picked":"Philosopher\u0027s Stone"},{"not_picked":["Busted Crown","Cursed Key","ChewingGum"]}],"items_purged_floors":[2,21,31,45],"is_endless":false,"potions_floor_spawned":[1,10,14,24,30,33,35,46],"ascension_level":0}}