{"host":"qhhcmep1unj6mpf7","time":1611064915,"event":{"mods":["2.2 Compatiblity","AchievementEnabler","BaseMod","Colored Map","DeckTracker","Highlight Path","Keyboard Shortcuts","Minty Spire (QoL Compilation)","Permanent Neow","Quick Restart","Random Character Button","StSLib","SuperFastMode","everything is the same but u backflip on backflip"],"gold_per_floor":[115,126,146,156,170,204,219,219,219,219,230,19,51,51,51,154,154,174,192,209,13,25,25,25,25,71,71,98,118,217,217,217,315,315,325,337,124,172,192,192,226,226,251,251,57,73,73,73,73,73],"floor_reached":51,"language":"KOR","playtime":2458,"items_purged":["Strike_B","Strike_B","Defend_B"],"score":782,"play_id":"4ca97688-f940-4963-9424-09f5a5e9b8bc","local_time":"20210119230155","is_ascension_mode":false,"campfire_choices":[{"floor":8.0,"key":"REST"},{"data":"Creative AI","floor":10.0,"key":"SMITH"},{"data":"Capacitor","floor":15.0,"key":"SMITH"},{"data":"Enlightenment","floor":23.0,"key":"SMITH"},{"data":"Hologram","floor":25.0,"key":"SMITH"},{"floor":32.0,"key":"REST"},{"data":"Consume","floor":40.0,"key":"SMITH"},{"data":"Machine Learning","floor":44.0,"key":"SMITH"},{"data":"Forethought","floor":47.0,"key":"SMITH"},{"data":"Coolheaded","floor":49.0,"key":"SMITH"}],"circlet_count":0,"master_deck":["Strike_B","Defend_B","Defend_B","Zap","Dualcast","Hyperbeam","Genetic Algorithm","Glacier","Glacier","Capacitor+1","Creative AI+1","Ball Lightning+1","Meteor Strike+1","Core Surge+1","Coolheaded+1","Enlightenment+1","Hologram+1","Skim","Biased Cognition","Buffer","Buffer","Consume+1","Bandage Up","Machine Learning+1","Forethought+1","Skim"],"relics":["Cracked Core","Letter Opener","Molten Egg 2","DataDisk","Inserter","Bronze Scales","Ancient Tea Set","SlaversCollar","CaptainsWheel","Sundial","Lantern","Membership Card"],"acts_visited":["Exordium","TheCity","TheBeyond"],"potions_floor_usage":[],"damage_taken":[{"damage":0.0,"enemies":"Cultist","floor":1.0,"turns":2.0},{"damage":5.0,"enemies":"Small Slimes","floor":2.0,"turns":2.0},{"damage":0.0,"enemies":"2 Louse","floor":3.0,"turns":1.0},{"damage":1.0,"enemies":"Large Slime","floor":4.0,"turns":5.0},{"damage":1.0,"enemies":"Blue Slaver","floor":5.0,"turns":3.0},{"damage":37.0,"enemies":"Lagavulin","floor":6.0,"turns":10.0},{"damage":5.0,"enemies":"3 Louse","floor":7.0,"turns":4.0},{"damage":0.0,"enemies":"2 Fungi Beasts","floor":11.0,"turns":1.0},{"damage":14.0,"enemies":"3 Sentries","floor":13.0,"turns":8.0},{"damage":7.0,"enemies":"Slime Boss","floor":16.0,"turns":10.0},{"damage":13.0,"enemies":"Spheric Guardian","floor":18.0,"turns":4.0},{"damage":5.0,"enemies":"Shell Parasite","floor":19.0,"turns":11.0},{"damage":15.0,"enemies":"Chosen and Byrds","floor":20.0,"turns":9.0},{"damage":6.0,"enemies":"Snake Plant","floor":22.0,"turns":6.0},{"damage":18.0,"enemies":"Book of Stabbing","floor":28.0,"turns":7.0},{"damage":4.0,"enemies":"Sentry and Sphere","floor":29.0,"turns":10.0},{"damage":9.0,"enemies":"Champ","floor":33.0,"turns":11.0},{"damage":1.0,"enemies":"Orb Walker","floor":35.0,"turns":5.0},{"damage":21.0,"enemies":"3 Shapes","floor":36.0,"turns":6.0},{"damage":58.0,"enemies":"2 Orb Walkers","floor":38.0,"turns":7.0},{"damage":0.0,"enemies":"Maw","floor":39.0,"turns":10.0},{"damage":0.0,"enemies":"Nemesis","floor":41.0,"turns":9.0},{"damage":0.0,"enemies":"Writhing Mass","floor":46.0,"turns":8.0},{"damage":0,"enemies":"Awakened One","floor":50,"turns":11}],"seed_played":"-1360503274142601","potions_obtained":[{"floor":3.0,"key":"LiquidMemories"},{"floor":5.0,"key":"FearPotion"},{"floor":6.0,"key":"Explosive Potion"},{"floor":7.0,"key":"FocusPotion"},{"floor":11.0,"key":"Ancient Potion"},{"floor":18.0,"key":"EssenceOfSteel"},{"floor":19.0,"key":"FearPotion"},{"floor":28.0,"key":"EntropicBrew"},{"floor":33.0,"key":"Swift Potion"},{"floor":36.0,"key":"GamblersBrew"},{"floor":38.0,"key":"Weak Potion"},{"floor":39.0,"key":"SteroidPotion"}],"is_trial":false,"path_per_floor":["M","M","M","M","M","E","M","R","T","R","M","$","E","?","R","B",null,"M","M","M","$","M","R","$","R","T","?","E","M","?","?","R","B",null,"M","M","$","?","M","R","E","?","T","R","$","M","R","?","R","B",null],"character_chosen":"DEFECT","items_purchased":["Meteor Strike+1","Enlightenment","Bandage Up","Membership Card","Forethought"],"campfire_rested":2,"item_purchase_floors":[12,21,37,45,45],"current_hp_per_floor":[54,49,49,48,47,10,5,27,27,27,27,27,13,18,18,11,80,67,62,47,47,41,41,41,41,41,26,8,4,4,4,29,20,85,84,63,63,9,13,13,17,17,17,17,17,21,21,21,21,25],"gold":73,"neow_bonus":"THREE_RARE_CARDS","is_daily":false,"chose_seed":false,"campfire_upgraded":8,"win_rate":0.0,"timestamp":1611064915,"path_taken":["M","M","M","M","M","E","M","R","T","R","?","$","E","?","R","BOSS","M","M","M","$","M","R","$","R","T","?","E","M","?","?","R","BOSS","M","M","$","?","M","R","E","?","T","R","$","?","R","?","R","BOSS"],"items_purchased_type":["Card","Card","Card","Relic","Card"],"build_version":"2020-12-22","purchased_purges":3,"victory":true,"max_hp_per_floor":[75,75,75,75,75,75,75,75,75,75,75,75,75,80,80,80,80,80,80,80,80,80,80,80,80,80,85,85,85,85,85,85,85,85,85,85,85,85,85,85,85,85,85,85,85,85,85,81,81,81],"card_choices":[{"not_picked":["Fission","Buffer"],"picked":"Hyperbeam","floor":0.0},{"not_picked":["Stack","Streamline"],"picked":"Genetic Algorithm","floor":1.0},{"not_picked":["Darkness","Compile Driver"],"picked":"Glacier","floor":2.0},{"not_picked":["Steam Power","Barrage"],"picked":"Glacier","floor":3.0},{"not_picked":["Storm","Gash","Steam Power"],"picked":"SKIP","floor":4.0},{"not_picked":["Turbo","Steam"],"picked":"Capacitor","floor":5.0},{"not_picked":["Hello World","Coolheaded"],"picked":"Creative AI","floor":6.0},{"not_picked":["Aggregate","BootSequence","Auto Shields"],"picked":"SKIP","floor":7.0},{"not_picked":["Tempest","Go for the Eyes+1"],"picked":"Ball Lightning+1","floor":11.0},{"not_picked":["Recycle","Sunder+1","Compile Driver+1"],"picked":"SKIP","floor":13.0},{"not_picked":["Fission","Buffer"],"picked":"Core Surge+1","floor":16.0},{"not_picked":["Doom and Gloom+1","Steam","Go for the Eyes+1"],"picked":"SKIP","floor":18.0},{"not_picked":["Leap","Darkness"],"picked":"Coolheaded","floor":19.0},{"not_picked":["Rebound+1","Coolheaded","Glacier+1"],"picked":"SKIP","floor":20.0},{"not_picked":["Electrodynamics","Ball Lightning+1"],"picked":"Hologram","floor":22.0},{"not_picked":["Compile Driver+1","Sweeping Beam+1"],"picked":"Skim","floor":28.0},{"not_picked":["Steam","Streamline+1"],"picked":"Biased Cognition","floor":29.0},{"not_picked":["Rebound+1","Sunder+1","Gash+1"],"picked":"SKIP","floor":35.0},{"not_picked":["Sweeping Beam+1","Undo+1"],"picked":"Consume","floor":36.0},{"not_picked":["Biased Cognition","Conserve Battery","Lockon+1"],"picked":"SKIP","floor":39.0},{"not_picked":["Machine Learning","Double Energy+1","Force Field"],"picked":"SKIP","floor":41.0},{"not_picked":["Double Energy+1","Force Field"],"picked":"Machine Learning","floor":41.0},{"not_picked":["Coolheaded","Gash+1"],"picked":"Skim","floor":46.0}],"player_experience":318910,"relics_obtained":[{"floor":6.0,"key":"Letter Opener"},{"floor":9.0,"key":"Molten Egg 2"},{"floor":13.0,"key":"DataDisk"},{"floor":26.0,"key":"Bronze Scales"},{"floor":28.0,"key":"Ancient Tea Set"},{"floor":38.0,"key":"CaptainsWheel"},{"floor":41.0,"key":"Sundial"},{"floor":43.0,"key":"Lantern"}],"event_choices":[{"damage_healed":0.0,"max_hp_gain":5.0,"max_hp_loss":0.0,"gold_gain":0.0,"event_name":"Big Fish","player_choice":"Donut","floor":14.0,"gold_loss":0.0,"damage_taken":0.0},{"damage_healed":0.0,"max_hp_gain":5.0,"max_hp_loss":0.0,"gold_gain":0.0,"event_name":"Forgotten Altar","player_choice":"Shed Blood","floor":27.0,"gold_loss":0.0,"damage_taken":20.0},{"damage_healed":0.0,"max_hp_gain":0.0,"max_hp_loss":0.0,"gold_gain":99.0,"event_name":"Nest","player_choice":"Stole From Cult","floor":30.0,"gold_loss":0.0,"damage_taken":0.0},{"damage_healed":0.0,"max_hp_gain":0.0,"max_hp_loss":0.0,"gold_gain":0.0,"cards_transformed":["Strike_B","Defend_B"],"event_name":"Drug Dealer","player_choice":"Became Test Subject","floor":31.0,"gold_loss":0.0,"damage_taken":0.0,"cards_obtained":["Buffer","Buffer"]},{"damage_healed":0.0,"max_hp_gain":0.0,"max_hp_loss":0.0,"gold_gain":0.0,"event_name":"Mysterious Sphere","player_choice":"Fight","floor":38.0,"gold_loss":0.0,"damage_taken":0.0},{"damage_healed":0.0,"max_hp_gain":0.0,"max_hp_loss":0.0,"gold_gain":0.0,"event_name":"NoteForYourself","player_choice":"Ignored","floor":42.0,"gold_loss":0.0,"damage_taken":0.0},{"damage_healed":0.0,"max_hp_gain":0.0,"max_hp_loss":4.0,"gold_gain":0.0,"event_name":"Winding Halls","player_choice":"Max HP","floor":48.0,"gold_loss":0.0,"damage_taken":0.0}],"is_beta":false,"boss_relics":[{"not_picked":["Runic Pyramid","Runic Dome"],"picked":"Inserter"},{"not_picked":["Fusion Hammer","Black Star"],"picked":"SlaversCollar"}],"items_purged_floors":[12,21,37],"is_endless":false,"potions_floor_spawned":[3,5,6,7,11,18,19,20,28,33,36,38,39],"ascension_level":0}}