{"host":"8d3fefv2347kqkpz","time":1611049613,"event":{"mods":["100% Spire Juice","AchievementEnabler","Act Like it!","Aspiration","BaseMod","Better Vampires","Colored Map","Colored Powertips","Conspire","GifTheSpireLib","Highlight Path","Mimic Mod","Minty Spire (QoL Compilation)","Quick Restart","Reimu£®≤©¿ˆ¡È√Œ£©","Relic Stats","Remilia£®¿Ÿ√◊¿Ú—«£©","Replay The Spire","Spicy Shops","StSLib","The Gatherer","The Jungle","The Senshi","The Servant 0.9.4","Waifu the Spire","vexMod"],"gold_per_floor":[117,117,77,95,20,47,47,66,92,92,134,134,134],"floor_reached":12,"language":"ZHS","playtime":432,"items_purged":["Strike_S"],"score":76,"play_id":"32f9d0ec-b962-4a89-83df-abd2df9d3381","local_time":"20210119174653","is_ascension_mode":false,"campfire_choices":[{"floor":7,"key":"REST"},{"floor":10,"key":"REST"}],"circlet_count":0,"master_deck":["Strike_S","Strike_S","Strike_S","Defend_S","Defend_S","Defend_S","Defend_S","KidneyShot","Exchange","Ricochet","Injury","Starlight","Misdirection","Snipe","SpecialFormula"],"relics":["Uniform","Frozen Egg 2","PaintedHorse:ReiMu","RuthlessExorcism:ReiMu","Omamori","Replay:Ringing Soul"],"acts_visited":["Exordium"],"potions_floor_usage":[4],"damage_taken":[{"damage":7.0,"enemies":"Small Slimes","floor":1.0,"turns":4.0},{"damage":1.0,"enemies":"2 Louse","floor":4.0,"turns":2.0},{"damage":36,"enemies":"Gremlin Nob","floor":6,"turns":5},{"damage":0,"enemies":"Jaw Worm","floor":8,"turns":3},{"damage":47,"enemies":"conspire:MimicChest","floor":11,"turns":9},{"damage":23,"enemies":"3 Sentries","floor":12,"turns":4}],"seed_played":"1835651400662570132","potions_obtained":[{"floor":1.0,"key":"BlessingOfTheForge"},{"floor":4,"key":"Fruit Juice"},{"floor":11,"key":"GrandPatriotsElixir:ReiMu"}],"is_trial":false,"path_per_floor":["M","?","?","M","$","E","R","M","T","R","?","E"],"character_chosen":"THE_SERVANT","items_purchased":[],"campfire_rested":2,"item_purchase_floors":[],"current_hp_per_floor":[64,64,64,68,68,32,54,54,54,76,32,14,14],"gold":134,"neow_bonus":"TEN_PERCENT_HP_BONUS","is_daily":false,"chose_seed":false,"campfire_upgraded":0,"win_rate":0.0,"timestamp":1611049613,"path_taken":["M","?","?","M","$","E","R","M","T","R","?","E"],"items_purchased_type":[],"build_version":"2020-12-22","purchased_purges":1,"victory":false,"max_hp_per_floor":[71,71,71,76,76,76,76,76,76,76,79,79,79],"relic_stats":{"counters":[6,27],"obtain_stats":[{"Replay:Ringing Soul":11,"PaintedHorse:ReiMu":3,"Uniform":0,"Omamori":9,"Frozen Egg 2":2,"RuthlessExorcism:ReiMu":6},{"Replay:Ringing Soul":5,"PaintedHorse:ReiMu":1,"Uniform":0,"Omamori":4,"Frozen Egg 2":1,"RuthlessExorcism:ReiMu":3},{"Replay:Ringing Soul":23,"PaintedHorse:ReiMu":4,"Uniform":0,"Omamori":14,"Frozen Egg 2":4,"RuthlessExorcism:ReiMu":11}]},"card_choices":[{"not_picked":["ReturningBlade","Hightail"],"picked":"Ricochet","floor":1.0},{"not_picked":["Rearm","Defy"],"picked":"Starlight","floor":4},{"not_picked":["Desolation","Unruled"],"picked":"Misdirection","floor":6},{"not_picked":["Contraction","FastForward"],"picked":"Snipe","floor":8},{"not_picked":["Unruled","Reset"],"picked":"SpecialFormula","floor":11}],"player_experience":144780,"relics_obtained":[{"floor":6,"key":"RuthlessExorcism:ReiMu"},{"floor":9,"key":"Omamori"},{"floor":11,"key":"Replay:Ringing Soul"}],"event_choices":[{"damage_healed":0.0,"max_hp_gain":0.0,"max_hp_loss":0.0,"gold_gain":0.0,"event_name":"yidonshenshe","player_choice":"»˚«Æ","floor":3.0,"gold_loss":40.0,"damage_taken":0.0,"relics_obtained":["PaintedHorse:ReiMu"]}],"is_beta":false,"boss_relics":[],"items_purged_floors":[5],"is_endless":false,"potions_floor_spawned":[1,4,11],"killed_by":"3 Sentries","ascension_level":0}}