{"host":"37ccm3d17clopct7","time":1611051942,"event":{"mods":["BaseMod","Lobotomy","Minty Spire (QoL Compilation)","StSLib","The Bug Knight","The Cursed","The Hierophant","The Runesmith"],"gold_per_floor":[109,122,47,47,47,47,115,144,144,144,144,144,155,168,168,268,268,279,289,289,149,166,166,180,190,190,65,65,65],"floor_reached":28,"language":"KOR","playtime":1791,"items_purged":["Runesmith:Defend_RS","Runesmith:Defend_RS","Runesmith:Strike_RS"],"score":243,"play_id":"440aa76b-190e-4d95-aee0-e99cabf4dbe9","local_time":"20210119192542","is_ascension_mode":false,"campfire_choices":[{"data":"Runesmith:CraftFirestone","floor":6,"key":"SMITH"},{"data":"Runesmith:RunicBlueprint","floor":10,"key":"SMITH"},{"data":"Runesmith:FrozenChisel","floor":12,"key":"SMITH"},{"floor":15,"key":"REST"},{"floor":23,"key":"REST"}],"circlet_count":0,"master_deck":["Runesmith:Strike_RS","Runesmith:Strike_RS","Runesmith:Strike_RS","Runesmith:Defend_RS","Runesmith:Defend_RS","Runesmith:CraftFirestone+1","Runesmith:Fortify","SnowQueen","Runesmith:RunicBlueprint+1","Runesmith:FrozenChisel+1","Wellcheers","Runesmith:Grindstone","Runesmith:Accelerate","Runesmith:Fortify","Runesmith:ChiselStab","Runesmith:RunicBlueprint","OldLady","Runesmith:CraftIncendium","OSAHOGD","Runesmith:Firestorm","ShyLook","Runesmith:CraftProtectio+1","Bloodbath","Runesmith:ChiselStab+1"],"relics":["Runesmith:BrokenRuby","CogitoBucket","Bottled Flame","Ornamental Fan","Bag of Marbles","Sozu","AspirationHeart","Runesmith:MiniCore"],"acts_visited":["Exordium","TheCity"],"potions_floor_usage":[28],"damage_taken":[{"damage":2,"enemies":"Jaw Worm","floor":1,"turns":4},{"damage":0,"enemies":"2 Louse","floor":2,"turns":2},{"damage":22,"enemies":"Lagavulin","floor":8,"turns":6},{"damage":0,"enemies":"Cultist","floor":13,"turns":3},{"damage":9,"enemies":"Large Slime","floor":14,"turns":5},{"damage":32,"enemies":"The Guardian","floor":16,"turns":10},{"damage":6,"enemies":"2 Thieves","floor":18,"turns":6},{"damage":24,"enemies":"Chosen","floor":19,"turns":5},{"damage":26,"enemies":"Sentry and Sphere","floor":22,"turns":6},{"damage":33,"enemies":"3 Cultists","floor":24,"turns":6},{"damage":9,"enemies":"Snecko","floor":25,"turns":6},{"damage":24,"enemies":"Shelled Parasite and Fungi","floor":28,"turns":1}],"seed_played":"6923219049446339119","potions_obtained":[{"floor":13,"key":"BlessingOfTheForge"},{"floor":14,"key":"Weak Potion"}],"is_trial":false,"path_per_floor":["M","M","$","?","?","R","T","E","T","R","?","R","M","M","R","B",null,"M","M","?","$","M","R","M","M","T","$","M"],"character_chosen":"RUNESMITH_CLASS","items_purchased":["Runesmith:Firestorm"],"campfire_rested":2,"item_purchase_floors":[21],"current_hp_per_floor":[68,68,68,73,73,73,73,51,51,51,51,51,51,42,64,32,75,82,58,58,58,35,60,30,21,21,21,0,0],"gold":65,"neow_bonus":"","is_daily":false,"chose_seed":false,"campfire_upgraded":3,"win_rate":0.0,"timestamp":1611051942,"path_taken":["M","M","$","?","?","R","?","E","T","R","?","R","?","M","R","BOSS","M","M","?","?","M","R","M","M","T","$","M"],"items_purchased_type":["Card"],"build_version":"2020-12-22","purchased_purges":3,"victory":false,"max_hp_per_floor":[70,70,70,75,75,75,75,75,75,75,75,75,75,75,75,75,75,85,85,85,85,85,85,85,85,85,85,85,85],"card_choices":[{"not_picked":["MHz","MeatLantern"],"picked":"SnowQueen","floor":1},{"not_picked":["Runesmith:HammerThrow","Runesmith:Attraction"],"picked":"Runesmith:RunicBlueprint","floor":1},{"not_picked":["Runesmith:RuneHurl","Runesmith:ReplicatingBarrier"],"picked":"Runesmith:FrozenChisel","floor":2},{"not_picked":["BlackSwan","CherryBlossoms"],"picked":"Wellcheers","floor":8},{"not_picked":["Runesmith:PoweredAnvil","Runesmith:CraftMedicinae"],"picked":"Runesmith:Grindstone","floor":8},{"not_picked":["Runesmith:StaticCage","Runesmith:RuneHurl"],"picked":"Runesmith:ChiselStab","floor":13},{"not_picked":["Runesmith:BackupBattery","Runesmith:CraftMagma"],"picked":"Runesmith:RunicBlueprint","floor":14},{"not_picked":["OSAHOGD","Funeral"],"picked":"OldLady","floor":18},{"not_picked":["Runesmith:Malloc","Runesmith:HeatExchange+1"],"picked":"Runesmith:CraftIncendium","floor":18},{"not_picked":["GalaxyChild","CrumblingArmor"],"picked":"OSAHOGD","floor":19},{"not_picked":["Runesmith:Grindstone","Runesmith:RuneHurl","Runesmith:Overpower"],"picked":"SKIP","floor":19},{"not_picked":["WhitesApple","CherryBlossoms","LittleHelper"],"picked":"Singing Bowl","floor":22},{"not_picked":["MHz","PunishingBird"],"picked":"ShyLook","floor":22},{"not_picked":["Runesmith:Discharge","Runesmith:RuneHurl+1","Runesmith:FieryHammer+1"],"picked":"SKIP","floor":22},{"not_picked":["Runesmith:Grindstone+1","Runesmith:RuneHurl+1"],"picked":"Runesmith:CraftProtectio+1","floor":24},{"not_picked":["UniverseFragment","SpiderBud"],"picked":"Bloodbath","floor":25},{"not_picked":["Runesmith:CraftSpiculum","Runesmith:StaticCage"],"picked":"Runesmith:ChiselStab+1","floor":25}],"player_experience":75263,"relics_obtained":[{"floor":7,"key":"Bottled Flame"},{"floor":8,"key":"Ornamental Fan"},{"floor":9,"key":"Bag of Marbles"},{"floor":26,"key":"Runesmith:MiniCore"}],"event_choices":[{"damage_healed":0,"gold_gain":0,"player_choice":"Donut","damage_taken":0,"max_hp_gain":5,"max_hp_loss":0,"event_name":"Big Fish","floor":4,"gold_loss":0},{"damage_healed":0,"gold_gain":0,"player_choice":"Ignored","damage_taken":0,"max_hp_gain":0,"max_hp_loss":0,"event_name":"Shining Light","floor":5,"gold_loss":0},{"damage_healed":0,"gold_gain":0,"player_choice":"2 cards matched","damage_taken":0,"max_hp_gain":0,"max_hp_loss":0,"event_name":"Match and Keep!","floor":11,"gold_loss":0,"cards_obtained":["Runesmith:Accelerate","Runesmith:Fortify"]},{"damage_healed":0,"gold_gain":0,"player_choice":"Leave","damage_taken":0,"max_hp_gain":0,"max_hp_loss":0,"event_name":"FaceTrader","floor":20,"gold_loss":0}],"is_beta":false,"boss_relics":[{"not_picked":["Runic Dome","SacredBark"],"picked":"Sozu"}],"items_purged_floors":[3,21,27],"is_endless":false,"potions_floor_spawned":[13,14,18,22,24,25],"killed_by":"Shelled Parasite and Fungi","ascension_level":0}}