{"host":"grooae7peokc63vv","time":1611074555,"event":{"mods":["ATMod(°¢èªMod)","BaseMod","Minty Spire (QoL Compilation)","MostiFishMod","Replay The Spire","StSLib","TestMod"],"gold_per_floor":[118,135,154,154,154,189,189,222,222,257,278,453,453,475,475,581,581,595,595,595,608,630,664,664,698,698,698,732,57,72,94,94,218,218,240,259,278,298,12,45,45,66,66,99,118,18,35,63,63,73],"floor_reached":51,"language":"ZHS","playtime":2745,"items_purged":["AT_GerminateFire+1","MostiFishMod:Chiaki+1"],"score":1281,"play_id":"0f5606c9-7ded-432d-bc9f-c081be21c542","local_time":"20210120004235","is_ascension_mode":true,"campfire_choices":[{"floor":7.0,"key":"REST"},{"data":"Armaments","floor":13.0,"key":"SMITH"},{"data":"Barricade","floor":15.0,"key":"SMITH"},{"data":"AT_BodySlamDance","floor":24.0,"key":"SMITH"},{"data":"MostiFishMod:#F4004","floor":27.0,"key":"SMITH"},{"data":"Spot Weakness","floor":32,"key":"SMITH"},{"data":"MostiFishMod:Chiaki","floor":41,"key":"SMITH"},{"data":"MostiFishMod:HellRitual","floor":49,"key":"SMITH"}],"circlet_count":0,"master_deck":["AscendersBane","Strike_R","Strike_R","Strike_R","Strike_R","Defend_R+1","Defend_R","Defend_R","Defend_R+1","Bash","AT_BodySlamDance","Metallicize","Body Slam","Spot Weakness+1","Double Tap","Barricade+1","Armaments+1","Spot Weakness","Rage","Doubt","Anger","MostiFishMod:#F4004+1","AT_BodySlamDance","AT_BodySlamDance+1","Heavy Blade+1","Juggernaut","Shockwave+1","Rage+1","MostiFishMod:HellRitual+1","Whirlwind+1","AT_DrawKnifeCut+1","Feed","Demon Form"],"relics":["Burning Blood","DaveBox","testmod-TestBox","AT_ATBox","testmod-BouquetWithThorns","EGODaCapo","SynthV:TestCard","Darkstone Periapt","Potion Belt","testmod-TheFather","AT_TrinityForce","Nloth\u0027s Gift","Strawberry","Simple Rune","Snack Pack","testmod-Register","Replay:Bottled Flurry","Regal Pillow","Electric Blood","ThornShield","Pen Nib","testmod-BalancedPeriapt","Lantern","Replay:Mystery Machine"],"acts_visited":["Exordium","TheCity","TheBeyond"],"potions_floor_usage":[33,48,50,50],"damage_taken":[{"damage":0.0,"enemies":"Cultist","floor":1.0,"turns":3.0},{"damage":3.0,"enemies":"Small Slimes","floor":2.0,"turns":4.0},{"damage":8.0,"enemies":"Jaw Worm","floor":3.0,"turns":4.0},{"damage":37.0,"enemies":"Lagavulin","floor":6.0,"turns":7.0},{"damage":31.0,"enemies":"Gremlin Nob","floor":8.0,"turns":4.0},{"damage":6.0,"enemies":"Lagavulin","floor":10.0,"turns":5.0},{"damage":0.0,"enemies":"3 Louse","floor":11.0,"turns":4.0},{"damage":0.0,"enemies":"Exordium Thugs","floor":14.0,"turns":2.0},{"damage":33.0,"enemies":"Hexaghost","floor":16.0,"turns":6.0},{"damage":0.0,"enemies":"Chosen","floor":18.0,"turns":2.0},{"damage":0.0,"enemies":"Shell Parasite","floor":21.0,"turns":3.0},{"damage":0.0,"enemies":"Centurion and Healer","floor":22.0,"turns":3.0},{"damage":0.0,"enemies":"Book of Stabbing","floor":23.0,"turns":1.0},{"damage":0.0,"enemies":"Gremlin Leader","floor":25.0,"turns":1.0},{"damage":7.0,"enemies":"Slavers","floor":28.0,"turns":5.0},{"damage":0,"enemies":"Snake Plant","floor":30,"turns":1},{"damage":0,"enemies":"3 Cultists","floor":31,"turns":2},{"damage":0,"enemies":"Automaton","floor":33,"turns":2},{"damage":3,"enemies":"3 Darklings","floor":35,"turns":1},{"damage":4,"enemies":"3 Shapes","floor":36,"turns":1},{"damage":4,"enemies":"Sphere and 2 Shapes","floor":37,"turns":1},{"damage":4,"enemies":"3 Darklings","floor":38,"turns":1},{"damage":4,"enemies":"R_Hoarder","floor":40,"turns":1},{"damage":1,"enemies":"Jaw Worm Horde","floor":42,"turns":1},{"damage":7,"enemies":"Reptomancer","floor":44,"turns":2},{"damage":5,"enemies":"Spire Growth","floor":45,"turns":2},{"damage":5,"enemies":"Writhing Mass","floor":47,"turns":2},{"damage":24,"enemies":"Nemesis","floor":48,"turns":3},{"damage":10,"enemies":"Replay:Hell Engine","floor":50,"turns":3}],"seed_played":"-6443965323061562587","potions_obtained":[{"floor":1.0,"key":"SkillPotion"},{"floor":8.0,"key":"DuplicationPotion"},{"floor":10.0,"key":"Venom Potion"},{"floor":14.0,"key":"ElixirPotion"},{"floor":22.0,"key":"SkillPotion"},{"floor":33,"key":"Elixir"},{"floor":37,"key":"Explosive Potion"}],"is_trial":false,"path_per_floor":["M","M","M","$","?","E","R","E","T","E","M","?","R","M","R","B",null,"M","?","?","M","M","E","R","E","T","R","E","$","M","M","R","B",null,"M","M","M","M","$","E","R","M","T","E","M","$","M","E","R","B",null],"character_chosen":"IRONCLAD","items_purchased":["testmod-Register","Replay:Bottled Flurry","Regal Pillow","Shockwave+1","ThornShield"],"campfire_rested":1,"item_purchase_floors":[29,29,29,29,39],"current_hp_per_floor":[78,80,78,78,78,47,71,46,46,46,52,58,58,64,64,37,74,80,80,80,86,86,93,93,93,93,93,92,92,93,93,93,93,93,93,93,93,93,93,93,93,93,93,93,93,93,93,77,77,75],"gold":73,"neow_bonus":"THREE_CARDS","is_daily":false,"chose_seed":false,"campfire_upgraded":7,"win_rate":0.0,"timestamp":1611074555,"path_taken":["M","M","M","$","?","E","R","E","T","E","M","?","R","M","R","BOSS","M","?","?","M","M","E","R","E","T","R","E","?","M","M","R","BOSS","M","M","M","M","$","E","R","M","T","E","M","$","M","E","R","BOSS"],"items_purchased_type":["Relic","Relic","Relic","Card","Relic"],"build_version":"2020-12-22","purchased_purges":2,"victory":true,"max_hp_per_floor":[80,80,80,80,80,80,80,80,80,80,80,86,86,86,86,86,86,86,86,86,86,86,93,93,93,93,93,93,93,93,93,93,93,93,93,93,93,93,93,93,93,93,93,93,93,93,93,93,93,93],"card_choices":[{"not_picked":["Shrug It Off","Bloodletting"],"picked":"Metallicize","floor":0.0},{"not_picked":["Seeing Red","AT_IchimonjiDouble"],"picked":"Body Slam","floor":1.0},{"not_picked":["Bloodletting","True Grit","Hemokinesis","Cleave"],"picked":"Spot Weakness","floor":2.0},{"not_picked":["Wild Strike","Shrug It Off","Pommel Strike","Iron Wave"],"picked":"Double Tap","floor":3.0},{"not_picked":["Run Through","Intimidate","AT_DiedThrough","Clothesline"],"picked":"Barricade","floor":6.0},{"not_picked":["ReplayReversal","Headbutt","Run Through","Iron Wave"],"picked":"Armaments","floor":8.0},{"not_picked":["Uppercut","Intimidate","ReplayReversal","AT_IchimonjiDouble"],"picked":"Spot Weakness","floor":10.0},{"not_picked":["ReplayTheSpireMod:Corrosion Curse","ReplayTheSpireMod:Muscle Training","ReplayTheSpireMod:Strike From Hell","Clothesline"],"picked":"Rage","floor":11.0},{"not_picked":["Reckless Charge","Iron Wave","Pommel Strike","AT_CaressingTears","Dropkick"],"picked":"SKIP","floor":14.0},{"not_picked":["MostiFishMod:RainCloud","Hemogenesis","MostiFishMod:DarkDeal","Berserk"],"picked":"MostiFishMod:Chiaki","floor":16.0},{"not_picked":["Shrug It Off","Carnage","Clothesline","Heavy Blade"],"picked":"Anger","floor":18.0},{"not_picked":["Infernal Blade","ReplayTheSpireMod:LeadingStrike","True Grit","Run Through"],"picked":"AT_BodySlamDance","floor":21.0},{"not_picked":["AT_IchimonjiDouble","Anger","Feed","Headbutt"],"picked":"AT_BodySlamDance","floor":22.0},{"not_picked":["Dark Embrace+1","Ghostly Armor","Evolve","Immolate"],"picked":"Heavy Blade+1","floor":23.0},{"not_picked":["Shrug It Off","Warcry","Thunderclap+1","Dual Wield","MostiFishMod:RainCloud"],"picked":"SKIP","floor":25.0},{"not_picked":["MostiFishMod:FlyOverUtopia","Power Through+1","Berserk","Eclipse"],"picked":"Juggernaut","floor":28},{"not_picked":["Twin Strike+1","Abandon","Defy Death","Anger","MostiFishMod:Mania"],"picked":"SKIP","floor":30},{"not_picked":["Double Tap","Rupture","Pommel Strike","Wild Strike+1"],"picked":"Rage+1","floor":31},{"not_picked":["AT_Dispersion","MostiFishMod:TemporaryOutbreak","Exhume","MostiFishMod:WingOfPhoenix"],"picked":"MostiFishMod:HellRitual","floor":33},{"not_picked":["Reckless Charge+1","Sentinel","True Grit","Havoc"],"picked":"Whirlwind+1","floor":35},{"not_picked":["Flex","ReplayTheSpireMod:Strike From Hell","AT_IchimonjiDouble+1","Rage"],"picked":"AT_DrawKnifeCut+1","floor":36},{"not_picked":["ReplayTheSpireMod:Strike From Hell","Havoc","Pommel Strike+1","Cleave+1","Life Link"],"picked":"SKIP","floor":37},{"not_picked":["Bludgeon","Replay:Undeath\u0027s Touch+1","Clash+1","Havoc","Cleave+1"],"picked":"SKIP","floor":38},{"not_picked":["Hemogenesis","MostiFishMod:OrdinaryWorld","Pommel Strike","ReplayTheSpireMod:Stacked+1","Wild Strike"],"picked":"SKIP","floor":40},{"not_picked":["Body Slam","Wild Strike","ReplayTheSpireMod:Strike From Hell","Pummel+1"],"picked":"Feed","floor":42},{"not_picked":["Pommel Strike+1","True Grit","Clothesline+1","Offering"],"picked":"Demon Form","floor":44},{"not_picked":["ReplayTheSpireMod:Corrosion Curse","Clothesline+1","Combust+1","Ghostly Armor","Headbutt+1"],"picked":"SKIP","floor":45},{"not_picked":["Replay:Undeath\u0027s Touch+1","Perfected Strike+1","Heavy Blade","Clash+1","True Grit"],"picked":"SKIP","floor":47},{"not_picked":["Clothesline+1","Pommel Strike","ReplayTheSpireMod:Strike From Hell","Burning Pact","AT_ShrugMaster+1"],"picked":"SKIP","floor":48}],"player_experience":183906,"relics_obtained":[{"floor":1.0,"key":"SynthV:TestCard"},{"floor":6.0,"key":"AT_EbonyIvory"},{"floor":8.0,"key":"Darkstone Periapt"},{"floor":9.0,"key":"Potion Belt"},{"floor":10.0,"key":"testmod-TheFather"},{"floor":23.0,"key":"Strawberry"},{"floor":25.0,"key":"Simple Rune"},{"floor":28,"key":"Snack Pack"},{"floor":40,"key":"Pen Nib"},{"floor":43,"key":"testmod-BalancedPeriapt"},{"floor":44,"key":"Lantern"},{"floor":48,"key":"Replay:Mystery Machine"}],"event_choices":[{"damage_healed":0.0,"max_hp_gain":0.0,"max_hp_loss":0.0,"gold_gain":175.0,"event_name":"Liars Game","player_choice":"AGREE","floor":12.0,"gold_loss":0.0,"damage_taken":0.0,"cards_obtained":["Doubt"]},{"damage_healed":0.0,"max_hp_gain":0.0,"max_hp_loss":0.0,"gold_gain":0.0,"event_name":"The Library","player_choice":"Read","floor":19.0,"gold_loss":0.0,"damage_taken":0.0,"cards_obtained":["MostiFishMod:#F4004"]},{"damage_healed":0.0,"max_hp_gain":0.0,"max_hp_loss":0.0,"gold_gain":0.0,"event_name":"N\u0027loth","player_choice":"Traded Relic","floor":20.0,"relics_lost":["AT_EbonyIvory"],"gold_loss":0.0,"damage_taken":0.0,"relics_obtained":["Nloth\u0027s Gift"]}],"is_beta":false,"boss_relics":[{"not_picked":["Runic Cube","Mark of Pain"],"picked":"AT_TrinityForce"},{"not_picked":["testmod-Nine","Black Star"],"picked":"Electric Blood"}],"items_purged_floors":[29,46],"is_endless":false,"potions_floor_spawned":[1,8,10,14,22,30,31,33,36,37,40,44,45],"ascension_level":11}}