{"host":"l5xpox9cbdko122s","time":1611094516,"event":{"mods":["AchievementEnabler","BaseMod","Minty Spire (QoL Compilation)"],"gold_per_floor":[211,94,105,121,133,133,147,247,247,261,261,287,287,287],"floor_reached":13,"language":"ENG","playtime":612,"items_purged":[],"score":77,"play_id":"04fbf87c-4e6b-45c7-9746-2c87a4c16536","local_time":"20210119171516","is_ascension_mode":false,"campfire_choices":[{"floor":6,"key":"RECALL"},{"floor":11,"key":"REST"}],"circlet_count":0,"master_deck":["Strike_R","Strike_R","Strike_R","Strike_R","Strike_R","Defend_R","Defend_R","Defend_R","Defend_R","Bash"],"relics":["Burning Blood","CeramicFish","Odd Mushroom"],"acts_visited":["Exordium"],"potions_floor_usage":[5,5,10],"damage_taken":[{"damage":2,"enemies":"2 Louse","floor":1,"turns":3},{"damage":6,"enemies":"Cultist","floor":3,"turns":3},{"damage":2,"enemies":"Small Slimes","floor":4,"turns":3},{"damage":15,"enemies":"Looter","floor":5,"turns":4},{"damage":5,"enemies":"2 Fungi Beasts","floor":7,"turns":4},{"damage":23,"enemies":"Lots of Slimes","floor":10,"turns":5},{"damage":22,"enemies":"The Mushroom Lair","floor":12,"turns":5},{"damage":78,"enemies":"Lagavulin","floor":13,"turns":8}],"seed_played":"-2703252741522171702","potions_obtained":[{"floor":3,"key":"Dexterity Potion"},{"floor":4,"key":"DuplicationPotion"},{"floor":7,"key":"DuplicationPotion"},{"floor":10,"key":"ElixirPotion"}],"is_trial":false,"path_per_floor":["M","?","M","M","M","R","M","?","T","M","R","?","E"],"character_chosen":"IRONCLAD","items_purchased":[],"campfire_rested":1,"item_purchase_floors":[],"current_hp_per_floor":[80,80,80,80,71,71,72,72,72,55,79,63,0,0],"gold":287,"neow_bonus":"HUNDRED_GOLD","is_daily":false,"chose_seed":false,"campfire_upgraded":0,"win_rate":0.0,"timestamp":1611094516,"path_taken":["M","?","M","M","M","R","?","?","T","?","R","?","E"],"items_purchased_type":[],"build_version":"2020-12-22","purchased_purges":0,"victory":false,"max_hp_per_floor":[80,80,80,80,80,80,80,80,80,80,80,80,80,80],"card_choices":[{"not_picked":["Thunderclap","Headbutt","Shockwave"],"picked":"SKIP","floor":1},{"not_picked":["Dark Embrace","Uppercut","Anger"],"picked":"SKIP","floor":3},{"not_picked":["Bloodletting","Shrug It Off","Clothesline"],"picked":"SKIP","floor":4},{"not_picked":["Body Slam","Exhume","Blood for Blood"],"picked":"SKIP","floor":5},{"not_picked":["Searing Blow","True Grit","Warcry"],"picked":"SKIP","floor":7},{"not_picked":["Wild Strike","Dropkick","Shrug It Off"],"picked":"SKIP","floor":10}],"player_experience":141160,"relics_obtained":[{"floor":12,"key":"Odd Mushroom"}],"event_choices":[{"damage_healed":0,"gold_gain":0,"player_choice":"Paid Gold","damage_taken":0,"relics_obtained":["CeramicFish"],"max_hp_gain":0,"max_hp_loss":0,"event_name":"WeMeetAgain","floor":2,"gold_loss":117},{"damage_healed":0,"gold_gain":100,"player_choice":"Pray","damage_taken":0,"max_hp_gain":0,"max_hp_loss":0,"event_name":"Golden Shrine","floor":8,"gold_loss":0},{"damage_healed":0,"gold_gain":0,"player_choice":"Fought Mushrooms","damage_taken":0,"max_hp_gain":0,"max_hp_loss":0,"event_name":"Mushrooms","floor":12,"gold_loss":0}],"is_beta":false,"boss_relics":[],"items_purged_floors":[],"is_endless":false,"potions_floor_spawned":[3,4,7,10],"killed_by":"Lagavulin","ascension_level":0}}