{"host":"6eo4thp7fob519hm","time":1611065602,"event":{"mods":["BaseMod","Block Reminder","Colored Map","Colored Powertips","DeckTracker","Googly Eyes","Highlight Path","Minty Spire (QoL Compilation)","Quick Restart"],"gold_per_floor":[109,109,284,298,10,10,41,41,41,41,75,85,85,124,124,247,247,270,230,138,158,181,181,225,225,252,272,272,272,285,318,318,442,442,456,475,494,269,269,269],"floor_reached":39,"language":"ENG","playtime":2333,"items_purged":["Doubt"],"score":562,"play_id":"94bde809-1417-448e-8c32-89f858c705a4","local_time":"20210119194322","is_ascension_mode":false,"campfire_choices":[{"data":"Bash","floor":6,"key":"SMITH"},{"data":"Shrug It Off","floor":8,"key":"SMITH"},{"data":"Infernal Blade","floor":15,"key":"SMITH"},{"data":"Flash of Steel","floor":23,"key":"SMITH"},{"data":"Cleave","floor":25,"key":"SMITH"},{"data":"Thunderclap","floor":29,"key":"SMITH"},{"data":"Clothesline","floor":32,"key":"SMITH"}],"circlet_count":0,"master_deck":["Strike_R","Strike_R","Strike_R","Strike_R","Defend_R","Defend_R","Defend_R","Defend_R","Bash+1","Armaments+1","Cleave+1","Bloodletting","Shrug It Off+1","Thunderclap+1","Infernal Blade+1","Iron Wave","Brutality+1","Flash of Steel+1","True Grit+1","Sword Boomerang+1","Shrug It Off+1","Havoc+1","Clothesline+1","Dual Wield+1","Immolate","Flex+1","Headbutt","Pommel Strike+1","Impervious+1","Dark Embrace"],"relics":["Burning Blood","NeowsBlessing","Bronze Scales","Gremlin Horn","Eternal Feather","Prayer Wheel","Golden Idol","StoneCalendar","Sozu","Toxic Egg 2","Oddly Smooth Stone","FaceOfCleric","Mango","Black Star"],"acts_visited":["Exordium","TheCity","TheBeyond"],"potions_floor_usage":[16,16,31],"damage_taken":[{"damage":0,"enemies":"Jaw Worm","floor":1,"turns":1},{"damage":0,"enemies":"Small Slimes","floor":4,"turns":1},{"damage":0,"enemies":"3 Sentries","floor":7,"turns":2},{"damage":23,"enemies":"Lagavulin","floor":11,"turns":8},{"damage":3,"enemies":"Cultist","floor":12,"turns":2},{"damage":8,"enemies":"3 Sentries","floor":14,"turns":6},{"damage":3,"enemies":"Slime Boss","floor":16,"turns":7},{"damage":6,"enemies":"3 Byrds","floor":18,"turns":3},{"damage":7,"enemies":"Chosen","floor":21,"turns":3},{"damage":14,"enemies":"Snake Plant","floor":22,"turns":3},{"damage":15,"enemies":"Book of Stabbing","floor":24,"turns":6},{"damage":18,"enemies":"Snecko","floor":27,"turns":5},{"damage":6,"enemies":"Centurion and Healer","floor":30,"turns":5},{"damage":7,"enemies":"Gremlin Leader","floor":31,"turns":5},{"damage":31,"enemies":"Automaton","floor":33,"turns":10},{"damage":35,"enemies":"3 Shapes","floor":35,"turns":3},{"damage":6,"enemies":"Orb Walker","floor":36,"turns":3},{"damage":47,"enemies":"Sphere and 2 Shapes","floor":37,"turns":4},{"damage":38,"enemies":"Transient","floor":39,"turns":5}],"seed_played":"6354327796720279990","potions_obtained":[{"floor":12,"key":"Energy Potion"},{"floor":14,"key":"SkillPotion"},{"floor":16,"key":"Block Potion"}],"is_trial":false,"path_per_floor":["M","?","?","M","$","R","E","R","T","?","E","M","?","E","R","B",null,"M","?","$","M","M","R","E","R","T","M","?","R","M","E","R","B",null,"M","M","M","$","M"],"character_chosen":"IRONCLAD","items_purchased":["Bronze Scales","Bloodletting","Flash of Steel","Impervious+1","Dark Embrace"],"campfire_rested":0,"item_purchase_floors":[5,5,20,38,38],"current_hp_per_floor":[80,80,80,80,80,80,80,80,80,80,63,66,46,44,53,56,80,80,80,80,79,71,80,71,80,80,68,68,80,81,95,96,72,97,69,70,30,30,0,0],"gold":269,"neow_bonus":"THREE_ENEMY_KILL","is_daily":false,"chose_seed":false,"campfire_upgraded":7,"win_rate":0.0,"timestamp":1611065602,"path_taken":["M","?","?","M","$","R","E","R","T","?","E","?","?","E","R","BOSS","M","?","$","M","?","R","E","R","T","M","?","R","M","E","R","BOSS","M","M","M","$","M"],"items_purchased_type":["Relic","Card","Card","Card","Card"],"build_version":"2020-12-22","purchased_purges":1,"victory":false,"max_hp_per_floor":[80,80,80,80,80,80,80,80,80,80,80,80,80,80,80,80,80,80,80,80,80,80,80,80,80,80,80,80,80,81,96,96,97,97,98,99,100,100,100,100],"card_choices":[{"not_picked":["Twin Strike","Clash"],"picked":"Armaments","floor":1},{"not_picked":["Headbutt","Inflame"],"picked":"Cleave","floor":4},{"not_picked":["Wild Strike","Havoc"],"picked":"Shrug It Off","floor":7},{"not_picked":["Sever Soul","Clash","Evolve"],"picked":"SKIP","floor":11},{"not_picked":["True Grit","Shrug It Off"],"picked":"Thunderclap","floor":12},{"not_picked":["Blood for Blood","Armaments"],"picked":"Infernal Blade","floor":12},{"not_picked":["Pummel","Searing Blow"],"picked":"Iron Wave","floor":14},{"not_picked":["Reaper","Double Tap"],"picked":"Brutality","floor":16},{"not_picked":["True Grit+1","Thunderclap","Twin Strike"],"picked":"SKIP","floor":18},{"not_picked":["Sword Boomerang+1","Shrug It Off","Body Slam"],"picked":"SKIP","floor":18},{"not_picked":["Heavy Blade","Corruption"],"picked":"True Grit+1","floor":21},{"not_picked":["Headbutt","Rampage","Havoc"],"picked":"SKIP","floor":21},{"not_picked":["Iron Wave","True Grit+1","Armaments"],"picked":"SKIP","floor":22},{"not_picked":["Flex","Anger","Body Slam"],"picked":"SKIP","floor":22},{"not_picked":["Armaments+1","Fire Breathing"],"picked":"Sword Boomerang+1","floor":24},{"not_picked":["Anger","Pommel Strike"],"picked":"Shrug It Off+1","floor":27},{"not_picked":["Warcry+1","Body Slam+1"],"picked":"Havoc+1","floor":27},{"not_picked":["Heavy Blade","Cleave"],"picked":"Clothesline","floor":30},{"not_picked":["Shrug It Off+1","Warcry+1","Headbutt"],"picked":"SKIP","floor":30},{"not_picked":["Barricade","Ghostly Armor+1"],"picked":"Dual Wield+1","floor":31},{"not_picked":["Corruption","Exhume+1"],"picked":"Immolate","floor":33},{"not_picked":["Thunderclap","Clothesline"],"picked":"Flex+1","floor":35},{"not_picked":["Anger","Pummel+1","Power Through+1"],"picked":"SKIP","floor":35},{"not_picked":["Dropkick","Body Slam"],"picked":"Headbutt","floor":36},{"not_picked":["Perfected Strike+1","Body Slam","Pommel Strike+1"],"picked":"SKIP","floor":36},{"not_picked":["Perfected Strike+1","Body Slam"],"picked":"Pommel Strike+1","floor":36},{"not_picked":["Sword Boomerang+1","Heavy Blade+1","Sentinel+1"],"picked":"SKIP","floor":37},{"not_picked":["Shrug It Off+1","Dual Wield+1","Thunderclap+1"],"picked":"SKIP","floor":37}],"player_experience":581567,"relics_obtained":[{"floor":7,"key":"Gremlin Horn"},{"floor":9,"key":"Eternal Feather"},{"floor":11,"key":"Prayer Wheel"},{"floor":14,"key":"StoneCalendar"},{"floor":24,"key":"Toxic Egg 2"},{"floor":26,"key":"Oddly Smooth Stone"},{"floor":31,"key":"Mango"}],"event_choices":[{"damage_healed":0,"gold_gain":0,"player_choice":"Grow","damage_taken":0,"max_hp_gain":0,"max_hp_loss":0,"event_name":"Living Wall","floor":2,"gold_loss":0,"cards_upgraded":["Armaments"]},{"damage_healed":0,"gold_gain":175,"player_choice":"AGREE","damage_taken":0,"max_hp_gain":0,"max_hp_loss":0,"event_name":"Liars Game","floor":3,"gold_loss":0,"cards_obtained":["Doubt"]},{"cards_removed":["Strike_R"],"damage_healed":0,"gold_gain":0,"player_choice":"Purged","damage_taken":0,"max_hp_gain":0,"max_hp_loss":0,"event_name":"Purifier","floor":10,"gold_loss":0},{"damage_healed":0,"gold_gain":0,"player_choice":"Take Damage","damage_taken":20,"relics_obtained":["Golden Idol"],"max_hp_gain":0,"max_hp_loss":0,"event_name":"Golden Idol","floor":13,"gold_loss":0},{"damage_healed":0,"gold_gain":0,"player_choice":"Upgrade","damage_taken":0,"max_hp_gain":0,"max_hp_loss":0,"event_name":"Designer","floor":19,"gold_loss":40,"cards_upgraded":["Brutality"]},{"damage_healed":0,"gold_gain":0,"player_choice":"Trade","damage_taken":0,"relics_obtained":["FaceOfCleric"],"max_hp_gain":0,"max_hp_loss":0,"event_name":"FaceTrader","floor":28,"gold_loss":0}],"is_beta":false,"boss_relics":[{"not_picked":["Tiny House","Runic Dome"],"picked":"Sozu"},{"not_picked":["Philosopher\u0027s Stone","Mark of Pain"],"picked":"Black Star"}],"items_purged_floors":[5],"is_endless":false,"potions_floor_spawned":[12,14,16,21,24,27,36,37],"killed_by":"Transient","ascension_level":0}}