{"host":"qy7jow5usmjkdnnq","time":1611096773,"event":{"mods":["BaseMod","Colored Map","Downfall","Minty Spire (QoL Compilation)","Permanent Neow","Relic Stats","StSLib"],"gold_per_floor":[349,366,31,31,50,82,82,93,108,121,44,44,130,150,163,262,262,62,62,62,62,75,90,114,139,139,165,115,150,168,193,209,314,314,214,229,245,245,2,20,46,65,27,27,27,27,45,70,83,83,83,117,22,22,22,22],"floor_reached":57,"language":"ENG","playtime":6618,"items_purged":["Guardian:Defend_Guardian"],"score":1643,"play_id":"1b76426c-47e7-4b5d-a89b-7c1b106f982c","local_time":"20210119235253","is_ascension_mode":true,"campfire_choices":[{"floor":1,"key":"RECALL"},{"data":"Guardian:StasisField","floor":12,"key":"SMITH"},{"data":"Guardian:BodySlam","floor":18,"key":"SMITH"},{"data":"Guardian:Clone","floor":35,"key":"SMITH"},{"floor":46,"key":"REST"},{"data":"Guardian:BronzeArmor","floor":54,"key":"SMITH"}],"circlet_count":0,"master_deck":["Guardian:Defend_Guardian+1","Guardian:Defend_Guardian+1","Guardian:CurlUp+1","Guardian:TwinSlam+1","Guardian:RollAttack+1","Guardian:ShieldSpikes+1","Guardian:PiercingHide+1","Guardian:BodySlam+1","Guardian:ShieldSpikes+1","Guardian:RollAttack+1","Guardian:StasisField+1","Guardian:Clone+1","Guardian:BodySlam+1","Slimebound:Tackle+1","Slimebound:Tackle+1","Slimebound:Tackle+1","Guardian:TemporalShield+1","Guardian:Reroute+1","Guardian:Recover+1","Guardian:VentSteam+1","Guardian:BodySlam+1","Guardian:Repulse+1","Blind+1","Guardian:BronzeArmor+1","Guardian:DecasProtection"],"relics":["Guardian:ModeShifter","Meat on the Bone","Question Card","The Courier","Philosopher\u0027s Stone","Turnip","downfall:RedIOU","Pen Nib","Anchor","Bird Faced Urn","sneckomod:SneckoTalon","Membership Card","Ornamental Fan","sneckomod:BlankCard","Pantograph","Lee\u0027s Waffle","champ:DeflectingBracers","Nunchaku","hexamod:CandleOfCauterizing","Eternal Feather","hexamod:BolsterEngine","Pear"],"acts_visited":["Exordium","TheCity","TheBeyond","TheEnding"],"potions_floor_usage":[13,16,16,27,27,32,36,56,56,56],"damage_taken":[{"damage":4,"enemies":"Small Slimes","floor":2,"turns":5},{"damage":0,"enemies":"downfall:FleeingMerchant","floor":3,"turns":4},{"damage":0,"enemies":"Cultist","floor":5,"turns":3},{"damage":23,"enemies":"Gremlin Nob","floor":6,"turns":5},{"damage":0,"enemies":"2 Louse","floor":8,"turns":2},{"damage":0,"enemies":"Large Slime","floor":9,"turns":4},{"damage":0,"enemies":"Exordium Thugs","floor":10,"turns":4},{"damage":3,"enemies":"downfall:FleeingMerchant","floor":11,"turns":4},{"damage":3,"enemies":"3 Sentries","floor":13,"turns":10},{"damage":0,"enemies":"2 Fungi Beasts","floor":14,"turns":4},{"damage":8,"enemies":"Blue Slaver","floor":15,"turns":3},{"damage":35,"enemies":"SI_SHIV_ARCHETYPE","floor":16,"turns":9},{"damage":0,"enemies":"Shell Parasite","floor":22,"turns":4},{"damage":5,"enemies":"Cultist and Chosen","floor":23,"turns":3},{"damage":30,"enemies":"Slavers","floor":25,"turns":3},{"damage":6,"enemies":"Gremlin Leader","floor":27,"turns":5},{"damage":12,"enemies":"Book of Stabbing","floor":29,"turns":5},{"damage":10,"enemies":"Snake Plant","floor":30,"turns":2},{"damage":0,"enemies":"Gremlin Leader","floor":31,"turns":5},{"damage":0,"enemies":"3 Cultists","floor":32,"turns":4},{"damage":24,"enemies":"DF_ARCHETYPE_CLAW","floor":33,"turns":8},{"damage":1,"enemies":"3 Darklings","floor":36,"turns":5},{"damage":0,"enemies":"Orb Walker","floor":37,"turns":2},{"damage":2,"enemies":"downfall:FleeingMerchant","floor":39,"turns":4},{"damage":2,"enemies":"Transient","floor":40,"turns":5},{"damage":0,"enemies":"Spire Growth","floor":42,"turns":3},{"damage":0,"enemies":"downfall:FleeingMerchant","floor":43,"turns":1},{"damage":0,"enemies":"3 Darklings","floor":47,"turns":3},{"damage":6,"enemies":"Giant Head","floor":48,"turns":4},{"damage":0,"enemies":"Transient","floor":49,"turns":5},{"damage":0,"enemies":"WA_ARCHETYPE_DIVINITY","floor":50,"turns":5},{"damage":0,"enemies":"downfall:CharBossMerchant","floor":52,"turns":5},{"damage":0,"enemies":"downfall:NeowBoss","floor":55,"turns":11},{"damage":27,"enemies":"downfall:NeowBossFinal","floor":56,"turns":8}],"seed_played":"476885113751583891","potions_obtained":[{"floor":6,"key":"sneckomod:MuddlingPotion"},{"floor":9,"key":"PowerPotion"},{"floor":10,"key":"ColorlessPotion"},{"floor":15,"key":"SkillPotion"},{"floor":23,"key":"hexamod:SoulburnPotion"},{"floor":25,"key":"Explosive Potion"},{"floor":31,"key":"Energy Potion"},{"floor":33,"key":"SmokeBomb"},{"floor":40,"key":"Regen Potion"},{"floor":42,"key":"DistilledChaos"},{"floor":48,"key":"EssenceOfSteel"}],"is_trial":false,"path_per_floor":["R","M","$","?","M","E","T","M","M","M","$","R","E","M","M","B",null,"R","?","?","?","M","M","T","E","?","E","?","E","M","E","M","B",null,"R","M","M","?","$","M","T","M","$","?","T","R","M","E","M","B",null,"E","$","R","B","B",null],"character_chosen":"GUARDIAN","items_purchased":["Meat on the Bone","Guardian:Gem_White","Membership Card","Ornamental Fan","Blind","Pantograph","Lee\u0027s Waffle","champ:DeflectingBracers","Nunchaku","Pear"],"campfire_rested":1,"item_purchase_floors":[3,11,39,39,43,43,43,43,43,53],"current_hp_per_floor":[56,52,52,52,52,41,41,41,41,41,50,50,47,47,51,28,67,67,67,67,67,67,62,62,44,44,50,80,68,58,58,58,46,72,82,81,81,73,71,69,69,69,97,87,87,87,87,81,83,87,87,87,97,97,97,87],"gold":22,"neow_bonus":"TWO_FIFTY_GOLD","is_daily":false,"chose_seed":false,"campfire_upgraded":4,"win_rate":0.0,"timestamp":1611096773,"path_taken":["R","M","$","?","?","E","T","M","M","M","?","R","E","M","M","BOSS","R","?","?","?","M","?","T","E","?","E","?","E","M","E","M","BOSS","R","M","M","?","$","?","T","M","$","?","?","R","M","E","M","BOSS","E","$","R","BOSS","BOSS"],"items_purchased_type":["Relic","Card","Relic","Relic","Card","Relic","Relic","Relic","Relic","Relic"],"build_version":"2020-12-22","purchased_purges":1,"victory":true,"max_hp_per_floor":[80,80,80,80,80,80,80,80,80,80,80,80,80,80,80,80,80,80,80,80,80,80,80,80,80,80,80,80,80,80,80,80,80,80,90,90,90,90,90,90,90,90,97,87,87,87,87,87,87,87,87,87,97,97,97,97],"relic_stats":{"Lee\u0027s Waffle":28,"Nunchaku":[9],"counters":[34,157],"Ornamental Fan":[84],"Bird Faced Urn":[4],"Pantograph":4,"Eternal Feather":0,"Turnip":[9],"Pen Nib":[19],"Question Card":27,"obtain_stats":[{"sneckomod:BlankCard":41,"downfall:HeartBlessingGreen":18,"Nunchaku":43,"downfall:HeartBlessingBlue":35,"Pantograph":43,"MealTicket":13,"Philosopher\u0027s Stone":17,"downfall:RedIOU":26,"Lee\u0027s Waffle":43,"hexamod:CandleOfCauterizing":45,"Pear":53,"downfall:HeartBlessingRed":18,"Guardian:ModeShifter":0,"Eternal Feather":48,"The Courier":7,"Pen Nib":27,"champ:DeflectingBracers":43,"Question Card":6,"sneckomod:SneckoTalon":34,"Anchor":29,"Ornamental Fan":39,"Bird Faced Urn":31,"Turnip":25,"Membership Card":39,"hexamod:BolsterEngine":52,"Meat on the Bone":3},{"sneckomod:BlankCard":25,"downfall:HeartBlessingGreen":12,"Nunchaku":27,"downfall:HeartBlessingBlue":21,"Pantograph":27,"MealTicket":9,"Philosopher\u0027s Stone":12,"downfall:RedIOU":15,"Lee\u0027s Waffle":27,"hexamod:CandleOfCauterizing":27,"Pear":32,"downfall:HeartBlessingRed":12,"Guardian:ModeShifter":0,"Eternal Feather":29,"The Courier":4,"Pen Nib":16,"champ:DeflectingBracers":27,"Question Card":4,"sneckomod:SneckoTalon":21,"Anchor":17,"Ornamental Fan":24,"Bird Faced Urn":19,"Turnip":15,"Membership Card":24,"hexamod:BolsterEngine":32,"Meat on the Bone":2},{"sneckomod:BlankCard":112,"downfall:HeartBlessingGreen":57,"Nunchaku":116,"downfall:HeartBlessingBlue":96,"Pantograph":116,"MealTicket":41,"Philosopher\u0027s Stone":57,"downfall:RedIOU":67,"Lee\u0027s Waffle":116,"hexamod:CandleOfCauterizing":116,"Pear":138,"downfall:HeartBlessingRed":57,"Guardian:ModeShifter":0,"Eternal Feather":123,"The Courier":17,"Pen Nib":72,"champ:DeflectingBracers":116,"Question Card":17,"sneckomod:SneckoTalon":96,"Anchor":77,"Ornamental Fan":107,"Bird Faced Urn":84,"Turnip":67,"Membership Card":107,"hexamod:BolsterEngine":138,"Meat on the Bone":9}],"Meat on the Bone":84},"card_choices":[{"not_picked":["Guardian:Reroute","Guardian:Gem_Blue"],"picked":"Guardian:RollAttack","floor":2},{"not_picked":["Guardian:Gem_Red","Guardian:DecasProtection"],"picked":"Guardian:ShieldSpikes","floor":3},{"not_picked":["Guardian:VentSteam","Guardian:RollAttack"],"picked":"Guardian:Gem_Fragmented","floor":5},{"not_picked":["Guardian:Gem_Green","Guardian:ShieldCharger"],"picked":"Guardian:PiercingHide","floor":6},{"not_picked":["Guardian:FastForward","Guardian:Gem_Red","Guardian:Preprogram"],"picked":"Guardian:BodySlam","floor":8},{"not_picked":["Guardian:WalkerClaw","Guardian:Gem_Lightblue","Guardian:Gem_Cyan"],"picked":"Guardian:ShieldSpikes","floor":9},{"not_picked":["Guardian:PrimingBeam","Guardian:Gem_Cyan","Guardian:ChargeCore"],"picked":"Guardian:RollAttack","floor":10},{"not_picked":["Guardian:Gem_Lightblue","Guardian:Suspension","Guardian:TimeCapacitor"],"picked":"Guardian:StasisField","floor":11},{"not_picked":["Guardian:TimeBomb","Guardian:ChargeUp","Guardian:ShieldSpikes"],"picked":"Guardian:Clone","floor":13},{"not_picked":["Guardian:Gem_Lightblue","Guardian:PrimingBeam","Guardian:Gem_Green"],"picked":"Guardian:BodySlam","floor":14},{"not_picked":["Guardian:Planning","Guardian:Reroute","Guardian:PrimingBeam","Guardian:Suspension"],"picked":"SKIP","floor":15},{"not_picked":["Guardian:GemFire","Guardian:SphericShield","Guardian:ExploitGems"],"picked":"Guardian:Gem_Synthetic","floor":16},{"not_picked":["Guardian:Harden","Guardian:Gem_Cyan","Guardian:DonusPower"],"picked":"Guardian:TemporalShield","floor":22},{"not_picked":["Guardian:Incinerate+1","Guardian:RollAttack+1","Guardian:Suspension+1","Guardian:WalkerClaw"],"picked":"SKIP","floor":23},{"not_picked":["Guardian:ArmoredProtocol+1","Guardian:Gem_Lightblue","Guardian:PrimingBeam+1"],"picked":"Guardian:Reroute+1","floor":25},{"not_picked":["Guardian:TemporalStrike","Guardian:Preprogram","Guardian:Gem_White"],"picked":"Guardian:Gem_Crimson","floor":27},{"not_picked":["Guardian:Reroute","Guardian:ChargeCore","Guardian:RevengeProtocol"],"picked":"Guardian:Gem_Purple","floor":29},{"not_picked":["Guardian:PrimingBeam","Guardian:TemporalStrike","Guardian:RefractedBeam"],"picked":"Guardian:Gem_Cyan","floor":30},{"not_picked":["Guardian:BronzeOrb","Guardian:Gem_Cyan","Guardian:DonusPower+1"],"picked":"Guardian:Recover","floor":31},{"not_picked":["Guardian:Harden","Guardian:Incinerate","Guardian:CrystalBeam"],"picked":"Guardian:Gem_Green","floor":32},{"not_picked":["Guardian:StasisField","Guardian:BaubleBeam","Guardian:RevengeProtocol"],"picked":"Guardian:Gem_Orange","floor":33},{"not_picked":["Guardian:ShieldCharger+1","Guardian:Gem_Lightblue","Guardian:Gem_Cyan"],"picked":"Guardian:VentSteam","floor":36},{"not_picked":["Guardian:RollAttack","Guardian:Gem_White","Guardian:Emergency+1"],"picked":"Guardian:BodySlam+1","floor":37},{"not_picked":["Guardian:Gem_Red","Guardian:VentSteam+1","Guardian:Suspension+1"],"picked":"Guardian:Gem_Blue","floor":39},{"not_picked":["Guardian:PiercingHide","Guardian:RollAttack","Guardian:SentryBeam","Guardian:ArmoredProtocol+1"],"picked":"SKIP","floor":40},{"not_picked":["Guardian:PolyBeam+1","Guardian:Reroute","Guardian:PiercingHide"],"picked":"Guardian:Repulse","floor":42},{"not_picked":["Guardian:Gem_Green","Guardian:TimeBomb","Guardian:ShieldSpikes+1","Guardian:Emergency"],"picked":"SKIP","floor":43},{"not_picked":["Guardian:Recover","Guardian:TemporalStrike+1","Guardian:Suspension","Guardian:Gem_Red"],"picked":"SKIP","floor":47},{"not_picked":["Guardian:PiercingHide+1","Guardian:Gem_Orange","Guardian:RollAttack"],"picked":"Guardian:BronzeArmor","floor":48},{"not_picked":["Guardian:BronzeOrb","Guardian:Gem_Cyan","Guardian:ShieldCharger+1","Guardian:Recover"],"picked":"SKIP","floor":49},{"not_picked":["Guardian:ExploitGems","Guardian:Planning","Guardian:SpikerProtocol"],"picked":"Guardian:DecasProtection","floor":52}],"player_experience":637921,"relics_obtained":[{"floor":6,"key":"Question Card"},{"floor":7,"key":"The Courier"},{"floor":13,"key":"MealTicket"},{"floor":25,"key":"Turnip"},{"floor":27,"key":"Pen Nib"},{"floor":29,"key":"Anchor"},{"floor":31,"key":"Bird Faced Urn"},{"floor":41,"key":"sneckomod:BlankCard"},{"floor":45,"key":"hexamod:CandleOfCauterizing"},{"floor":48,"key":"Eternal Feather"},{"floor":52,"key":"hexamod:BolsterEngine"}],"event_choices":[{"damage_healed":0,"gold_gain":0,"player_choice":"Ignored","damage_taken":0,"max_hp_gain":0,"max_hp_loss":0,"event_name":"Vampires","floor":19,"gold_loss":0}],"is_beta":false,"boss_relics":[{"not_picked":["Sozu","Fusion Hammer"],"picked":"Philosopher\u0027s Stone"},{"not_picked":["Guardian:StasisSlotReductionRelic","Runic Pyramid"],"picked":"sneckomod:SneckoTalon"}],"items_purged_floors":[3],"is_endless":false,"potions_floor_spawned":[6,9,10,15,23,25,31,33,40,42,48,49],"ascension_level":5}}