{"host":"4gr5irrdjh39ysed","time":1611026268,"event":{"mods":["AchievementEnabler","BaseMod","Colored Map","Downfall","Hermit","Minty Spire (QoL Compilation)","Random Character Button","StSLib","The Construct","The Cursed","The Disciple","The Hierophant","The Mystic","The Necromancer","The Runesmith"],"gold_per_floor":[119,169,187,39,39,70,87,100,100,114,114,129,142,155,155,231,231,243,243,59,59,59,86,86,158,158,158,188,200,231,247,247,321,321,331,343,343,343,127,127,145,161,161,181,231,111,124,143,143,143,143,143,16,48,48],"floor_reached":56,"language":"ENG","playtime":2666,"items_purged":["Defend_R","Defend_R","downfall:Icky","Bash"],"score":2076,"play_id":"7381feb2-c727-4a5a-b828-3550d831f445","local_time":"20210118201748","is_ascension_mode":true,"campfire_choices":[{"floor":15,"key":"RECALL"},{"data":"Brutality","floor":24,"key":"SMITH"},{"data":"Combust","floor":27,"key":"SMITH"},{"data":"Offering","floor":32,"key":"SMITH"},{"data":"Demon Form","floor":40,"key":"SMITH"},{"data":"Heavy Blade","floor":49,"key":"SMITH"},{"data":"Exhume","floor":52,"key":"SMITH"}],"circlet_count":0,"master_deck":["AscendersBane","Strike_R","Strike_R","Strike_R","Strike_R","Strike_R","Inflame","Inflame","Offering+1","Rampage","Rampage","Sever Soul","Feed","Blood for Blood","Twin Strike","Brutality+1","Bloodletting+1","Combust+1","Flex","Thunderclap","Exhume+1","Flex","Rupture","Demon Form+1","Dark Embrace+1","Rampage+1","Uppercut+1","Battle Trance","Offering+1","Rupture+1","Blood for Blood+1","Heavy Blade+1","Immolate","Demon Form"],"relics":["Burning Blood","Bag of Marbles","Blue Candle","Runic Cube","Nilry\u0027s Codex","Champion Belt","Orichalcum","Bottled Tornado","The Courier","PreservedInsect","InkBottle","Astrolabe","DollysMirror","HornCleat","Pen Nib"],"acts_visited":["Exordium","TheCity","TheBeyond","TheEnding"],"potions_floor_usage":[12,16,33,41,50,55,55],"damage_taken":[{"damage":12,"enemies":"Jaw Worm","floor":1,"turns":3},{"damage":6,"enemies":"Cultist","floor":3,"turns":3},{"damage":43,"enemies":"Gremlin Nob","floor":6,"turns":4},{"damage":14,"enemies":"2 Louse","floor":7,"turns":2},{"damage":26,"enemies":"Blue Slaver","floor":8,"turns":3},{"damage":6,"enemies":"Large Slime","floor":10,"turns":3},{"damage":19,"enemies":"3 Louse","floor":12,"turns":2},{"damage":12,"enemies":"Looter","floor":13,"turns":2},{"damage":6,"enemies":"Blue Slaver","floor":14,"turns":1},{"damage":24,"enemies":"Slime Boss","floor":16,"turns":5},{"damage":18,"enemies":"Spheric Guardian","floor":18,"turns":3},{"damage":59,"enemies":"Gremlin Leader","floor":23,"turns":6},{"damage":32,"enemies":"Slavers","floor":28,"turns":3},{"damage":17,"enemies":"3 Byrds","floor":29,"turns":4},{"damage":28,"enemies":"Gremlin Leader","floor":30,"turns":3},{"damage":31,"enemies":"Centurion and Healer","floor":31,"turns":4},{"damage":22,"enemies":"Collector","floor":33,"turns":6},{"damage":20,"enemies":"Orb Walker","floor":35,"turns":3},{"damage":28,"enemies":"3 Shapes","floor":36,"turns":3},{"damage":33,"enemies":"Spire Growth","floor":41,"turns":3},{"damage":56,"enemies":"Sphere and 2 Shapes","floor":42,"turns":3},{"damage":33,"enemies":"Maw","floor":44,"turns":4},{"damage":49,"enemies":"Spire Growth","floor":47,"turns":5},{"damage":30,"enemies":"3 Darklings","floor":48,"turns":3},{"damage":59,"enemies":"Donu and Deca","floor":50,"turns":4},{"damage":89,"enemies":"Shield and Spear","floor":54,"turns":3},{"damage":157,"enemies":"The Heart","floor":55,"turns":5}],"seed_played":"-5070408327774882863","potions_obtained":[{"floor":3,"key":"Swift Potion"},{"floor":7,"key":"Swift Potion"},{"floor":14,"key":"Strength Potion"},{"floor":18,"key":"champ:CounterPotion"},{"floor":33,"key":"LiquidBronze"},{"floor":42,"key":"EssenceOfSteel"},{"floor":54,"key":"LiquidBronze"}],"is_trial":false,"path_per_floor":["M","?","M","$","?","E","M","M","T","M","?","M","M","M","R","B",null,"M","?","$","?","?","E","R","T","T","R","E","M","E","M","R","B",null,"M","M","?","?","$","R","M","M","T","M","?","$","M","M","R","B",null,"R","$","E","B",null],"character_chosen":"IRONCLAD","items_purchased":["Offering","Combust","Flex","DollysMirror","Immolate"],"campfire_rested":0,"item_purchase_floors":[4,20,20,39,53],"current_hp_per_floor":[2071,2071,2071,2071,2071,2034,2026,2006,2006,2006,2006,1996,1990,1990,1990,1972,2058,2049,2028,2028,2028,2028,1975,1975,1975,1975,1975,1952,1944,1925,1900,1900,1884,2045,2031,2009,2009,1994,1994,1994,1967,1920,1920,1893,1893,1893,1850,1826,1826,1773,1941,1941,1941,1858,1707],"gold":48,"neow_bonus":"RANDOM_COMMON_RELIC","is_daily":false,"chose_seed":false,"campfire_upgraded":6,"win_rate":0.0,"timestamp":1611026268,"path_taken":["M","?","?","$","?","E","M","M","T","M","?","M","M","M","R","BOSS","M","?","$","?","?","E","R","?","T","R","E","M","E","?","R","BOSS","M","M","?","?","?","R","M","M","T","M","?","$","M","M","R","BOSS","R","$","E","BOSS"],"items_purchased_type":["Card","Card","Card","Relic","Card"],"build_version":"2020-12-22","purchased_purges":4,"victory":true,"max_hp_per_floor":[2084,2084,2084,2084,2084,2084,2084,2084,2084,2084,2084,2087,2087,2087,2087,2087,2087,2090,2090,2090,2090,2090,2090,2090,2090,2090,2090,2093,2096,2099,2099,2099,2099,2099,2099,2099,2099,1994,1994,1994,1994,1997,1997,1997,1997,1997,1997,1997,1997,1997,1997,1997,1997,1997,1997],"card_choices":[{"not_picked":["Wild Strike","Rupture"],"picked":"Inflame","floor":1},{"not_picked":["Perfected Strike","Thunderclap"],"picked":"Inflame","floor":3},{"not_picked":["Pummel","True Grit"],"picked":"Rampage","floor":6},{"not_picked":["Entrench","Twin Strike"],"picked":"Rampage","floor":7},{"not_picked":["Armaments","Thunderclap"],"picked":"Sever Soul","floor":8},{"not_picked":["Power Through","Dropkick"],"picked":"Feed","floor":10},{"not_picked":["True Grit","Sword Boomerang"],"picked":"Blood for Blood","floor":12},{"not_picked":["Entrench","Body Slam","Second Wind"],"picked":"SKIP","floor":13},{"not_picked":["Dark Embrace","Perfected Strike"],"picked":"Twin Strike","floor":14},{"not_picked":["Reaper","Berserk"],"picked":"Brutality","floor":16},{"not_picked":["Heavy Blade","Havoc"],"picked":"Bloodletting+1","floor":18},{"not_picked":["Clothesline","Iron Wave"],"picked":"Thunderclap","floor":23},{"not_picked":["Whirlwind","Pummel"],"picked":"Exhume","floor":28},{"not_picked":["Perfected Strike","Second Wind+1"],"picked":"Flex","floor":29},{"not_picked":["Spot Weakness","Carnage+1"],"picked":"Rupture","floor":30},{"not_picked":["Body Slam+1","Thunderclap","Searing Blow"],"picked":"SKIP","floor":31},{"not_picked":["Exhume","Brutality"],"picked":"Demon Form","floor":33},{"not_picked":["Pommel Strike+1","Combust"],"picked":"Uppercut+1","floor":35},{"not_picked":["Clothesline","Wild Strike+1"],"picked":"Battle Trance","floor":36},{"not_picked":["Reckless Charge","Combust+1"],"picked":"Rupture+1","floor":41},{"not_picked":["Sword Boomerang","Perfected Strike+1","Anger"],"picked":"SKIP","floor":42},{"not_picked":["Perfected Strike","Wild Strike+1","Sword Boomerang"],"picked":"SKIP","floor":44},{"not_picked":["Havoc","Cleave"],"picked":"Blood for Blood+1","floor":47},{"not_picked":["Searing Blow","Flex"],"picked":"Heavy Blade","floor":48},{"not_picked":["Anger","Body Slam"],"picked":"Demon Form","floor":54}],"player_experience":225385,"relics_obtained":[{"floor":6,"key":"Blue Candle"},{"floor":19,"key":"Nilry\u0027s Codex"},{"floor":23,"key":"Orichalcum"},{"floor":25,"key":"Bottled Tornado"},{"floor":26,"key":"The Courier"},{"floor":28,"key":"PreservedInsect"},{"floor":30,"key":"InkBottle"},{"floor":43,"key":"HornCleat"},{"floor":54,"key":"Pen Nib"}],"event_choices":[{"damage_healed":0,"gold_gain":50,"player_choice":"Pray","damage_taken":0,"max_hp_gain":0,"max_hp_loss":0,"event_name":"Golden Shrine","floor":2,"gold_loss":0},{"damage_healed":0,"gold_gain":0,"player_choice":"Leave","damage_taken":0,"max_hp_gain":0,"max_hp_loss":0,"event_name":"The Cleric","floor":5,"gold_loss":0},{"damage_healed":0,"gold_gain":0,"player_choice":"Ignored","damage_taken":0,"max_hp_gain":0,"max_hp_loss":0,"event_name":"Liars Game","floor":11,"gold_loss":0},{"damage_healed":0,"gold_gain":0,"player_choice":"Obtained Book","damage_taken":21,"max_hp_gain":0,"max_hp_loss":0,"event_name":"Cursed Tome","floor":19,"gold_loss":0},{"damage_healed":0,"gold_gain":0,"player_choice":"Stole Relic","damage_taken":0,"relics_obtained":["Champion Belt"],"max_hp_gain":0,"max_hp_loss":0,"event_name":"Addict","floor":21,"gold_loss":0,"cards_obtained":["Shame"]},{"damage_healed":0,"gold_gain":0,"player_choice":"Max HP","damage_taken":0,"max_hp_gain":0,"max_hp_loss":105,"event_name":"Winding Halls","floor":38,"gold_loss":0},{"damage_healed":0,"gold_gain":50,"player_choice":"Pray","damage_taken":0,"max_hp_gain":0,"max_hp_loss":0,"event_name":"Golden Shrine","floor":45,"gold_loss":0}],"is_beta":false,"boss_relics":[{"not_picked":["Runic Dome","Calling Bell"],"picked":"Runic Cube"},{"not_picked":["Busted Crown","bronze:MakeshiftBattery"],"picked":"Astrolabe"}],"items_purged_floors":[4,20,39,46],"is_endless":false,"potions_floor_spawned":[3,7,8,10,14,18,23,33,35,36,42,44,54],"ascension_level":15}}