{"host":"eemx8njkng76fu5x","time":1611075749,"event":{"mods":["2.2 Compatiblity","BaseMod","Downfall","Minty Spire (QoL Compilation)","Permanent Neow","StSLib","Unceasing Turn Reminder","Unknown Chances"],"gold_per_floor":[99,112,62,74,74,74,100,120,150,250,268,68,100,119,129,231,281,181,201,215,215,125,145,145,145,162,162,172,191,226,246,264,368,368,368,386,402,141,158,158,183,233,264,264,275,303,316,345,363,363,363,363,363,363],"floor_reached":52,"language":"ENG","playtime":3526,"items_purged":["bronze:Replicate","bronze:Goto"],"score":951,"play_id":"ee0b520d-26a0-4fc7-8016-52d87dcb7b48","local_time":"20210120010229","is_ascension_mode":true,"campfire_choices":[{"floor":1.0,"key":"RECALL"},{"floor":6.0,"key":"REST"},{"data":"bronze:NullPointer","floor":12.0,"key":"SMITH"},{"data":"bronze:Library","floor":18.0,"key":"SMITH"},{"data":"bronze:BronzeOrb","floor":25.0,"key":"SMITH"},{"data":"bronze:BronzeOrb","floor":35.0,"key":"SMITH"},{"data":"bronze:Safeguard","floor":40.0,"key":"SMITH"}],"circlet_count":0,"master_deck":["bronze:Strike","bronze:Strike","bronze:Strike","bronze:Strike","bronze:Defend","bronze:Defend","bronze:Defend","bronze:Defend","bronze:CleanCode","bronze:Return+1","bronze:WhirlingStrike","bronze:NullPointer+1","bronze:BitShift","bronze:WildBeam+1","bronze:Safeguard+1","bronze:Return+1","bronze:Library+1","bronze:BronzeOrb+1","bronze:FollowUp","bronze:BronzeOrb+1","bronze:DelayedSlice+1","bronze:BitShift+1","bronze:NullPointer","bronze:Safeguard+1","bronze:Invalidate+1","bronze:Turbo+1","bronze:Shell+1","bronze:Shell+1","Master of Strategy+1","bronze:Deprecate+1","bronze:GetLatest+1"],"relics":["bronze:BronzeCore","Meat on the Bone","downfall:HeartBlessingBlue","downfall:HeartBlessingRed","PreservedInsect","Tiny House","downfall:HeartBlessingGreen","Toxic Egg 2","Smiling Mask","Coffee Dripper","Blood Vial","bronze:Timepiece","Strawberry","Bottled Tornado","White Beast Statue"],"acts_visited":["Exordium","TheCity","TheBeyond","TheEnding"],"potions_floor_usage":[],"damage_taken":[{"damage":17.0,"enemies":"Small Slimes","floor":2.0,"turns":5.0},{"damage":0.0,"enemies":"downfall:FleeingMerchant","floor":3.0,"turns":4.0},{"damage":10.0,"enemies":"2 Louse","floor":4.0,"turns":3.0},{"damage":0.0,"enemies":"Cultist","floor":8.0,"turns":3.0},{"damage":17.0,"enemies":"Lagavulin","floor":9.0,"turns":6.0},{"damage":0.0,"enemies":"Blue Slaver","floor":11.0,"turns":2.0},{"damage":15.0,"enemies":"3 Sentries","floor":13.0,"turns":4.0},{"damage":0.0,"enemies":"Large Slime","floor":14.0,"turns":4.0},{"damage":6.0,"enemies":"Exordium Thugs","floor":15.0,"turns":3.0},{"damage":5.0,"enemies":"WA_ARCHETYPE_RETAIN","floor":16.0,"turns":9.0},{"damage":16.0,"enemies":"Shell Parasite","floor":19.0,"turns":5.0},{"damage":2.0,"enemies":"Centurion and Healer","floor":20.0,"turns":4.0},{"damage":0.0,"enemies":"downfall:FleeingMerchant","floor":22.0,"turns":4.0},{"damage":24.0,"enemies":"Snake Plant","floor":23.0,"turns":4.0},{"damage":18.0,"enemies":"Cultist and Chosen","floor":26.0,"turns":6.0},{"damage":0.0,"enemies":"Centurion and Healer","floor":28.0,"turns":6.0},{"damage":13.0,"enemies":"Snake Plant","floor":29.0,"turns":4.0},{"damage":21.0,"enemies":"Slavers","floor":30.0,"turns":5.0},{"damage":0.0,"enemies":"Cultist and Chosen","floor":31.0,"turns":5.0},{"damage":6.0,"enemies":"3 Cultists","floor":32.0,"turns":4.0},{"damage":43.0,"enemies":"DF_ARCHETYPE_CLAW","floor":33.0,"turns":9.0},{"damage":3.0,"enemies":"3 Darklings","floor":36.0,"turns":5.0},{"damage":0.0,"enemies":"3 Shapes","floor":37.0,"turns":3.0},{"damage":4.0,"enemies":"downfall:FleeingMerchant","floor":38.0,"turns":4.0},{"damage":1.0,"enemies":"Writhing Mass","floor":39.0,"turns":8.0},{"damage":13.0,"enemies":"Writhing Mass","floor":42.0,"turns":7.0},{"damage":0.0,"enemies":"Reptomancer","floor":43.0,"turns":8.0},{"damage":46.0,"enemies":"3 Darklings","floor":45.0,"turns":7.0},{"damage":0.0,"enemies":"Nemesis","floor":46.0,"turns":5.0},{"damage":23.0,"enemies":"Spire Growth","floor":47.0,"turns":4.0},{"damage":0.0,"enemies":"Giant Head","floor":48.0,"turns":7.0},{"damage":17.0,"enemies":"Transient","floor":49.0,"turns":5.0},{"damage":56.0,"enemies":"IC_BLOCK_ARCHETYPE","floor":50.0,"turns":16.0},{"damage":100,"enemies":"downfall:CharBossMerchant","floor":52,"turns":8}],"seed_played":"8026028961542125450","potions_obtained":[{"floor":8.0,"key":"Fruit Juice"},{"floor":11.0,"key":"sneckomod:MuddlingPotion"},{"floor":13.0,"key":"DistilledChaos"},{"floor":14.0,"key":"EssenceOfSteel"},{"floor":15.0,"key":"Regen Potion"},{"floor":17.0,"key":"Block Potion"},{"floor":21.0,"key":"CultistPotion"},{"floor":23.0,"key":"DistilledChaos"},{"floor":28.0,"key":"bronze:FreeFunctionsPotion"},{"floor":31.0,"key":"bronze:BuildAFunctionPotion"},{"floor":33.0,"key":"DuplicationPotion"},{"floor":39.0,"key":"Weak Potion"},{"floor":42.0,"key":"Regen Potion"},{"floor":46.0,"key":"Swift Potion"},{"floor":47.0,"key":"EntropicBrew"},{"floor":49.0,"key":"Ancient Potion"}],"is_trial":false,"path_per_floor":["R","M","$","M","?","R","T","M","E","?","M","R","E","M","M","B",null,"R","M","M","?","$","M","T","R","M","?","M","M","E","M","M","B",null,"R","M","M","$","M","R","T","?","E","?","M","E","M","E","M","B",null,"E"],"character_chosen":"THE_AUTOMATON","items_purchased":["bronze:NullPointer","Master of Strategy+1"],"campfire_rested":1,"item_purchase_floors":[3,38],"current_hp_per_floor":[49,32,32,22,22,43,43,43,26,26,38,48,45,45,51,46,85,85,69,67,67,67,48,48,48,42,42,54,53,46,46,52,21,90,90,87,87,83,82,82,82,71,95,87,55,57,48,50,47,20,97,0,0,0],"gold":363,"neow_bonus":"THREE_RARE_CARDS","is_daily":false,"chose_seed":false,"campfire_upgraded":5,"win_rate":0.0,"timestamp":1611075749,"path_taken":["R","M","$","M","?","R","T","M","E","?","?","R","E","M","M","BOSS","R","M","M","?","$","M","T","R","M","?","M","?","E","M","M","BOSS","R","M","M","$","?","R","T","?","E","?","M","E","?","E","M","BOSS","E"],"items_purchased_type":["Card","Card"],"build_version":"2020-12-22","purchased_purges":2,"victory":false,"max_hp_per_floor":[70,70,70,70,70,70,70,70,70,70,70,80,80,80,80,80,85,85,85,85,85,85,90,90,90,90,90,90,90,90,90,90,90,90,90,90,90,90,90,90,90,90,97,97,97,97,97,97,97,97,97,97,97,97],"card_choices":[{"not_picked":["bronze:Break","bronze:ShipIt"],"picked":"bronze:CleanCode","floor":0.0},{"not_picked":["bronze:Shield","bronze:Branch"],"picked":"bronze:Return","floor":2.0},{"not_picked":["bronze:Repulsor","bronze:BurnOut"],"picked":"bronze:WhirlingStrike","floor":3.0},{"not_picked":["bronze:Invalidate","bronze:DelayedSlice","bronze:ChosenStrike"],"picked":"SKIP","floor":4.0},{"not_picked":["bronze:Overheat","bronze:BugBarrage"],"picked":"bronze:BitShift","floor":8.0},{"not_picked":["bronze:FineTuning","bronze:ChosenStrike","bronze:Turbo"],"picked":"SKIP","floor":9.0},{"not_picked":["bronze:BuggyMess","bronze:Separator"],"picked":"bronze:WildBeam","floor":11.0},{"not_picked":["bronze:Turbo","bronze:DelayedGuard"],"picked":"bronze:Safeguard","floor":13.0},{"not_picked":["bronze:Repulsor","bronze:ItsAFeature"],"picked":"bronze:Assembly","floor":14.0},{"not_picked":["bronze:Separator","bronze:BitShift"],"picked":"bronze:Return","floor":15.0},{"not_picked":["bronze:Mutator","bronze:TinkerersToolbox"],"picked":"bronze:Library","floor":16.0},{"not_picked":["bronze:Terminator","bronze:CutThrough"],"picked":"bronze:BronzeOrb","floor":17.0},{"not_picked":["bronze:Turbo","bronze:ForLoop+1"],"picked":"bronze:FollowUp","floor":19.0},{"not_picked":["bronze:Overheat","bronze:Branch+1"],"picked":"bronze:BronzeOrb","floor":20.0},{"not_picked":["bronze:Iterate","bronze:CloningBeam+1"],"picked":"bronze:DelayedSlice+1","floor":22.0},{"not_picked":["bronze:Frontload+1","bronze:Branch","bronze:Verify"],"picked":"SKIP","floor":23.0},{"not_picked":["bronze:BugBarrage","bronze:Turbo+1"],"picked":"bronze:BitShift+1","floor":26.0},{"not_picked":["bronze:WildBeam","bronze:ItsAFeature"],"picked":"bronze:NullPointer","floor":28.0},{"not_picked":["bronze:CutThrough","bronze:Overload+1"],"picked":"bronze:Safeguard+1","floor":29.0},{"not_picked":["bronze:WhirlingStrike","bronze:ShipIt","bronze:Boost+1"],"picked":"SKIP","floor":30.0},{"not_picked":["bronze:CloningBeam","bronze:Frontload+1"],"picked":"bronze:Invalidate+1","floor":31.0},{"not_picked":["bronze:FollowUp","bronze:DelayedGuard+1"],"picked":"bronze:Turbo+1","floor":32.0},{"not_picked":["bronze:Separator+1","bronze:BuggyMess+1"],"picked":"bronze:Shell+1","floor":36.0},{"not_picked":["bronze:BronzeArmor+1","bronze:FollowUp","bronze:Separator+1"],"picked":"SKIP","floor":37.0},{"not_picked":["bronze:Shield+1","bronze:DelayedSlice+1"],"picked":"bronze:Shell+1","floor":38.0},{"not_picked":["bronze:Philosophize+1","bronze:Separator+1","bronze:Flail+1"],"picked":"SKIP","floor":39.0},{"not_picked":["bronze:Turbo+1","bronze:MaxOutput","bronze:Allocate+1"],"picked":"SKIP","floor":43.0},{"not_picked":["bronze:CloningBeam+1","bronze:Terminator+1","bronze:Separator+1"],"picked":"SKIP","floor":45.0},{"not_picked":["bronze:DigitalCarnage+1","bronze:Overheat"],"picked":"bronze:Deprecate+1","floor":46.0},{"not_picked":["bronze:Return+1","bronze:Assembly+1","bronze:Repulsor+1"],"picked":"SKIP","floor":47.0},{"not_picked":["bronze:NullPointer","bronze:WhirlingStrike+1"],"picked":"bronze:GetLatest+1","floor":48.0},{"not_picked":["bronze:OilSpill","bronze:CutThrough+1","bronze:Branch+1"],"picked":"SKIP","floor":49.0}],"player_experience":500434,"relics_obtained":[{"floor":9.0,"key":"Meat on the Bone"},{"floor":13.0,"key":"PreservedInsect"},{"floor":24.0,"key":"Toxic Egg 2"},{"floor":30.0,"key":"Smiling Mask"},{"floor":41.0,"key":"Blood Vial"},{"floor":42.0,"key":"bronze:Timepiece"},{"floor":43.0,"key":"Strawberry"},{"floor":46.0,"key":"Bottled Tornado"},{"floor":48.0,"key":"White Beast Statue"}],"event_choices":[{"damage_healed":0.0,"max_hp_gain":0.0,"max_hp_loss":0.0,"gold_gain":0.0,"event_name":"Living Wall","player_choice":"Grow","floor":5.0,"gold_loss":0.0,"damage_taken":0.0,"cards_upgraded":["bronze:Return"]},{"damage_healed":0.0,"max_hp_gain":0.0,"max_hp_loss":0.0,"gold_gain":100.0,"event_name":"Wheel of Change","player_choice":"Gold","floor":10.0,"gold_loss":0.0,"damage_taken":0.0},{"damage_healed":0.0,"max_hp_gain":0.0,"max_hp_loss":0.0,"gold_gain":0.0,"event_name":"FaceTrader","player_choice":"Leave","floor":27.0,"gold_loss":0.0,"damage_taken":0.0}],"is_beta":false,"boss_relics":[{"not_picked":["bronze:MakeshiftBattery","expansioncontent:StudyCardRelic"],"picked":"Tiny House"},{"not_picked":["Snecko Eye","Velvet Choker"],"picked":"Coffee Dripper"}],"items_purged_floors":[22,38],"is_endless":false,"potions_floor_spawned":[8,11,13,14,15,23,26,28,31,33,36,39,42,46,47,49],"killed_by":"downfall:CharBossMerchant","ascension_level":3}}