{"host":"sc0o2qwpf9j16a4i","time":1611082126,"event":{"mods":["AchievementEnabler","BaseMod","BetterRewards","Block Reminder","Colored Map","Colored Powertips","Custom Start","Highlight Path","Minty Spire (QoL Compilation)","Relic Stats"],"gold_per_floor":[119,119,119,132,151,151,183,183,183,22,32,32,60,60,60,136,136,175,217,217,235,255,255,286,286,286,346,404,53,53,98,98,170,170,211,211,433,433,475,537,586,614,614,72,72,112,140,188,188,188,188,188],"floor_reached":51,"language":"ENG","playtime":2303,"items_purged":["Strike_P","Strike_P+1","Defend_P+1"],"score":2066,"play_id":"14346fde-80a2-47b1-aa12-09f864310cc6","local_time":"20210119204846","is_ascension_mode":true,"campfire_choices":[{"data":"SashWhip","floor":6,"key":"SMITH"},{"data":"SandsOfTime","floor":8,"key":"SMITH"},{"data":"ThirdEye","floor":15,"key":"SMITH"},{"data":"Wish","floor":23,"key":"SMITH"},{"data":"Nirvana","floor":25,"key":"SMITH"},{"data":"Wireheading","floor":32,"key":"SMITH"},{"floor":49,"key":"RECALL"}],"circlet_count":0,"master_deck":["AscendersBane","Defend_P+1","Defend_P+1","Defend_P+1","Eruption","Vigilance","SandsOfTime+1","CrushJoints+1","SashWhip+1","ThirdEye+1","Sanctity","Conclude","Nirvana+1","Tantrum","Wish+1","Wallop+1","ThirdEye","EmptyFist+1","Protect","Wireheading+1","FearNoEvil","Sanctity","Wireheading+1","LikeWater","Protect","ThirdEye+1","Adaptation","Blind","Panache","Flash of Steel","Swivel","WaveOfTheHand"],"relics":["PureWater","Lee\u0027s Waffle","Meat on the Bone","HornCleat","Bronze Scales","PreservedInsect","Snecko Eye","Eternal Feather","Pear","Bottled Lightning","Red Mask","Bag of Preparation","VioletLotus","Kunai","Anchor","Damaru","Centennial Puzzle","Torii"],"acts_visited":["Exordium","TheCity","TheBeyond"],"potions_floor_usage":[7,13,16,22,40,47,50],"damage_taken":[{"damage":2,"enemies":"2 Louse","floor":1,"turns":3},{"damage":0,"enemies":"Small Slimes","floor":4,"turns":2},{"damage":4,"enemies":"Jaw Worm","floor":5,"turns":3},{"damage":32,"enemies":"Gremlin Nob","floor":7,"turns":4},{"damage":0,"enemies":"Large Slime","floor":11,"turns":5},{"damage":10,"enemies":"3 Sentries","floor":13,"turns":4},{"damage":0,"enemies":"Hexaghost","floor":16,"turns":8},{"damage":1,"enemies":"Shell Parasite","floor":18,"turns":3},{"damage":0,"enemies":"Chosen","floor":19,"turns":2},{"damage":2,"enemies":"Centurion and Healer","floor":21,"turns":3},{"damage":16,"enemies":"Sentry and Sphere","floor":22,"turns":4},{"damage":8,"enemies":"Book of Stabbing","floor":24,"turns":3},{"damage":1,"enemies":"Slavers","floor":27,"turns":2},{"damage":4,"enemies":"Masked Bandits","floor":28,"turns":3},{"damage":0,"enemies":"Snake Plant","floor":31,"turns":3},{"damage":40,"enemies":"Automaton","floor":33,"turns":9},{"damage":3,"enemies":"Orb Walker","floor":35,"turns":5},{"damage":0,"enemies":"3 Shapes","floor":39,"turns":4},{"damage":5,"enemies":"Nemesis","floor":40,"turns":5},{"damage":3,"enemies":"Spire Growth","floor":41,"turns":6},{"damage":21,"enemies":"Reptomancer","floor":42,"turns":9},{"damage":10,"enemies":"Jaw Worm Horde","floor":46,"turns":5},{"damage":0,"enemies":"Giant Head","floor":47,"turns":6},{"damage":0,"enemies":"4 Shapes","floor":48,"turns":8},{"damage":13,"enemies":"Donu and Deca","floor":50,"turns":17},{"damage":10,"enemies":"Time Eater","floor":51,"turns":5}],"seed_played":"-6420284756623729482","potions_obtained":[{"floor":1,"key":"EssenceOfSteel"},{"floor":7,"key":"LiquidMemories"},{"floor":11,"key":"AttackPotion"},{"floor":16,"key":"SpeedPotion"},{"floor":21,"key":"BlessingOfTheForge"},{"floor":24,"key":"Weak Potion"},{"floor":35,"key":"BlessingOfTheForge"},{"floor":41,"key":"Strength Potion"},{"floor":47,"key":"Strength Potion"},{"floor":48,"key":"StancePotion"}],"is_trial":false,"path_per_floor":["M","?","?","M","M","R","E","R","T","$","M","?","E","?","R","B",null,"M","M","?","M","M","R","E","R","T","E","?","$","?","M","R","B",null,"M","?","?","?","M","E","M","E","T","$","?","M","E","M","R","B","B"],"character_chosen":"WATCHER","items_purchased":["Lee\u0027s Waffle","Meat on the Bone","SandsOfTime","Conclude","Wireheading","Bag of Preparation","Adaptation","Damaru","Centennial Puzzle"],"campfire_rested":0,"item_purchase_floors":[0,0,0,10,29,29,44,44,44],"current_hp_per_floor":[73,73,78,78,74,74,42,42,42,42,42,42,44,37,37,49,72,71,71,71,69,53,53,45,57,67,66,62,62,62,62,74,46,79,76,76,76,76,76,71,68,47,47,47,37,39,51,51,69,56,46,46],"gold":188,"neow_bonus":"","is_daily":false,"chose_seed":false,"campfire_upgraded":6,"win_rate":0.0,"timestamp":1611082126,"path_taken":["M","?","?","M","M","R","E","R","T","$","M","?","E","?","R","BOSS","M","M","?","M","M","R","E","R","T","E","?","$","?","?","R","BOSS","M","?","?","?","?","E","M","E","T","?","?","M","E","M","R","BOSS","BOSS"],"items_purchased_type":["Relic","Relic","Card","Card","Card","Relic","Card","Relic","Relic"],"build_version":"2020-12-22","purchased_purges":3,"victory":false,"max_hp_per_floor":[75,75,80,80,80,80,80,80,80,80,80,80,80,80,80,80,80,80,80,80,80,80,80,80,80,90,90,90,90,90,90,90,90,90,90,90,90,90,90,90,90,90,90,90,90,90,90,90,90,90,90,90],"relic_stats":{"Lee\u0027s Waffle":31,"Torii":5,"counters":[71,358],"Eternal Feather":42,"PreservedInsect":326,"Bag of Preparation":[24],"Centennial Puzzle":[27],"Bronze Scales":[329],"Snecko Eye":[200,187,176,210],"VioletLotus":[18],"Kunai":[17],"obtain_stats":[{"Gremlin Horn":31,"Torii":47,"Bag of Preparation":29,"Whetstone":6,"Ancient Tea Set":0,"Smiling Mask":28,"Old Coin":24,"Dream Catcher":0,"Centennial Puzzle":44,"HornCleat":7,"Pantograph":9,"MealTicket":7,"VioletLotus":34,"Red Mask":28,"Kunai":40,"Runic Pyramid":17,"Lee\u0027s Waffle":0,"Pear":30,"Golden Idol":8,"Oddly Smooth Stone":7,"Damaru":44,"Eternal Feather":24,"PreservedInsect":9,"Orichalcum":11,"GoldenEye":8,"MawBank":26,"WarpedTongs":2,"Peace Pipe":31,"Anchor":42,"Ornamental Fan":9,"Bronze Scales":9,"Snecko Eye":17,"Bag of Marbles":0,"Membership Card":13,"Bottled Lightning":27,"PureWater":0,"NlothsMask":4,"Meat on the Bone":0},{"Gremlin Horn":32,"Torii":68,"Bag of Preparation":59,"Whetstone":4,"Ancient Tea Set":0,"Smiling Mask":29,"Old Coin":26,"Dream Catcher":7,"Centennial Puzzle":66,"HornCleat":49,"Pantograph":5,"MealTicket":20,"VioletLotus":61,"Red Mask":59,"Kunai":64,"Runic Pyramid":43,"Lee\u0027s Waffle":45,"Pear":30,"Golden Idol":11,"Oddly Smooth Stone":11,"Damaru":66,"Eternal Feather":57,"PreservedInsect":11,"Orichalcum":40,"GoldenEye":5,"MawBank":27,"WarpedTongs":16,"Peace Pipe":32,"Anchor":66,"Ornamental Fan":20,"Bronze Scales":49,"Snecko Eye":23,"Bag of Marbles":33,"Membership Card":21,"Bottled Lightning":58,"PureWater":0,"NlothsMask":36,"Meat on the Bone":45},{"Gremlin Horn":154,"Torii":328,"Bag of Preparation":276,"Whetstone":15,"Ancient Tea Set":0,"Smiling Mask":142,"Old Coin":132,"Dream Catcher":28,"Centennial Puzzle":317,"HornCleat":239,"Pantograph":22,"MealTicket":104,"VioletLotus":288,"Red Mask":276,"Kunai":302,"Runic Pyramid":214,"Lee\u0027s Waffle":227,"Pear":147,"Golden Idol":57,"Oddly Smooth Stone":57,"Damaru":317,"Eternal Feather":271,"PreservedInsect":57,"Orichalcum":195,"GoldenEye":22,"MawBank":135,"WarpedTongs":84,"Peace Pipe":154,"Anchor":317,"Ornamental Fan":104,"Bronze Scales":239,"Snecko Eye":118,"Bag of Marbles":162,"Membership Card":106,"Bottled Lightning":273,"PureWater":0,"NlothsMask":172,"Meat on the Bone":227}],"Meat on the Bone":60},"card_choices":[{"not_picked":["Indignation","FlyingSleeves"],"picked":"CrushJoints","floor":1},{"not_picked":["FollowUp","FlyingSleeves"],"picked":"SashWhip","floor":4},{"not_picked":["Halt","ReachHeaven"],"picked":"ThirdEye","floor":5},{"not_picked":["ClearTheMind","Crescendo"],"picked":"Sanctity","floor":7},{"not_picked":["EmptyMind","Fasting2"],"picked":"Nirvana","floor":11},{"not_picked":["Halt","DeceiveReality"],"picked":"Tantrum","floor":13},{"not_picked":["Devotion","SpiritShield"],"picked":"Wish","floor":16},{"not_picked":["FlyingSleeves","Protect","Halt"],"picked":"SKIP","floor":18},{"not_picked":["ThirdEye","Swivel"],"picked":"Wallop+1","floor":19},{"not_picked":["FlurryOfBlows","Halt+1"],"picked":"ThirdEye","floor":21},{"not_picked":["PathToVictory","EmptyFist","JustLucky"],"picked":"SKIP","floor":22},{"not_picked":["Brilliance","Vengeance"],"picked":"EmptyFist+1","floor":24},{"not_picked":["PathToVictory","Consecrate","Tantrum"],"picked":"SKIP","floor":27},{"not_picked":["FlurryOfBlows","ForeignInfluence"],"picked":"Protect","floor":28},{"not_picked":["EmptyBody","CrushJoints"],"picked":"FearNoEvil","floor":31},{"not_picked":["Blasphemy","Ragnarok"],"picked":"Establishment","floor":33},{"not_picked":["Consecrate","Indignation","Prostrate"],"picked":"SKIP","floor":35},{"not_picked":["FollowUp","Consecrate"],"picked":"Wireheading+1","floor":39},{"not_picked":["SignatureMove","WindmillStrike"],"picked":"LikeWater","floor":40},{"not_picked":["EmptyBody+1","EmptyFist"],"picked":"Protect","floor":41},{"not_picked":["Brilliance","Consecrate+1"],"picked":"ThirdEye+1","floor":42},{"not_picked":["Deep Breath","Mind Blast"],"picked":"Blind","floor":45},{"not_picked":["Flash of Steel","Blind"],"picked":"Panache","floor":45},{"not_picked":["Transmutation","Jack Of All Trades"],"picked":"Flash of Steel","floor":45},{"not_picked":["ForeignInfluence","BowlingBash","SignatureMove+1"],"picked":"SKIP","floor":46},{"not_picked":["EmptyMind","Prostrate"],"picked":"Swivel","floor":47},{"not_picked":["Weave","Conclude+1"],"picked":"WaveOfTheHand","floor":48}],"player_experience":763834,"relics_obtained":[{"floor":7,"key":"HornCleat"},{"floor":9,"key":"Bronze Scales"},{"floor":13,"key":"PreservedInsect"},{"floor":24,"key":"Eternal Feather"},{"floor":26,"key":"Pear"},{"floor":27,"key":"Bottled Lightning"},{"floor":28,"key":"Red Mask"},{"floor":40,"key":"Kunai"},{"floor":42,"key":"Anchor"},{"floor":47,"key":"Torii"}],"event_choices":[{"damage_healed":0,"gold_gain":0,"player_choice":"Grow","damage_taken":0,"max_hp_gain":0,"max_hp_loss":0,"event_name":"Living Wall","floor":2,"gold_loss":0,"cards_upgraded":["CrushJoints"]},{"damage_healed":0,"gold_gain":0,"player_choice":"Donut","damage_taken":0,"max_hp_gain":5,"max_hp_loss":0,"event_name":"Big Fish","floor":3,"gold_loss":0},{"damage_healed":0,"gold_gain":0,"player_choice":"Searched \u00271\u0027 times","damage_taken":0,"max_hp_gain":0,"max_hp_loss":0,"event_name":"Dead Adventurer","floor":12,"gold_loss":0},{"cards_removed":["Strike_P"],"damage_healed":0,"gold_gain":0,"player_choice":"Card Removal","damage_taken":7,"max_hp_gain":0,"max_hp_loss":0,"event_name":"Golden Wing","floor":14,"gold_loss":0},{"damage_healed":0,"gold_gain":0,"player_choice":"Simplicity","damage_taken":0,"max_hp_gain":0,"max_hp_loss":0,"event_name":"Back to Basics","floor":20,"gold_loss":0,"cards_upgraded":["Strike_P","Strike_P","Defend_P","Defend_P","Defend_P","Defend_P"]},{"damage_healed":0,"gold_gain":0,"player_choice":"Fought Bandits","damage_taken":0,"max_hp_gain":0,"max_hp_loss":0,"event_name":"Masked Bandits","floor":28,"gold_loss":0},{"damage_healed":0,"gold_gain":0,"player_choice":"Ignored","damage_taken":0,"max_hp_gain":0,"max_hp_loss":0,"event_name":"Vampires","floor":30,"gold_loss":0},{"cards_removed":["Establishment"],"damage_healed":0,"gold_gain":0,"player_choice":"Removed Power","damage_taken":0,"max_hp_gain":0,"max_hp_loss":0,"event_name":"Falling","floor":36,"gold_loss":0},{"damage_healed":0,"gold_gain":222,"player_choice":"Wore Mask","damage_taken":0,"max_hp_gain":0,"max_hp_loss":0,"event_name":"Tomb of Lord Red Mask","floor":37,"gold_loss":0},{"damage_healed":0,"gold_gain":0,"cards_transformed":["Strike_P"],"player_choice":"Transformed","damage_taken":0,"max_hp_gain":0,"max_hp_loss":0,"event_name":"Transmorgrifier","floor":38,"gold_loss":0,"cards_obtained":["Sanctity"]},{"damage_healed":0,"gold_gain":0,"player_choice":"Memory 3","damage_taken":10,"max_hp_gain":0,"max_hp_loss":0,"event_name":"SensoryStone","floor":45,"gold_loss":0}],"is_beta":false,"boss_relics":[{"not_picked":["Runic Pyramid","Empty Cage"],"picked":"Snecko Eye"},{"not_picked":["Velvet Choker","Busted Crown"],"picked":"VioletLotus"}],"items_purged_floors":[10,29,44],"is_endless":false,"potions_floor_spawned":[1,7,11,16,21,24,27,31,35,41,47,48],"killed_by":"Time Eater","ascension_level":20}}