{"host":"ELF","time":1611043672,"event":{"mods":["BaseMod","Bestiary","Minty Spire (QoL Compilation)","Relic Stats","Slay the Relics Exporter"],"gold_per_floor":[110,123,123,36,36,36,36],"floor_reached":6,"language":"ENG","playtime":424,"items_purged":[],"score":68,"play_id":"0e6ff67d-3eae-4297-8e8a-5cb64e06cd2a","local_time":"20210119020752","is_ascension_mode":true,"campfire_choices":[],"circlet_count":0,"master_deck":["AscendersBane","Strike_G","Strike_G","Strike_G","Strike_G","Strike_G+1","Defend_G","Defend_G","Defend_G","Defend_G","Defend_G+1","Survivor","Neutralize","Riddle With Holes","Blade Dance","Dash"],"relics":["SacredBark","CeramicFish"],"acts_visited":["Exordium"],"potions_floor_usage":[],"damage_taken":[{"damage":2,"enemies":"Jaw Worm","floor":1,"turns":8},{"damage":11,"enemies":"Small Slimes","floor":2,"turns":5},{"damage":40,"enemies":"Lagavulin","floor":6,"turns":10}],"seed_played":"1808764199176301275","potions_obtained":[{"floor":1,"key":"CultistPotion"},{"floor":2,"key":"Swift Potion"}],"is_trial":false,"path_per_floor":["M","M","?","$","?","E"],"character_chosen":"THE_SILENT","items_purchased":["Dash"],"campfire_rested":0,"item_purchase_floors":[4],"current_hp_per_floor":[57,46,26,26,26,0,0],"gold":36,"neow_bonus":"BOSS_RELIC","is_daily":false,"chose_seed":false,"campfire_upgraded":0,"win_rate":0.0,"timestamp":1611043672,"path_taken":["M","M","?","$","?","E"],"items_purchased_type":["Card"],"build_version":"2020-12-18","purchased_purges":0,"victory":false,"max_hp_per_floor":[66,66,66,66,66,66,66],"relic_stats":{"counters":[3,23],"CeramicFish":0,"obtain_stats":[{"SacredBark":0,"CeramicFish":5,"Ring of the Snake":0},{"SacredBark":0,"CeramicFish":2,"Ring of the Snake":0},{"SacredBark":0,"CeramicFish":13,"Ring of the Snake":0}]},"card_choices":[{"not_picked":["Finisher","Flying Knee"],"picked":"Riddle With Holes","floor":1},{"not_picked":["Distraction","Dagger Throw"],"picked":"Blade Dance","floor":2}],"player_experience":3228987,"relics_obtained":[],"event_choices":[{"damage_healed":0,"gold_gain":0,"player_choice":"Entered Light","damage_taken":20,"max_hp_gain":0,"max_hp_loss":0,"event_name":"Shining Light","floor":3,"gold_loss":0,"cards_upgraded":["Defend_G","Strike_G"]},{"damage_healed":0,"gold_gain":0,"player_choice":"Gave Potion","damage_taken":0,"relics_obtained":["CeramicFish"],"max_hp_gain":0,"max_hp_loss":0,"event_name":"WeMeetAgain","floor":5,"gold_loss":0}],"is_beta":true,"boss_relics":[],"items_purged_floors":[],"is_endless":false,"potions_floor_spawned":[1,2],"killed_by":"Lagavulin","ascension_level":20}}