{"host":"ockkdcgl3b18tfz9","time":1611073305,"event":{"mods":["2.2 Compatiblity","BaseMod","Better Skull","Better Third Choice","BetterRewards","Hermit","Minty Spire (QoL Compilation)","Quick Restart","Replay The Spire","Spicy Shops","StSLib","SuperFastMode","The Jungle"],"gold_per_floor":[113,38,38,50,63,98,98,128,128,128,128,146,221,238,238,238,316,316,332,344,344,93,113,113,144,144,144],"floor_reached":26,"language":"ENG","playtime":599,"items_purged":[],"score":614,"play_id":"aa86a168-945f-4a9b-8ada-bd560a32e8d6","local_time":"20210119232145","is_ascension_mode":true,"campfire_choices":[{"floor":7,"key":"REST"},{"data":"Finisher","floor":10,"key":"SMITH"},{"floor":15,"key":"REST"},{"floor":16,"key":"RECALL"},{"data":"ReplayTheSpireMod:Scrap Shanks","floor":24,"key":"SMITH"}],"circlet_count":0,"master_deck":["AscendersBane","Strike_G","Strike_G","Strike_G","Strike_G","Defend_G","Defend_G","Defend_G","Defend_G","Defend_G","Survivor+1","Neutralize+1","Leg Sweep","Dagger Spray","Backflip","Endless Agony","Terror","Finisher+1","Concentrate","Hidden Blade","Acrobatics","Dagger Spray","ReplayTheSpireMod:Scrap Shanks+1","Cloak And Dagger","Night Terror","Blade Dance+1","Footwork","Backflip","Backflip","Blur","Blade Dance"],"relics":["Ring of the Snake","Membership Card","FossilizedHelix","Omamori","Orrery","PreservedInsect","ClockworkSouvenir","Gremlin Food","ReplayTheSpireMod:Shallot","Juzu Bracelet","StrikeDummy","Ring of Fury","ChewingGum","Replay:Rubber Ducky","BargainBundle","Chemical X","Oddly Smooth Stone"],"acts_visited":["Exordium","TheCity"],"potions_floor_usage":[6,17],"damage_taken":[{"damage":0,"enemies":"Jaw Worm","floor":1,"turns":4},{"damage":0,"enemies":"Small Slimes","floor":4,"turns":3},{"damage":0,"enemies":"2 Louse","floor":5,"turns":2},{"damage":2,"enemies":"3 Sentries","floor":6,"turns":6},{"damage":0,"enemies":"Lagavulin","floor":8,"turns":5},{"damage":0,"enemies":"2 Fungi Beasts","floor":12,"turns":2},{"damage":0,"enemies":"3 Louse","floor":14,"turns":1},{"damage":26,"enemies":"Hexaghost","floor":17,"turns":10},{"damage":0,"enemies":"Shell Parasite","floor":19,"turns":3},{"damage":7,"enemies":"2 Thieves","floor":20,"turns":4},{"damage":0,"enemies":"Snecko","floor":23,"turns":3},{"damage":20,"enemies":"Gremlin Leader","floor":25,"turns":8},{"damage":0,"enemies":"Cultist and Chosen","floor":26,"turns":6}],"seed_played":"-6397501139189919509","potions_obtained":[{"floor":1,"key":"Adrenaline Potion"},{"floor":4,"key":"Ancient Potion"},{"floor":6,"key":"Block Potion"},{"floor":23,"key":"Weak Potion"}],"is_trial":false,"path_per_floor":["M","$","?","M","M","E","R","E","T","R","?","M","?","M","R","R","B",null,"M","M","?","$","M","R","E","M"],"character_chosen":"THE_SILENT","items_purchased":["Membership Card","FossilizedHelix","Omamori","Orrery","PreservedInsect","ClockworkSouvenir","Gremlin Food","Replay:Rubber Ducky","Footwork","BargainBundle","Backflip","Chemical X"],"campfire_rested":2,"item_purchase_floors":[0,0,0,0,0,0,2,22,22,22,22,22],"current_hp_per_floor":[33,33,33,33,33,31,50,50,50,50,50,50,39,39,58,58,32,58,58,51,51,51,51,51,31,31,31],"gold":144,"neow_bonus":"","is_daily":false,"chose_seed":false,"campfire_upgraded":2,"win_rate":0.0,"timestamp":1611073305,"path_taken":["M","$","?","M","M","E","R","E","T","R","?","M","?","M","R","R","BOSS","M","M","?","$","M","R","E","M"],"items_purchased_type":["Relic","Relic","Relic","Relic","Relic","Relic","Relic","Relic","Card","Relic","Card","Relic"],"build_version":"2020-12-22","purchased_purges":0,"victory":false,"max_hp_per_floor":[66,66,66,66,66,66,66,66,66,66,66,66,66,66,66,66,66,66,66,66,66,66,66,66,66,66,66],"card_choices":[{"not_picked":["Sucker Punch","Dagger Throw"],"picked":"Leg Sweep","floor":0},{"not_picked":["Escape Plan","Backflip"],"picked":"Dagger Spray","floor":0},{"not_picked":["Toxin Wave","Expertise"],"picked":"Backflip","floor":0},{"not_picked":["Slice","Calculated Gamble"],"picked":"Endless Agony","floor":0},{"not_picked":["Leg Sweep","Deflect"],"picked":"Terror","floor":0},{"not_picked":["ReplayTheSpireMod:Scrap Shanks","Leg Sweep"],"picked":"Finisher","floor":1},{"not_picked":["Noxious Fumes","Atom Bomb"],"picked":"Concentrate","floor":4},{"not_picked":["Sucker Punch","Quick Slash"],"picked":"Hidden Blade","floor":5},{"not_picked":["Prepared","Bane"],"picked":"Acrobatics","floor":6},{"not_picked":["Deflect","Flying Knee"],"picked":"Dagger Spray","floor":8},{"not_picked":["Dodge and Roll","Backflip"],"picked":"ReplayTheSpireMod:Scrap Shanks","floor":12},{"not_picked":["Bouncing Flask","ReplayTheSpireMod:The Works"],"picked":"Cloak And Dagger","floor":14},{"not_picked":["Glass Knife","Atom Bomb"],"picked":"Night Terror","floor":17},{"not_picked":["Flechettes","Slice","Deadly Poison"],"picked":"SKIP","floor":19},{"not_picked":["Sneak Up","Underhanded Strike"],"picked":"Blade Dance+1","floor":20},{"not_picked":["Predator","Dodge and Roll"],"picked":"Blur","floor":23},{"not_picked":["Endless Agony","Backflip"],"picked":"Blade Dance","floor":25}],"player_experience":293531,"relics_obtained":[{"floor":6,"key":"ReplayTheSpireMod:Shallot"},{"floor":8,"key":"Juzu Bracelet"},{"floor":9,"key":"StrikeDummy"},{"floor":11,"key":"Ring of Fury"},{"floor":25,"key":"Oddly Smooth Stone"}],"event_choices":[{"damage_healed":33,"gold_gain":0,"player_choice":"Leave","damage_taken":0,"max_hp_gain":0,"max_hp_loss":66,"event_name":"betterThird:BetterShining","floor":3,"gold_loss":0},{"damage_healed":0,"gold_gain":75,"player_choice":"Gold","damage_taken":11,"max_hp_gain":0,"max_hp_loss":0,"event_name":"betterThird:BetterGoop","floor":13,"gold_loss":0},{"cards_removed":["Strike_G"],"damage_healed":0,"gold_gain":0,"player_choice":"Elegance","damage_taken":0,"max_hp_gain":0,"max_hp_loss":0,"event_name":"betterThird:BetterWriting","floor":21,"gold_loss":0}],"is_beta":false,"boss_relics":[{"not_picked":["Empty Cage","Runic Dome"],"picked":"ChewingGum"}],"items_purged_floors":[],"is_endless":false,"potions_floor_spawned":[1,4,6,8,23],"killed_by":"Cultist and Chosen","ascension_level":14}}