{"host":"h0xw20cia6ppa69g","time":1611050664,"event":{"mods":["AchievementEnabler","BaseMod","Colored Map","Filter the Spire","Googly Eyes","Minty Spire (QoL Compilation)","Relic Stats","StSLib","The Awakened One except there are too many feathers","everything is the same but u backflip on backflip"],"gold_per_floor":[119,219,230,242,317,346,346,375,430,430,443,443,471,482,482,586,586,603,603,603,603,226,226,243,273,273,298,313,134,134,145,145,250,250,268,282,282,293,316,316,316,350,377,411,253,263,212,222,222,222,222,222,16,49,49],"floor_reached":56,"language":"ENG","playtime":2405,"items_purged":["Writhe"],"score":1492,"play_id":"d74c393f-52ea-4e17-8993-d3216f70c4b6","local_time":"20210119040424","is_ascension_mode":true,"campfire_choices":[{"data":"Defragment","floor":7.0,"key":"SMITH"},{"data":"Zap","floor":10.0,"key":"SMITH"},{"data":"Sunder","floor":12.0,"key":"SMITH"},{"data":"Thunder Strike","floor":15.0,"key":"SMITH"},{"data":"Capacitor","floor":23,"key":"SMITH"},{"data":"Consume","floor":32,"key":"SMITH"},{"floor":40,"key":"RECALL"},{"floor":49,"key":"REST"},{"data":"Echo Form","floor":52,"key":"SMITH"}],"circlet_count":0,"master_deck":["Zap+1","Dualcast","Loop","Defragment+1","Conserve Battery","FTL","Skim+1","Thunder Strike+1","Chill","Sunder+1","Leap","Force Field","Capacitor+1","Darkness","Storm","Turbo","Leap","Electrodynamics","Turbo+1","Glacier","Storm","Coolheaded","Loop+1","Core Surge","Conserve Battery+1","Consume+1","Auto Shields+1","Multi-Cast","Ball Lightning+1","Stack+1","Capacitor","Turbo","Echo Form+1","Coolheaded+1","Turbo","Echo Form","Capacitor"],"relics":["Pandora\u0027s Box","Bottled Tornado","Bronze Scales","MealTicket","Tiny Chest","SlaversCollar","Akabeko","Omamori","Bag of Marbles","Mummified Hand","Pantograph","War Paint","Nuclear Battery","Smiling Mask","DataDisk","Dream Catcher","CaptainsWheel","Boot","Orichalcum"],"acts_visited":["Exordium","TheCity","TheBeyond","TheEnding"],"potions_floor_usage":[25,25,27,44,55,55,55],"damage_taken":[{"damage":0.0,"enemies":"2 Louse","floor":1.0,"turns":3.0},{"damage":0.0,"enemies":"Cultist","floor":3.0,"turns":3.0},{"damage":0.0,"enemies":"Small Slimes","floor":4.0,"turns":4.0},{"damage":0.0,"enemies":"Lagavulin","floor":6.0,"turns":7.0},{"damage":16.0,"enemies":"Gremlin Nob","floor":8.0,"turns":6.0},{"damage":0.0,"enemies":"3 Louse","floor":11.0,"turns":3.0},{"damage":8.0,"enemies":"3 Sentries","floor":13.0,"turns":5.0},{"damage":0.0,"enemies":"Exordium Wildlife","floor":14.0,"turns":2.0},{"damage":0.0,"enemies":"Slime Boss","floor":16.0,"turns":5.0},{"damage":13.0,"enemies":"Shell Parasite","floor":18.0,"turns":4.0},{"damage":0,"enemies":"3 Byrds","floor":24,"turns":4},{"damage":34,"enemies":"Slavers","floor":25,"turns":3},{"damage":5,"enemies":"Gremlin Leader","floor":27,"turns":5},{"damage":0,"enemies":"Sentry and Sphere","floor":28,"turns":4},{"damage":0,"enemies":"Snecko","floor":31,"turns":3},{"damage":0,"enemies":"Champ","floor":33,"turns":9},{"damage":6,"enemies":"3 Darklings","floor":35,"turns":3},{"damage":0,"enemies":"Orb Walker","floor":36,"turns":4},{"damage":10,"enemies":"Writhing Mass","floor":38,"turns":7},{"damage":4,"enemies":"Nemesis","floor":42,"turns":6},{"damage":38,"enemies":"Reptomancer","floor":44,"turns":6},{"damage":17,"enemies":"Maw","floor":46,"turns":5},{"damage":0,"enemies":"Transient","floor":48,"turns":5},{"damage":8,"enemies":"Awakened One","floor":50,"turns":15},{"damage":28,"enemies":"Shield and Spear","floor":54,"turns":5},{"damage":50,"enemies":"The Heart","floor":55,"turns":7}],"seed_played":"8266351703329643711","potions_obtained":[{"floor":1.0,"key":"ColorlessPotion"},{"floor":6.0,"key":"PowerPotion"},{"floor":8.0,"key":"Regen Potion"},{"floor":27,"key":"SpeedPotion"},{"floor":28,"key":"SmokeBomb"},{"floor":35,"key":"Fire Potion"},{"floor":36,"key":"FearPotion"},{"floor":42,"key":"SteroidPotion"},{"floor":46,"key":"LiquidMemories"}],"is_trial":false,"path_per_floor":["M","?","M","M","?","E","R","E","T","R","M","R","E","M","R","B",null,"M","?","?","?","$","R","M","E","T","E","M","$","T","M","R","B",null,"M","M","?","M","T","R","?","E","T","E","$","M","?","M","R","B",null,"R","$","E","B",null],"character_chosen":"DEFECT","items_purchased":["Omamori","Glacier","Storm","Consume","War Paint","Capacitor","Turbo","DuplicationPotion","Echo Form","FocusPotion"],"campfire_rested":1,"item_purchase_floors":[22,22,22,29,29,45,45,45,53,53],"current_hp_per_floor":[75,75,75,75,64,64,64,48,48,48,48,48,40,40,40,40,75,62,62,62,62,75,75,75,41,41,48,48,63,63,63,63,75,75,69,69,69,59,59,59,59,55,55,17,32,15,15,15,37,54,75,75,75,47,22],"gold":49,"neow_bonus":"BOSS_RELIC","is_daily":false,"chose_seed":false,"campfire_upgraded":7,"win_rate":0.0,"timestamp":1611050664,"path_taken":["M","?","?","?","?","E","R","E","T","R","M","R","E","M","R","BOSS","M","?","?","?","$","R","M","E","T","E","M","$","?","?","R","BOSS","M","M","?","?","?","R","?","E","T","E","$","M","?","M","R","BOSS","R","$","E","BOSS"],"items_purchased_type":["Relic","Card","Card","Card","Relic","Card","Card","Potion","Card","Potion"],"build_version":"2020-12-22","purchased_purges":1,"victory":true,"max_hp_per_floor":[75,75,75,75,75,75,75,75,75,75,75,75,75,75,75,75,75,75,75,75,75,75,75,75,75,75,75,75,75,75,75,75,75,75,75,75,75,75,75,75,75,75,75,75,75,75,75,75,75,75,75,75,75,75,75],"relic_stats":{"counters":[26,130],"War Paint":["Skim","Conserve Battery"],"Orichalcum":[0],"Smiling Mask":0,"Boot":[2],"Dream Catcher":1,"Mummified Hand":[127],"Bronze Scales":[426],"Pantograph":62,"Pandora\u0027s Box":["Loop","Defragment","Conserve Battery","FTL","Skim","Thunder Strike","Chill","Sunder"],"MealTicket":43,"Tiny Chest":2,"obtain_stats":[{"Omamori":22,"Bottled Tornado":6,"War Paint":29,"Orichalcum":54,"Smiling Mask":39,"Boot":47,"Akabeko":21,"Nuclear Battery":34,"SlaversCollar":17,"DataDisk":42,"Dream Catcher":43,"CaptainsWheel":44,"Mummified Hand":26,"Bronze Scales":8,"Pantograph":27,"Pandora\u0027s Box":0,"MealTicket":9,"Tiny Chest":13,"Bag of Marbles":25,"Cracked Core":0},{"Omamori":10,"Bottled Tornado":4,"War Paint":14,"Orichalcum":25,"Smiling Mask":19,"Boot":22,"Akabeko":10,"Nuclear Battery":16,"SlaversCollar":9,"DataDisk":20,"Dream Catcher":20,"CaptainsWheel":21,"Mummified Hand":12,"Bronze Scales":5,"Pantograph":13,"Pandora\u0027s Box":0,"MealTicket":5,"Tiny Chest":7,"Bag of Marbles":12,"Cracked Core":0},{"Omamori":41,"Bottled Tornado":17,"War Paint":57,"Orichalcum":123,"Smiling Mask":83,"Boot":98,"Akabeko":41,"Nuclear Battery":69,"SlaversCollar":37,"DataDisk":88,"Dream Catcher":88,"CaptainsWheel":93,"Mummified Hand":48,"Bronze Scales":23,"Pantograph":53,"Pandora\u0027s Box":0,"MealTicket":23,"Tiny Chest":30,"Bag of Marbles":48,"Cracked Core":0}]},"card_choices":[{"not_picked":["Stack","Hologram"],"picked":"Leap","floor":1.0},{"not_picked":["Lockon","Sunder"],"picked":"Force Field","floor":3.0},{"not_picked":["Consume","Turbo"],"picked":"Capacitor","floor":4.0},{"not_picked":["Hologram","Steam"],"picked":"Darkness","floor":6.0},{"not_picked":["Multi-Cast","Stack"],"picked":"Storm","floor":8.0},{"not_picked":["Undo","Conserve Battery"],"picked":"Turbo","floor":11.0},{"not_picked":["Hello World","Doom and Gloom","Double Energy"],"picked":"SKIP","floor":13.0},{"not_picked":["Chill","Aggregate"],"picked":"Leap","floor":14.0},{"not_picked":["Amplify","Meteor Strike"],"picked":"Electrodynamics","floor":16.0},{"not_picked":["Steam","Ball Lightning"],"picked":"Turbo+1","floor":18.0},{"not_picked":["Stack","Turbo"],"picked":"Coolheaded","floor":24},{"not_picked":["Heatsinks","Glacier+1"],"picked":"Loop+1","floor":25},{"not_picked":["Melter","Go for the Eyes"],"picked":"Core Surge","floor":27},{"not_picked":["Sweeping Beam","Redo+1"],"picked":"Conserve Battery","floor":28},{"not_picked":["Consume","Sweeping Beam"],"picked":"Auto Shields+1","floor":31},{"not_picked":["Buffer","All For One"],"picked":"Multi-Cast","floor":33},{"not_picked":["Sweeping Beam+1","Rebound","Sunder+1"],"picked":"SKIP","floor":35},{"not_picked":["Barrage+1","Leap+1","FTL"],"picked":"SKIP","floor":36},{"not_picked":["Darkness","Leap+1"],"picked":"Ball Lightning+1","floor":38},{"not_picked":["Fission","Gash+1","Barrage"],"picked":"SKIP","floor":42},{"not_picked":["Streamline","Redo"],"picked":"Stack+1","floor":44},{"not_picked":["Go for the Eyes+1","Self Repair"],"picked":"Echo Form","floor":46},{"not_picked":["Melter+1","Rebound+1"],"picked":"Coolheaded+1","floor":48},{"not_picked":["Double Energy","White Noise+1"],"picked":"Turbo","floor":49},{"not_picked":["Conserve Battery+1","Go for the Eyes"],"picked":"Capacitor","floor":54}],"player_experience":3728499,"relics_obtained":[{"floor":6.0,"key":"Bottled Tornado"},{"floor":8.0,"key":"Bronze Scales"},{"floor":9.0,"key":"MealTicket"},{"floor":13.0,"key":"Tiny Chest"},{"floor":25,"key":"Bag of Marbles"},{"floor":26,"key":"Mummified Hand"},{"floor":27,"key":"Pantograph"},{"floor":39,"key":"Smiling Mask"},{"floor":42,"key":"DataDisk"},{"floor":43,"key":"Dream Catcher"},{"floor":44,"key":"CaptainsWheel"},{"floor":54,"key":"Orichalcum"}],"event_choices":[{"damage_healed":0.0,"max_hp_gain":0.0,"max_hp_loss":0.0,"gold_gain":100.0,"event_name":"Golden Shrine","player_choice":"Pray","floor":2.0,"gold_loss":0.0,"damage_taken":0.0},{"damage_healed":0.0,"max_hp_gain":0.0,"max_hp_loss":0.0,"gold_gain":75.0,"event_name":"World of Goop","player_choice":"Gather Gold","floor":5.0,"gold_loss":0.0,"damage_taken":11.0},{"damage_healed":0.0,"max_hp_gain":0.0,"max_hp_loss":0.0,"gold_gain":0.0,"event_name":"Ghosts","player_choice":"Ignored","floor":19.0,"gold_loss":0.0,"damage_taken":0.0},{"damage_healed":0,"gold_gain":0,"player_choice":"Ignored","damage_taken":0,"max_hp_gain":0,"max_hp_loss":0,"event_name":"Beggar","floor":20,"gold_loss":0},{"damage_healed":0,"gold_gain":0,"player_choice":"Opened","damage_taken":0,"relics_obtained":["Akabeko"],"max_hp_gain":0,"max_hp_loss":0,"event_name":"The Mausoleum","floor":21,"gold_loss":0,"cards_obtained":["Writhe"]},{"damage_healed":0,"gold_gain":0,"player_choice":"Ignored","damage_taken":0,"max_hp_gain":0,"max_hp_loss":0,"event_name":"SecretPortal","floor":37,"gold_loss":0},{"damage_healed":0,"gold_gain":0,"player_choice":"Ignored","damage_taken":0,"max_hp_gain":0,"max_hp_loss":0,"event_name":"Tomb of Lord Red Mask","floor":41,"gold_loss":0},{"damage_healed":0,"gold_gain":0,"player_choice":"Paid Gold","damage_taken":0,"relics_obtained":["Boot"],"max_hp_gain":0,"max_hp_loss":0,"event_name":"WeMeetAgain","floor":47,"gold_loss":51}],"is_beta":false,"boss_relics":[{"not_picked":["Ectoplasm","Astrolabe"],"picked":"SlaversCollar"},{"not_picked":["Velvet Choker","SacredBark"],"picked":"Nuclear Battery"}],"items_purged_floors":[22],"is_endless":false,"potions_floor_spawned":[1,6,8,14,16,24,27,28,35,36,42,46,54],"ascension_level":1}}