{"host":"pjgcdp3h1plnbocs","time":1611057235,"event":{"mods":["AchievementEnabler","BaseMod","Colored Map","Downfall","Highlight Path","Minty Spire (QoL Compilation)","StSLib"],"gold_per_floor":[99,116,130,130,130,144,144,157,157,192,192,210,210,210,228,228,228,228],"floor_reached":16,"language":"ENG","playtime":639,"items_purged":[],"score":102,"play_id":"3a4d6945-3873-4592-aa2e-59d570cab615","local_time":"20210119125355","is_ascension_mode":false,"campfire_choices":[{"data":"hexamod:Sear","floor":1,"key":"SMITH"},{"data":"hexamod:TurnItUp","floor":9,"key":"SMITH"},{"data":"hexamod:Firestarter","floor":11,"key":"SMITH"}],"circlet_count":0,"master_deck":["hexamod:Strike+1","hexamod:Strike","hexamod:Strike+1","hexamod:Defend","hexamod:Defend","hexamod:Defend+1","hexamod:Defend","hexamod:Sear+1","hexamod:Float","hexamod:TurnItUp+1","hexamod:Firestarter+1","downfall:Malfunctioning","hexamod:Hexaguard","hexamod:FourthSeal"],"relics":["hexamod:SpiritBrand","Darkstone Periapt","Matryoshka"],"acts_visited":["Exordium"],"potions_floor_usage":[5,16,16],"damage_taken":[{"damage":2,"enemies":"2 Louse","floor":2,"turns":3},{"damage":0,"enemies":"Small Slimes","floor":3,"turns":4},{"damage":1,"enemies":"Cultist","floor":6,"turns":3},{"damage":11,"enemies":"Large Slime","floor":8,"turns":5},{"damage":10,"enemies":"Lagavulin","floor":10,"turns":6},{"damage":6,"enemies":"3 Louse","floor":12,"turns":4},{"damage":0,"enemies":"Exordium Wildlife","floor":15,"turns":4},{"damage":49,"enemies":"SI_SHIV_ARCHETYPE","floor":16,"turns":10}],"seed_played":"-3277577756008009670","potions_obtained":[{"floor":5,"key":"Fruit Juice"},{"floor":5,"key":"ColorlessPotion"},{"floor":5,"key":"EssenceOfSteel"},{"floor":8,"key":"DistilledChaos"},{"floor":10,"key":"Block Potion"}],"is_trial":false,"path_per_floor":["R","M","M","?","?","M","T","M","R","E","R","M","?","?","M","B"],"character_chosen":"THE_SPIRIT","items_purchased":[],"campfire_rested":0,"item_purchase_floors":[],"current_hp_per_floor":[70,68,68,68,73,72,72,61,61,51,51,45,45,45,45,0,0,0],"gold":228,"neow_bonus":"ONE_RANDOM_RARE_CARD","is_daily":false,"chose_seed":false,"campfire_upgraded":3,"win_rate":0.0,"timestamp":1611057235,"path_taken":["R","M","M","?","?","?","T","M","R","E","R","M","?","?","M","BOSS"],"items_purchased_type":[],"build_version":"2020-12-22","purchased_purges":0,"victory":false,"max_hp_per_floor":[70,70,70,70,75,75,75,75,75,75,75,75,75,75,75,75,75,75],"card_choices":[{"not_picked":["hexamod:NightmareGuise","hexamod:GhostLash","hexamod:SpectersWail"],"picked":"SKIP","floor":2},{"not_picked":["hexamod:InspiringFlames","hexamod:NightmareStrike"],"picked":"hexamod:Firestarter","floor":3},{"not_picked":["hexamod:GhostLash","hexamod:BurningTouch"],"picked":"hexamod:Hexaguard","floor":6},{"not_picked":["hexamod:FirstSeal","hexamod:HeatShield","hexamod:SpectralAdrenaline"],"picked":"SKIP","floor":8},{"not_picked":["hexamod:SpectralAdrenaline","hexamod:GhostOfSpirePast","hexamod:HauntingEcho"],"picked":"SKIP","floor":10},{"not_picked":["hexamod:GhostShield","hexamod:NightmareStrike","hexamod:GhostLash"],"picked":"SKIP","floor":12},{"not_picked":["hexamod:InspiringFlames","hexamod:ShieldOfDarkness"],"picked":"hexamod:FourthSeal","floor":15}],"player_experience":190559,"relics_obtained":[{"floor":7,"key":"Darkstone Periapt"},{"floor":10,"key":"Matryoshka"}],"event_choices":[{"damage_healed":0,"gold_gain":0,"player_choice":"Got Potions","damage_taken":0,"max_hp_gain":0,"max_hp_loss":0,"event_name":"Lab","floor":5,"gold_loss":0}],"is_beta":false,"boss_relics":[],"items_purged_floors":[],"is_endless":false,"potions_floor_spawned":[8,10,15],"killed_by":"SI_SHIV_ARCHETYPE","ascension_level":0}}