{"host":"ik8ww1p4uabx5gam","time":1611023162,"event":{"mods":["Always Whale","Aspiration","BaseMod","Beaked The Cultist","Better Third Choice","BetterRewards","Colored Map","Colored Powertips","Conspire","Energized Spire","FetchMod","GifTheSpireLib","Hubris","Infinite Spire","Ironclad Rager","Jedi Mod","Minty Spire (QoL Compilation)","Random Character Button","Replay The Spire","Shop Mod","Spicy Shops","Spikes Relics","StSLib","Stuff the Spire","The Blue Laboratory","The Gatherer","Wandering Minibosses","??????REMEMod"],"gold_per_floor":[110,110,121,134,134,152,187,205,230,230,240,240,281,299,299,406,406,432,372,372,372,385,385,410,425,425,425,453,465,494,494,494,597,597,608,619,301,317,317,317,351,362,413,448,793,804,804,829,829,929,929,934,934,267,279,278,278,296,296,296,296,315,315,315,330,330,416,416,423,423,426,421,421,437,437,442,465,465,494,494,531,579,579,727,727,786,786,850,725,794,884,968,1071,1122,1194,1194,1308,1308,1406,1406,1595,1595,1717,1717,1857,1857,1857,2004,2148,2148,2171,2340,2508,2685,2906,2856,2856,3153,3153,3374,3613,3618,3867,3867,4151,4151,4151,4151,4151,4436,4759,4759,5085,5085,5524,5524,5902,5902,6299,6748,7215,7710,7710,8244,8244,8244,8814,8870,8870,8870,8870,9555,9555,9555,9555,10214,10976],"floor_reached":158,"language":"ENG","playtime":5756,"items_purged":["StuffTheSpire:Perfection","Strike_R","Strike_R","StuffTheSpire:ClusterCrunch"],"score":6176,"play_id":"d75c33a8-accb-49da-a4df-862dd00f2bdf","local_time":"20210118202602","is_ascension_mode":true,"campfire_choices":[{"data":"ReplayTheSpireMod:Muscle Training","floor":10,"key":"SMITH"},{"data":"BarbarianYell","floor":12,"key":"SMITH"},{"data":"Adrenaline","floor":15,"key":"SMITH"},{"data":"Limit Break","floor":23,"key":"SMITH"},{"data":"REME_ACTH","floor":32,"key":"SMITH"},{"data":"infinitespire:Collect","floor":40,"key":"SMITH"},{"data":"Pot Of Greed","floor":47,"key":"SMITH"},{"floor":49,"key":"DIG"},{"data":"Massacre","floor":57,"key":"SMITH"},{"data":"Pot Of Greed","floor":59,"key":"SMITH"},{"data":"Pot Of Greed","floor":64,"key":"SMITH"},{"data":"REME_Cut","floor":66,"key":"SMITH"},{"data":"jedi:harder","floor":75,"key":"SMITH"},{"data":"StuffTheSpire:PestControl","floor":83,"key":"SMITH"},{"data":"Massacre+1","floor":96,"key":"SMITH"},{"data":"REME_Scribble","floor":100,"key":"SMITH"},{"data":"REME_Scribble+1","floor":110,"key":"SMITH"},{"data":"REME_Scribble+2","floor":117,"key":"SMITH"},{"data":"REME_Scribble+3","floor":126,"key":"SMITH"},{"data":"Massacre+2","floor":129,"key":"SMITH"},{"data":"Massacre+3","floor":132,"key":"SMITH"},{"floor":134,"key":"DIG"},{"data":"Massacre+4","floor":143,"key":"SMITH"},{"data":"Heavy Blade+1","floor":146,"key":"SMITH"},{"data":"infinitespire:Execution","floor":151,"key":"SMITH"},{"data":"Heavy Blade+2","floor":154,"key":"SMITH"}],"circlet_count":0,"master_deck":["conspire:GhostlyDefend+1","conspire:GhostlyDefend","conspire:GhostlyDefend+1","Adrenaline+1","jedi:unlimitedpower","BarbarianYell+1","ReplayTheSpireMod:Muscle Training+1","Survivor","Neutralize","Replay:Undeath\u0027s Touch","Limit Break+1","Replay:Undeath\u0027s Touch+1","ReplayTheSpireMod:Limb From Limb","infinitespire:Collect+1","REME_ACTH+1","Pot Of Greed+1","Pot Of Greed+1","Heavy Blade+3","Invigoration+1","conspire:Charge+1","Replay:Many Hands","Reaper+1","Pot Of Greed+1","Massacre+5","REME_Cut+1","jedi:harder+1","REME_Fury+1","Spreading Infection","Decay","Sickly","Pot Of Greed","Pain","REME_Scribble+4","Regret","Absolvement+1","infinitespire:Execution+1","Offering"],"relics":["Burning Blood","REME_ComplimentaryCards","hubris:Towel","aspiration:EmptySkull","BicycleWheel","Replay:Bronze Core","hubris:Icosahedron","LugNut","SuspiciousGoo","Black Blood","Replay:Bottled Eggs","jedi:archwizardhat","jedi:crownofsimplicity","hubris:FunFungus","hubris:Stopwatch","StuffTheSpire:ForceGauntlet","Grinning Jar","wanderingMiniBosses:AbyssPearl","Ancient Tea Set","Du-Vu Doll","Old Coin","Singing Bowl","Champion Belt","aspiration:RitualDagger","infinitespire:CheckeredPen","Bottled Tornado","StuffTheSpire:Wildfire","Paper Frog","ShockBauble","StuffTheSpire:RedRose","StuffTheSpire:CocoNut","Replay:Grab Bag","energizedSpire:NeverEndingSparkler","REME_ChargedStone","Replay:Baseball","Potion Belt","hubris:FruitBowl","hubris:EvacipatedBox","Guide Book","RollingBoulder","Replay:Bandana","HornCleat","aspiration:Stabinomicon","infinitespire:EvilPickle","Replay:Ancient Bell","PreservedInsect","ReplayTheSpireMod:Ninjato","conspire:InfiniteJournal","WarpedTongs","ReplayTheSpireMod:Spearhead","MealTicket","Nunchaku","Smiling Mask","aspiration:RandomNobGenerator","Bag of Preparation","hubris:ToyBattleship","Omamori","hubris:ChampionShield","Replay:Kaleidoscope","conspire:RunicOctahedron","MerchantsRug","hubris:BottledHeart","StuffTheSpire:SapphireSignet","Matryoshka","Replay:Mystery Machine","hubris:TenFootPole","infinitespire:EvilPickle","aspiration:SecretTechniqueScroll","Calipers","Mummified Hand","StuffTheSpire:GrapeVine","Peace Pipe","Garlic","infinitespire:Golems Mask","Empty Cage","Akabeko"],"acts_visited":["Exordium","TheCity","TheBeyond","Exordium","TheCity","TheBeyond","Exordium","TheCity","TheBeyond","TheEnding"],"potions_floor_usage":[13,25,25,28,74,90,99,108,118,157,157,157,157],"damage_taken":[{"damage":0,"enemies":"Small Slimes","floor":1,"turns":3},{"damage":4,"enemies":"Cultist","floor":3,"turns":3},{"damage":1,"enemies":"Jaw Worm","floor":4,"turns":4},{"damage":7,"enemies":"Exordium Wildlife","floor":6,"turns":4},{"damage":13,"enemies":"Gremlin Nob","floor":7,"turns":2},{"damage":2,"enemies":"Exordium Thugs","floor":11,"turns":4},{"damage":13,"enemies":"Lagavulin","floor":13,"turns":3},{"damage":10,"enemies":"Blue Slaver","floor":14,"turns":2},{"damage":14,"enemies":"The Guardian","floor":16,"turns":8},{"damage":5,"enemies":"Spheric Guardian","floor":18,"turns":3},{"damage":16,"enemies":"2 Thieves","floor":22,"turns":3},{"damage":20,"enemies":"Gremlin Leader","floor":24,"turns":7},{"damage":5,"enemies":"Snecko","floor":25,"turns":2},{"damage":2,"enemies":"Book of Stabbing","floor":28,"turns":2},{"damage":3,"enemies":"Cultist and Chosen","floor":29,"turns":2},{"damage":1,"enemies":"Nightmare","floor":30,"turns":1},{"damage":2,"enemies":"Automaton","floor":33,"turns":3},{"damage":15,"enemies":"3 Shapes","floor":35,"turns":2},{"damage":2,"enemies":"3 Darklings","floor":36,"turns":2},{"damage":2,"enemies":"Jaw Worm Horde","floor":38,"turns":2},{"damage":0,"enemies":"beaked:SuperParasite","floor":41,"turns":2},{"damage":44,"enemies":"Spire Growth","floor":42,"turns":3},{"damage":3,"enemies":"R_Hoarder","floor":44,"turns":3},{"damage":3,"enemies":"2 Orb Walkers","floor":45,"turns":2},{"damage":0,"enemies":"Sphere and 2 Shapes","floor":46,"turns":1},{"damage":0,"enemies":"conspire:MimicChest","floor":48,"turns":2},{"damage":5,"enemies":"conspire:OrnateMirror","floor":50,"turns":1},{"damage":3,"enemies":"Small Slimes","floor":52,"turns":1},{"damage":4,"enemies":"2 Louse","floor":53,"turns":1},{"damage":3,"enemies":"Cultist","floor":55,"turns":1},{"damage":3,"enemies":"Gremlin Gang","floor":56,"turns":1},{"damage":3,"enemies":"Gremlin Nob","floor":58,"turns":1},{"damage":3,"enemies":"3 Sentries","floor":62,"turns":1},{"damage":3,"enemies":"Gremlin Nob","floor":65,"turns":1},{"damage":3,"enemies":"Slime Boss","floor":67,"turns":1},{"damage":3,"enemies":"Shell Parasite","floor":69,"turns":1},{"damage":3,"enemies":"2 Thieves","floor":71,"turns":1},{"damage":9,"enemies":"Centurion and Healer","floor":72,"turns":2},{"damage":13,"enemies":"Gremlin Leader","floor":74,"turns":2},{"damage":6,"enemies":"Snecko","floor":76,"turns":2},{"damage":66,"enemies":"Slavers","floor":79,"turns":2},{"damage":3,"enemies":"Snake Plant","floor":81,"turns":1},{"damage":3,"enemies":"Book of Stabbing","floor":82,"turns":1},{"damage":10,"enemies":"Pondfish","floor":84,"turns":2},{"damage":9,"enemies":"Orb Walker","floor":86,"turns":2},{"damage":3,"enemies":"3 Shapes","floor":88,"turns":1},{"damage":7,"enemies":"Jaw Worm Horde","floor":90,"turns":1},{"damage":9,"enemies":"Reptomancer","floor":91,"turns":1},{"damage":3,"enemies":"3 Darklings","floor":92,"turns":1},{"damage":3,"enemies":"Nightmare","floor":93,"turns":1},{"damage":6,"enemies":"4 Shapes","floor":95,"turns":1},{"damage":3,"enemies":"beaked:SuperParasite","floor":97,"turns":1},{"damage":23,"enemies":"Transient","floor":99,"turns":2},{"damage":9,"enemies":"infinitespire:MassOfShapes","floor":101,"turns":1},{"damage":30,"enemies":"2 Louse","floor":103,"turns":2},{"damage":3,"enemies":"Small Slimes","floor":105,"turns":1},{"damage":3,"enemies":"Nightmare","floor":108,"turns":1},{"damage":3,"enemies":"Cultist","floor":109,"turns":1},{"damage":18,"enemies":"Lagavulin","floor":112,"turns":2},{"damage":6,"enemies":"Looter","floor":113,"turns":1},{"damage":3,"enemies":"Exordium Wildlife","floor":114,"turns":1},{"damage":7,"enemies":"3 Sentries","floor":115,"turns":1},{"damage":13,"enemies":"Fading Forest","floor":118,"turns":2},{"damage":3,"enemies":"Shell Parasite","floor":120,"turns":1},{"damage":17,"enemies":"3 Byrds","floor":121,"turns":1},{"damage":21,"enemies":"Centurion and Healer","floor":123,"turns":1},{"damage":0,"enemies":"Slavers","floor":125,"turns":1},{"damage":0,"enemies":"Cultist and Chosen","floor":130,"turns":1},{"damage":0,"enemies":"Gremlin Leader","floor":131,"turns":1},{"damage":0,"enemies":"3 Cultists","floor":133,"turns":2},{"damage":0,"enemies":"Pondfish","floor":135,"turns":2},{"damage":0,"enemies":"3 Darklings","floor":137,"turns":2},{"damage":0,"enemies":"Orb Walker","floor":139,"turns":1},{"damage":0,"enemies":"Transient","floor":140,"turns":3},{"damage":0,"enemies":"Sphere and 2 Shapes","floor":141,"turns":1},{"damage":0,"enemies":"Giant Head","floor":142,"turns":1},{"damage":0,"enemies":"R_Hoarder","floor":144,"turns":1},{"damage":0,"enemies":"Nemesis","floor":147,"turns":1},{"damage":0,"enemies":"2 Orb Walkers","floor":148,"turns":2},{"damage":0,"enemies":"conspire:OrnateMirror","floor":152,"turns":2},{"damage":0,"enemies":"Shield and Spear","floor":156,"turns":1},{"damage":0,"enemies":"The Heart","floor":157,"turns":5}],"seed_played":"5352053555153985523","potions_obtained":[{"floor":4,"key":"blueLaboratory:NullPotion"},{"floor":7,"key":"PowerPotion"},{"floor":24,"key":"Flashbang"},{"floor":25,"key":"Adrenaline Potion"},{"floor":33,"key":"blueLaboratory:PhilterOfMotion"},{"floor":36,"key":"Block Potion"},{"floor":38,"key":"Weak Potion"},{"floor":46,"key":"ElixirPotion"},{"floor":50,"key":"Toxic Potion"},{"floor":58,"key":"blueLaboratory:SmithPotion"},{"floor":76,"key":"BlessingOfTheForge"},{"floor":81,"key":"SpeedPotion"},{"floor":82,"key":"Venom Potion"},{"floor":84,"key":"FearPotion"},{"floor":88,"key":"REME_GoldPotion"},{"floor":90,"key":"PowerPotion"},{"floor":93,"key":"infinitespire:BlackPotion"},{"floor":101,"key":"Swift Potion"},{"floor":113,"key":"blueLaboratory:FrostheartPotion"},{"floor":118,"key":"Flashbang"},{"floor":123,"key":"Strength Potion"}],"is_trial":false,"path_per_floor":["M","?","M","M","?","M","E","?","T","R","M","R","E","M","R","B",null,"M","?","?","?","M","R","E","M","T","AVR","E","M","NM","T","R","B",null,"M","M","$","M","?","R","E","M","T","E","?","M","R","?","R_BF","B",null,"M","M","$","M","M","R","E","R","T","?","E","?","R","E","R","B",null,"M","?","M","M","?","E","R","M","T","$","E","?","M","E","R","B",null,"M","?","M","$","M","E","M","NM","T","M","R","E","?","M","R","B",null,"M","?","M","$","?","NM","M","R","T","E","M","M","E","?","R","B",null,"M","M","$","M","?","E","R","?","T","R","M","E","R","M","R_BF","B",null,"M","$","M","M","M","E","R","E","T","R","E","?","?","?","R","B",null,"R","$","E","B",null],"character_chosen":"IRONCLAD","items_purchased":["StuffTheSpire:ForceGauntlet","infinitespire:CheckeredPen","Bottled Tornado","Reaper","hubris:FruitBowl","hubris:EvacipatedBox","Guide Book","RollingBoulder","Replay:Bandana","HornCleat","MerchantsRug"],"campfire_rested":0,"item_purchase_floors":[37,54,54,54,78,78,78,78,78,78,122],"current_hp_per_floor":[62,62,64,69,69,68,61,61,61,61,65,65,58,54,54,46,80,80,80,80,80,70,70,56,57,57,57,73,80,83,83,83,83,83,83,83,83,83,83,83,83,61,61,83,88,91,91,93,93,96,96,101,106,106,111,114,114,119,119,119,119,122,122,122,134,134,139,139,144,144,147,149,149,151,151,153,153,69,111,91,113,135,135,152,173,176,176,183,183,190,197,204,211,211,218,218,225,225,227,227,239,239,242,242,257,257,257,267,274,274,274,283,290,297,310,310,310,320,320,327,331,331,342,1,1,1,1,1,1,1,1,1,1,1,1,1,1,1,1,1,1,1,1,1,1,1,1,1,1,1,1,1,1,1,1,1,1],"gold":10976,"neow_bonus":"THREE_RARE_CARDS","is_daily":false,"chose_seed":false,"campfire_upgraded":24,"win_rate":0.0,"timestamp":1611023162,"path_taken":["M","?","M","?","?","M","E","?","T","R","M","R","E","M","R","BOSS","M","?","?","?","?","R","E","M","T","AVR","E","M","NM","?","R","BOSS","M","M","$","M","?","R","E","?","T","E","?","M","R","?","R_BF","BOSS","M","?","$","?","?","R","E","R","T","?","E","?","R","E","R","BOSS","M","?","M","?","?","E","R","?","T","?","E","?","M","E","R","BOSS","M","?","M","$","M","E","M","NM","T","?","R","E","?","M","R","BOSS","M","?","M","$","?","NM","?","R","T","E","M","M","E","?","R","BOSS","M","M","$","M","?","E","R","?","T","R","M","E","R","M","R_BF","BOSS","M","$","M","M","?","E","R","E","T","R","E","?","?","?","R","BOSS","R","$","E","BOSS"],"items_purchased_type":["Relic","Relic","Relic","Card","Relic","Relic","Relic","Relic","Relic","Relic","Relic"],"build_version":"2020-12-22","purchased_purges":4,"victory":true,"max_hp_per_floor":[80,80,80,80,80,80,80,80,80,80,80,80,80,80,80,80,80,80,80,80,80,80,80,80,80,80,80,80,80,83,83,83,83,83,83,83,83,83,83,83,83,83,83,88,88,91,91,93,93,96,96,101,106,106,111,114,114,119,119,119,119,122,122,122,134,134,139,139,144,144,147,149,149,151,151,153,153,153,156,156,163,170,170,173,173,176,176,183,183,190,197,204,211,211,218,218,225,225,232,232,239,239,250,250,257,257,257,267,274,274,274,283,290,297,310,310,310,320,320,327,331,331,345,1,1,1,1,1,1,1,1,1,1,1,1,1,1,1,1,1,1,1,1,1,1,1,1,1,1,1,1,1,1,1,1,1,1],"card_choices":[{"not_picked":["Demonic Infusion","StuffTheSpire:TitanForm"],"picked":"jedi:unlimitedpower","floor":0},{"not_picked":["ReplayTheSpireMod:Corrosion Curse","Wild Strike"],"picked":"BarbarianYell","floor":1},{"not_picked":["jedi:suffering","Dark Embrace","Sword Boomerang"],"picked":"SKIP","floor":3},{"not_picked":["StuffTheSpire:BloodClot","Iron Wave"],"picked":"ReplayTheSpireMod:Muscle Training","floor":4},{"not_picked":["Uppercut","Wild Strike","Flame Barrier"],"picked":"SKIP","floor":6},{"not_picked":["StuffTheSpire:RockThrow","StuffTheSpire:Slingshot","Wild Strike"],"picked":"SKIP","floor":7},{"not_picked":["ReplayTheSpireMod:Strike From Hell","Headbutt","Clothesline"],"picked":"SKIP","floor":11},{"not_picked":["Inflame","Rupture"],"picked":"Replay:Undeath\u0027s Touch","floor":13},{"not_picked":["ReplayTheSpireMod:Strike From Hell","Thunderclap","Wild Strike"],"picked":"SKIP","floor":14},{"not_picked":["Impervious","Bludgeon"],"picked":"Limit Break","floor":16},{"not_picked":["Run Through","Body Slam"],"picked":"Replay:Undeath\u0027s Touch","floor":18},{"not_picked":["StuffTheSpire:CelestialWarden","StuffTheSpire:BrainWave"],"picked":"StuffTheSpire:Perfection","floor":20},{"not_picked":["Pommel Strike","Anger","Warcry"],"picked":"SKIP","floor":22},{"not_picked":["ReplayTheSpireMod:LeadingStrike","Iron Wave"],"picked":"ReplayTheSpireMod:Limb From Limb","floor":24},{"not_picked":["Clash","StuffTheSpire:RagingBull","True Grit"],"picked":"SKIP","floor":25},{"not_picked":["Wild Strike","Twin Strike"],"picked":"REME_ACTH","floor":28},{"not_picked":["Intimidate","infinitespire:OneForAll+1","Pommel Strike"],"picked":"SKIP","floor":29},{"not_picked":["Berserk","Perfected Strike","Body Slam+1"],"picked":"SKIP","floor":30},{"not_picked":["Sword Boomerang","jedi:fear+1","StuffTheSpire:BloodClot+1"],"picked":"SKIP","floor":35},{"not_picked":["StuffTheSpire:BloodClot+1","Feed","StuffTheSpire:Incineration"],"picked":"SKIP","floor":36},{"not_picked":["Anger+1","hubris:ReadiedAction+1","Reckless Charge+1"],"picked":"SKIP","floor":38},{"not_picked":["Battle Trance","Flex"],"picked":"Heavy Blade+1","floor":41},{"not_picked":["jedi:harder","hubris:CleavingFinish+1"],"picked":"Invigoration+1","floor":42},{"not_picked":["Replay:Undeath\u0027s Touch","hubris:SharpeningStone+1","Anger"],"picked":"SKIP","floor":44},{"not_picked":["hubris:ReadiedAction+1","Dual Wield"],"picked":"conspire:Charge+1","floor":45},{"not_picked":["Twin Strike+1","StuffTheSpire:Slingshot+1","Clash"],"picked":"SKIP","floor":46},{"not_picked":["Body Slam","conspire:Purge","ReplayReversal"],"picked":"Singing Bowl","floor":48},{"not_picked":["Feed","Bludgeon"],"picked":"Replay:Many Hands","floor":50},{"not_picked":["Wild Strike","jedi:collectorstrike","ReplayTheSpireMod:LeadingStrike"],"picked":"Singing Bowl","floor":52},{"not_picked":["infinitespire:OneForAll","Searing Blow","Twin Strike"],"picked":"Singing Bowl","floor":53},{"not_picked":["StuffTheSpire:Resist","Armaments","Cleave"],"picked":"Singing Bowl","floor":55},{"not_picked":["Anger","Dark Embrace"],"picked":"Massacre","floor":56},{"not_picked":["jedi:bloodyhammer","Infernal Blade","Body Slam"],"picked":"Singing Bowl","floor":58},{"not_picked":["hubris:ReadiedAction","jedi:fear"],"picked":"REME_Cut","floor":62},{"not_picked":["ReplayTheSpireMod:Corrosion Curse","StuffTheSpire:Pyroclast","jedi:unlimitedpower"],"picked":"Singing Bowl","floor":65},{"not_picked":["hubris:Rewind","hubris:InfiniteBlow+3","infinitespire:FinalStrike"],"picked":"Singing Bowl","floor":67},{"not_picked":["conspire:HitWhereItHurts","hubris:StunningStrike"],"picked":"jedi:harder","floor":67},{"not_picked":["Clash","hubris:SharpeningStone","Uppercut+1"],"picked":"Singing Bowl","floor":69},{"not_picked":["Flex","Thunderclap"],"picked":"REME_Fury","floor":71},{"not_picked":["ReplayTheSpireMod:Strike From Hell","conspire:ExplosiveBarrier","Infernal Blade"],"picked":"Singing Bowl","floor":72},{"not_picked":["conspire:Purge","REME_Cut","Sword Boomerang"],"picked":"Singing Bowl","floor":74},{"not_picked":["Ghostly Armor","ReplayTheSpireMod:Strike From Hell","StuffTheSpire:RockThrow"],"picked":"Singing Bowl","floor":76},{"not_picked":["Flex","Heavy Blade","Clothesline"],"picked":"Singing Bowl","floor":79},{"not_picked":["StuffTheSpire:Incineration","REME_SingleHolding","jedi:fear"],"picked":"Singing Bowl","floor":81},{"not_picked":["jedi:hate","StuffTheSpire:RagingBull+1","StuffTheSpire:RockThrow"],"picked":"Singing Bowl","floor":82},{"not_picked":["Eclipse","conspire:HitWhereItHurts","jedi:bloodyhammer"],"picked":"Singing Bowl","floor":84},{"not_picked":["conspire:NecroticWound","hubris:Envy"],"picked":"Spreading Infection","floor":85},{"not_picked":["Regret","hubris:Despair"],"picked":"Decay","floor":85},{"not_picked":["Hatred","Looming Evil"],"picked":"Sickly","floor":85},{"not_picked":["Uppercut+1","Armaments+1","Reckless Charge"],"picked":"Singing Bowl","floor":86},{"not_picked":["Fire Breathing","Thunderclap","Iron Wave"],"picked":"Singing Bowl","floor":88},{"not_picked":["StuffTheSpire:Resist","Cleave+1","Invigoration"],"picked":"Singing Bowl","floor":90},{"not_picked":["StuffTheSpire:Incineration+1","Cleave","Wild Strike+1"],"picked":"Singing Bowl","floor":91},{"not_picked":["True Grit+1","Sword Boomerang","Replay:Undeath\u0027s Touch"],"picked":"Singing Bowl","floor":92},{"not_picked":["Run Through+1","Clash","StuffTheSpire:Incineration+1"],"picked":"Singing Bowl","floor":93},{"not_picked":["Body Slam+1","Evolve","Thunderclap+1"],"picked":"Singing Bowl","floor":95},{"not_picked":["Pommel Strike+1","jedi:fear+1","Clash"],"picked":"Singing Bowl","floor":97},{"not_picked":["StuffTheSpire:Incineration+1","Armaments+1","Thunderclap"],"picked":"Singing Bowl","floor":99},{"not_picked":["Demon Form","conspire:HitWhereItHurts","REME_ACTH"],"picked":"Singing Bowl","floor":101},{"not_picked":["jedi:fear","StuffTheSpire:Slingshot","Pommel Strike"],"picked":"Singing Bowl","floor":103},{"not_picked":["StuffTheSpire:Pyroclast","jedi:hate","Heavy Blade"],"picked":"Singing Bowl","floor":105},{"not_picked":["True Grit","Double Tap","Massacre"],"picked":"Singing Bowl","floor":108},{"not_picked":["ReplayTheSpireMod:Echoes of Time","infinitespire:FinalStrike","infinitespire:DeathsTouch"],"picked":"Singing Bowl","floor":108},{"not_picked":["hubris:CleavingFinish","Seeing Red","StuffTheSpire:RockThrow"],"picked":"Singing Bowl","floor":109},{"not_picked":["Warcry","Seeing Red","Thunderclap"],"picked":"Singing Bowl","floor":112},{"not_picked":["Barricade","Replay:Undeath\u0027s Touch","Dual Wield"],"picked":"Singing Bowl","floor":113},{"not_picked":["StuffTheSpire:Incineration","ReplayTheSpireMod:Strike From Hell","Defy Death"],"picked":"Singing Bowl","floor":114},{"not_picked":["Metallicize","Headbutt","Cleave"],"picked":"Singing Bowl","floor":115},{"not_picked":["REME_Fury","Demonic Infusion","Barricade"],"picked":"Singing Bowl","floor":118},{"not_picked":["Warcry","Armaments","Flex"],"picked":"Singing Bowl","floor":120},{"not_picked":["Cleave+1","Abandon"],"picked":"Absolvement+1","floor":121},{"not_picked":["Reaper","StuffTheSpire:Resist+1","Carnage+1"],"picked":"Singing Bowl","floor":123},{"not_picked":["Second Wind","Run Through","True Grit"],"picked":"Singing Bowl","floor":125},{"not_picked":["BarbarianYell","Flex","Replay:Undeath\u0027s Touch"],"picked":"Singing Bowl","floor":130},{"not_picked":["Clash","ReplayTheSpireMod:Corrosion Curse","Thunderclap"],"picked":"Singing Bowl","floor":131},{"not_picked":["Heavy Blade+1","jedi:fear","Body Slam"],"picked":"Singing Bowl","floor":133},{"not_picked":["REME_Fury","Impervious","jedi:harder"],"picked":"Singing Bowl","floor":135},{"not_picked":["hubris:SharpeningStone","Anger","Fiend Fire"],"picked":"Singing Bowl","floor":137},{"not_picked":["Armaments+1","Clash+1","Havoc"],"picked":"Singing Bowl","floor":139},{"not_picked":["Metallicize","Sword Boomerang","Disarm+1"],"picked":"Singing Bowl","floor":140},{"not_picked":["Sword Boomerang","Headbutt+1","hubris:ReadiedAction+1"],"picked":"Singing Bowl","floor":141},{"not_picked":["Sword Boomerang+1","REME_Cut+1","Bludgeon"],"picked":"Singing Bowl","floor":142},{"not_picked":["Rupture","Dual Wield+1","ReplayTheSpireMod:Limb From Limb"],"picked":"Singing Bowl","floor":144},{"not_picked":["Seeing Red","Clash+1","hubris:ReadiedAction"],"picked":"Singing Bowl","floor":147},{"not_picked":["hubris:ReadiedAction","REME_SingleHolding","Armaments"],"picked":"Singing Bowl","floor":148},{"not_picked":["ReplayTheSpireMod:Haul","ReplayTheSpireMod:Chaos Vortex"],"picked":"infinitespire:Execution","floor":149},{"not_picked":["Berserk","Demonic Infusion","Double Tap"],"picked":"Singing Bowl","floor":152},{"not_picked":["Feed","Absolvement","jedi:fear"],"picked":"Singing Bowl","floor":156},{"not_picked":["Fiend Fire","jedi:harder"],"picked":"Offering","floor":157}],"player_experience":1011350,"relics_obtained":[{"floor":7,"key":"CeramicFish"},{"floor":9,"key":"aspiration:EmptySkull"},{"floor":13,"key":"BicycleWheel"},{"floor":24,"key":"LugNut"},{"floor":26,"key":"SuspiciousGoo"},{"floor":28,"key":"jedi:archwizardhat"},{"floor":30,"key":"jedi:crownofsimplicity"},{"floor":31,"key":"hubris:FunFungus"},{"floor":41,"key":"Grinning Jar"},{"floor":42,"key":"wanderingMiniBosses:AbyssPearl"},{"floor":43,"key":"Ancient Tea Set"},{"floor":44,"key":"Du-Vu Doll"},{"floor":45,"key":"Old Coin"},{"floor":48,"key":"Singing Bowl"},{"floor":49,"key":"Champion Belt"},{"floor":58,"key":"StuffTheSpire:Wildfire"},{"floor":60,"key":"Paper Frog"},{"floor":62,"key":"ShockBauble"},{"floor":65,"key":"StuffTheSpire:CocoNut"},{"floor":74,"key":"Replay:Baseball"},{"floor":77,"key":"Potion Belt"},{"floor":82,"key":"aspiration:Stabinomicon"},{"floor":91,"key":"ReplayTheSpireMod:Spearhead"},{"floor":93,"key":"MealTicket"},{"floor":94,"key":"Nunchaku"},{"floor":97,"key":"Smiling Mask"},{"floor":108,"key":"hubris:ToyBattleship"},{"floor":111,"key":"Omamori"},{"floor":112,"key":"hubris:ChampionShield"},{"floor":115,"key":"Replay:Kaleidoscope"},{"floor":125,"key":"StuffTheSpire:SapphireSignet"},{"floor":128,"key":"Matryoshka"},{"floor":131,"key":"Replay:Mystery Machine"},{"floor":134,"key":"hubris:TenFootPole"},{"floor":142,"key":"Calipers"},{"floor":144,"key":"Mummified Hand"},{"floor":145,"key":"StuffTheSpire:GrapeVine"},{"floor":145,"key":"Peace Pipe"},{"floor":147,"key":"Garlic"},{"floor":148,"key":"infinitespire:Golems Mask"},{"floor":156,"key":"Akabeko"}],"event_choices":[{"cards_removed":["Strike_R"],"damage_healed":0,"gold_gain":0,"player_choice":"Purged","damage_taken":0,"max_hp_gain":0,"max_hp_loss":0,"event_name":"Purifier","floor":2,"gold_loss":0},{"damage_healed":0,"gold_gain":0,"player_choice":"Ignored","damage_taken":0,"max_hp_gain":0,"max_hp_loss":0,"event_name":"Transmorgrifier","floor":39,"gold_loss":0},{"damage_healed":0,"gold_gain":0,"player_choice":"Fight","damage_taken":0,"max_hp_gain":0,"max_hp_loss":0,"event_name":"Mysterious Sphere","floor":45,"gold_loss":0},{"damage_healed":0,"gold_gain":0,"player_choice":"Agree","damage_taken":0,"max_hp_gain":0,"max_hp_loss":0,"event_name":"conspire:LoneGhost","floor":61,"gold_loss":0},{"cards_removed":["Regret"],"damage_healed":0,"gold_gain":0,"player_choice":"Removed Curses","damage_taken":0,"max_hp_gain":0,"max_hp_loss":0,"event_name":"Fountain of Cleansing","floor":73,"gold_loss":0},{"damage_healed":0,"gold_gain":0,"player_choice":"Rummage","damage_taken":0,"relics_obtained":["WarpedTongs"],"max_hp_gain":0,"max_hp_loss":0,"event_name":"Accursed Blacksmith","floor":87,"gold_loss":0,"cards_obtained":["Pain"]},{"damage_healed":0,"gold_gain":0,"player_choice":"Box","damage_taken":0,"relics_obtained":["Bag of Preparation"],"max_hp_gain":0,"max_hp_loss":0,"event_name":"Big Fish","floor":104,"gold_loss":0,"cards_obtained":["Regret"]},{"damage_healed":0,"gold_gain":0,"player_choice":"Got Potions","damage_taken":0,"max_hp_gain":0,"max_hp_loss":0,"event_name":"Lab","floor":107,"gold_loss":0},{"cards_removed":["StuffTheSpire:Incursion"],"damage_healed":0,"gold_gain":0,"player_choice":"Card Removal","damage_taken":0,"max_hp_gain":0,"max_hp_loss":0,"event_name":"The Cleric","floor":116,"gold_loss":50},{"damage_healed":0,"gold_gain":0,"player_choice":"0 cards matched","damage_taken":0,"max_hp_gain":0,"max_hp_loss":0,"event_name":"Match and Keep!","floor":127,"gold_loss":0,"cards_obtained":[]},{"damage_healed":0,"gold_gain":0,"player_choice":"Fight","damage_taken":0,"max_hp_gain":0,"max_hp_loss":0,"event_name":"Mysterious Sphere","floor":148,"gold_loss":0},{"damage_healed":0,"gold_gain":0,"player_choice":"Max HP","damage_taken":0,"max_hp_gain":0,"max_hp_loss":0,"event_name":"Winding Halls","floor":150,"gold_loss":0}],"is_beta":false,"boss_relics":[{"not_picked":["Mark of Pain","SlaversCollar"],"picked":"Replay:Bronze Core"},{"not_picked":["Replay:Drink Me","Kintsugi"],"picked":"hubris:Stopwatch"},{"not_picked":["Runic Pyramid","hubris:VirtuousBlindfold"],"picked":"aspiration:RitualDagger"},{"not_picked":["Astrolabe","hubris:TerracottaHorce"],"picked":"Replay:Grab Bag"},{"not_picked":["Ooze Armor","energizedSpire:MagnifyingGlass"],"picked":"energizedSpire:DeadBattery"},{"not_picked":["energizedSpire:StickyHand","conspire:RoyalGoblet"],"picked":"energizedSpire:NeverEndingSparkler"},{"not_picked":["Runic Pyramid","SacredBark"],"picked":"REME_ChargedStone"},{"not_picked":["Pandora\u0027s Box","REME_DemonsWealth","ReplayTheSpireMod:SealedPack"],"picked":"Replay:Ancient Bell"},{"not_picked":["War Paint","Red Skull","aspiration:RunicSpoon"],"picked":"PreservedInsect"},{"not_picked":["Question Card","aspiration:HummingbirdHeart","REME_LowDesire"],"picked":"ReplayTheSpireMod:Ninjato"},{"not_picked":["StuffTheSpire:Nightcore","Torii","Ring of Chaos"],"picked":"conspire:InfiniteJournal"},{"not_picked":["aspiration:SilentSkillbook","Cursed Key","Kintsugi"],"picked":"aspiration:RandomNobGenerator"},{"not_picked":["Philosopher\u0027s Stone","StuffTheSpire:ModemDavis","REME_DuelDisc"],"picked":"conspire:RunicOctahedron"},{"not_picked":["aspiration:PoetsPen_weak","ReplayTheSpireMod:DimensionalGlitch","Sandwich"],"picked":"aspiration:SecretTechniqueScroll"},{"not_picked":["hubris:CrackedHourglass","Velvet Choker","ReplayTheSpireMod:SealedPack"],"picked":"Empty Cage"}],"items_purged_floors":[27,37,54,89],"is_endless":true,"potions_floor_spawned":[4,7,24,25,33,36,38,46,48,50,58,62,72,76,81,82,84,88,90,93,97,101,103,113,114,118,123,125,135,137,141,144,147],"ascension_level":1}}