{"host":"28bpuzdckreop5i0","time":1611019434,"event":{"mods":["Aspiration","BaseMod","Challenge The Spire","Defuse TimeMaze Blight","Downfall","Energized Spire","GifTheSpireLib","Googly Eyes","Minty Spire (QoL Compilation)","Relic Stats","Shop Mod","Spicy Shops","StSLib","Stuff the Spire","The Awakened One except there are too many feathers","The IronCluck","Transform Curses","slay the spire mod where everything is the same but ironclad has a cowboy hat"],"gold_per_floor":[99,111,23,34,34,34,34,47,147,73,73,104,115,135,153,153,153],"floor_reached":16,"language":"ENG","playtime":950,"items_purged":[],"score":102,"play_id":"230984d3-a32d-4235-a9d4-73456827afbc","local_time":"20210118192354","is_ascension_mode":false,"campfire_choices":[{"data":"bronze:Goto","floor":1,"key":"SMITH"},{"data":"bronze:Replicate","floor":6,"key":"SMITH"},{"data":"bronze:BronzeOrb","floor":11,"key":"SMITH"}],"circlet_count":0,"master_deck":["bronze:Strike","bronze:Strike","bronze:Strike","bronze:Strike","bronze:Defend","bronze:Defend","bronze:Defend","bronze:Defend","bronze:Replicate+1","bronze:Goto+1","bronze:WhirlingStrike","bronze:ForLoop","Injury","bronze:DelayedGuard","bronze:BronzeOrb+1","bronze:CutThrough","bronze:FineTuning","bronze:GetLatest","bronze:Boost"],"relics":["bronze:BronzeCore","Frozen Egg 2","aspiration:SeaSaltIceCream","aspiration:Nostalgia","Slimebound:AbsorbEndCombat","Pen Nib"],"acts_visited":["Exordium"],"potions_floor_usage":[12],"damage_taken":[{"damage":1,"enemies":"Cultist","floor":2,"turns":3},{"damage":5,"enemies":"downfall:FleeingMerchant","floor":3,"turns":4},{"damage":6,"enemies":"Jaw Worm","floor":4,"turns":3},{"damage":7,"enemies":"Small Slimes","floor":8,"turns":2},{"damage":0,"enemies":"downfall:FleeingMerchant","floor":10,"turns":4},{"damage":11,"enemies":"Lagavulin","floor":12,"turns":7},{"damage":2,"enemies":"Blue Slaver","floor":13,"turns":3},{"damage":0,"enemies":"2 Fungi Beasts","floor":14,"turns":2},{"damage":5,"enemies":"Large Slime","floor":15,"turns":4},{"damage":41,"enemies":"IC_STATUS_ARCHETYPE","floor":16,"turns":8}],"seed_played":"-5514033736218269485","potions_obtained":[{"floor":4,"key":"DistilledChaos"},{"floor":8,"key":"champ:CounterPotion"},{"floor":12,"key":"ColorlessPotion"},{"floor":14,"key":"FearPotion"}],"is_trial":false,"path_per_floor":["R","M","$","M","?","R","T","M","?","$","R","E","M","M","M","B"],"character_chosen":"THE_AUTOMATON","items_purchased":["bronze:ForLoop","bronze:CutThrough"],"campfire_rested":0,"item_purchase_floors":[3,10],"current_hp_per_floor":[77,76,71,65,65,65,65,58,58,58,58,47,45,45,40,0,0],"gold":153,"neow_bonus":"TEN_PERCENT_HP_BONUS","is_daily":false,"chose_seed":false,"campfire_upgraded":3,"win_rate":0.0,"timestamp":1611019434,"path_taken":["R","?","$","M","?","R","T","M","?","$","R","E","M","?","M","BOSS"],"items_purchased_type":["Card","Card"],"build_version":"2020-12-22","purchased_purges":0,"victory":false,"max_hp_per_floor":[77,77,77,77,77,77,77,77,77,77,77,77,77,77,77,77,77],"relic_stats":{"counters":[10,40],"Pen Nib":[3],"obtain_stats":[{"bronze:BronzeCore":0,"aspiration:Nostalgia":7,"Pen Nib":12,"Slimebound:AbsorbEndCombat":7,"aspiration:SeaSaltIceCream":7,"Frozen Egg 2":5},{"bronze:BronzeCore":0,"aspiration:Nostalgia":3,"Pen Nib":6,"Slimebound:AbsorbEndCombat":3,"aspiration:SeaSaltIceCream":3,"Frozen Egg 2":3},{"bronze:BronzeCore":0,"aspiration:Nostalgia":10,"Pen Nib":23,"Slimebound:AbsorbEndCombat":10,"aspiration:SeaSaltIceCream":10,"Frozen Egg 2":10}]},"card_choices":[{"not_picked":["bronze:Iterate","bronze:BugBarrage"],"picked":"bronze:WhirlingStrike","floor":2},{"not_picked":["bronze:DelayedSlice","bronze:CleanCode","bronze:NullPointer"],"picked":"SKIP","floor":3},{"not_picked":["bronze:Frontload","bronze:FollowUp","bronze:Turbo"],"picked":"SKIP","floor":4},{"not_picked":["bronze:Flail","bronze:Iterate"],"picked":"bronze:DelayedGuard","floor":8},{"not_picked":["bronze:GetLatest","bronze:Repair"],"picked":"bronze:BronzeOrb","floor":10},{"not_picked":["bronze:Overheat","bronze:Overload"],"picked":"bronze:FineTuning","floor":12},{"not_picked":["bronze:MaxOutput+1","bronze:Optimize+1"],"picked":"bronze:GetLatest","floor":13},{"not_picked":["bronze:Frontload","bronze:CutThrough"],"picked":"bronze:Boost","floor":14},{"not_picked":["bronze:OilSpill","bronze:Invalidate","bronze:WildBeam"],"picked":"SKIP","floor":15}],"player_experience":896285,"relics_obtained":[{"floor":7,"key":"aspiration:SeaSaltIceCream"},{"floor":12,"key":"Pen Nib"}],"event_choices":[{"damage_healed":0,"gold_gain":100,"player_choice":"Gold","damage_taken":0,"max_hp_gain":0,"max_hp_loss":0,"event_name":"Wheel of Change","floor":9,"gold_loss":0}],"is_beta":false,"boss_relics":[],"items_purged_floors":[],"is_endless":false,"potions_floor_spawned":[4,8,12,14],"killed_by":"IC_STATUS_ARCHETYPE","ascension_level":0}}