{"host":"9jkzatiwan7o33sr","time":1611093472,"event":{"mods":["A Magickal Journey","AchievementEnabler","Act Like it!","BaseMod","Colored Map","Colored Powertips","Conspire","Downfall","GifTheSpireLib","Hallownest","Hermit","Hubris","Infinite Spire","Marisa????????","Mimic Mod","Minty Spire (QoL Compilation)","StSLib","Stuff the Spire","The Bug Knight","The Construct","The Cursed","The Disciple","The Elementalist","The Factory","The Hierophant","The Jungle","The Mystic","The Necromancer","The Runesmith","The Servant 0.9.4","[IsaacMod]????"],"gold_per_floor":[109,109,1,13,188,217,217,233,258,286,52,71,71,71,71,166,166,184,195,213,264,283,300,300,350,396,430,442,500,531,531,531,631,631,647,647,647,658,658,658,673,673,699,724,98,114,36,55,55,55,55],"floor_reached":50,"language":"ENG","playtime":5082,"items_purged":["Doubt"],"score":675,"play_id":"5d60b156-c2ad-4b2a-9c7c-473f4357b4f3","local_time":"20210119225752","is_ascension_mode":true,"campfire_choices":[{"data":"Zap","floor":7.0,"key":"SMITH"},{"floor":13.0,"key":"REST"},{"data":"Tempest","floor":15.0,"key":"SMITH"},{"floor":24.0,"key":"REST"},{"floor":32.0,"key":"REST"},{"data":"Reboot","floor":40.0,"key":"SMITH"},{"floor":42.0,"key":"REST"},{"floor":49,"key":"REST"}],"circlet_count":0,"master_deck":["Strike_B","Strike_B","Strike_B","Strike_B","Defend_B","Defend_B","Defend_B","Defend_B","Zap+1","Dualcast","Leap","Chill","Melter","Cold Snap","Conserve Battery","Tempest+1","Chaos","Gash","Defragment","Beam Cell","Hologram","Buffer","Go for the Eyes","Pulse+1","Hologram+1","Coolheaded","Reboot+1","Redo","infinitespire:Starlight","Sweeping Beam+1","Leap+1","Gash","Thunder Strike","Master of Strategy","Glacier+1","Beam Cell","Redo","Genetic Algorithm+1"],"relics":["Cracked Core","HushsDoor","GuppysHead","StuffTheSpire:Gunfinga","hubris:RGBLights","Regal Pillow","Omamori","Busted Crown","PreservedInsect","Blood Vial","MealTicket","Empty Cage","StuffTheSpire:Barrel","HowToJump","TheBible"],"acts_visited":["Exordium","Exordium","TheBeyond"],"potions_floor_usage":[50],"damage_taken":[{"damage":7.0,"enemies":"2 Louse","floor":1.0,"turns":2.0},{"damage":0.0,"enemies":"Jaw Worm","floor":4.0,"turns":3.0},{"damage":3.0,"enemies":"3 Sentries","floor":6.0,"turns":6.0},{"damage":0.0,"enemies":"Cultist","floor":8.0,"turns":3.0},{"damage":16.0,"enemies":"Gremlin Nob","floor":10.0,"turns":3.0},{"damage":10.0,"enemies":"Gremlin Gang","floor":12.0,"turns":4.0},{"damage":46.0,"enemies":"Hexaghost","floor":16.0,"turns":8.0},{"damage":0.0,"enemies":"Hallownest:Guard_and_Sentry","floor":18.0,"turns":4.0},{"damage":1.0,"enemies":"Hallownest:Flukemon_and_Top","floor":19.0,"turns":5.0},{"damage":4.0,"enemies":"Hallownest:monsterShrumalOgre","floor":20.0,"turns":4.0},{"damage":10.0,"enemies":"Hallownest:Glutton_and_Coward","floor":21.0,"turns":4.0},{"damage":0.0,"enemies":"Hallownest:monsterMisterMushroom","floor":22.0,"turns":3.0},{"damage":21.0,"enemies":"Hallownest:2_Husk_Sentries","floor":23.0,"turns":4.0},{"damage":0.0,"enemies":"Hallownest:eliteSoulWarrior","floor":27.0,"turns":4.0},{"damage":34.0,"enemies":"Hallownest:2_Flukemon","floor":28.0,"turns":5.0},{"damage":13.0,"enemies":"Hallownest:Glutton_and_Coward","floor":29.0,"turns":3.0},{"damage":2.0,"enemies":"Hallownest:Nosk","floor":30.0,"turns":6.0},{"damage":15.0,"enemies":"Hallownest:BossGrimm","floor":33.0,"turns":11.0},{"damage":26.0,"enemies":"3 Darklings","floor":35.0,"turns":5.0},{"damage":1.0,"enemies":"Orb Walker","floor":38.0,"turns":4.0},{"damage":23.0,"enemies":"Maw","floor":41.0,"turns":9.0},{"damage":55.0,"enemies":"Reptomancer","floor":44.0,"turns":6.0},{"damage":22.0,"enemies":"Writhing Mass","floor":46.0,"turns":4.0},{"damage":41.0,"enemies":"3 Darklings","floor":48.0,"turns":5.0},{"damage":62,"enemies":"Donu and Deca","floor":50,"turns":8}],"seed_played":"1891238909133511547","potions_obtained":[{"floor":4.0,"key":"Guardian:BlockOnCardUsePotion"},{"floor":6.0,"key":"ColorlessPotion"},{"floor":19.0,"key":"AttackPotion"},{"floor":27.0,"key":"BlessingOfTheForge"},{"floor":33.0,"key":"Fire Potion"},{"floor":41.0,"key":"PowerPotion"},{"floor":48.0,"key":"champ:CounterPotion"}],"is_trial":false,"path_per_floor":["M","?","$","M","?","E","R","M","T","E","$","M","R","?","R","B",null,"M","M","M","M","M","M","R","?","T","E","M","M","E","?","R","B",null,"M","?","?","M","AVR","R","M","R","T","E","$","M","$","M","R","B"],"character_chosen":"DEFECT","items_purchased":["Chill","Melter","Gash","Defragment","Beam Cell","TheBible","Gash","Thunder Strike","Master of Strategy","Beam Cell","Redo"],"campfire_rested":5,"item_purchase_floors":[3,3,11,11,11,45,45,45,45,47,47],"current_hp_per_floor":[68,68,68,68,68,65,65,65,65,49,49,39,75,75,75,29,75,75,74,70,60,60,39,75,75,75,75,41,30,30,30,67,54,75,49,49,49,50,50,50,39,75,75,30,45,35,50,29,66,16,16],"gold":55,"neow_bonus":"RANDOM_COMMON_RELIC","is_daily":false,"chose_seed":false,"campfire_upgraded":3,"win_rate":0.0,"timestamp":1611093472,"path_taken":["M","?","$","M","?","E","R","?","T","E","$","M","R","?","R","BOSS","M","M","?","M","?","M","R","?","T","E","M","M","E","?","R","BOSS","M","?","?","M","AVR","R","M","R","T","E","$","?","$","M","R","BOSS"],"items_purchased_type":["Card","Card","Card","Card","Card","Relic","Card","Card","Card","Card","Card"],"build_version":"2020-12-22","purchased_purges":1,"victory":false,"max_hp_per_floor":[75,75,75,75,75,75,75,75,75,75,75,75,75,75,75,75,75,75,75,75,75,75,75,75,75,75,75,75,75,75,75,75,75,75,75,75,75,75,75,75,75,75,75,75,75,75,75,75,75,75,75],"card_choices":[{"not_picked":["Steam","Machine Learning"],"picked":"Leap","floor":1.0},{"not_picked":["Reinforced Body","Stack"],"picked":"Cold Snap","floor":4.0},{"not_picked":["Steam Power","Coolheaded"],"picked":"Conserve Battery","floor":6.0},{"not_picked":["Go for the Eyes","Coolheaded"],"picked":"Tempest","floor":8.0},{"not_picked":["StuffTheSpire:EventHorizon","Leap"],"picked":"Chaos","floor":10.0},{"not_picked":["StuffTheSpire:GlassShard","StuffTheSpire:LoadUp"],"picked":"Hologram","floor":12.0},{"not_picked":["Rainbow","StuffTheSpire:Purify"],"picked":"Buffer","floor":16.0},{"not_picked":[],"picked":"Fusion","floor":18.0},{"not_picked":[],"picked":"Blizzard","floor":19.0},{"not_picked":[],"picked":"Go for the Eyes","floor":20.0},{"not_picked":["StuffTheSpire:CleanHardDrive"],"picked":"SKIP","floor":21.0},{"not_picked":[],"picked":"Pulse+1","floor":22.0},{"not_picked":[],"picked":"Hologram+1","floor":23.0},{"not_picked":[],"picked":"StuffTheSpire:Purify","floor":27.0},{"not_picked":[],"picked":"Coolheaded","floor":28.0},{"not_picked":["Static Discharge"],"picked":"SKIP","floor":29.0},{"not_picked":["StuffTheSpire:CleanHardDrive"],"picked":"SKIP","floor":30.0},{"not_picked":[],"picked":"Reboot","floor":33.0},{"not_picked":["StuffTheSpire:LoadUp"],"picked":"SKIP","floor":35.0},{"not_picked":[],"picked":"Redo","floor":38.0},{"not_picked":[],"picked":"Sweeping Beam+1","floor":41.0},{"not_picked":[],"picked":"Leap+1","floor":44.0},{"not_picked":[],"picked":"Glacier+1","floor":46.0},{"not_picked":[],"picked":"Genetic Algorithm+1","floor":48.0}],"player_experience":574443,"relics_obtained":[{"floor":6.0,"key":"hubris:RGBLights"},{"floor":9.0,"key":"Regal Pillow"},{"floor":10.0,"key":"Omamori"},{"floor":26.0,"key":"PreservedInsect"},{"floor":27.0,"key":"Blood Vial"},{"floor":30.0,"key":"MealTicket"},{"floor":43.0,"key":"StuffTheSpire:Barrel"},{"floor":44.0,"key":"HowToJump"}],"event_choices":[{"damage_healed":0.0,"max_hp_gain":0.0,"max_hp_loss":0.0,"gold_gain":175.0,"event_name":"Liars Game","player_choice":"AGREE","floor":5.0,"gold_loss":0.0,"damage_taken":0.0,"cards_obtained":["Doubt"]},{"damage_healed":0.0,"max_hp_gain":0.0,"max_hp_loss":0.0,"gold_gain":0.0,"event_name":"conspire:Investor","player_choice":"Leave","floor":14.0,"gold_loss":0.0,"damage_taken":0.0},{"cards_removed":["Fusion"],"damage_healed":0.0,"max_hp_gain":0.0,"max_hp_loss":0.0,"gold_gain":0.0,"event_name":"Purifier","player_choice":"Purged","floor":37.0,"gold_loss":0.0,"damage_taken":0.0}],"is_beta":false,"boss_relics":[{"not_picked":["Astrolabe","hubris:CrackedHourglass"],"picked":"Busted Crown"},{"not_picked":[]},{"not_picked":["hubris:GrandSneckoEye","StuffTheSpire:ModemDavis"],"picked":"Empty Cage"},{"not_picked":[]}],"items_purged_floors":[11],"is_endless":false,"potions_floor_spawned":[4,6,19,20,27,28,33,41,48],"killed_by":"Donu and Deca","ascension_level":3}}