{"host":"2t0ddmgeopc3yqug","time":1611033962,"event":{"mods":["AchievementEnabler","BaseMod","BetterRewards","Colored Map","Colored Powertips","Hermit","Marisa£¨Ùöéë¡¡Øª×âÞÞ£©","Minty Spire (QoL Compilation)","Rare Cards Sparkle","Shop Mod","StSLib","SuperFastMode","The Cursed","The Poker Player","everything is the same but u backflip on backflip"],"gold_per_floor":[116,127,127,127,142,142,142,142,142],"floor_reached":7,"language":"KOR","playtime":659,"items_purged":[],"score":41,"play_id":"46ce925c-1cd7-45c9-a70e-be7e559ba7f9","local_time":"20210119142602","is_ascension_mode":false,"metric_token":990,"campfire_choices":[],"circlet_count":0,"master_deck":["PokerPlayerMod:Diamond1","PokerPlayerMod:Diamond2","PokerPlayerMod:Diamond3","PokerPlayerMod:Diamond4","PokerPlayerMod:Diamond5","PokerPlayerMod:Spade1","PokerPlayerMod:Spade2","PokerPlayerMod:Spade3","PokerPlayerMod:Spade4","PokerPlayerMod:Club1","PokerPlayerMod:Club2","PokerPlayerMod:Heart2","PokerPlayerMod:TrumpStrike","PokerPlayerMod:BadJoker","PokerPlayerMod:Mulligan","PokerPlayerMod:FakeSymbols","PokerPlayerMod:Club6","PokerPlayerMod:Heart4","PokerPlayerMod:ClubShade","PokerPlayerMod:Club4","Study","Regret","PokerPlayerMod:Club1"],"relics":["PokerPlayerMod:DeckCase","Torii","PrismaticShard","Vajra","Sundial"],"acts_visited":["Exordium"],"potions_floor_usage":[1],"damage_taken":[{"damage":1,"enemies":"Small Slimes","floor":1,"turns":3},{"damage":1,"enemies":"Jaw Worm","floor":2,"turns":3},{"damage":15,"enemies":"Cultist","floor":5,"turns":4},{"damage":42,"enemies":"3 Sentries","floor":7,"turns":6}],"seed_played":"-1897465294755103807","potions_obtained":[{"floor":1,"key":"LiquidBronze"}],"is_trial":false,"path_per_floor":["M","M","?","?","M","?","E"],"character_chosen":"THE_POKER_PLAYER","items_purchased":["PokerPlayerMod:FakeSymbols","PokerPlayerMod:Club6","PokerPlayerMod:Heart4","PokerPlayerMod:ClubShade","PrismaticShard","Regen Potion"],"campfire_rested":0,"item_purchase_floors":[0,0,0,0,0,0],"current_hp_per_floor":[37,40,37,37,31,31,0,0,0],"gold":142,"neow_bonus":"","is_daily":false,"chose_seed":false,"campfire_upgraded":0,"win_rate":0.0,"timestamp":1611033962,"path_taken":["M","M","?","?","M","?","E"],"items_purchased_type":["Card","Card","Card","Card","Relic","Potion"],"build_version":"2020-12-22","purchased_purges":0,"victory":false,"max_hp_per_floor":[52,52,52,52,52,52,52,52,52],"card_choices":[{"not_picked":["Poisoned Stab","Ball Lightning"],"picked":"PokerPlayerMod:Club4","floor":1},{"not_picked":["PokerPlayerMod:Diamond2","PokerPlayerMod:Diamond1"],"picked":"Study","floor":2},{"not_picked":["TheCursedMod:SoulCrush","True Grit"],"picked":"PokerPlayerMod:Club1","floor":5}],"player_experience":101110,"relics_obtained":[],"event_choices":[{"damage_healed":0,"gold_gain":0,"player_choice":"Success","damage_taken":3,"relics_obtained":["Vajra"],"max_hp_gain":0,"max_hp_loss":0,"event_name":"Scrap Ooze","floor":3,"gold_loss":0},{"damage_healed":0,"gold_gain":0,"player_choice":"Box","damage_taken":0,"relics_obtained":["Sundial"],"max_hp_gain":0,"max_hp_loss":0,"event_name":"Big Fish","floor":4,"gold_loss":0,"cards_obtained":["Regret"]},{"damage_healed":0,"gold_gain":0,"player_choice":"Ignored","damage_taken":0,"max_hp_gain":0,"max_hp_loss":0,"event_name":"Shining Light","floor":6,"gold_loss":0}],"is_beta":false,"boss_relics":[],"items_purged_floors":[],"is_endless":false,"potions_floor_spawned":[1],"killed_by":"3 Sentries","ascension_level":0}}