{"host":"gzk4gkgy3zij1c51","time":1611032784,"event":{"mods":["BaseMod","Colored Map","Downfall","Highlight Path","Marked Mod","Minty Spire (QoL Compilation)","Relic Stats","StSLib","everything is the same but u backflip on backflip"],"gold_per_floor":[99,116,7,24,35,51,51,85,85,113,13,113,132,149,167,167,167,167],"floor_reached":16,"language":"ENG","playtime":5705,"items_purged":[],"score":143,"play_id":"6301bb9d-c517-44b4-9047-a335f698f16c","local_time":"20210119050624","is_ascension_mode":true,"campfire_choices":[{"data":"champ:Taunt","floor":1,"key":"SMITH"},{"data":"champ:Circumvent","floor":9,"key":"SMITH"},{"data":"champ:DefensiveStyle","floor":11,"key":"SMITH"}],"circlet_count":0,"master_deck":["champ:Strike","champ:Strike","champ:Strike","champ:Defend","champ:Defend","champ:Defend","champ:Execute","champ:Taunt+1","champ:CheapShot","champ:BringItOn","champ:HoldFirm","champ:CrownThrow","champ:ShieldSigil","champ:Circumvent+1","champ:Duel","champ:FlashCut","champ:FocusedDefense","champ:DefensiveStyle+1","champ:Backstep","champ:HoldFirm+1","champ:SkillfulDodge","champ:Parry","champ:TornadoPunch"],"relics":["champ:ChampionCrown","Mercury Hourglass","PreservedInsect","Gambling Chip","downfall:HeartBlessingGreen"],"acts_visited":["Exordium"],"potions_floor_usage":[16,16],"damage_taken":[{"damage":22,"enemies":"Cultist","floor":2,"turns":5},{"damage":10,"enemies":"downfall:FleeingMerchant","floor":3,"turns":5},{"damage":0,"enemies":"2 Louse","floor":4,"turns":2},{"damage":10,"enemies":"Small Slimes","floor":5,"turns":4},{"damage":29,"enemies":"3 Louse","floor":6,"turns":5},{"damage":20,"enemies":"Lagavulin","floor":8,"turns":6},{"damage":18,"enemies":"Gremlin Nob","floor":10,"turns":4},{"damage":25,"enemies":"downfall:Heads","floor":12,"turns":5},{"damage":0,"enemies":"Red Slaver","floor":13,"turns":2},{"damage":0,"enemies":"Exordium Thugs","floor":14,"turns":2},{"damage":0,"enemies":"3 Louse","floor":15,"turns":3},{"damage":26,"enemies":"SI_SHIV_ARCHETYPE","floor":16,"turns":8}],"seed_played":"5588744113062196944","potions_obtained":[{"floor":5,"key":"DuplicationPotion"},{"floor":6,"key":"ColorlessPotion"},{"floor":12,"key":"Dexterity Potion"}],"is_trial":false,"path_per_floor":["R","M","$","M","M","M","T","E","R","E","R","?","M","M","M","B"],"character_chosen":"THE_CHAMP","items_purchased":["champ:CrownThrow","champ:ShieldSigil"],"campfire_rested":0,"item_purchase_floors":[3,3],"current_hp_per_floor":[90,88,88,88,88,74,74,54,54,46,46,26,26,26,26,0,0,0],"gold":167,"neow_bonus":"ONE_RANDOM_RARE_CARD","is_daily":false,"chose_seed":false,"campfire_upgraded":3,"win_rate":0.0,"timestamp":1611032784,"path_taken":["R","M","$","M","M","M","T","E","R","E","R","?","M","M","M","BOSS"],"items_purchased_type":["Card","Card"],"build_version":"2020-12-22","purchased_purges":0,"victory":false,"max_hp_per_floor":[90,90,90,90,90,90,90,90,90,90,90,90,90,90,90,90,90,90],"relic_stats":{"counters":[12,51],"Gambling Chip":[3],"PreservedInsect":61,"obtain_stats":[{"Gambling Chip":10,"champ:ChampionCrown":0,"downfall:HeartBlessingGreen":11,"PreservedInsect":8,"Mercury Hourglass":7},{"Gambling Chip":7,"champ:ChampionCrown":0,"downfall:HeartBlessingGreen":7,"PreservedInsect":6,"Mercury Hourglass":5},{"Gambling Chip":31,"champ:ChampionCrown":0,"downfall:HeartBlessingGreen":31,"PreservedInsect":27,"Mercury Hourglass":21}],"Mercury Hourglass":[108]},"card_choices":[{"not_picked":["champ:EnGarde","champ:BerserkersShout"],"picked":"champ:BringItOn","floor":2},{"not_picked":["champ:DeathBlow","champ:Lariat"],"picked":"champ:HoldFirm","floor":3},{"not_picked":["champ:CrownThrow","champ:FlashCut"],"picked":"champ:Circumvent","floor":4},{"not_picked":["champ:StanceDance","champ:EnGarde"],"picked":"champ:Duel","floor":5},{"not_picked":["champ:BringItOn","champ:PreciseThrust"],"picked":"champ:FlashCut","floor":6},{"not_picked":["champ:CrownThrow","champ:FlashCut"],"picked":"champ:FocusedDefense","floor":8},{"not_picked":["champ:PreemptiveStrike","champ:RecklessLeap"],"picked":"champ:DefensiveStyle","floor":10},{"not_picked":["champ:DefensiveStyle","champ:FalseCounter"],"picked":"champ:Backstep","floor":12},{"not_picked":["champ:PreciseThrust","champ:BladeFlurry"],"picked":"champ:SkillfulDodge","floor":13},{"not_picked":["champ:BringItOn","champ:CrownThrow"],"picked":"champ:Parry","floor":14},{"not_picked":["champ:AdrenalArmor","champ:Devastate"],"picked":"champ:TornadoPunch","floor":15}],"player_experience":1010847,"relics_obtained":[{"floor":7,"key":"Mercury Hourglass"},{"floor":8,"key":"PreservedInsect"},{"floor":10,"key":"Gambling Chip"}],"event_choices":[],"is_beta":false,"boss_relics":[],"items_purged_floors":[],"is_endless":false,"potions_floor_spawned":[5,6,12,15],"killed_by":"SI_SHIV_ARCHETYPE","ascension_level":5}}