{"host":"h5mpg8xef8fl8s1y","time":1611095844,"event":{"mods":["100% Spire Juice","AchievementEnabler","BaseMod","Bestiary","Block Reminder","CapriCore","Colored Map","Colored Powertips","Curses Come First","Dark Map","Displayed Cursed Tome","Googly Eyes","Koishi","Marisa????????","Minty Spire (QoL Compilation)","Permanent Neow","Quick Restart","Random Character Button","Rare Cards Sparkle","Reimu??????","Relic Stats","Remilia??????","StSLib","Starting Relic: Pandora\u0027s Box","The Immortal","The Marked","The Senshi","The Servant 0.9.4","TheVelvet","Waifu the Spire","Yakumo Yukari mod","Yuyuko","everything is the same but u backflip on backflip"],"gold_per_floor":[116,41,41,41,141,184,200,200,278,278,303,319,337,302,302,421,484,504,350,370,470,490,490,450,450,474,474,493,516,516,549,549,678,678,694,712,251,264,264,264,295,295,319,340,363,363,426,457,457,457,457,457,126,167,167],"floor_reached":56,"language":"ENG","playtime":4325,"items_purged":["Hello World"],"score":1418,"play_id":"aa4a8cfa-719f-435a-b501-d2fce359aa6a","local_time":"20210119173724","is_ascension_mode":true,"campfire_choices":[{"data":"Redo","floor":8,"key":"SMITH"},{"floor":10,"key":"REST"},{"data":"Zap","floor":15,"key":"SMITH"},{"data":"Scrape","floor":23,"key":"SMITH"},{"data":"ZunPunch:ReiMu","floor":25,"key":"SMITH"},{"data":"Self Repair","floor":30,"key":"SMITH"},{"data":"Loop","floor":32,"key":"SMITH"},{"data":"Apotheosis","floor":40,"key":"SMITH"},{"data":"Heatsinks","floor":42,"key":"SMITH"},{"floor":49,"key":"RECALL"},{"data":"Defragment","floor":52,"key":"SMITH"}],"circlet_count":0,"master_deck":["Zap+1","Dualcast","Heatsinks+1","Melter+1","Beam Cell","Streamline","Cold Snap","Rebound","Injury","Capacitor","Redo+1","BootSequence","Leap","Conserve Battery","Electrodynamics","Self Repair+1","White Noise","Coolheaded+1","Scrape+1","ZunPunch:ReiMu+1","Loop+1","Compile Driver","Defragment","All For One","Fusion+1","Loop+1","Stack","Chaos+1","Apotheosis+1","Redo+1","Force Field+1","Loop+1","Conserve Battery","Storm","Double Energy+1","Storm+1","Compile Driver+1","Defragment+1","Loop"],"relics":["Nuclear Battery","Golden Idol","HornCleat","CaptainsWheel","Gremlin Horn","Tiny House","Omamori","Oddly Smooth Stone","Happy Flower","Calling Bell","Nunchaku","Kunai","Prayer Wheel","Blood Vial","DollysMirror","Thread and Needle","Bottled Tornado","Bird Faced Urn","theSenshi:SailorFukuRelic","Pantograph","Mercury Hourglass"],"acts_visited":["Exordium","TheCity","TheBeyond","TheEnding"],"potions_floor_usage":[18,18,33,55,55],"damage_taken":[{"damage":12,"enemies":"Jaw Worm","floor":1,"turns":2},{"damage":22,"enemies":"3 Sentries","floor":6,"turns":5},{"damage":0,"enemies":"Small Slimes","floor":7,"turns":2},{"damage":0,"enemies":"Cultist","floor":11,"turns":3},{"damage":1,"enemies":"Looter","floor":12,"turns":3},{"damage":0,"enemies":"Large Slime","floor":13,"turns":4},{"damage":37,"enemies":"Slime Boss","floor":16,"turns":12},{"damage":2,"enemies":"3 Byrds","floor":18,"turns":5},{"damage":2,"enemies":"Chosen","floor":20,"turns":3},{"damage":31,"enemies":"Snecko","floor":22,"turns":8},{"damage":0,"enemies":"Sentry and Sphere","floor":28,"turns":4},{"damage":14,"enemies":"Cultist and Chosen","floor":29,"turns":5},{"damage":14,"enemies":"Gremlin Leader","floor":31,"turns":4},{"damage":50,"enemies":"Automaton","floor":33,"turns":9},{"damage":4,"enemies":"3 Shapes","floor":35,"turns":4},{"damage":0,"enemies":"Orb Walker","floor":36,"turns":3},{"damage":3,"enemies":"Sphere and 2 Shapes","floor":38,"turns":3},{"damage":13,"enemies":"Nemesis","floor":41,"turns":5},{"damage":0,"enemies":"Maw","floor":44,"turns":6},{"damage":25,"enemies":"Transient","floor":45,"turns":5},{"damage":0,"enemies":"Mind Bloom Boss Battle","floor":47,"turns":5},{"damage":0,"enemies":"Giant Head","floor":48,"turns":5},{"damage":51,"enemies":"Awakened One","floor":50,"turns":9},{"damage":57,"enemies":"Shield and Spear","floor":54,"turns":5},{"damage":62,"enemies":"The Heart","floor":55,"turns":8}],"seed_played":"-7836610213019065277","potions_obtained":[{"floor":1,"key":"DistilledChaos"},{"floor":11,"key":"SkillPotion"},{"floor":13,"key":"Weak Potion"},{"floor":20,"key":"DuplicationPotion"},{"floor":27,"key":"FairyPotion"},{"floor":31,"key":"Ancient Potion"},{"floor":36,"key":"LiquidBronze"}],"is_trial":false,"path_per_floor":["M","$","?","?","?","E","M","R","T","R","M","M","M","?","R","B",null,"M","$","M","?","M","R","?","R","T","?","M","M","R","E","R","B",null,"M","M","$","M","?","R","E","R","T","M","M","?","?","E","R","B",null,"R","$","E","B",null],"character_chosen":"DEFECT","items_purchased":["Omamori","Apotheosis","Blood Vial","DollysMirror","Pantograph","Loop"],"campfire_rested":1,"item_purchase_floors":[19,37,37,37,53,53],"current_hp_per_floor":[63,63,63,45,45,23,23,23,23,45,45,44,44,62,62,25,80,80,80,80,80,56,56,56,56,56,56,63,56,56,52,52,12,80,80,80,80,77,77,77,76,76,76,80,65,65,77,80,80,32,80,80,80,45,43],"gold":167,"neow_bonus":"BOSS_RELIC","is_daily":false,"chose_seed":false,"campfire_upgraded":9,"win_rate":0.0,"timestamp":1611095844,"path_taken":["M","$","?","?","?","E","?","R","T","R","M","M","M","?","R","BOSS","M","$","M","?","?","R","?","R","T","?","M","?","R","E","R","BOSS","M","M","$","M","?","R","E","R","T","?","M","?","?","E","R","BOSS","R","$","E","BOSS"],"items_purchased_type":["Relic","Card","Relic","Relic","Relic","Card"],"build_version":"2020-12-22","purchased_purges":1,"victory":true,"max_hp_per_floor":[75,75,75,75,75,75,75,75,75,75,75,75,75,75,75,75,80,80,80,80,80,80,80,80,80,80,80,80,80,80,80,80,80,80,80,80,80,80,80,80,80,80,80,80,80,80,80,80,80,80,80,80,80,80,80],"relic_stats":{"Blood Vial":10,"Nunchaku":[11],"Gremlin Horn":[22,22],"Happy Flower":[22],"counters":[25,125],"Golden Idol":217,"Bird Faced Urn":[39],"Pantograph":25,"Prayer Wheel":5,"Kunai":[22],"obtain_stats":[{"Tiny House":17,"Gremlin Horn":9,"Happy Flower":31,"Golden Idol":3,"ZunR:ReiMu":24,"Oddly Smooth Stone":26,"Thread and Needle":39,"Omamori":19,"Bottled Tornado":41,"Nuclear Battery":0,"Mercury Hourglass":54,"Calling Bell":34,"Blood Vial":37,"CaptainsWheel":6,"Nunchaku":34,"HornCleat":4,"DollysMirror":37,"Bird Faced Urn":47,"Pantograph":53,"Pandora\u0027s Box":0,"Prayer Wheel":34,"Kunai":34,"theSenshi:SailorFukuRelic":48},{"Tiny House":7,"Gremlin Horn":3,"Happy Flower":13,"Golden Idol":1,"ZunR:ReiMu":10,"Oddly Smooth Stone":10,"Thread and Needle":17,"Omamori":8,"Bottled Tornado":18,"Nuclear Battery":0,"Mercury Hourglass":24,"Calling Bell":14,"Blood Vial":16,"CaptainsWheel":2,"Nunchaku":14,"HornCleat":1,"DollysMirror":16,"Bird Faced Urn":21,"Pantograph":23,"Pandora\u0027s Box":0,"Prayer Wheel":14,"Kunai":14,"theSenshi:SailorFukuRelic":22},{"Tiny House":31,"Gremlin Horn":9,"Happy Flower":60,"Golden Idol":2,"ZunR:ReiMu":47,"Oddly Smooth Stone":47,"Thread and Needle":79,"Omamori":36,"Bottled Tornado":84,"Nuclear Battery":0,"Mercury Hourglass":118,"Calling Bell":69,"Blood Vial":76,"CaptainsWheel":7,"Nunchaku":69,"HornCleat":2,"DollysMirror":76,"Bird Faced Urn":100,"Pantograph":113,"Pandora\u0027s Box":0,"Prayer Wheel":69,"Kunai":69,"theSenshi:SailorFukuRelic":105}],"Mercury Hourglass":[24]},"card_choices":[{"not_picked":["Steam","Recycle","Storm"],"picked":"SKIP","floor":1},{"not_picked":["Sweeping Beam","Cold Snap"],"picked":"Capacitor","floor":6},{"not_picked":["BootSequence","Steam"],"picked":"Redo","floor":7},{"not_picked":["Static Discharge","Streamline"],"picked":"BootSequence","floor":11},{"not_picked":["Steam","Buffer"],"picked":"Leap","floor":12},{"not_picked":["Aggregate","Compile Driver"],"picked":"Conserve Battery","floor":13},{"not_picked":["All For One","Meteor Strike"],"picked":"Electrodynamics","floor":16},{"not_picked":["Gash","Redo"],"picked":"Self Repair","floor":17},{"not_picked":["Conserve Battery","Barrage+1"],"picked":"White Noise","floor":18},{"not_picked":["Hello World+1","Rebound"],"picked":"Coolheaded+1","floor":20},{"not_picked":["Biased Cognition","Gash"],"picked":"Scrape","floor":22},{"not_picked":["Glacier","Redo"],"picked":"Loop","floor":28},{"not_picked":["Beam Cell","Storm"],"picked":"Compile Driver","floor":29},{"not_picked":["Capacitor+1","Go for the Eyes"],"picked":"Defragment","floor":31},{"not_picked":["Fission","Core Surge"],"picked":"All For One","floor":33},{"not_picked":["Redo","Steam+1"],"picked":"Fusion+1","floor":35},{"not_picked":["Stack","Rebound"],"picked":"Loop+1","floor":35},{"not_picked":["Gash+1","Go for the Eyes"],"picked":"Stack","floor":36},{"not_picked":["Undo","Steam+1"],"picked":"Chaos+1","floor":36},{"not_picked":["Barrage","Chill+1"],"picked":"Force Field+1","floor":38},{"not_picked":["Ball Lightning","Steam+1"],"picked":"Loop+1","floor":38},{"not_picked":["Coolheaded","Compile Driver+1"],"picked":"Conserve Battery","floor":41},{"not_picked":["Go for the Eyes+1","Electrodynamics"],"picked":"Storm","floor":44},{"not_picked":["Streamline","Fusion+1"],"picked":"Double Energy+1","floor":44},{"not_picked":["Stack","Steam+1"],"picked":"Storm+1","floor":45},{"not_picked":["Doom and Gloom","Go for the Eyes","Streamline"],"picked":"SKIP","floor":45},{"not_picked":["Rip and Tear","Redo"],"picked":"Compile Driver+1","floor":47},{"not_picked":["Leap+1","Hyperbeam"],"picked":"Defragment","floor":48},{"not_picked":["Stack","Leap","Rebound+1"],"picked":"SKIP","floor":54}],"player_experience":252381,"relics_obtained":[{"floor":6,"key":"CaptainsWheel"},{"floor":9,"key":"Gremlin Horn"},{"floor":26,"key":"Oddly Smooth Stone"},{"floor":31,"key":"Happy Flower"},{"floor":34,"key":"Nunchaku"},{"floor":34,"key":"Kunai"},{"floor":34,"key":"Prayer Wheel"},{"floor":39,"key":"Thread and Needle"},{"floor":41,"key":"Bottled Tornado"},{"floor":47,"key":"Bird Faced Urn"},{"floor":48,"key":"theSenshi:SailorFukuRelic"},{"floor":54,"key":"Mercury Hourglass"}],"event_choices":[{"damage_healed":0,"gold_gain":0,"player_choice":"Take Wound","damage_taken":0,"relics_obtained":["Golden Idol"],"max_hp_gain":0,"max_hp_loss":0,"event_name":"Golden Idol","floor":3,"gold_loss":0,"cards_obtained":["Injury"]},{"damage_healed":0,"gold_gain":0,"player_choice":"Success","damage_taken":18,"relics_obtained":["HornCleat"],"max_hp_gain":0,"max_hp_loss":0,"event_name":"Scrap Ooze","floor":4,"gold_loss":0},{"damage_healed":0,"gold_gain":100,"player_choice":"Pray","damage_taken":0,"max_hp_gain":0,"max_hp_loss":0,"event_name":"Golden Shrine","floor":5,"gold_loss":0},{"damage_healed":18,"gold_gain":0,"player_choice":"Healed","damage_taken":0,"max_hp_gain":0,"max_hp_loss":0,"event_name":"The Cleric","floor":14,"gold_loss":35},{"damage_healed":0,"gold_gain":100,"player_choice":"Pray","damage_taken":0,"max_hp_gain":0,"max_hp_loss":0,"event_name":"Golden Shrine","floor":21,"gold_loss":0},{"damage_healed":0,"gold_gain":0,"player_choice":"Hand rover O-miki","damage_taken":0,"max_hp_gain":0,"max_hp_loss":0,"event_name":"ZunEvent","floor":24,"relics_lost":["ZunR:ReiMu"],"gold_loss":0,"cards_obtained":["ZunPunch:ReiMu"]},{"damage_healed":0,"gold_gain":0,"player_choice":"Got Potions","damage_taken":0,"max_hp_gain":0,"max_hp_loss":0,"event_name":"Lab","floor":27,"gold_loss":0},{"damage_healed":0,"gold_gain":0,"player_choice":"Relic","damage_taken":0,"max_hp_gain":0,"max_hp_loss":0,"event_name":"Wheel of Change","floor":39,"gold_loss":0},{"cards_removed":["Turbo"],"damage_healed":0,"gold_gain":0,"player_choice":"Removed Skill","damage_taken":0,"max_hp_gain":0,"max_hp_loss":0,"event_name":"Falling","floor":46,"gold_loss":0},{"damage_healed":0,"gold_gain":0,"player_choice":"Fight","damage_taken":0,"max_hp_gain":0,"max_hp_loss":0,"event_name":"MindBloom","floor":47,"gold_loss":0}],"is_beta":false,"boss_relics":[{"not_picked":["Velvet Choker","RedLine:ReiMu"],"picked":"Tiny House"},{"not_picked":["SlaversCollar","Empty Cage"],"picked":"Calling Bell"}],"items_purged_floors":[2],"is_endless":false,"potions_floor_spawned":[1,7,11,13,20,28,31,36,41,47,48],"ascension_level":3}}