{"host":"t9zjxed0utvsfjwc","time":1611043481,"event":{"mods":["2.2 Compatiblity","Aspiration","BaseMod","Better Altar","Better Match","Better Note","Better Sensory Stone","Better Skull","Better Third Choice","Block Reminder","Colored Map","Colored Powertips","Hermit","Highlight Path","Hubris","Infinite Spire","Minty Spire (QoL Compilation)","Quick Restart","Rare Cards Sparkle","Replay The Spire","Shade Mod","StSLib","The Bug Knight","The Cursed","The Marked","Unceasing Turn Reminder","everything is the same but u backflip on backflip"],"gold_per_floor":[117,135,60,60,60,60,60,89,105,105,105,139,149,164,164,182,182,280,280,291,303,303,323,223,254,254,281,304,304,304,317,23,36,36,135,135,149,160,171,171,46,80,100,112,112,112,112],"floor_reached":46,"language":"ENG","playtime":1781,"items_purged":["Strike_R","Strike_R","Defend_R"],"score":473,"play_id":"cddf43c3-a7cc-49f8-832c-22cabc3cca61","local_time":"20210119080441","is_ascension_mode":true,"campfire_choices":[{"data":"infinitespire:OneForAll","floor":10,"key":"SMITH"},{"data":"Pommel Strike","floor":15,"key":"SMITH"}],"circlet_count":0,"master_deck":["Strike_R+1","Strike_R","Defend_R","Defend_R+1","Defend_R","Bash","Pommel Strike+1","infinitespire:OneForAll+1","Ghostly Armor","Cleave","Cleave","Twin Strike+1","Corruption","Demon Form","Enlightenment","Heavy Blade+1","Demon Form","Armaments+1","Limit Break","Heavy Blade","hubris:NaturalOne","Searing Blow+1","Iron Wave+1"],"relics":["Burning Blood","aspiration:Nostalgia","infinitespire:DarkRift","Bag of Preparation","aspiration:Lifesprig","Question Card","Simple Rune","Runic Pyramid","Boot","aspiration:DSix","Bag of Marbles","Replay:Mystery Machine","Akabeko","Brimstone","Ring of Chaos","hubris:Icosahedron","Omamori","Kunai"],"acts_visited":["Exordium","TheCity","TheBeyond"],"potions_floor_usage":[12,18,27,27,27,33,35,44,46],"damage_taken":[{"damage":1,"enemies":"Jaw Worm","floor":1,"turns":3},{"damage":5,"enemies":"Cultist","floor":2,"turns":4},{"damage":21,"enemies":"3 Sentries","floor":8,"turns":7},{"damage":0,"enemies":"Small Slimes","floor":9,"turns":2},{"damage":37,"enemies":"Gremlin Nob","floor":12,"turns":6},{"damage":5,"enemies":"Gremlin Gang","floor":13,"turns":6},{"damage":0,"enemies":"Lots of Slimes","floor":14,"turns":1},{"damage":5,"enemies":"3 Louse","floor":16,"turns":2},{"damage":0,"enemies":"The Guardian","floor":18,"turns":1},{"damage":0,"enemies":"Shell Parasite","floor":20,"turns":7},{"damage":14,"enemies":"Cultist and Chosen","floor":21,"turns":5},{"damage":29,"enemies":"Chosen and Byrds","floor":23,"turns":6},{"damage":32,"enemies":"Book of Stabbing","floor":25,"turns":5},{"damage":15,"enemies":"HollowMod:Nosk","floor":27,"turns":4},{"damage":2,"enemies":"Centurion and Healer","floor":31,"turns":4},{"damage":0,"enemies":"Sentry and Sphere","floor":33,"turns":1},{"damage":45,"enemies":"Champ","floor":35,"turns":6},{"damage":8,"enemies":"3 Darklings","floor":37,"turns":3},{"damage":6,"enemies":"Orb Walker","floor":38,"turns":2},{"damage":15,"enemies":"Maw","floor":39,"turns":3},{"damage":17,"enemies":"Nightmare","floor":42,"turns":5},{"damage":38,"enemies":"Sphere and 2 Shapes","floor":43,"turns":4},{"damage":11,"enemies":"Transient","floor":44,"turns":5},{"damage":54,"enemies":"R_Hoarder","floor":46,"turns":5}],"seed_played":"780368093989232406","potions_obtained":[{"floor":8,"key":"LifebloodPotion"},{"floor":9,"key":"Strength Potion"},{"floor":18,"key":"Fruit Juice"},{"floor":21,"key":"Milkshake"},{"floor":25,"key":"FearPotion"},{"floor":27,"key":"LiquidMemories"},{"floor":31,"key":"infinitespire:BlackPotion"},{"floor":42,"key":"Venom Potion"},{"floor":43,"key":"Weak Potion"}],"is_trial":false,"path_per_floor":["M","M","$","?","?","PTL","PTL","E","M","R","T","E","M","M","R","M","R_BF","B",null,"M","M","?","M","$","E","?","E","T","?","?","M","$","M","R_BF","B",null,"M","M","M","?","$","NM","M","M","T","E"],"character_chosen":"IRONCLAD","items_purchased":["Akabeko","Brimstone"],"campfire_rested":0,"item_purchase_floors":[32,32],"current_hp_per_floor":[80,80,80,68,90,90,90,75,81,81,81,50,51,57,57,58,58,69,95,95,87,87,64,64,38,38,29,29,10,10,14,14,20,48,9,95,93,93,84,84,84,73,41,36,36,0,0],"gold":112,"neow_bonus":"NOSTALGIA","is_daily":false,"chose_seed":false,"campfire_upgraded":2,"win_rate":0.0,"timestamp":1611043481,"path_taken":["M","M","$","?","?","PTL","PTL","E","?","R","T","E","M","M","R","M","R_BF","BOSS","M","M","?","?","$","E","?","E","T","?","?","M","$","M","R_BF","BOSS","M","M","M","?","$","NM","M","M","T","E"],"items_purchased_type":["Relic","Relic"],"build_version":"2020-12-22","purchased_purges":3,"victory":false,"max_hp_per_floor":[80,80,80,80,90,90,90,90,90,90,90,90,90,90,90,90,90,95,95,95,95,95,95,95,95,95,95,95,95,95,95,95,95,95,95,95,95,95,95,95,95,95,95,95,95,95,95],"card_choices":[{"not_picked":["Dropkick","Body Slam"],"picked":"Pommel Strike","floor":1},{"not_picked":["Combust","Havoc"],"picked":"infinitespire:OneForAll","floor":2},{"not_picked":["Rage","Anger"],"picked":"Ghostly Armor","floor":8},{"not_picked":["Power Through","hubris:ReadiedAction","ReplayTheSpireMod:Strike From Hell"],"picked":"SKIP","floor":9},{"not_picked":["Flex","Replay:Undeath\u0027s Touch","Bloodletting"],"picked":"Cleave","floor":12},{"not_picked":["Run Through","hubris:ReadiedAction","Iron Wave"],"picked":"Cleave","floor":13},{"not_picked":["Replay:Many Hands","Havoc","Shockwave"],"picked":"Twin Strike","floor":14},{"not_picked":["Combust","Perfected Strike","Clothesline","Heavy Blade"],"picked":"SKIP","floor":16},{"not_picked":["Eclipse","Fiend Fire","Impervious"],"picked":"Demon Form","floor":18},{"not_picked":["Run Through","Reckless Charge","Body Slam","ReplayTheSpireMod:LeadingStrike"],"picked":"SKIP","floor":20},{"not_picked":["Infernal Blade","Combust","Battle Trance","Pommel Strike"],"picked":"SKIP","floor":21},{"not_picked":["Twin Strike","Pommel Strike","Intimidate"],"picked":"Heavy Blade+1","floor":23},{"not_picked":["Havoc","Feel No Pain","Life Link","Metallicize"],"picked":"SKIP","floor":25},{"not_picked":["Perfected Strike","Reckless Charge","Immolate","Metallicize"],"picked":"SKIP","floor":27},{"not_picked":["Metallicize","Searing Blow+1","Replay:Undeath\u0027s Touch","Sentinel"],"picked":"SKIP","floor":31},{"not_picked":["Infernal Blade","Seeing Red","Perfected Strike+1"],"picked":"Armaments+1","floor":33},{"not_picked":["Armaments","Anger","ReplayTheSpireMod:Corrosion Curse+1","Massacre+1"],"picked":"SKIP","floor":37},{"not_picked":["Rage","Wild Strike","ReplayTheSpireMod:Corrosion Curse+1"],"picked":"Limit Break","floor":38},{"not_picked":["ReplayTheSpireMod:Strike From Hell+1","Twin Strike","Iron Wave"],"picked":"Heavy Blade","floor":39},{"not_picked":["Pommel Strike+1","Ghostly Armor","Shrug It Off"],"picked":"Searing Blow+1","floor":42},{"not_picked":["True Grit","Twin Strike+1","Rupture+1"],"picked":"Iron Wave+1","floor":43},{"not_picked":["Warcry+1","Dark Embrace+1","hubris:ReadiedAction","Twin Strike"],"picked":"SKIP","floor":44}],"player_experience":383520,"relics_obtained":[{"floor":8,"key":"aspiration:Lifesprig"},{"floor":11,"key":"Question Card"},{"floor":12,"key":"Simple Rune"},{"floor":25,"key":"Boot"},{"floor":27,"key":"aspiration:DSix"},{"floor":28,"key":"Bag of Marbles"},{"floor":42,"key":"Omamori"},{"floor":45,"key":"Kunai"}],"event_choices":[{"cards_removed":["Night Terror"],"damage_healed":12,"gold_gain":0,"player_choice":"Offered Rare","damage_taken":0,"max_hp_gain":10,"max_hp_loss":0,"event_name":"Bonfire Elementals","floor":5,"gold_loss":0},{"cards_removed":["Demon Form"],"damage_healed":0,"gold_gain":0,"player_choice":"Take \u0026 Give","damage_taken":0,"max_hp_gain":0,"max_hp_loss":0,"event_name":"betterNote:BetterNote","floor":22,"gold_loss":0,"cards_obtained":["Enlightenment"]},{"damage_healed":0,"gold_gain":0,"player_choice":"Ignored","damage_taken":0,"max_hp_gain":0,"max_hp_loss":0,"event_name":"Ghosts","floor":26,"gold_loss":0},{"damage_healed":0,"gold_gain":2,"player_choice":"2","damage_taken":0,"max_hp_gain":0,"max_hp_loss":19,"event_name":"betterStone:BetterStone","floor":29,"gold_loss":0},{"damage_healed":0,"gold_gain":0,"player_choice":"Opened","damage_taken":0,"relics_obtained":["Replay:Mystery Machine"],"max_hp_gain":0,"max_hp_loss":0,"event_name":"The Mausoleum","floor":30,"gold_loss":0}],"is_beta":false,"boss_relics":[{"not_picked":["Runic Cube","Replay:Drink Me"],"picked":"Runic Pyramid"},{"not_picked":["Sozu","Painkiller Herb"],"picked":"Ring of Chaos"}],"items_purged_floors":[3,24,41],"is_endless":false,"potions_floor_spawned":[8,9,18,21,25,27,31,42,43],"killed_by":"R_Hoarder","ascension_level":1}}