{"host":"pi8b3ffzwvxqztac","time":1611067662,"event":{"mods":["BaseMod","Colored Map","Downfall","Minty Spire (QoL Compilation)","StSLib","The Jungle"],"gold_per_floor":[99,112,128,138,148,158,158,193,210,224,24,124,24,34,53,158,158,158,175,194,59,59,88,114,131,43,43,43,43,28,28,44,140,140,140,159,182,182,197,216,216,216,234,234,118,118,152,152,168,168,168,168,168,168],"floor_reached":52,"language":"ENG","playtime":3694,"items_purged":["Writhe"],"score":766,"play_id":"aff61bea-ad9c-4fa2-ac2a-eeeb6489dca1","local_time":"20210120034742","is_ascension_mode":true,"campfire_choices":[{"floor":1.0,"key":"RECALL"},{"floor":11,"key":"REST"},{"data":"Guardian:TwinSlam","floor":13,"key":"SMITH"},{"data":"Guardian:Suspension","floor":18,"key":"SMITH"},{"data":"Guardian:FloatingOrbs","floor":27,"key":"SMITH"},{"data":"Guardian:FloatingOrbs","floor":29,"key":"SMITH"},{"data":"Guardian:FierceBash","floor":35,"key":"SMITH"},{"data":"Guardian:CurlUp","floor":42,"key":"SMITH"}],"circlet_count":0,"master_deck":["Guardian:Strike_Guardian","Guardian:Strike_Guardian","Guardian:Strike_Guardian","Guardian:Strike_Guardian","Guardian:Defend_Guardian","Guardian:Defend_Guardian","Guardian:Defend_Guardian","Guardian:Defend_Guardian","Guardian:CurlUp+1","Guardian:TwinSlam+1","Guardian:Suspension+1","Guardian:Planning","Guardian:TemporalStrike","Guardian:TimeCapacitor","Guardian:BronzeOrb","Guardian:FloatingOrbs+1","CurseOfTheBell","Guardian:EvasiveProtocol","Guardian:ArmoredProtocol+1","Guardian:RollAttack+1","Guardian:FloatingOrbs+1","Bandage Up+1","Guardian:TimeSifter","Guardian:ArmoredProtocol","Guardian:PiercingHide+1","Guardian:SpikerProtocol","Guardian:FierceBash+1","Guardian:Incinerate+1","Guardian:Recover+1","Guardian:PolyBeam+1","Guardian:BronzeArmor+1","Guardian:DecasProtection","Guardian:TimeCapacitor","Guardian:CompilePackage","Guardian:FloatingOrbs+1"],"relics":["Guardian:ModeShifter","Smiling Mask","Strawberry","downfall:HeartBlessingBlue","downfall:HeartBlessingGreen","downfall:HeartBlessingRed","Calling Bell","Tiny Chest","Mummified Hand","Gambling Chip","WingedGreaves","Orichalcum","TungstenRod","SlaversCollar","MealTicket","Torii","Guardian:DefensiveModeMoreBlock","OrangePellets","Happy Flower","Gremlin Horn"],"acts_visited":["Exordium","Exordium","TheBeyond","TheEnding"],"potions_floor_usage":[8,8,10,19,22,23,25,33,40,45,50,52,52],"damage_taken":[{"damage":1.0,"enemies":"Cultist","floor":2.0,"turns":4.0},{"damage":0.0,"enemies":"2 Louse","floor":3.0,"turns":2.0},{"damage":1.0,"enemies":"Jaw Worm","floor":4.0,"turns":5.0},{"damage":10.0,"enemies":"Exordium Thugs","floor":5.0,"turns":6.0},{"damage":3.0,"enemies":"2 Fungi Beasts","floor":6.0,"turns":5.0},{"damage":27,"enemies":"Gremlin Nob","floor":8,"turns":6},{"damage":11,"enemies":"Lots of Slimes","floor":9,"turns":5},{"damage":8,"enemies":"Exordium Wildlife","floor":10,"turns":7},{"damage":10,"enemies":"3 Louse","floor":14,"turns":4},{"damage":2,"enemies":"Exordium Thugs","floor":15,"turns":4},{"damage":14,"enemies":"WA_ARCHETYPE_RETAIN","floor":16,"turns":7},{"damage":8,"enemies":"theJungle:GiantWrat","floor":19,"turns":4},{"damage":0,"enemies":"Shell Parasite","floor":20,"turns":6},{"damage":4,"enemies":"downfall:FleeingMerchant","floor":21,"turns":4},{"damage":0,"enemies":"theJungle:2_Flameangoes","floor":22,"turns":1},{"damage":40,"enemies":"theJungle:Cassacara","floor":23,"turns":7},{"damage":0,"enemies":"theJungle:2_Snecko_Cultists","floor":25,"turns":3},{"damage":0,"enemies":"downfall:FleeingMerchant","floor":26,"turns":4},{"damage":0,"enemies":"downfall:FleeingMerchant","floor":30,"turns":4},{"damage":4,"enemies":"theJungle:JungleHuntersEncounter","floor":32,"turns":5},{"damage":36,"enemies":"DF_ARCHETYPE_CLAW","floor":33,"turns":11},{"damage":7,"enemies":"3 Darklings","floor":36,"turns":5},{"damage":0,"enemies":"3 Shapes","floor":39,"turns":6},{"damage":9,"enemies":"Spire Growth","floor":40,"turns":5},{"damage":0,"enemies":"4 Shapes","floor":43,"turns":4},{"damage":0,"enemies":"downfall:FleeingMerchant","floor":45,"turns":4},{"damage":34,"enemies":"Nemesis","floor":47,"turns":7},{"damage":0,"enemies":"Maw","floor":49,"turns":5},{"damage":4,"enemies":"SI_POISON_ARCHETYPE","floor":50,"turns":9},{"damage":135,"enemies":"downfall:CharBossMerchant","floor":52,"turns":11}],"seed_played":"-2682333794436091043","potions_obtained":[{"floor":3.0,"key":"Guardian:AcceleratePotion"},{"floor":5.0,"key":"Guardian:StasisDiscoveryPotion"},{"floor":8,"key":"Guardian:AcceleratePotion"},{"floor":9,"key":"LiquidMemories"},{"floor":14,"key":"Swift Potion"},{"floor":20,"key":"SmokeBomb"},{"floor":23,"key":"PowerPotion"},{"floor":32,"key":"Fire Potion"},{"floor":33,"key":"LiquidMemories"},{"floor":36,"key":"SteroidPotion"},{"floor":40,"key":"Ancient Potion"},{"floor":43,"key":"Guardian:DefensiveModePotion"},{"floor":49,"key":"bronze:BurnAndBuffPotion"}],"is_trial":false,"path_per_floor":["R","M","M","M","M","M","T","E","M","M","R","?","R","M","M","B",null,"R","M","M","$","M","E","T","M","$","R","?","R","$","T","M","B",null,"R","M","T","?","M","M","T","R","M","?","$","$","E","T","M","B",null,"E"],"character_chosen":"GUARDIAN","items_purchased":["Guardian:FloatingOrbs","Bandage Up","Guardian:ArmoredProtocol","Guardian:DefensiveModeMoreBlock","OrangePellets","Guardian:DecasProtection","Guardian:TimeCapacitor"],"campfire_rested":1,"item_purchase_floors":[21,21,26,45,45,45,45],"current_hp_per_floor":[80,79,79,78,68,65,65,45,34,26,65,65,65,55,53,39,97,97,89,89,85,89,53,53,57,61,61,61,61,65,65,65,33,97,97,90,90,90,96,93,93,93,97,97,97,97,69,69,75,77,97,0,0,0],"gold":168,"neow_bonus":"RANDOM_COMMON_RELIC","is_daily":false,"chose_seed":false,"campfire_upgraded":6,"win_rate":0.0,"timestamp":1611067662,"path_taken":["R","M","M","M","M","M","T","E","M","?","R","?","R","M","M","BOSS","R","M","M","$","?","E","T","M","$","R","?","R","$","?","M","BOSS","R","M","?","?","M","M","T","R","?","?","$","$","E","?","M","BOSS","E"],"items_purchased_type":["Card","Card","Card","Relic","Relic","Card","Card"],"build_version":"2020-12-22","purchased_purges":1,"victory":false,"max_hp_per_floor":[80,80,80,80,80,80,80,87,87,87,97,97,97,97,97,97,97,97,97,97,97,97,97,97,97,97,97,97,97,97,97,97,97,97,97,97,97,97,97,97,97,97,97,97,97,97,97,97,97,97,97,97,97,97],"card_choices":[{"not_picked":["Guardian:Incinerate","Guardian:PrimingBeam"],"picked":"Guardian:Suspension","floor":2.0},{"not_picked":["Guardian:GemFinder","Guardian:SpikerProtocol"],"picked":"Guardian:Gem_White","floor":3.0},{"not_picked":["Guardian:TemporalStrike","Guardian:RollAttack"],"picked":"Guardian:Gem_Yellow","floor":4.0},{"not_picked":["Guardian:SpikerProtocol","Guardian:Suspension"],"picked":"Guardian:Planning","floor":5.0},{"not_picked":["Guardian:CrystalBeam","Guardian:Gem_Green"],"picked":"Guardian:TemporalStrike","floor":6.0},{"not_picked":["Guardian:Gem_Red","Guardian:Planning"],"picked":"Guardian:Gem_Fragmented","floor":8},{"not_picked":["Guardian:ShieldCharger","Guardian:RollAttack","Guardian:Suspension"],"picked":"SKIP","floor":9},{"not_picked":["Guardian:ShieldCharger","Guardian:Recover"],"picked":"Guardian:TimeCapacitor","floor":10},{"not_picked":["Guardian:TemporalShield","Guardian:PiercingHide"],"picked":"Guardian:BronzeOrb","floor":14},{"not_picked":["Guardian:BronzeArmor","Guardian:BodySlam"],"picked":"Guardian:FloatingOrbs","floor":15},{"not_picked":["Guardian:StasisEngine","Guardian:GatlingBeam"],"picked":"Guardian:Gem_Orange","floor":16},{"not_picked":["Guardian:TemporalShield","Guardian:Gem_Lightblue"],"picked":"Guardian:EvasiveProtocol","floor":19},{"not_picked":["Guardian:Planning+1","Guardian:Recover"],"picked":"Guardian:ArmoredProtocol+1","floor":20},{"not_picked":["Guardian:PolyBeam","Guardian:WalkerClaw"],"picked":"Guardian:RollAttack+1","floor":21},{"not_picked":["Guardian:TemporalShield","Guardian:Emergency"],"picked":"Guardian:Gem_Blue","floor":23},{"not_picked":["Guardian:GuardianWhirl","Guardian:BodySlam","Guardian:CrystalBeam"],"picked":"SKIP","floor":25},{"not_picked":["Guardian:RefractedBeam","Guardian:TemporalShield"],"picked":"Guardian:TimeSifter","floor":26},{"not_picked":["Guardian:Suspension+1","Guardian:DonusPower+1"],"picked":"Guardian:PiercingHide","floor":30},{"not_picked":["Guardian:Recover","Guardian:Planning"],"picked":"Guardian:SpikerProtocol","floor":32},{"not_picked":["Guardian:HyperBeam_Guardian","Guardian:AncientConstruct"],"picked":"Guardian:FierceBash","floor":33},{"not_picked":["Guardian:WalkerClaw","Guardian:RollAttack+1"],"picked":"Guardian:Incinerate+1","floor":36},{"not_picked":["Guardian:Gem_Yellow","Guardian:FastForward"],"picked":"Guardian:Recover+1","floor":39},{"not_picked":["Guardian:Harden+1","Guardian:Gem_Red"],"picked":"Guardian:Gem_Fragmented","floor":40},{"not_picked":["Guardian:Harden","Guardian:WalkerClaw"],"picked":"Guardian:PolyBeam+1","floor":43},{"not_picked":["Guardian:Emergency+1","Guardian:Gem_Lightblue"],"picked":"Guardian:BronzeArmor+1","floor":45},{"not_picked":["Guardian:EvasiveProtocol","Guardian:Clone+1"],"picked":"Guardian:CompilePackage","floor":47},{"not_picked":["Guardian:TemporalShield","Guardian:ChargeCore"],"picked":"Guardian:FloatingOrbs+1","floor":49}],"player_experience":540400,"relics_obtained":[{"floor":8,"key":"Strawberry"},{"floor":17,"key":"Tiny Chest"},{"floor":17,"key":"Mummified Hand"},{"floor":17,"key":"Gambling Chip"},{"floor":23,"key":"WingedGreaves"},{"floor":24,"key":"Orichalcum"},{"floor":31,"key":"TungstenRod"},{"floor":37,"key":"MealTicket"},{"floor":41,"key":"Torii"},{"floor":47,"key":"Happy Flower"},{"floor":48,"key":"Gremlin Horn"}],"event_choices":[],"is_beta":false,"boss_relics":[{"not_picked":["Philosopher\u0027s Stone","Runic Pyramid"],"picked":"Calling Bell"},{"not_picked":["Velvet Choker","Snecko Eye"],"picked":"SlaversCollar"}],"items_purged_floors":[45],"is_endless":false,"potions_floor_spawned":[3,5,8,9,14,20,22,23,32,33,36,40,43,49],"killed_by":"downfall:CharBossMerchant","ascension_level":1}}