{"host":"3j2m8n0ywf988fwb","time":1611034775,"event":{"mods":["2.2 Compatiblity","AchievementEnabler","Act Like it!","Aspiration","Astrologer","BaseMod","Beaked The Cultist","Better Altar","Better Match","Better Note","Better Sensory Stone","Better Skull","Better Third Choice","CCEM","ChefMod","Colored Map","Colored Powertips","Conspire","Dark Map","Energized Spire","Evolution","Fireblade Mod","GifTheSpireLib","Googly Eyes","Halation","Hallownest","Highlight Path","Hubris","Infinite Spire","Jedi Mod","Marisa????????","Marked Mod","Mimic Mod","Minty Spire (QoL Compilation)","Random Character Button","Relic Stats","Replay The Spire","Robot Space Explorer","Shop Mod","Somnambulant","Spire Arcade","StSLib","Stuff the Spire","The Bug Knight","The Hierophant","The Kombatant","The Marked","The Runesmith","TheFirefly","Unceasing Turn Reminder","everything is the same but u backflip on backflip"],"gold_per_floor":[114,133,149,168,168,168,199,199,235,235,249,264,369,1,1,104,104,84,94,22,22,22,22,22,22,22,38,38,38],"floor_reached":28,"language":"ENG","playtime":1176,"items_purged":["CommonCold"],"score":218,"play_id":"7f866d68-14c3-4b28-ac8e-7a99d8e90984","local_time":"20210118233935","is_ascension_mode":false,"campfire_choices":[{"data":"astrologer:Conjunction","floor":6,"key":"SMITH"},{"floor":23,"key":"REST"}],"circlet_count":0,"master_deck":["astrologer:Radiance","astrologer:Strike","astrologer:Strike","astrologer:Defend","astrologer:Defend","astrologer:Defend","astrologer:Defend","astrologer:NorthStar+1","astrologer:TheFool","astrologer:ShiningStar","astrologer:Opposition","astrologer:Conjunction+1","astrologer:Opposition","astrologer:Opposition","astrologer:CometStrike+1","astrologer:Quincunx","astrologer:SpaceDust","conspire:Banana","astrologer:MeteorShower","astrologer:Death","astrologer:MeteorShower","astrologer:Stardust","astrologer:Novile","Overencumbered"],"relics":["astrologer:SkyMirror","EVO:Axolotl","hubris:Towel","CCEMRelics:TinyMinotavrHorn","halation:StarCompass","Blue Doll","Potion Belt","ReplayTheSpireMod:Ring of Challenge","Ring of Panic","aspiration:EmptySkull","Anchor","Cursed Key","CCEMRelics:DissonantTune"],"acts_visited":["Exordium","TheCity"],"potions_floor_usage":[16],"damage_taken":[{"damage":0,"enemies":"Jaw Worm","floor":1,"turns":2},{"damage":1,"enemies":"Small Slimes","floor":2,"turns":3},{"damage":2,"enemies":"conspire:RoseBush","floor":3,"turns":2},{"damage":0,"enemies":"2 Fungi Beasts","floor":4,"turns":2},{"damage":16,"enemies":"HollowMod:MossKnight","floor":7,"turns":8},{"damage":1,"enemies":"Exordium Wildlife","floor":9,"turns":5},{"damage":4,"enemies":"Exordium Wildlife","floor":11,"turns":3},{"damage":3,"enemies":"conspire:2 RoseBushes","floor":12,"turns":3},{"damage":62,"enemies":"Hexaghost","floor":16,"turns":10},{"damage":20,"enemies":"2 Thieves","floor":18,"turns":4},{"damage":41,"enemies":"Spheric Guardian","floor":19,"turns":6},{"damage":22,"enemies":"3 Cultists","floor":27,"turns":5},{"damage":16,"enemies":"Centurion and Healer","floor":28,"turns":5}],"seed_played":"3379899203606716144","potions_obtained":[{"floor":1,"key":"AttackPotion"},{"floor":3,"key":"Regen Potion"},{"floor":11,"key":"jedi:wingpotion"},{"floor":12,"key":"Elixir"},{"floor":18,"key":"SteroidPotion"}],"is_trial":false,"path_per_floor":["M","M","M","M","?","R","E","?","MIM","?","M","M","?","$","R_BF","B",null,"M","M","$","?","$","R","?","T","T","M","M"],"character_chosen":"ASTROLOGER","items_purchased":["Anchor","conspire:Banana","astrologer:MeteorShower","astrologer:Novile"],"campfire_rested":1,"item_purchase_floors":[14,14,14,20],"current_hp_per_floor":[70,69,67,67,67,67,51,51,50,50,46,43,43,43,64,3,71,52,11,11,11,11,32,32,32,32,11,0,0],"gold":38,"neow_bonus":"UPGRADE_CARD","is_daily":false,"chose_seed":false,"campfire_upgraded":1,"win_rate":0.0,"timestamp":1611034775,"path_taken":["M","M","M","M","?","R","E","?","MIM","?","M","?","?","$","R_BF","BOSS","M","M","$","?","$","R","?","?","T","M","M"],"items_purchased_type":["Relic","Card","Card","Card"],"build_version":"2020-12-22","purchased_purges":1,"victory":false,"max_hp_per_floor":[70,70,70,70,70,70,70,70,70,70,70,70,70,70,70,71,71,72,72,72,72,72,72,72,72,72,73,74,74],"relic_stats":{"counters":[13,55],"Cursed Key":1,"obtain_stats":[{"Potion Belt":9,"Blue Doll":9,"EVO:Axolotl":0,"hubris:Towel":5,"halation:StarCompass":8,"Cursed Key":17,"Anchor":14,"aspiration:EmptySkull":13,"CCEMRelics:DissonantTune":25,"astrologer:SkyMirror":0,"CCEMRelics:TinyMinotavrHorn":7,"ReplayTheSpireMod:Ring of Challenge":10,"Ring of Panic":10},{"Potion Belt":6,"Blue Doll":6,"EVO:Axolotl":0,"hubris:Towel":4,"halation:StarCompass":5,"Cursed Key":9,"Anchor":8,"aspiration:EmptySkull":8,"CCEMRelics:DissonantTune":11,"astrologer:SkyMirror":0,"CCEMRelics:TinyMinotavrHorn":5,"ReplayTheSpireMod:Ring of Challenge":6,"Ring of Panic":6},{"Potion Belt":21,"Blue Doll":21,"EVO:Axolotl":0,"hubris:Towel":9,"halation:StarCompass":17,"Cursed Key":36,"Anchor":26,"aspiration:EmptySkull":26,"CCEMRelics:DissonantTune":45,"astrologer:SkyMirror":0,"CCEMRelics:TinyMinotavrHorn":17,"ReplayTheSpireMod:Ring of Challenge":21,"Ring of Panic":21}]},"card_choices":[{"not_picked":["astrologer:TheHighPriestess","astrologer:Still"],"picked":"astrologer:ShiningStar","floor":1},{"not_picked":["astrologer:MeteorShower","astrologer:StarOfCourage"],"picked":"astrologer:Opposition","floor":2},{"not_picked":["astrologer:Eclipse","astrologer:CometStrike","astrologer:Still"],"picked":"SKIP","floor":3},{"not_picked":["astrologer:TheMagician","astrologer:FrozenStar"],"picked":"astrologer:Conjunction","floor":4},{"not_picked":["astrologer:Strength","astrologer:Eclipse"],"picked":"astrologer:Opposition","floor":7},{"not_picked":["astrologer:Eclipse","astrologer:Still"],"picked":"astrologer:Opposition","floor":9},{"not_picked":["astrologer:CrystalBall","astrologer:Temperance"],"picked":"astrologer:CometStrike","floor":11},{"not_picked":["astrologer:ReadTheStars","astrologer:Starfield"],"picked":"astrologer:Quincunx","floor":12},{"not_picked":["astrologer:Judgement","astrologer:TheMoon"],"picked":"astrologer:SpaceDust","floor":13},{"not_picked":["astrologer:Nova","astrologer:WheelofFortune"],"picked":"astrologer:Death","floor":16},{"not_picked":["astrologer:ReadTheStars+1","astrologer:Observe+1"],"picked":"astrologer:MeteorShower","floor":18},{"not_picked":["astrologer:Still","astrologer:Eclipse+1"],"picked":"astrologer:Stardust","floor":19},{"not_picked":["astrologer:ShootingStar","astrologer:StarOfChange","astrologer:Eclipse"],"picked":"SKIP","floor":27}],"player_experience":1094098,"relics_obtained":[{"floor":7,"key":"CCEMRelics:TinyMinotavrHorn"},{"floor":9,"key":"Blue Doll"},{"floor":9,"key":"Potion Belt"},{"floor":10,"key":"ReplayTheSpireMod:Ring of Challenge"},{"floor":10,"key":"Ring of Panic"},{"floor":13,"key":"aspiration:EmptySkull"},{"floor":25,"key":"CCEMRelics:DissonantTune"}],"event_choices":[{"cards_removed":["astrologer:Strike"],"damage_healed":0,"gold_gain":0,"player_choice":"Purged","damage_taken":0,"max_hp_gain":0,"max_hp_loss":0,"event_name":"Purifier","floor":21,"gold_loss":0},{"damage_healed":0,"gold_gain":0,"player_choice":"Ignored","damage_taken":0,"max_hp_gain":0,"max_hp_loss":0,"event_name":"betterNote:BetterNote","floor":24,"gold_loss":0,"cards_obtained":["Feed"]}],"is_beta":false,"boss_relics":[{"not_picked":["energizedSpire:RedRose","Ring of Chaos"],"picked":"Cursed Key"}],"items_purged_floors":[14],"is_endless":false,"potions_floor_spawned":[1,3,11,12,18],"killed_by":"Centurion and Healer","ascension_level":0}}