{"host":"lehz9p79pih88cc3","time":1611074560,"event":{"mods":["AchievementEnabler","Act Like it!","Ascension Reborn","Aspiration","BaseMod","Better Note","Better Skull","Better Third Choice","CapriCore","Defuse TimeMaze Blight","Disable Question Mark Monsters","Emptier Cage","GungeonMod","Infinite Spire","Koishi","Marisa????????","Minty Spire (QoL Compilation)","Permanent Neow","Quick Restart","Reimu??????","Relic Stats","Remilia??????","Replay The Spire","SacredBarkPlus","Shop Mod","StSLib","The Administrix","The Animator","The Immortal","The Runesmith","The Servant 0.9.4","Transform Curses","Uncapped"],"gold_per_floor":[212,212,66,66,11,44,62,62,135,152,208,34,34,60,60,157,157,168,168,168,178,93,93,120,60,60,60,74,29,29,39,39,141,141,158,83,83,103,103,132,167,195,195,295,315,334,359,387,387,387,387,387,44,75,75],"floor_reached":56,"language":"ENG","playtime":2697,"items_purged":["Writhe","Languid","Defend_S"],"score":1475,"play_id":"1a078336-92ae-42e3-9c78-0e4b4523d1b8","local_time":"20210119114240","is_ascension_mode":true,"campfire_choices":[{"floor":8,"key":"REST"},{"floor":15,"key":"REST"},{"floor":23,"key":"REST"},{"floor":32,"key":"REST"},{"floor":49,"key":"RECALL"}],"circlet_count":0,"master_deck":["Defend_S","Defend_S","Defend_S+1","KidneyShot","Exchange+1","Rearm","Rearm","ShatteredReality+1","Starlight","Apotheosis+1","FlawlessForm","Bite","Bite","Bite","Bite","Bite","Hightail","Ricochet","BottledTime","animator:Curse_Dizziness","Sunlight","DoubleEdge","Initiator","Sunlight","SilverBlades"],"relics":["Uniform","Gremlin Food","PreservedInsect","Happy Flower","Pear","Tea:ReiMu","Replay:Kaleidoscope","DemoMod:MonsterBlood","Fusion Hammer","Mastiff:ReiMu","DemoMod:DecoyRelic","Chameleon Ring","Replay:Ancient Bell","Broom","infinitespire:WardingShard","WingedGreaves","Spirit Poop","DemoMod:RiddleOfLead","Tiny Chest","ReplayTheSpireMod:Lightbulb","Nunchaku","ReplayTheSpireMod:CursedCoin","Bag of Marbles","DollysMirror","infinitespire:EmpoweringShard"],"acts_visited":["Exordium","TheCity","TheBeyond","TheEnding"],"potions_floor_usage":[11,33,38,40,50,55,55,55],"damage_taken":[{"damage":1,"enemies":"Jaw Worm","floor":1,"turns":5},{"damage":24,"enemies":"Lagavulin","floor":6,"turns":7},{"damage":4,"enemies":"Cultist","floor":7,"turns":4},{"damage":0,"enemies":"Small Slimes","floor":10,"turns":3},{"damage":0,"enemies":"Gremlin Nob","floor":11,"turns":2},{"damage":52,"enemies":"Fading Forest","floor":16,"turns":11},{"damage":4,"enemies":"Chosen","floor":18,"turns":4},{"damage":0,"enemies":"3 Byrds","floor":21,"turns":3},{"damage":10,"enemies":"Gremlin Leader","floor":24,"turns":5},{"damage":7,"enemies":"Centurion and Healer","floor":28,"turns":6},{"damage":6,"enemies":"Shelled Parasite and Fungi","floor":31,"turns":5},{"damage":12,"enemies":"Collector","floor":33,"turns":14},{"damage":25,"enemies":"Orb Walker","floor":35,"turns":6},{"damage":16,"enemies":"3 Darklings","floor":38,"turns":5},{"damage":0,"enemies":"R_Hoarder","floor":40,"turns":5},{"damage":46,"enemies":"Nemesis","floor":41,"turns":8},{"damage":1,"enemies":"4 Shapes","floor":45,"turns":5},{"damage":16,"enemies":"Transient","floor":46,"turns":5},{"damage":5,"enemies":"Giant Head","floor":47,"turns":6},{"damage":12,"enemies":"Nemesis","floor":48,"turns":9},{"damage":34,"enemies":"Time Eater","floor":50,"turns":13},{"damage":21,"enemies":"Shield and Spear","floor":54,"turns":5},{"damage":89,"enemies":"The Heart","floor":55,"turns":8}],"seed_played":"-3577685565883269750","potions_obtained":[{"floor":6,"key":"BlessingOfTheForge"},{"floor":10,"key":"AttackPotion"},{"floor":11,"key":"Venom Potion"},{"floor":18,"key":"DemoMod:LeadSkinPotion"},{"floor":27,"key":"Explosive Potion"},{"floor":27,"key":"Regen Potion"},{"floor":31,"key":"Adrenaline Potion"},{"floor":38,"key":"DemoMod:BlankPotion"},{"floor":45,"key":"FearPotion"},{"floor":48,"key":"DistilledChaos"},{"floor":52,"key":"Strength Potion"}],"is_trial":false,"path_per_floor":["M","?","$","?","?","E","M","R","T","M","?","$","?","T","R","B",null,"M","?","?","M","?","R","E","?","T","R","M","$","?","M","R","B",null,"M","$","?","M","AVR","E","E","$","T","?","M","M","E","E","R","B",null,"R","$","E","B",null],"character_chosen":"THE_SERVANT","items_purchased":["PreservedInsect","Apotheosis","BottledTime","ReplayTheSpireMod:CursedCoin","DoubleEdge","DollysMirror","LiquidBronze"],"campfire_rested":4,"item_purchase_floors":[3,12,29,42,42,53,53],"current_hp_per_floor":[64,64,64,51,51,37,33,55,55,55,55,55,37,44,68,42,82,78,78,78,82,82,82,82,82,82,82,82,82,82,82,82,82,82,67,67,67,70,92,92,61,61,61,61,66,61,62,71,71,83,92,92,92,83,4],"gold":75,"neow_bonus":"HUNDRED_GOLD","is_daily":false,"chose_seed":false,"campfire_upgraded":0,"win_rate":0.0,"timestamp":1611074560,"path_taken":["M","?","$","?","?","E","?","R","T","M","?","?","?","?","R","BOSS","M","?","?","M","?","R","E","?","T","R","M","$","?","?","R","BOSS","M","$","?","?","AVR","E","E","?","T","?","?","M","E","E","R","BOSS","R","$","E","BOSS"],"items_purchased_type":["Relic","Card","Card","Relic","Card","Relic","Potion"],"build_version":"2020-12-22","purchased_purges":3,"victory":true,"max_hp_per_floor":[65,65,65,65,65,75,75,75,75,75,75,75,75,82,82,82,82,82,82,82,82,82,82,82,82,82,82,82,82,82,82,82,82,82,82,82,82,82,92,92,92,92,92,92,92,92,92,92,92,92,92,92,92,92,92],"relic_stats":{"Nunchaku":[11],"Happy Flower":[46],"counters":[23,144],"Tiny Chest":0,"PreservedInsect":467,"obtain_stats":[{"Tea:ReiMu":9,"Spirit Poop":37,"DemoMod:GlassGuonStoneRelic":16,"Uniform":0,"Broom":34,"DemoMod:RiddleOfLead":39,"Blood Vial":13,"Nunchaku":41,"Chameleon Ring":26,"DemoMod:MonsterBlood":14,"Mastiff:ReiMu":22,"DollysMirror":53,"Tiny Chest":39,"Fusion Hammer":17,"WingedGreaves":34,"Gremlin Food":2,"Pear":6,"Happy Flower":5,"ReplayTheSpireMod:CursedCoin":42,"PreservedInsect":3,"Replay:Ancient Bell":34,"Replay:Kaleidoscope":11,"infinitespire:WardingShard":34,"DemoMod:DecoyRelic":24,"Bag of Marbles":48,"infinitespire:EmpoweringShard":54,"ReplayTheSpireMod:Lightbulb":40},{"Tea:ReiMu":3,"Spirit Poop":13,"DemoMod:GlassGuonStoneRelic":6,"Uniform":0,"Broom":12,"DemoMod:RiddleOfLead":14,"Blood Vial":5,"Nunchaku":16,"Chameleon Ring":9,"DemoMod:MonsterBlood":5,"Mastiff:ReiMu":8,"DollysMirror":21,"Tiny Chest":14,"Fusion Hammer":6,"WingedGreaves":12,"Gremlin Food":1,"Pear":2,"Happy Flower":1,"ReplayTheSpireMod:CursedCoin":16,"PreservedInsect":1,"Replay:Ancient Bell":12,"Replay:Kaleidoscope":5,"infinitespire:WardingShard":12,"DemoMod:DecoyRelic":9,"Bag of Marbles":20,"infinitespire:EmpoweringShard":22,"ReplayTheSpireMod:Lightbulb":15},{"Tea:ReiMu":16,"Spirit Poop":75,"DemoMod:GlassGuonStoneRelic":32,"Uniform":0,"Broom":69,"DemoMod:RiddleOfLead":80,"Blood Vial":21,"Nunchaku":93,"Chameleon Ring":44,"DemoMod:MonsterBlood":21,"Mastiff:ReiMu":39,"DollysMirror":131,"Tiny Chest":80,"Fusion Hammer":32,"WingedGreaves":69,"Gremlin Food":5,"Pear":12,"Happy Flower":5,"ReplayTheSpireMod:CursedCoin":93,"PreservedInsect":5,"Replay:Ancient Bell":69,"Replay:Kaleidoscope":21,"infinitespire:WardingShard":69,"DemoMod:DecoyRelic":44,"Bag of Marbles":118,"infinitespire:EmpoweringShard":136,"ReplayTheSpireMod:Lightbulb":85}]},"card_choices":[{"not_picked":["Ricochet","Potential"],"picked":"Rearm","floor":1},{"not_picked":["Unruled","Potential"],"picked":"Rearm","floor":6},{"not_picked":["Unruled","ForgedInTime","RealityMarble"],"picked":"SKIP","floor":7},{"not_picked":["Ricochet","Alleviate"],"picked":"ShatteredReality","floor":10},{"not_picked":["RealityMarble","Advance"],"picked":"Starlight","floor":11},{"not_picked":["Solidify","SoulSculpture"],"picked":"FlawlessForm","floor":16},{"not_picked":["MoonPhase","Replace","Revamp"],"picked":"SKIP","floor":18},{"not_picked":["FastForward","Rearm"],"picked":"Hightail","floor":21},{"not_picked":["Rearm+1","Revamp"],"picked":"Ricochet","floor":24},{"not_picked":["Alleviate","Read","Rearm"],"picked":"SKIP","floor":28},{"not_picked":["Barrier","Contraction","Unruled"],"picked":"SKIP","floor":31},{"not_picked":["animator:Curse_Dizziness","Writhe"],"picked":"Replay:Sluggish","floor":34},{"not_picked":["Voices","Languid"],"picked":"animator:Curse_Dizziness","floor":34},{"not_picked":["Gluttony_TH","Sloth_TH"],"picked":"Writhe","floor":34},{"not_picked":["Defy+1","Unruled","Revamp+1"],"picked":"SKIP","floor":35},{"not_picked":["Potential","Alleviate"],"picked":"Sunlight","floor":38},{"not_picked":["FanOfKnives+1","FlawlessForm","Contraction"],"picked":"SKIP","floor":40},{"not_picked":["Rearm+1","Manipulate","TimeWarp+1"],"picked":"SKIP","floor":41},{"not_picked":["Manipulate","Replace+1","BottledTime"],"picked":"SKIP","floor":45},{"not_picked":["Revamp+1","Unruled+1","SurpressingFire"],"picked":"SKIP","floor":46},{"not_picked":["Rearm","Foresight","Rewind+1"],"picked":"SKIP","floor":47},{"not_picked":["Rearm+1","DoubleEdge"],"picked":"Initiator","floor":48},{"not_picked":["DoubleEdge+1","Defy"],"picked":"SilverBlades","floor":54}],"player_experience":288423,"relics_obtained":[{"floor":2,"key":"Gremlin Food"},{"floor":6,"key":"Pear"},{"floor":9,"key":"Tea:ReiMu"},{"floor":11,"key":"Replay:Kaleidoscope"},{"floor":14,"key":"DemoMod:MonsterBlood"},{"floor":24,"key":"DemoMod:DecoyRelic"},{"floor":26,"key":"Chameleon Ring"},{"floor":40,"key":"ReplayTheSpireMod:Lightbulb"},{"floor":41,"key":"Nunchaku"},{"floor":48,"key":"Bag of Marbles"},{"floor":54,"key":"infinitespire:EmpoweringShard"}],"event_choices":[{"damage_healed":64,"gold_gain":0,"player_choice":"Upgrade","damage_taken":13,"max_hp_gain":0,"max_hp_loss":65,"event_name":"betterThird:BetterShining","floor":4,"gold_loss":0,"cards_upgraded":["Strike_S","Exchange"]},{"damage_healed":0,"gold_gain":0,"player_choice":"Paid Gold","damage_taken":0,"relics_obtained":["Happy Flower"],"max_hp_gain":0,"max_hp_loss":0,"event_name":"WeMeetAgain","floor":5,"gold_loss":55},{"damage_healed":0,"gold_gain":0,"player_choice":"Searched \u00271\u0027 times","damage_taken":0,"max_hp_gain":0,"max_hp_loss":0,"event_name":"Dead Adventurer","floor":11,"gold_loss":0},{"damage_healed":0,"gold_gain":0,"player_choice":"Relic ","damage_taken":18,"max_hp_gain":0,"max_hp_loss":0,"event_name":"betterThird:BetterScrap","floor":13,"gold_loss":0,"cards_obtained":["Steam Power"]},{"damage_healed":0,"gold_gain":0,"player_choice":"Became a vampire (Vial)","damage_taken":0,"max_hp_gain":0,"max_hp_loss":0,"event_name":"Vampires","floor":19,"relics_lost":["Blood Vial"],"gold_loss":0,"cards_obtained":["Bite","Bite","Bite","Bite","Bite"]},{"damage_healed":0,"gold_gain":0,"player_choice":"Ignored","damage_taken":0,"max_hp_gain":0,"max_hp_loss":0,"event_name":"Ghosts","floor":20,"gold_loss":0},{"damage_healed":0,"gold_gain":0,"player_choice":"Obtained Relic","damage_taken":0,"relics_obtained":["Mastiff:ReiMu"],"max_hp_gain":0,"max_hp_loss":0,"event_name":"Addict","floor":22,"gold_loss":85},{"cards_removed":["Replay:Sluggish"],"damage_healed":0,"gold_gain":0,"player_choice":"Offered Curse","damage_taken":0,"relics_obtained":["Spirit Poop"],"max_hp_gain":0,"max_hp_loss":0,"event_name":"Bonfire Elementals","floor":37,"gold_loss":0},{"damage_healed":0,"gold_gain":100,"player_choice":"Pray","damage_taken":0,"max_hp_gain":0,"max_hp_loss":0,"event_name":"Golden Shrine","floor":44,"gold_loss":0}],"is_beta":false,"boss_relics":[{"not_picked":["Painkiller Herb","ChewingGum"],"picked":"Fusion Hammer"},{"not_picked":["aspiration:RunicSpoon","Sozu"],"picked":"Replay:Ancient Bell"},{"not_picked":["Strawberry","MawBank"],"picked":"Broom"},{"not_picked":["InkBottle","White Beast Statue"],"picked":"infinitespire:WardingShard"},{"not_picked":["infinitespire:CursedDice","PureWhite:ReiMu"],"picked":"WingedGreaves"}],"items_purged_floors":[36,42,53],"is_endless":false,"potions_floor_spawned":[6,10,11,18,31,38,45,48],"ascension_level":1}}