{"host":"tw5nadds0x0wro7l","time":1611081179,"event":{"mods":["Aspiration","BaseMod","Better Altar","Better Match","Better Skull","Block Reminder","Card Forge","CatGirl Mod","Conspire","DNKmod","Displayed Cursed Tome","Dota2Spire","Downfall","Energized Spire","Friendly Minions","Gold Saver","Grow up Mod","GungeonMod","Highlight Path","Hubris","Infinite Spire","Luminous","Minty Spire (QoL Compilation)","Practice Mode","Relic Sorter","Spicy Shops","StSLib","The Alterego","The Animator","The Death Knight","The Marked","The Senshi","TheSwordswoman","Transform Curses","Waifu the Spire","WarShipGirlsR/????R mod","vexMod"],"gold_per_floor":[1054,674,674,674,704,809,884,33,33,33,84,84,84,171,171,474,474,528,582,624,624,106,196,298,388,439,529,140,239,275,275,275,584,584,623,623,528,561,612,612,612],"floor_reached":40,"language":"ENG","playtime":3203,"items_purged":[],"score":870,"play_id":"77798ace-9c37-4c88-bd4a-75fb4c018fc7","local_time":"20210119133259","daily_mods":["Draft","Blue Cards","Heirloom","Time Dilation","Flight","downfall:Lament","Binary","Cursed Run","Elite Swarm","Lethality","Midas","Night Terrors","Terminal"],"is_ascension_mode":false,"campfire_choices":[{"floor":15,"key":"REST"},{"floor":32,"key":"REST"}],"circlet_count":0,"master_deck":["alterego_mod:Punishment+1","Steam+1","alterego_mod:SakuraPetals+1","alterego_mod:Cooking+1","Self Repair+1","alterego_mod:Punishment+1","alterego_mod:PurpleHair+1","alterego_mod:Birthday+1","alterego_mod:Rip+1","Genetic Algorithm+1","alterego_mod:Rip+1","Barricade+1","After Image+1","Noxious Fumes+1","conspire:PoisonWeapons+1","Capacitor+1","Electrodynamics+1","Loop+1","Storm+1","Zap+1","alterego_mod:AlterEgo+1","alterego_mod:BreastValley+1","alterego_mod:ChallengeComplete+1","alterego_mod:ClassAdvantage+1","alterego_mod:Cushion+1","alterego_mod:IdEs+1","alterego_mod:Palingenesis+5","alterego_mod:Pet+1","alterego_mod:PerceptionDisorder+1","alterego_mod:Nekomimi+1","alterego_mod:Smother+1","alterego_mod:TrashNCrash+1","alterego_mod:Undulate+1","alterego_mod:Vow+1","alterego_mod:Rip+1","Chill+1","infinitespire:UltimateForm+1","Capacitor+1","alterego_mod:AlterEgo+1","alterego_mod:BreastValley+1","Doubt","Pain","alterego_mod:IdEs+1","Double Energy","aspiration:Polymerization","alterego_mod:Rip+1"],"relics":["Cursed Key","Anvil of the Gods","Hammer of Thor","hubris:Icosahedron","Seething Fire","Darkstone Periapt","Du-Vu Doll","NeowsBlessing","Incense Burner","Pen Nib","Frozen Eye","CultistMask","vexMod:RetaliationKit","aspiration:FrozenJewel","Chemical X","aspiration:Nostalgia","hexamod:SpiritBrand","DemoMod:ClearGuonStone","Happy Flower","Ancient Tea Set","Turnip","hubris:EvacipatedBox","hubris:FruitBowl","conspire:TopHat","Fusion Hammer","Membership Card","hexamod:CandleOfCauterizing","Blue Candle","Dota2Spire:BattleFury","Blood Vial","Dota2Spire:ArcaneBoots","aspiration:TomeofQuesting","Dota2Spire:EchoSabre","DemoMod:GlassGuonStoneRelic","DemoMod:Bottle","HornCleat","FossilizedHelix","Kunai","DemoMod:MemoryAlloy","DemoMod:MeatBun","Red Mask","hubris:BlackHole","Guardian:BottledAnomaly"],"acts_visited":["Exordium","TheCity","TheBeyond"],"potions_floor_usage":[],"damage_taken":[{"damage":0,"enemies":"2 Louse","floor":1,"turns":1},{"damage":0,"enemies":"Cultist","floor":5,"turns":2},{"damage":0,"enemies":"Gremlin Nob","floor":6,"turns":1},{"damage":0,"enemies":"Small Slimes","floor":11,"turns":2},{"damage":4,"enemies":"3 Sentries","floor":14,"turns":4},{"damage":1,"enemies":"Hexaghost","floor":16,"turns":6},{"damage":0,"enemies":"3 Byrds","floor":18,"turns":3},{"damage":3,"enemies":"Shell Parasite","floor":19,"turns":4},{"damage":0,"enemies":"Snake Plant","floor":20,"turns":3},{"damage":11,"enemies":"Slavers","floor":23,"turns":3},{"damage":40,"enemies":"Gremlin Leader","floor":24,"turns":4},{"damage":2,"enemies":"Nightmare","floor":25,"turns":4},{"damage":1,"enemies":"conspire:Head Lice","floor":27,"turns":3},{"damage":0,"enemies":"Masked Bandits","floor":29,"turns":4},{"damage":0,"enemies":"Chosen and Byrds","floor":30,"turns":4},{"damage":5,"enemies":"Collector","floor":33,"turns":6},{"damage":2,"enemies":"Orb Walker","floor":35,"turns":3},{"damage":0,"enemies":"3 Shapes","floor":38,"turns":3},{"damage":11,"enemies":"Transient","floor":39,"turns":5},{"damage":0,"enemies":"Reptomancer","floor":40,"turns":1}],"seed_played":"5122144521662572100","potions_obtained":[{"floor":1,"key":"Block Potion"},{"floor":11,"key":"Dota2Spire:Clarity"},{"floor":19,"key":"hexamod:SoulburnPotion"}],"is_trial":true,"path_per_floor":["M","$","?","?","M","E","?","$","T","?","M","?","$","E","R","B",null,"M","M","M","?","$","E","E","NM","T","E","$","?","M","?","R","B",null,"M","?","$","M","M","E"],"character_chosen":"The_Alterego","items_purchased":["Pen Nib","Frozen Eye","Chill","aspiration:FrozenJewel","Chemical X","aspiration:Nostalgia","DemoMod:ClearGuonStone","Happy Flower","Turnip","hubris:EvacipatedBox","hubris:FruitBowl","Membership Card","hexamod:CandleOfCauterizing","Blue Candle","Dota2Spire:BattleFury","HornCleat","FossilizedHelix","Kunai","DemoMod:MemoryAlloy","DemoMod:MeatBun","Guardian:BottledAnomaly","aspiration:Polymerization"],"campfire_rested":2,"item_purchase_floors":[2,2,2,8,8,8,8,8,13,13,13,22,22,22,22,28,28,28,28,28,37,37],"current_hp_per_floor":[118,127,136,145,154,163,162,172,188,198,208,218,171,181,243,261,270,279,288,297,306,315,324,307,330,349,369,378,387,396,405,407,425,434,442,452,461,470,479,479,479],"gold":612,"neow_bonus":"","is_daily":false,"chose_seed":false,"campfire_upgraded":0,"win_rate":0.0,"timestamp":1611081179,"path_taken":["M","$","?","?","?","E","?","$","T","?","?","?","?","E","R","BOSS","M","?","?","?","?","E","E","NM","T","E","$","?","?","?","R","BOSS","M","?","$","?","?","E"],"items_purchased_type":["Relic","Relic","Card","Relic","Relic","Relic","Relic","Relic","Relic","Relic","Relic","Relic","Relic","Relic","Relic","Relic","Relic","Relic","Relic","Relic","Relic","Card"],"build_version":"2020-12-22","purchased_purges":0,"victory":false,"max_hp_per_floor":[118,127,136,145,154,163,172,181,196,205,214,223,232,241,243,261,270,279,288,297,306,315,324,333,342,360,369,378,387,396,405,407,425,434,443,452,461,470,479,479,479],"card_choices":[{"not_picked":["Conserve Battery","Rebound"],"picked":"alterego_mod:Punishment","floor":0},{"not_picked":["Barrage","hubris:PowerSurge"],"picked":"Steam","floor":0},{"not_picked":["alterego_mod:TrashNCrash","alterego_mod:Bounce"],"picked":"alterego_mod:SakuraPetals","floor":0},{"not_picked":["alterego_mod:Stockings","alterego_mod:Skirt"],"picked":"alterego_mod:Cooking","floor":0},{"not_picked":["alterego_mod:GoddessCore","alterego_mod:Santa"],"picked":"alterego_mod:Maid","floor":0},{"not_picked":["Undo","alterego_mod:SuperDuperMasochism"],"picked":"Beam Cell","floor":0},{"not_picked":["alterego_mod:Mirror","Cold Snap"],"picked":"Self Repair","floor":0},{"not_picked":["alterego_mod:Undulate","Chaos"],"picked":"alterego_mod:Punishment","floor":0},{"not_picked":["alterego_mod:Undulate","alterego_mod:Maid"],"picked":"alterego_mod:PurpleHair","floor":0},{"not_picked":["Beam Cell","Rebound"],"picked":"alterego_mod:Birthday","floor":0},{"not_picked":["Ball Lightning","conspire:SharedLibrary"],"picked":"alterego_mod:IndependentAction","floor":0},{"not_picked":["alterego_mod:1TonWallop","Compile Driver"],"picked":"alterego_mod:Maid","floor":0},{"not_picked":["alterego_mod:Crossover","Genetic Algorithm"],"picked":"alterego_mod:Rip","floor":0},{"not_picked":["alterego_mod:Bounce","Hologram"],"picked":"Genetic Algorithm","floor":0},{"not_picked":["Hologram","alterego_mod:Mirror"],"picked":"alterego_mod:Rip","floor":0},{"not_picked":["Hologram"],"picked":"alterego_mod:Rip","floor":1},{"not_picked":["hubris:PowerSurge","Go for the Eyes"],"picked":"SKIP","floor":5},{"not_picked":["alterego_mod:Antipathy","Machine Learning"],"picked":"SKIP","floor":6},{"not_picked":["alterego_mod:Pet"],"picked":"Conserve Battery","floor":11},{"not_picked":["alterego_mod:Valkyrie","alterego_mod:PainIsPleasure"],"picked":"SKIP","floor":14},{"not_picked":["alterego_mod:PresenceConcealment","Sunder"],"picked":"SKIP","floor":18},{"not_picked":["Leap","alterego_mod:GoddessCore"],"picked":"SKIP","floor":19},{"not_picked":["Defragment","alterego_mod:Rip"],"picked":"SKIP","floor":20},{"not_picked":["alterego_mod:AlterEgo","alterego_mod:Weigh"],"picked":"SKIP","floor":23},{"not_picked":["Echo Form","alterego_mod:TrickOrTreatment"],"picked":"SKIP","floor":24},{"not_picked":["alterego_mod:SideboobHour","alterego_mod:TrickOrTreatment"],"picked":"SKIP","floor":25},{"not_picked":["alterego_mod:BrynhildrRomantia","alterego_mod:Tantrum"],"picked":"SKIP","floor":27},{"not_picked":["Redo+1","alterego_mod:Cooking"],"picked":"SKIP","floor":30},{"not_picked":["alterego_mod:PerceptionDisorder+1"],"picked":"Double Energy","floor":35},{"not_picked":["alterego_mod:DeftHands","Conserve Battery+1"],"picked":"SKIP","floor":38},{"not_picked":["Scrape"],"picked":"alterego_mod:Rip+1","floor":39}],"player_experience":102796,"relics_obtained":[{"floor":6,"key":"vexMod:RetaliationKit"},{"floor":9,"key":"Ancient Tea Set"},{"floor":14,"key":"conspire:TopHat"},{"floor":23,"key":"Blood Vial"},{"floor":24,"key":"Dota2Spire:ArcaneBoots"},{"floor":25,"key":"aspiration:TomeofQuesting"},{"floor":26,"key":"Dota2Spire:EchoSabre"},{"floor":27,"key":"DemoMod:Bottle"},{"floor":29,"key":"Red Mask"}],"event_choices":[{"damage_healed":0,"gold_gain":0,"player_choice":"Trade","damage_taken":0,"relics_obtained":["CultistMask"],"max_hp_gain":0,"max_hp_loss":0,"event_name":"FaceTrader","floor":4,"gold_loss":0},{"damage_healed":0,"gold_gain":75,"player_choice":"Gather Gold","damage_taken":11,"max_hp_gain":0,"max_hp_loss":0,"event_name":"World of Goop","floor":7,"gold_loss":0},{"damage_healed":0,"gold_gain":0,"cards_transformed":["alterego_mod:Defend"],"player_choice":"Transformed","damage_taken":0,"max_hp_gain":0,"max_hp_loss":0,"event_name":"Transmorgrifier","floor":10,"gold_loss":0,"cards_obtained":["Self Repair"]},{"damage_healed":0,"gold_gain":0,"player_choice":"Ignored","damage_taken":0,"max_hp_gain":0,"max_hp_loss":0,"event_name":"Beggar","floor":21,"gold_loss":0},{"damage_healed":0,"gold_gain":0,"player_choice":"Fought Bandits","damage_taken":0,"max_hp_gain":0,"max_hp_loss":0,"event_name":"Masked Bandits","floor":29,"gold_loss":0},{"damage_healed":0,"gold_gain":0,"player_choice":"Simplicity","damage_taken":0,"max_hp_gain":0,"max_hp_loss":0,"event_name":"Back to Basics","floor":31,"gold_loss":0,"cards_upgraded":[]}],"is_beta":false,"boss_relics":[{"not_picked":["infinitespire:Cupcake","hubris:Stopwatch","vexMod:DeviousBotling"],"picked":"Fusion Hammer"},{"not_picked":["Runic Dome","conspire:SlowCooker","Snecko Eye"],"picked":"hubris:BlackHole"}],"items_purged_floors":[],"is_endless":true,"potions_floor_spawned":[1,11,19,24,27,29,35],"killed_by":"Reptomancer","ascension_level":0}}