{"host":"skr63qsdfgeey3it","time":1611035288,"event":{"mods":["BaseMod","Colored Map","Hubris","Minty Spire (QoL Compilation)","Replay The Spire","Spicy Shops","StSLib"],"gold_per_floor":[359,359,359,106,118,149,149,180,180,195,210,220,237,61,61,163,163,175,175,175,192,206,206,206,206,206,239,255,271,301,312,312,412,412,432,482,482,482,499,499,499,516,516,85,116,116,127,147,147,147],"floor_reached":51,"language":"ENG","playtime":3058,"items_purged":["Strike_R"],"score":1561,"play_id":"3ea70286-4675-4f60-b9d0-28260cac1dca","local_time":"20210118234808","is_ascension_mode":true,"campfire_choices":[{"data":"hubris:CleavingFinish","floor":7.0,"key":"SMITH"},{"data":"Armaments","floor":15.0,"key":"SMITH"},{"floor":23.0,"key":"REST"},{"data":"Armaments","floor":25.0,"key":"SMITH"},{"data":"Hologram","floor":32.0,"key":"SMITH"},{"data":"Voices","floor":40.0,"key":"PURGE"},{"floor":49,"key":"REST"}],"circlet_count":0,"master_deck":["AscendersBane","Strike_R","Strike_R+2","Strike_R+1","Defend_R","Defend_R","Defend_R","Defend_R","Bash","Flame Barrier","hubris:CleavingFinish+1","Rage","Impervious+1","ReplayReversal","Armaments+1","Juggernaut","Body Slam+1","Offering","Hologram+1","Armaments+1","Double Tap+1","Shrug It Off+1","ReplayReversal+1","Brutality","Juggernaut","Impervious+1","Body Slam"],"relics":["Black Blood","hubris:PeanutButter","InkBottle","Simple Rune","ReplayTheSpireMod:Lightbulb","hubris:ToyBattleship","Philosopher\u0027s Stone","WarpedTongs","Replay:Bottled Flurry","Toxic Egg 2","Ice Cream","Peace Pipe","hubris:Towel","Mercury Hourglass","DollysMirror","Replay:Wax Seal","Letter Opener","Whetstone","Vajra"],"acts_visited":["Exordium","TheCity","TheBeyond"],"potions_floor_usage":[45,47],"damage_taken":[{"damage":18.0,"enemies":"Jaw Worm","floor":1.0,"turns":5.0},{"damage":0.0,"enemies":"Small Slimes","floor":5.0,"turns":4.0},{"damage":12.0,"enemies":"Gremlin Nob","floor":6.0,"turns":4.0},{"damage":46.0,"enemies":"Replay:BlueRogue","floor":8.0,"turns":8.0},{"damage":0.0,"enemies":"Cultist","floor":10.0,"turns":5.0},{"damage":0.0,"enemies":"Lots of Slimes","floor":11.0,"turns":1.0},{"damage":0.0,"enemies":"Looter","floor":12.0,"turns":3.0},{"damage":0.0,"enemies":"Large Slime","floor":13.0,"turns":6.0},{"damage":6.0,"enemies":"Slime Boss","floor":16.0,"turns":13.0},{"damage":10.0,"enemies":"3 Byrds","floor":18.0,"turns":3.0},{"damage":25.0,"enemies":"2 Thieves","floor":21.0,"turns":4.0},{"damage":43.0,"enemies":"Centurion and Healer","floor":22.0,"turns":4.0},{"damage":0.0,"enemies":"Gremlin Leader","floor":27.0,"turns":5.0},{"damage":0.0,"enemies":"Sentry and Sphere","floor":28.0,"turns":3.0},{"damage":10.0,"enemies":"Snake Plant","floor":29.0,"turns":4.0},{"damage":29.0,"enemies":"Slavers","floor":30.0,"turns":6.0},{"damage":0.0,"enemies":"Cultist and Chosen","floor":31.0,"turns":4.0},{"damage":25.0,"enemies":"Pondfish","floor":33.0,"turns":7.0},{"damage":0.0,"enemies":"Orb Walker","floor":35.0,"turns":2.0},{"damage":0.0,"enemies":"Mind Bloom Boss Battle","floor":36.0,"turns":4.0},{"damage":31.0,"enemies":"3 Darklings","floor":39.0,"turns":4.0},{"damage":43.0,"enemies":"Jaw Worm Horde","floor":42.0,"turns":4.0},{"damage":39,"enemies":"Nemesis","floor":45,"turns":7},{"damage":0,"enemies":"Writhing Mass","floor":47,"turns":4},{"damage":13,"enemies":"Transient","floor":48,"turns":5},{"damage":30,"enemies":"Donu and Deca","floor":50,"turns":7}],"seed_played":"-8153405455293473546","potions_obtained":[{"floor":1.0,"key":"AttackPotion"},{"floor":11.0,"key":"BloodPotion"},{"floor":16.0,"key":"ColorlessPotion"},{"floor":18.0,"key":"SteroidPotion"},{"floor":27.0,"key":"Weak Potion"},{"floor":30.0,"key":"SpeedPotion"},{"floor":33.0,"key":"BloodPotion"},{"floor":35.0,"key":"Weak Potion"},{"floor":42.0,"key":"DuplicationPotion"}],"is_trial":false,"path_per_floor":["M","?","?","$","M","E","R","E","T","M","M","M","M","$","R","B",null,"M","?","?","M","M","R","?","R","T","E","M","M","E","M","R","B",null,"M","?","?","?","M","R","?","M","T","$","E","T","M","M","R","B",null],"character_chosen":"IRONCLAD","items_purchased":["hubris:PeanutButter","Body Slam","hubris:ToyBattleship","DollysMirror","Replay:Wax Seal","Letter Opener"],"campfire_rested":2,"item_purchase_floors":[4,14,14,44,44,44],"current_hp_per_floor":[60,60,60,60,66,60,60,20,20,26,32,38,44,44,44,44,71,67,67,67,48,27,51,51,51,51,57,63,59,36,42,42,23,66,78,80,80,80,61,61,61,46,46,46,19,19,31,30,54,36],"gold":147,"neow_bonus":"TWO_FIFTY_GOLD","is_daily":false,"chose_seed":false,"campfire_upgraded":4,"win_rate":0.0,"timestamp":1611035288,"path_taken":["M","?","?","$","M","E","R","E","T","M","M","M","?","?","R","BOSS","M","?","?","M","?","R","?","R","T","E","M","?","E","M","R","BOSS","M","?","?","?","?","R","?","M","T","$","E","?","M","M","R","BOSS"],"items_purchased_type":["Relic","Card","Relic","Relic","Relic","Relic"],"build_version":"2020-12-22","purchased_purges":1,"victory":true,"max_hp_per_floor":[80,80,80,80,80,80,80,80,80,80,80,80,80,80,80,80,80,80,80,80,80,80,80,80,80,80,80,80,80,80,80,80,80,80,80,80,80,80,80,80,80,80,80,80,80,80,80,80,80,80],"card_choices":[{"not_picked":["Clothesline","True Grit"],"picked":"Flame Barrier","floor":1.0},{"not_picked":["Cleave","Shrug It Off"],"picked":"hubris:CleavingFinish","floor":5.0},{"not_picked":["Perfected Strike","Body Slam","Power Through"],"picked":"SKIP","floor":6.0},{"not_picked":["Feel No Pain","Sever Soul"],"picked":"Rage","floor":8.0},{"not_picked":["Warcry","Entrench"],"picked":"Impervious","floor":10.0},{"not_picked":["Body Slam","Dropkick"],"picked":"ReplayReversal","floor":11.0},{"not_picked":["Heavy Blade","Anger"],"picked":"Armaments","floor":12.0},{"not_picked":["hubris:ReadiedAction","Evolve"],"picked":"Juggernaut","floor":13.0},{"not_picked":["Fiend Fire","Double Tap"],"picked":"Offering","floor":16.0},{"not_picked":["Shrug It Off","Warcry","Run Through"],"picked":"SKIP","floor":18.0},{"not_picked":["Sword Boomerang+1","Twin Strike"],"picked":"Armaments","floor":21.0},{"not_picked":["Run Through","hubris:CleavingFinish","Rupture"],"picked":"SKIP","floor":22.0},{"not_picked":["Bloodletting+1","Flex+1"],"picked":"Double Tap+1","floor":27.0},{"not_picked":["Cleave","hubris:SharpeningStone+1"],"picked":"Shrug It Off+1","floor":28.0},{"not_picked":["True Grit+1","Wild Strike"],"picked":"ReplayReversal+1","floor":29.0},{"not_picked":["Clash","Flex+1","Spot Weakness+1"],"picked":"SKIP","floor":30.0},{"not_picked":["Combust","Twin Strike"],"picked":"Brutality","floor":31.0},{"not_picked":["Berserk","Reaper"],"picked":"Juggernaut","floor":33.0},{"not_picked":["Dark Embrace","Perfected Strike","Havoc+1"],"picked":"SKIP","floor":35.0},{"not_picked":["Havoc+1","Clothesline+1","Headbutt"],"picked":"SKIP","floor":39.0},{"not_picked":["Wild Strike+1","Thunderclap","Iron Wave+1"],"picked":"SKIP","floor":42.0},{"not_picked":["Perfected Strike","Flex+1"],"picked":"Body Slam","floor":45},{"not_picked":["Seeing Red+1","Headbutt+1","Twin Strike"],"picked":"SKIP","floor":47},{"not_picked":["Sword Boomerang","Havoc+1","ReplayTheSpireMod:LeadingStrike"],"picked":"SKIP","floor":48}],"player_experience":747398,"relics_obtained":[{"floor":6.0,"key":"InkBottle"},{"floor":8.0,"key":"Simple Rune"},{"floor":9.0,"key":"ReplayTheSpireMod:Lightbulb"},{"floor":26.0,"key":"Replay:Bottled Flurry"},{"floor":27.0,"key":"Toxic Egg 2"},{"floor":30.0,"key":"Ice Cream"},{"floor":36.0,"key":"Peace Pipe"},{"floor":43.0,"key":"Mercury Hourglass"},{"floor":45,"key":"Whetstone"},{"floor":46,"key":"Vajra"}],"event_choices":[{"cards_removed":["Sickly"],"damage_healed":0.0,"max_hp_gain":0.0,"max_hp_loss":0.0,"gold_gain":0.0,"event_name":"Living Wall","player_choice":"Forget","floor":2.0,"gold_loss":0.0,"damage_taken":0.0},{"cards_removed":["Strike_R"],"damage_healed":0.0,"max_hp_gain":0.0,"max_hp_loss":0.0,"gold_gain":0.0,"event_name":"Purifier","player_choice":"Purged","floor":3.0,"gold_loss":0.0,"damage_taken":0.0},{"damage_healed":0.0,"max_hp_gain":0.0,"max_hp_loss":0.0,"gold_gain":0.0,"event_name":"The Library","player_choice":"Read","floor":19.0,"gold_loss":0.0,"damage_taken":0.0,"cards_obtained":["Hologram"]},{"damage_healed":0.0,"max_hp_gain":0.0,"max_hp_loss":0.0,"gold_gain":0.0,"event_name":"Accursed Blacksmith","player_choice":"Rummage","floor":20.0,"gold_loss":0.0,"damage_taken":0.0,"relics_obtained":["WarpedTongs"],"cards_obtained":["Pain"]},{"damage_healed":0.0,"max_hp_gain":0.0,"max_hp_loss":0.0,"gold_gain":0.0,"cards_transformed":["Pain"],"event_name":"Transmorgrifier","player_choice":"Transformed","floor":24.0,"gold_loss":0.0,"damage_taken":0.0,"cards_obtained":["Voices"]},{"damage_healed":0.0,"max_hp_gain":0.0,"max_hp_loss":0.0,"gold_gain":0.0,"event_name":"MindBloom","player_choice":"Fight","floor":36.0,"gold_loss":0.0,"damage_taken":0.0},{"damage_healed":0.0,"max_hp_gain":0.0,"max_hp_loss":0.0,"gold_gain":0.0,"event_name":"Transmorgrifier","player_choice":"Ignored","floor":38.0,"gold_loss":0.0,"damage_taken":0.0}],"is_beta":false,"boss_relics":[{"not_picked":["Runic Cube","hubris:TerracottaHorce"],"picked":"Philosopher\u0027s Stone"},{"not_picked":["Pandora\u0027s Box","Busted Crown"],"picked":"Black Blood"}],"items_purged_floors":[14],"is_endless":false,"potions_floor_spawned":[1,11,16,18,27,30,33,35,42],"ascension_level":12}}