{"host":"08z5bj28eube4vug","time":1611036280,"event":{"mods":["2.2 Compatiblity","Abigail Mod","Act Like it!","BaseMod","Beaked The Cultist","Bestiary","Friendly Minions","Gensokyo","GungeonMod","Hallownest","Kiyohime????","Koishi","Lobotomy","Marisa????????","Minty Spire (QoL Compilation)","Prisma Mod","Remilia??????","Replay The Spire","StSLib","Td1madao Mod","The Alterego","The Bug Knight","The Jungle","The Sage","The Senshi","The Servant 0.9.4","Waifu the Spire","WarShipGirlsR/????R mod","Yuri Mod"],"gold_per_floor":[116,291,21,21,96,96,112,112,112,112,126,126,138,138,138,264,264,283,283,283,299,317,348,348,148,148,164,106,130,130,149,149,279,279,300,300,319,333,333,333,333,333,333,333,333,357,380,380,380,380],"floor_reached":51,"language":"ENG","playtime":3602,"items_purged":["Doubt"],"score":1146,"play_id":"77fb74ee-7a20-4d23-83d7-bdfa4c58c7db","local_time":"20210119090440","is_ascension_mode":true,"campfire_choices":[{"data":"alterego_mod:Mirror","floor":6,"key":"SMITH"},{"data":"alterego_mod:BigMeatyClaws","floor":10,"key":"SMITH"},{"floor":15,"key":"REST"},{"data":"alterego_mod:Pet","floor":24,"key":"SMITH"},{"data":"alterego_mod:Impale","floor":30,"key":"SMITH"},{"data":"alterego_mod:Pet","floor":32,"key":"SMITH"},{"data":"alterego_mod:MagicResistance","floor":40,"key":"SMITH"},{"data":"alterego_mod:Nekomimi","floor":42,"key":"SMITH"},{"data":"alterego_mod:Support","floor":44,"key":"SMITH"},{"floor":49,"key":"REST"}],"circlet_count":0,"master_deck":["alterego_mod:Strike","alterego_mod:Strike","alterego_mod:Strike","alterego_mod:Defend+1","alterego_mod:Defend","alterego_mod:Defend","alterego_mod:Defend","alterego_mod:Impale+1","alterego_mod:BigMeatyClaws+1","alterego_mod:BrynhildrsRune","CurseOfTheBell","alterego_mod:Nekomimi+1","alterego_mod:Mirror+1","alterego_mod:Undulate","alterego_mod:Pet+1","alterego_mod:ChallengeComplete+1","alterego_mod:Palingenesis+1","alterego_mod:Support+1","RitualDagger","alterego_mod:Stockings+1","alterego_mod:Pet+1","alterego_mod:Support+1","alterego_mod:ChallengeComplete+1","alterego_mod:Venus+1","alterego_mod:MagicResistance+1","Master of Strategy","alterego_mod:Nekomimi"],"relics":["Calling Bell","Counterbalance","sagemod:Singing_Vial","Lantern","DemoMod:ClearGuonStone","FossilizedHelix","Chameleon Ring","Golden Idol","Snecko Heart","DemoMod:GlassGuonStoneRelic","Tiny Chest","Toy Ornithopter","DemoMod:ChaffGrenade","Molten Egg 2","Frozen Eye","sagemod:Red_Beast_Statue","Cursed Key"],"acts_visited":["Exordium","TheCity","TheBeyond"],"potions_floor_usage":[16,16,21,33,38,50],"damage_taken":[{"damage":12,"enemies":"2 Louse","floor":1,"turns":3},{"damage":6,"enemies":"Jaw Worm","floor":7,"turns":4},{"damage":0,"enemies":"Small Slimes","floor":11,"turns":3},{"damage":0,"enemies":"Exordium Wildlife","floor":13,"turns":4},{"damage":0,"enemies":"Hexaghost","floor":16,"turns":8},{"damage":0,"enemies":"3 Byrds","floor":18,"turns":2},{"damage":11,"enemies":"2 Thieves","floor":21,"turns":3},{"damage":0,"enemies":"Centurion and Healer","floor":22,"turns":7},{"damage":0,"enemies":"Book of Stabbing","floor":23,"turns":2},{"damage":0,"enemies":"Shelled Parasite and Fungi","floor":27,"turns":5},{"damage":0,"enemies":"3 Cultists","floor":29,"turns":7},{"damage":0,"enemies":"Centurion and Healer","floor":31,"turns":8},{"damage":0,"enemies":"Champ","floor":33,"turns":11},{"damage":0,"enemies":"3 Shapes","floor":35,"turns":3},{"damage":0,"enemies":"Orb Walker","floor":37,"turns":2},{"damage":0,"enemies":"4 Shapes","floor":38,"turns":4},{"damage":18,"enemies":"Sphere and 2 Shapes","floor":46,"turns":4},{"damage":0,"enemies":"Transient","floor":47,"turns":5},{"damage":0,"enemies":"Time Eater","floor":50,"turns":13}],"seed_played":"2318066456176336417","potions_obtained":[{"floor":1,"key":"LiquidMemories"},{"floor":7,"key":"Venom Potion"},{"floor":16,"key":"Strength Potion"},{"floor":21,"key":"PowerPotion"},{"floor":23,"key":"Regen Potion"},{"floor":29,"key":"DemoMod:LeadSkinPotion"},{"floor":33,"key":"FearPotion"},{"floor":35,"key":"SkillPotion"},{"floor":37,"key":"Adrenaline Potion"}],"is_trial":false,"path_per_floor":["M","?","$","?","?","R","M","?","T","R","M","?","M","?","R","B",null,"M","?","?","M","M","E","R","$","T","M","$","M","R","M","R","B",null,"M","?","M","M","T","R","?","R","T","R","$","M","M","$","R","B",null],"character_chosen":"The_Alterego","items_purchased":["DemoMod:ClearGuonStone","alterego_mod:Mirror","alterego_mod:Pet","Toy Ornithopter","alterego_mod:Support+1","Molten Egg 2","Frozen Eye","sagemod:Red_Beast_Statue"],"campfire_rested":2,"item_purchase_floors":[3,3,25,25,28,28,28,28],"current_hp_per_floor":[51,51,51,44,33,33,34,34,34,34,34,34,34,17,38,38,62,62,56,56,45,45,52,52,52,52,59,59,66,66,70,70,70,70,70,70,70,70,70,70,65,65,65,65,65,47,47,47,68,70],"gold":380,"neow_bonus":"BOSS_RELIC","is_daily":false,"chose_seed":false,"campfire_upgraded":8,"win_rate":0.0,"timestamp":1611036280,"path_taken":["M","?","$","?","?","R","M","?","T","R","?","?","M","?","R","BOSS","M","?","?","M","?","E","R","?","T","M","$","M","R","M","R","BOSS","M","?","?","M","?","R","?","R","T","R","$","M","M","?","R","BOSS"],"items_purchased_type":["Relic","Card","Card","Relic","Card","Relic","Relic","Relic"],"build_version":"2020-12-22","purchased_purges":1,"victory":true,"max_hp_per_floor":[70,70,70,70,70,70,70,70,70,70,70,70,70,70,70,70,70,70,70,70,70,70,70,70,70,70,70,70,70,70,70,70,70,70,70,70,70,70,70,70,70,70,70,70,70,70,70,70,70,70],"card_choices":[{"not_picked":["alterego_mod:GoddessCore","alterego_mod:TrashNCrash"],"picked":"alterego_mod:Nekomimi","floor":1},{"not_picked":["alterego_mod:Jiggle","alterego_mod:HighServant"],"picked":"alterego_mod:Undulate","floor":7},{"not_picked":["alterego_mod:Undulate","alterego_mod:Maid"],"picked":"alterego_mod:Pet","floor":11},{"not_picked":["alterego_mod:PerceptionDisorder","alterego_mod:Valkyrie"],"picked":"alterego_mod:ChallengeComplete","floor":13},{"not_picked":["alterego_mod:SideboobHour","alterego_mod:Vow"],"picked":"alterego_mod:Palingenesis","floor":16},{"not_picked":["alterego_mod:HighServant+1","alterego_mod:Lingerie"],"picked":"alterego_mod:Support","floor":18},{"not_picked":["alterego_mod:IndependentAction+1","alterego_mod:BiFurious"],"picked":"alterego_mod:Stockings+1","floor":21},{"not_picked":["alterego_mod:Belts","alterego_mod:SuperDuperMasochism+1"],"picked":"alterego_mod:DustData+1","floor":22},{"not_picked":["alterego_mod:Complex","alterego_mod:BustOut","alterego_mod:PerceptionDisorder"],"picked":"Singing Bowl","floor":23},{"not_picked":["alterego_mod:Jiggle","alterego_mod:Bunnysuit","alterego_mod:Crossover"],"picked":"SKIP","floor":27},{"not_picked":["alterego_mod:Complex+1","alterego_mod:Clap"],"picked":"alterego_mod:ChallengeComplete+1","floor":29},{"not_picked":["alterego_mod:Maid+1","alterego_mod:Complex+1","alterego_mod:Cycle"],"picked":"SKIP","floor":31},{"not_picked":["alterego_mod:Maid+1","alterego_mod:Complex+1","alterego_mod:Cycle"],"picked":"SKIP","floor":31},{"not_picked":["alterego_mod:BrynhildrRomantia+1","alterego_mod:InsideBaseball"],"picked":"alterego_mod:Venus+1","floor":33},{"not_picked":["alterego_mod:Jiggle","alterego_mod:TrashNCrash","alterego_mod:Bloomers+1"],"picked":"SKIP","floor":35},{"not_picked":["alterego_mod:Support+1","alterego_mod:Belts+1","alterego_mod:Jiggle+1"],"picked":"SKIP","floor":37},{"not_picked":["alterego_mod:Support+1","alterego_mod:Belts+1","alterego_mod:Jiggle+1"],"picked":"SKIP","floor":37},{"not_picked":["alterego_mod:Swimsuit+1","alterego_mod:Belts+1"],"picked":"alterego_mod:MagicResistance","floor":38},{"not_picked":["Bandage Up","Secret Weapon"],"picked":"Master of Strategy","floor":41},{"not_picked":["alterego_mod:Maid+1","alterego_mod:Bloomers"],"picked":"alterego_mod:Nekomimi","floor":46},{"not_picked":["alterego_mod:SuperDuperMasochism+1","alterego_mod:MagicResistance+1","alterego_mod:BustOut+1"],"picked":"SKIP","floor":47}],"player_experience":814780,"relics_obtained":[{"floor":0,"key":"Counterbalance"},{"floor":0,"key":"sagemod:Singing_Vial"},{"floor":0,"key":"Lantern"},{"floor":9,"key":"Chameleon Ring"},{"floor":23,"key":"Tiny Chest"},{"floor":26,"key":"DemoMod:ChaffGrenade"}],"event_choices":[{"damage_healed":0,"gold_gain":175,"player_choice":"AGREE","damage_taken":0,"max_hp_gain":0,"max_hp_loss":0,"event_name":"Liars Game","floor":2,"gold_loss":0,"cards_obtained":["Doubt"]},{"cards_removed":["alterego_mod:Strike"],"damage_healed":0,"gold_gain":0,"player_choice":"Card Removal","damage_taken":7,"max_hp_gain":0,"max_hp_loss":0,"event_name":"Golden Wing","floor":4,"gold_loss":0},{"damage_healed":0,"gold_gain":75,"player_choice":"Gather Gold","damage_taken":11,"max_hp_gain":0,"max_hp_loss":0,"event_name":"World of Goop","floor":5,"gold_loss":0},{"damage_healed":0,"gold_gain":0,"player_choice":"Searched \u00271\u0027 times","damage_taken":0,"relics_obtained":["FossilizedHelix"],"max_hp_gain":0,"max_hp_loss":0,"event_name":"Dead Adventurer","floor":8,"gold_loss":0},{"damage_healed":0,"gold_gain":0,"player_choice":"Take Damage","damage_taken":17,"relics_obtained":["Golden Idol"],"max_hp_gain":0,"max_hp_loss":0,"event_name":"Golden Idol","floor":14,"gold_loss":0},{"damage_healed":0,"gold_gain":0,"player_choice":"Joined the Cult","damage_taken":6,"max_hp_gain":0,"max_hp_loss":0,"event_name":"Nest","floor":19,"gold_loss":0,"cards_obtained":["RitualDagger"]},{"damage_healed":0,"gold_gain":0,"player_choice":"Upgraded","damage_taken":0,"max_hp_gain":0,"max_hp_loss":0,"event_name":"Upgrade Shrine","floor":20,"gold_loss":0,"cards_upgraded":["alterego_mod:Palingenesis"]},{"damage_healed":0,"gold_gain":0,"player_choice":"Forge","damage_taken":0,"max_hp_gain":0,"max_hp_loss":0,"event_name":"Accursed Blacksmith","floor":36,"gold_loss":0,"cards_upgraded":["alterego_mod:ChallengeComplete"]},{"damage_healed":0,"gold_gain":0,"player_choice":"Memory 2","damage_taken":5,"max_hp_gain":0,"max_hp_loss":0,"event_name":"SensoryStone","floor":41,"gold_loss":0}],"is_beta":false,"boss_relics":[{"not_picked":["Black Star","Snecko Eye"],"picked":"Snecko Heart"},{"not_picked":["Fusion Hammer","Replay:Ancient Bell"],"picked":"Cursed Key"}],"items_purged_floors":[3],"is_endless":false,"potions_floor_spawned":[1,7,16,21,23,29,33,35,37],"ascension_level":7}}