{"host":"tch6k55kfxnw5l94","time":1611043847,"event":{"mods":["BaseMod","Downfall","Hermit","Luminous","Minty Spire (QoL Compilation)","StSLib","The Caster"],"gold_per_floor":[0,12,29,9025,9043,9058,9085,9099,8999,8999,9027,9045,8945,9045,9059,9059,9059],"floor_reached":16,"language":"ENG","playtime":745,"items_purged":[],"score":109,"play_id":"87c0d71f-b827-4730-954b-75a8d123786b","local_time":"20210119031047","is_ascension_mode":true,"campfire_choices":[{"floor":1,"key":"RECALL"},{"data":"bronze:Verify","floor":9,"key":"SMITH"},{"data":"bronze:Goto","floor":13,"key":"SMITH"}],"circlet_count":0,"master_deck":["bronze:Strike","bronze:Strike","bronze:Strike","bronze:Strike","bronze:Defend","bronze:Defend","bronze:Defend","bronze:Defend","bronze:Replicate","bronze:Goto+1","bronze:Constructor","bronze:WhirlingStrike","bronze:Verify+1","bronze:Separator","expansioncontent:StudyTheSpire","Panacea","bronze:Frontload","bronze:GetLatest","bronze:CutThrough","bronze:Repair"],"relics":["bronze:BronzeCore","Peace Pipe","ClockworkSouvenir","Nunchaku","Happy Flower","MealTicket","downfall:HeartBlessingRed","Bronze Scales","bronze:SilverBullet","downfall:HeartBlessingGreen"],"acts_visited":["Exordium"],"potions_floor_usage":[6,12,16,16,16,16],"damage_taken":[{"damage":10,"enemies":"Jaw Worm","floor":2,"turns":4},{"damage":0,"enemies":"Small Slimes","floor":3,"turns":3},{"damage":0,"enemies":"downfall:FleeingMerchant","floor":4,"turns":4},{"damage":6,"enemies":"Cultist","floor":5,"turns":4},{"damage":29,"enemies":"Large Slime","floor":6,"turns":6},{"damage":14,"enemies":"Blue Slaver","floor":8,"turns":3},{"damage":17,"enemies":"3 Sentries","floor":11,"turns":8},{"damage":0,"enemies":"Exordium Thugs","floor":12,"turns":3},{"damage":11,"enemies":"3 Louse","floor":15,"turns":2},{"damage":55,"enemies":"DF_ARCHETYPE_STREAMLINE","floor":16,"turns":5}],"seed_played":"4363494332931057872","potions_obtained":[{"floor":6,"key":"Weak Potion"},{"floor":11,"key":"Block Potion"},{"floor":12,"key":"bronze:CleanCodePotion"},{"floor":15,"key":"EntropicBrew"}],"is_trial":false,"path_per_floor":["R","M","M","$","M","M","T","M","R","?","E","M","R","?","M","B"],"character_chosen":"THE_AUTOMATON","items_purchased":["ClockworkSouvenir","Nunchaku","Happy Flower","bronze:Separator","expansioncontent:StudyTheSpire","Panacea","Regen Potion","SpeedPotion","bronze:BurnAndBuffPotion"],"campfire_rested":0,"item_purchase_floors":[4,4,4,4,4,4,4,4,4],"current_hp_per_floor":[70,60,60,60,54,40,40,70,70,70,53,53,53,53,42,0,0],"gold":9059,"neow_bonus":"ONE_RARE_RELIC","is_daily":false,"chose_seed":false,"campfire_upgraded":2,"win_rate":0.0,"timestamp":1611043847,"path_taken":["R","M","M","$","M","M","T","M","R","?","E","M","R","?","M","BOSS"],"items_purchased_type":["Relic","Relic","Relic","Card","Card","Card","Potion","Potion","Potion"],"build_version":"2020-12-22","purchased_purges":0,"victory":false,"max_hp_per_floor":[70,70,70,70,70,70,70,70,70,70,70,70,70,70,70,70,70],"card_choices":[{"not_picked":["bronze:Turbo","bronze:Branch"],"picked":"bronze:Constructor","floor":2},{"not_picked":["bronze:OilSpill","bronze:BugBarrage"],"picked":"bronze:WhirlingStrike","floor":3},{"not_picked":["bronze:ForLoop","bronze:WhirlingStrike"],"picked":"bronze:Verify","floor":4},{"not_picked":["bronze:BitShift","bronze:Allocate","bronze:DarkDash"],"picked":"SKIP","floor":5},{"not_picked":["bronze:Overheat","bronze:WhirlingStrike"],"picked":"bronze:Frontload","floor":6},{"not_picked":["bronze:DigitalCarnage","bronze:Constructor"],"picked":"bronze:GetLatest","floor":8},{"not_picked":["bronze:DelayedSlice","bronze:DarkDash"],"picked":"bronze:CutThrough","floor":11},{"not_picked":["bronze:BitShift","bronze:OilSpill","bronze:Frontload"],"picked":"SKIP","floor":12},{"not_picked":["bronze:Overload","bronze:Shield"],"picked":"bronze:Repair","floor":15}],"player_experience":264703,"relics_obtained":[{"floor":7,"key":"MealTicket"},{"floor":11,"key":"bronze:SilverBullet"}],"event_choices":[{"damage_healed":0,"gold_gain":0,"player_choice":"Success","damage_taken":18,"relics_obtained":["Bronze Scales"],"max_hp_gain":0,"max_hp_loss":0,"event_name":"Scrap Ooze","floor":10,"gold_loss":0}],"is_beta":false,"boss_relics":[],"items_purged_floors":[],"is_endless":false,"potions_floor_spawned":[5,6,11,12,15],"killed_by":"DF_ARCHETYPE_STREAMLINE","ascension_level":1}}