{"host":"9n6i2vl93jt4o42q","time":1611056779,"event":{"mods":["BaseMod","Minty Spire (QoL Compilation)","Relic Stats"],"gold_per_floor":[119,44,7,57,77,106,117,137,137,148,148,148],"floor_reached":11,"language":"ENG","playtime":445,"items_purged":[],"score":195,"play_id":"a2f4831d-3261-4d7a-8cec-b48545a5c759","local_time":"20210119124619","is_ascension_mode":true,"campfire_choices":[],"circlet_count":0,"master_deck":["AscendersBane","Strike_B","Strike_B","Strike_B","Defend_B","Defend_B","Defend_B","Defend_B","Zap","Dualcast","Sweeping Beam","Defragment","Conserve Battery","Turbo","Steam Power","Rainbow","Gash"],"relics":["Cracked Core","NeowsBlessing","MealTicket","Ancient Tea Set"],"acts_visited":["Exordium"],"potions_floor_usage":[11],"damage_taken":[{"damage":0,"enemies":"2 Louse","floor":1,"turns":1},{"damage":0,"enemies":"Cultist","floor":5,"turns":1},{"damage":0,"enemies":"Lagavulin","floor":6,"turns":1},{"damage":4,"enemies":"Jaw Worm","floor":7,"turns":4},{"damage":7,"enemies":"3 Louse","floor":8,"turns":5},{"damage":0,"enemies":"2 Fungi Beasts","floor":10,"turns":3},{"damage":53,"enemies":"Gremlin Nob","floor":11,"turns":4}],"seed_played":"7649279224324089478","potions_obtained":[{"floor":7,"key":"Explosive Potion"},{"floor":10,"key":"SpeedPotion"}],"is_trial":false,"path_per_floor":["M","?","$","?","M","E","M","M","T","M","E"],"character_chosen":"DEFECT","items_purchased":["Defragment"],"campfire_rested":0,"item_purchase_floors":[3],"current_hp_per_floor":[64,64,64,64,64,64,60,53,53,53,0,0],"gold":148,"neow_bonus":"THREE_ENEMY_KILL","is_daily":false,"chose_seed":false,"campfire_upgraded":0,"win_rate":0.0,"timestamp":1611056779,"path_taken":["M","?","$","?","M","E","M","?","T","M","E"],"items_purchased_type":["Card"],"build_version":"2020-12-22","purchased_purges":0,"victory":false,"max_hp_per_floor":[71,71,71,71,71,71,71,71,71,71,71,71],"relic_stats":{"counters":[7,19],"MealTicket":0,"obtain_stats":[{"NeowsBlessing":0,"MealTicket":6,"Cracked Core":0,"Ancient Tea Set":9},{"NeowsBlessing":0,"MealTicket":3,"Cracked Core":0,"Ancient Tea Set":5},{"NeowsBlessing":0,"MealTicket":3,"Cracked Core":0,"Ancient Tea Set":12}]},"card_choices":[{"not_picked":["Hologram","Gash"],"picked":"Sweeping Beam","floor":1},{"not_picked":["White Noise","Redo"],"picked":"Conserve Battery","floor":5},{"not_picked":["All For One","Rebound"],"picked":"Turbo","floor":6},{"not_picked":["Storm","Beam Cell"],"picked":"Steam Power","floor":7},{"not_picked":["Streamline","Blizzard"],"picked":"Rainbow","floor":8},{"not_picked":["Fusion","Consume"],"picked":"Gash","floor":10}],"player_experience":2146905,"relics_obtained":[{"floor":6,"key":"MealTicket"},{"floor":9,"key":"Ancient Tea Set"}],"event_choices":[{"cards_removed":["Strike_B"],"damage_healed":0,"gold_gain":0,"player_choice":"Card Removal","damage_taken":0,"max_hp_gain":0,"max_hp_loss":0,"event_name":"The Cleric","floor":2,"gold_loss":75},{"damage_healed":0,"gold_gain":50,"player_choice":"Pray","damage_taken":0,"max_hp_gain":0,"max_hp_loss":0,"event_name":"Golden Shrine","floor":4,"gold_loss":0}],"is_beta":false,"boss_relics":[],"items_purged_floors":[],"is_endless":false,"potions_floor_spawned":[7,10],"killed_by":"Gremlin Nob","ascension_level":19}}