{"host":"l5xpox9cbdko122s","time":1611061262,"event":{"mods":["BaseMod","Minty Spire (QoL Compilation)"],"gold_per_floor":[117,129,149,149,74,107,107,126,152,52,52,52,66,95,95,199,199,213,138,138,150,4,4,24,24,51,51,61,61,61,61,61,61,61],"floor_reached":33,"language":"ENG","playtime":1286,"items_purged":["Defend_P","Strike_P"],"score":253,"play_id":"f03e4e00-2f9b-467c-96ea-758a77b8c461","local_time":"20210119080102","is_ascension_mode":false,"campfire_choices":[{"floor":7,"key":"RECALL"},{"data":"WindmillStrike","floor":15,"key":"SMITH"},{"data":"Eruption","floor":23,"key":"SMITH"},{"data":"FlyingSleeves","floor":27,"key":"SMITH"},{"data":"EmptyFist","floor":32,"key":"SMITH"}],"circlet_count":0,"master_deck":["Strike_P","Strike_P","Defend_P","Defend_P","Eruption+1","Vigilance","WindmillStrike+1","EmptyFist+1","EmptyBody","FlyingSleeves+1"],"relics":["Coffee Dripper","NlothsMask","Vajra","Boot","Black Star","Juzu Bracelet","Lizard Tail"],"acts_visited":["Exordium","TheCity"],"potions_floor_usage":[6,16,16,21,24,33],"damage_taken":[{"damage":0,"enemies":"2 Louse","floor":1,"turns":2},{"damage":0,"enemies":"Cultist","floor":2,"turns":4},{"damage":0,"enemies":"Jaw Worm","floor":3,"turns":3},{"damage":26,"enemies":"Lagavulin","floor":6,"turns":4},{"damage":7,"enemies":"Blue Slaver","floor":8,"turns":2},{"damage":0,"enemies":"Looter","floor":13,"turns":2},{"damage":16,"enemies":"Gremlin Nob","floor":14,"turns":3},{"damage":10,"enemies":"Hexaghost","floor":16,"turns":8},{"damage":9,"enemies":"Spheric Guardian","floor":18,"turns":4},{"damage":7,"enemies":"Shell Parasite","floor":21,"turns":4},{"damage":0,"enemies":"Snecko","floor":24,"turns":2},{"damage":29,"enemies":"3 Cultists","floor":28,"turns":5},{"damage":56,"enemies":"Collector","floor":33,"turns":5}],"seed_played":"-2087311392582549961","potions_obtained":[{"floor":3,"key":"FearPotion"},{"floor":8,"key":"GamblersBrew"},{"floor":14,"key":"Regen Potion"},{"floor":16,"key":"Explosive Potion"},{"floor":21,"key":"DistilledChaos"},{"floor":28,"key":"Explosive Potion"}],"is_trial":false,"path_per_floor":["M","M","M","?","$","E","R","M","T","$","?","$","M","E","R","B",null,"M","?","?","M","$","R","M","?","T","R","M","T","?","?","R","B"],"character_chosen":"WATCHER","items_purchased":["Juzu Bracelet"],"campfire_rested":0,"item_purchase_floors":[22],"current_hp_per_floor":[72,72,72,72,72,46,46,39,39,39,39,39,39,23,23,28,72,63,63,63,56,56,56,56,43,43,43,14,14,14,14,14,0,0],"gold":61,"neow_bonus":"BOSS_RELIC","is_daily":false,"chose_seed":false,"campfire_upgraded":4,"win_rate":0.0,"timestamp":1611061262,"path_taken":["M","M","M","?","?","E","R","M","T","$","?","?","M","E","R","BOSS","M","?","?","?","$","R","M","?","T","R","M","?","?","?","R","BOSS"],"items_purchased_type":["Relic"],"build_version":"2020-12-22","purchased_purges":2,"victory":false,"max_hp_per_floor":[72,72,72,72,72,72,72,72,72,72,72,72,72,72,72,72,72,72,72,72,72,72,72,72,77,77,77,77,77,77,77,77,77,77],"card_choices":[{"not_picked":["SashWhip","EmptyBody"],"picked":"WindmillStrike","floor":1},{"not_picked":["Evaluate","ThirdEye","Fasting2"],"picked":"SKIP","floor":2},{"not_picked":["Consecrate","SashWhip","PathToVictory"],"picked":"SKIP","floor":3},{"not_picked":["WheelKick","PathToVictory"],"picked":"EmptyFist","floor":6},{"not_picked":["ConjureBlade","Indignation"],"picked":"EmptyBody","floor":8},{"not_picked":["JustLucky","Study","Crescendo"],"picked":"SKIP","floor":13},{"not_picked":["JustLucky","ForeignInfluence","SashWhip"],"picked":"SKIP","floor":14},{"not_picked":["FollowUp","Weave","Prostrate"],"picked":"SKIP","floor":18},{"not_picked":["EmptyFist+1","ForeignInfluence"],"picked":"FlyingSleeves","floor":21},{"not_picked":["FollowUp+1","Halt+1","EmptyBody"],"picked":"SKIP","floor":24},{"not_picked":["Prostrate","SignatureMove","Crescendo"],"picked":"SKIP","floor":28}],"player_experience":124372,"relics_obtained":[{"floor":6,"key":"Vajra"},{"floor":14,"key":"Boot"},{"floor":29,"key":"Lizard Tail"}],"event_choices":[{"damage_healed":0,"gold_gain":0,"player_choice":"Trade","damage_taken":0,"relics_obtained":["NlothsMask"],"max_hp_gain":0,"max_hp_loss":0,"event_name":"FaceTrader","floor":4,"gold_loss":0},{"damage_healed":0,"gold_gain":0,"player_choice":"Fled","damage_taken":0,"max_hp_gain":0,"max_hp_loss":0,"event_name":"Scrap Ooze","floor":11,"gold_loss":0},{"cards_removed":["Defend_P"],"damage_healed":0,"gold_gain":0,"player_choice":"Gave Gold","damage_taken":0,"max_hp_gain":0,"max_hp_loss":0,"event_name":"Beggar","floor":19,"gold_loss":75},{"damage_healed":0,"gold_gain":0,"player_choice":"Ignored","damage_taken":0,"max_hp_gain":0,"max_hp_loss":0,"event_name":"NoteForYourself","floor":20,"gold_loss":0},{"damage_healed":0,"gold_gain":0,"player_choice":"Shed Blood","damage_taken":18,"max_hp_gain":5,"max_hp_loss":0,"event_name":"Forgotten Altar","floor":25,"gold_loss":0},{"cards_removed":["Strike_P"],"damage_healed":0,"gold_gain":0,"player_choice":"Card Removal","damage_taken":0,"max_hp_gain":0,"max_hp_loss":0,"event_name":"Wheel of Change","floor":30,"gold_loss":0},{"damage_healed":0,"gold_gain":0,"player_choice":"Ignored","damage_taken":0,"max_hp_gain":0,"max_hp_loss":0,"event_name":"Vampires","floor":31,"gold_loss":0}],"is_beta":false,"boss_relics":[{"not_picked":["Philosopher\u0027s Stone","Cursed Key"],"picked":"Black Star"}],"items_purged_floors":[5,10],"is_endless":false,"potions_floor_spawned":[3,8,14,16,21,28],"killed_by":"Collector","ascension_level":0}}