{"host":"g8zw5beq5mqt80bj","time":1611048017,"event":{"mods":["2.2 Compatiblity","AchievementEnabler","BaseMod","Colored Map","Colored Powertips","DeckTracker","Highlight Path","Minty Spire (QoL Compilation)","Quick Restart","Random Character Button","Rare Cards Sparkle"],"gold_per_floor":[119,0,0,14,34,34,62,28,52,52,81,256,275,5,5,107,107,117,151,165,165,24,24,36,48,48,48,48,78,78,88,88,189,189,205,219,25,25,35,35,35,85,166,166,166,166,184,204,204,204],"floor_reached":51,"language":"POL","playtime":3385,"items_purged":[],"score":700,"play_id":"c89341b2-bee1-4e40-a89c-54144b229297","local_time":"20210119102017","is_ascension_mode":false,"campfire_choices":[{"data":"Tools of the Trade","floor":6.0,"key":"SMITH"},{"floor":10.0,"key":"REST"},{"data":"Apotheosis","floor":15.0,"key":"SMITH"},{"data":"Phantasmal Killer","floor":23.0,"key":"SMITH"},{"data":"Concentrate","floor":28,"key":"SMITH"},{"floor":30,"key":"REST"},{"floor":32,"key":"REST"},{"floor":40,"key":"REST"},{"floor":44,"key":"DIG"},{"floor":46,"key":"DIG"},{"floor":49,"key":"REST"}],"circlet_count":0,"master_deck":["Strike_G","Strike_G","Strike_G","Strike_G","Strike_G","Defend_G","Defend_G","Defend_G","Defend_G","Survivor","Neutralize","Dagger Spray","Prepared","Deadly Poison","Tools of the Trade+1","Masterful Stab","Expertise","Sucker Punch","Dash","Acrobatics","Eviscerate","Apotheosis+1","Mind Blast","After Image","PiercingWail","Heel Hook","Backflip","Phantasmal Killer+1","Blade Dance","Catalyst","Concentrate+1","Deadly Poison","Noxious Fumes","Bullet Time","CurseOfTheBell","Endless Agony+1","Cloak And Dagger","Dagger Throw","Violence","Blind","Flying Knee","Noxious Fumes+1","Madness","Madness","Deadly Poison+1","Quick Slash"],"relics":["Busted Crown","Happy Flower","MealTicket","Lantern","Runic Pyramid","Red Mask","Pear","Potion Belt","Calling Bell","Bag of Preparation","Mummified Hand","FossilizedHelix","Shovel","Ornamental Fan","Bronze Scales","The Specimen"],"acts_visited":["Exordium","TheCity","TheBeyond"],"potions_floor_usage":[48,48,48,50,50,50],"damage_taken":[{"damage":0.0,"enemies":"Jaw Worm","floor":1.0,"turns":5.0},{"damage":0.0,"enemies":"Cultist","floor":4.0,"turns":3.0},{"damage":0.0,"enemies":"Small Slimes","floor":5.0,"turns":3.0},{"damage":20.0,"enemies":"Gremlin Nob","floor":7.0,"turns":4.0},{"damage":26.0,"enemies":"Lagavulin","floor":11.0,"turns":7.0},{"damage":0.0,"enemies":"Blue Slaver","floor":13.0,"turns":2.0},{"damage":31.0,"enemies":"The Guardian","floor":16.0,"turns":7.0},{"damage":1.0,"enemies":"Chosen","floor":18.0,"turns":4.0},{"damage":9.0,"enemies":"Masked Bandits","floor":19.0,"turns":4.0},{"damage":10.0,"enemies":"Shell Parasite","floor":20.0,"turns":3.0},{"damage":8.0,"enemies":"Sentry and Sphere","floor":24.0,"turns":4.0},{"damage":0.0,"enemies":"Snake Plant","floor":25.0,"turns":4.0},{"damage":20.0,"enemies":"Centurion and Healer","floor":27.0,"turns":4.0},{"damage":13,"enemies":"Gremlin Leader","floor":29,"turns":7},{"damage":3,"enemies":"Shelled Parasite and Fungi","floor":31,"turns":2},{"damage":18,"enemies":"Collector","floor":33,"turns":8},{"damage":19,"enemies":"3 Darklings","floor":35,"turns":5},{"damage":0,"enemies":"Orb Walker","floor":36,"turns":3},{"damage":20,"enemies":"Writhing Mass","floor":39,"turns":5},{"damage":6,"enemies":"Mind Bloom Boss Battle","floor":42,"turns":6},{"damage":1,"enemies":"Maw","floor":47,"turns":7},{"damage":0,"enemies":"Transient","floor":48,"turns":5},{"damage":43,"enemies":"Donu and Deca","floor":50,"turns":6}],"seed_played":"4204525330680052207","potions_obtained":[{"floor":1.0,"key":"DuplicationPotion"},{"floor":5.0,"key":"Poison Potion"},{"floor":7.0,"key":"LiquidMemories"},{"floor":16.0,"key":"AttackPotion"},{"floor":18.0,"key":"Regen Potion"},{"floor":24.0,"key":"Energy Potion"},{"floor":25.0,"key":"Block Potion"},{"floor":39,"key":"EntropicBrew"},{"floor":47,"key":"GamblersBrew"},{"floor":48,"key":"AttackPotion"}],"is_trial":false,"path_per_floor":["M","$","?","M","M","R","E","$","T","R","E","?","M","$","R","B",null,"M","?","M","?","$","R","M","M","T","M","R","E","R","M","R","B",null,"M","M","$","?","M","R","?","?","T","R","?","R","M","M","R","B",null],"character_chosen":"THE_SILENT","items_purchased":["Prepared","Deadly Poison","ColorlessPotion","Dash","Apotheosis","Mind Blast","Phantasmal Killer","Dagger Throw","Violence"],"campfire_rested":5,"item_purchase_floors":[2,2,2,8,14,14,22,37,37],"current_hp_per_floor":[70,70,70,70,70,70,50,50,50,70,44,44,44,59,59,28,70,69,60,50,50,65,65,57,57,67,56,56,43,67,64,80,62,80,61,61,76,76,56,80,80,74,74,74,64,64,63,63,80,37],"gold":204,"neow_bonus":"BOSS_RELIC","is_daily":false,"chose_seed":false,"campfire_upgraded":4,"win_rate":0.0,"timestamp":1611048017,"path_taken":["M","$","?","?","?","R","E","?","T","R","E","?","M","$","R","BOSS","M","?","M","?","$","R","M","M","T","M","R","E","R","M","R","BOSS","M","M","$","?","?","R","?","?","T","R","?","R","M","M","R","BOSS"],"items_purchased_type":["Card","Card","Potion","Card","Card","Card","Card","Card","Card"],"build_version":"2020-12-22","purchased_purges":0,"victory":true,"max_hp_per_floor":[70,70,70,70,70,70,70,70,70,70,70,70,70,70,70,70,70,70,70,70,70,70,70,70,70,80,80,80,80,80,80,80,80,80,80,80,80,80,80,80,80,80,80,80,80,80,80,80,80,80],"card_choices":[{"not_picked":[],"picked":"Dagger Spray","floor":1.0},{"not_picked":[],"picked":"Masterful Stab","floor":4.0},{"not_picked":[],"picked":"Expertise","floor":5.0},{"not_picked":[],"picked":"Sucker Punch","floor":7.0},{"not_picked":[],"picked":"Acrobatics","floor":11.0},{"not_picked":[],"picked":"Eviscerate","floor":13.0},{"not_picked":[],"picked":"After Image","floor":16.0},{"not_picked":[],"picked":"PiercingWail","floor":18.0},{"not_picked":[],"picked":"Heel Hook","floor":19.0},{"not_picked":[],"picked":"Backflip","floor":20.0},{"not_picked":[],"picked":"Blade Dance","floor":24.0},{"not_picked":[],"picked":"Catalyst","floor":25.0},{"not_picked":[],"picked":"Concentrate","floor":27},{"not_picked":[],"picked":"Deadly Poison","floor":29},{"not_picked":[],"picked":"Noxious Fumes","floor":31},{"not_picked":[],"picked":"Bullet Time","floor":33},{"not_picked":[],"picked":"Endless Agony+1","floor":35},{"not_picked":[],"picked":"Cloak And Dagger","floor":36},{"not_picked":[],"picked":"Noxious Fumes+1","floor":39},{"not_picked":[],"picked":"Deadly Poison+1","floor":47},{"not_picked":[],"picked":"Quick Slash","floor":48}],"player_experience":100661,"relics_obtained":[{"floor":7.0,"key":"Happy Flower"},{"floor":9.0,"key":"MealTicket"},{"floor":11.0,"key":"Lantern"},{"floor":19.0,"key":"Red Mask"},{"floor":26.0,"key":"Pear"},{"floor":29,"key":"Potion Belt"},{"floor":34,"key":"Bag of Preparation"},{"floor":34,"key":"Mummified Hand"},{"floor":34,"key":"FossilizedHelix"},{"floor":42,"key":"Shovel"},{"floor":43,"key":"Ornamental Fan"},{"floor":44,"key":"Bronze Scales"},{"floor":46,"key":"The Specimen"}],"event_choices":[{"damage_healed":0.0,"max_hp_gain":0.0,"max_hp_loss":0.0,"gold_gain":0.0,"cards_transformed":["Defend_G"],"event_name":"Transmorgrifier","player_choice":"Transformed","floor":3.0,"gold_loss":0.0,"damage_taken":0.0,"cards_obtained":["Tools of the Trade"]},{"damage_healed":0.0,"max_hp_gain":0.0,"max_hp_loss":0.0,"gold_gain":175.0,"event_name":"Liars Game","player_choice":"AGREE","floor":12.0,"gold_loss":0.0,"damage_taken":0.0,"cards_obtained":["Doubt"]},{"damage_healed":0.0,"max_hp_gain":0.0,"max_hp_loss":0.0,"gold_gain":0.0,"event_name":"Masked Bandits","player_choice":"Fought Bandits","floor":19.0,"gold_loss":0.0,"damage_taken":0.0},{"cards_removed":["Doubt"],"damage_healed":0.0,"max_hp_gain":0.0,"max_hp_loss":0.0,"gold_gain":0.0,"event_name":"Wheel of Change","player_choice":"Card Removal","floor":21.0,"gold_loss":0.0,"damage_taken":0.0},{"damage_healed":0,"gold_gain":0,"player_choice":"2 cards matched","damage_taken":0,"max_hp_gain":0,"max_hp_loss":0,"event_name":"Match and Keep!","floor":38,"gold_loss":0,"cards_obtained":["Blind","Flying Knee"]},{"damage_healed":0,"gold_gain":0,"player_choice":"Ignored","damage_taken":0,"max_hp_gain":0,"max_hp_loss":0,"event_name":"Mysterious Sphere","floor":41,"gold_loss":0},{"damage_healed":0,"gold_gain":0,"player_choice":"Fight","damage_taken":0,"max_hp_gain":0,"max_hp_loss":0,"event_name":"MindBloom","floor":42,"gold_loss":0},{"damage_healed":0,"gold_gain":0,"player_choice":"Embrace Madness","damage_taken":10,"max_hp_gain":0,"max_hp_loss":0,"event_name":"Winding Halls","floor":45,"gold_loss":0,"cards_obtained":["Madness","Madness"]}],"is_beta":false,"boss_relics":[{"not_picked":["Ectoplasm","Snecko Eye"],"picked":"Runic Pyramid"},{"not_picked":["Coffee Dripper","SacredBark"],"picked":"Calling Bell"}],"items_purged_floors":[],"is_endless":false,"potions_floor_spawned":[1,5,7,16,18,24,25,39,47,48],"ascension_level":0}}