{"host":"soyfmymeou4emntr","time":1611080360,"event":{"mods":["BaseMod","Minty Spire (QoL Compilation)","Relic Sorter","Relic Stats","StSLib"],"gold_per_floor":[113,113,129,26,26,26,57,57,57,84,97,107,132,76,76,76,76],"floor_reached":16,"language":"ENG","playtime":1073,"items_purged":["Strike_G"],"score":236,"play_id":"95eb7c37-23a8-443d-9034-3ff162b6ccab","local_time":"20210119111920","is_ascension_mode":true,"campfire_choices":[{"floor":6.0,"key":"REST"},{"floor":8.0,"key":"REST"},{"floor":15.0,"key":"REST"}],"circlet_count":0,"master_deck":["AscendersBane","Strike_G","Strike_G","Strike_G","Defend_G","Defend_G+1","Defend_G","Defend_G","Defend_G","Survivor","Neutralize","Quick Slash","Backflip+1","Dagger Spray","Poisoned Stab","Crippling Poison","Well Laid Plans","Wraith Form v2","Cloak And Dagger"],"relics":["Ring of the Snake","PreservedInsect","Orichalcum","Kunai","HornCleat","War Paint","Bottled Lightning"],"acts_visited":["Exordium"],"potions_floor_usage":[16],"damage_taken":[{"damage":2.0,"enemies":"Small Slimes","floor":1.0,"turns":3.0},{"damage":0.0,"enemies":"2 Louse","floor":3.0,"turns":2.0},{"damage":20.0,"enemies":"Lagavulin","floor":7.0,"turns":7.0},{"damage":5.0,"enemies":"3 Sentries","floor":10.0,"turns":8.0},{"damage":0.0,"enemies":"Cultist","floor":11.0,"turns":4.0},{"damage":8.0,"enemies":"Gremlin Gang","floor":12.0,"turns":4.0},{"damage":9.0,"enemies":"Lagavulin","floor":13.0,"turns":8.0},{"damage":45,"enemies":"Slime Boss","floor":16,"turns":11}],"seed_played":"-3156682024258786550","potions_obtained":[{"floor":1.0,"key":"Block Potion"},{"floor":10.0,"key":"Fruit Juice"}],"is_trial":false,"path_per_floor":["M","?","M","$","?","R","E","R","T","E","M","M","E","$","R","B"],"character_chosen":"THE_SILENT","items_purchased":["Dagger Spray","Cloak And Dagger"],"campfire_rested":3,"item_purchase_floors":[4,14],"current_hp_per_floor":[57,22,22,22,22,41,21,40,40,35,35,27,18,18,37,0,0],"gold":76,"neow_bonus":"RANDOM_COMMON_RELIC","is_daily":false,"chose_seed":false,"campfire_upgraded":0,"win_rate":0.0,"timestamp":1611080360,"path_taken":["M","?","M","$","?","R","E","R","T","E","?","?","E","$","R","BOSS"],"items_purchased_type":["Card","Card"],"build_version":"2020-12-22","purchased_purges":1,"victory":false,"max_hp_per_floor":[66,66,66,66,66,66,66,66,66,66,66,66,66,66,66,71,71],"relic_stats":{"counters":[8,47],"PreservedInsect":89,"Kunai":[10],"Orichalcum":[102],"War Paint":["Defend_G","Backflip"],"obtain_stats":[{"HornCleat":9,"PreservedInsect":0,"Kunai":7,"Bottled Lightning":13,"Orichalcum":2,"War Paint":10,"Ring of the Snake":0},{"HornCleat":3,"PreservedInsect":0,"Kunai":3,"Bottled Lightning":7,"Orichalcum":1,"War Paint":4,"Ring of the Snake":0},{"HornCleat":12,"PreservedInsect":0,"Kunai":12,"Bottled Lightning":36,"Orichalcum":3,"War Paint":20,"Ring of the Snake":0}],"Ring of the Snake":[16]},"card_choices":[{"not_picked":["Caltrops","Underhanded Strike"],"picked":"Quick Slash","floor":1.0},{"not_picked":["Blur","Acrobatics"],"picked":"Backflip","floor":3.0},{"not_picked":["Sucker Punch","Acrobatics"],"picked":"Poisoned Stab","floor":7.0},{"not_picked":["Deflect","Dagger Spray"],"picked":"Crippling Poison","floor":10.0},{"not_picked":["Caltrops","Accuracy"],"picked":"Well Laid Plans","floor":11.0},{"not_picked":["Acrobatics","Leg Sweep"],"picked":"Wraith Form v2","floor":12.0},{"not_picked":["Expertise","Dagger Spray","Flying Knee"],"picked":"SKIP","floor":13.0}],"player_experience":2858132,"relics_obtained":[{"floor":7.0,"key":"Kunai"},{"floor":9.0,"key":"HornCleat"},{"floor":10.0,"key":"War Paint"},{"floor":13.0,"key":"Bottled Lightning"}],"event_choices":[{"damage_healed":0.0,"max_hp_gain":0.0,"max_hp_loss":0.0,"gold_gain":0.0,"event_name":"Scrap Ooze","player_choice":"Success","floor":2.0,"gold_loss":0.0,"damage_taken":35.0,"relics_obtained":["Orichalcum"]},{"cards_removed":["Strike_G"],"damage_healed":0.0,"max_hp_gain":0.0,"max_hp_loss":0.0,"gold_gain":0.0,"event_name":"Purifier","player_choice":"Purged","floor":5.0,"gold_loss":0.0,"damage_taken":0.0}],"is_beta":false,"boss_relics":[],"items_purged_floors":[4],"is_endless":false,"potions_floor_spawned":[1,10],"killed_by":"Slime Boss","ascension_level":20}}