{"host":"8i58hvcssdezoe94","time":1611043313,"event":{"mods":["Act Like it!","BaseMod","Colored Map","Conspire","Downfall","Gensokyo","KinomotoSakuraMod(木之本樱)","Marisa（F雨　魔理沙）","Minty Spire (QoL Compilation)","Quick Restart","Remilia（蕾米莉亚）","StSLib","The Animator","The Bug Knight","The Construct","The Cursed","The Hierophant","The Jungle","The Servant 0.9.4"],"gold_per_floor":[116,116,116,127,127,158,169,185,258,15,35,0,20,234,234,636,636,648,648,664,679,381,381,413,423,423,441,111,111,123,139,139,139,139],"floor_reached":33,"language":"ZHS","playtime":1717,"items_purged":[],"score":323,"play_id":"6bbced29-79be-4d82-8679-a5c3d6831622","local_time":"20210119160153","is_ascension_mode":false,"campfire_choices":[{"floor":15,"key":"RECALL"},{"floor":23,"key":"REST"},{"data":"Enlightenment","floor":29,"key":"SMITH"},{"floor":32,"key":"REST"}],"circlet_count":0,"master_deck":["Strike_B","Strike_B","Strike_B","Defend_B","Defend_B","Defend_B","Defend_B","Zap","Dualcast","Turbo","Cold Snap","Conserve Battery+1","Streamline","Sweeping Beam","Redo","Steam","Genetic Algorithm","Biased Cognition","Ball Lightning","Scrape","Doom and Gloom+1","Meteor Strike","Aggregate","Redo+1","Barrage+1","Enlightenment+1","Rebound","Go for the Eyes"],"relics":["Cracked Core","NeowsBlessing","Mango","Pen Nib","Toolbox","Orichalcum","bronze:MakeshiftBattery","TheAbacus","Bronze Scales","conspire:DecoderRing","conspire:Flyswatter","HornCleat"],"acts_visited":["Gensokyo:Gensokyo","TheCity"],"potions_floor_usage":[],"damage_taken":[{"damage":0,"enemies":"Gensokyo:3_Fairies","floor":1,"turns":1},{"damage":0,"enemies":"Gensokyo:Gryphon","floor":4,"turns":1},{"damage":0,"enemies":"Gensokyo:Aya","floor":6,"turns":1},{"damage":0,"enemies":"Gensokyo:Python","floor":7,"turns":3},{"damage":12,"enemies":"Gensokyo:Kitsune","floor":8,"turns":3},{"damage":0,"enemies":"Gensokyo:LivingMonolith","floor":11,"turns":3},{"damage":1,"enemies":"Gensokyo:VengefulSpirit","floor":13,"turns":5},{"damage":7,"enemies":"Gensokyo:Gryphon_and_Rabbit","floor":14,"turns":4},{"damage":39,"enemies":"Gensokyo:Yukari","floor":16,"turns":15},{"damage":2,"enemies":"Spheric Guardian","floor":18,"turns":3},{"damage":17,"enemies":"2 Thieves","floor":20,"turns":4},{"damage":15,"enemies":"Snake Plant","floor":21,"turns":5},{"damage":13,"enemies":"Book of Stabbing","floor":24,"turns":4},{"damage":7,"enemies":"3 Cultists","floor":25,"turns":3},{"damage":6,"enemies":"Centurion and Healer","floor":27,"turns":7},{"damage":17,"enemies":"Shelled Parasite and Fungi","floor":30,"turns":5},{"damage":3,"enemies":"Snecko","floor":31,"turns":5},{"damage":63,"enemies":"conspire:MysteriousRune","floor":33,"turns":10}],"seed_played":"-5117217222109796421","potions_obtained":[{"floor":11,"key":"FearPotion"},{"floor":13,"key":"AttackPotion"},{"floor":14,"key":"Strength Potion"},{"floor":16,"key":"Energy Potion"}],"is_trial":false,"path_per_floor":["M","?","?","M","?","E","M","M","T","COS","M","?","M","M","R","B",null,"M","?","M","M","$","R","E","M","T","M","$","R","M","M","R","B"],"character_chosen":"DEFECT","items_purchased":["TheAbacus","Bronze Scales","HornCleat","Enlightenment"],"campfire_rested":2,"item_purchase_floors":[22,22,28,28],"current_hp_per_floor":[75,68,68,68,68,68,68,56,56,56,56,73,72,65,65,26,89,87,87,70,55,55,81,68,61,61,57,57,57,40,37,63,0,0],"gold":139,"neow_bonus":"THREE_ENEMY_KILL","is_daily":false,"chose_seed":false,"campfire_upgraded":1,"win_rate":0.0,"timestamp":1611043313,"path_taken":["M","?","?","M","?","E","M","M","T","COS","?","?","?","M","R","BOSS","M","?","?","M","$","R","E","M","T","?","$","R","M","M","R","BOSS"],"items_purchased_type":["Relic","Relic","Relic","Card"],"build_version":"2020-12-22","purchased_purges":0,"victory":false,"max_hp_per_floor":[75,89,89,89,89,89,89,89,89,89,89,89,89,89,89,89,89,89,89,89,89,89,89,89,89,89,89,89,89,89,89,89,87,87],"card_choices":[{"not_picked":["Barrage","Hologram"],"picked":"Turbo","floor":1},{"not_picked":["White Noise","Consume"],"picked":"Cold Snap","floor":4},{"not_picked":["Lockon","Fission"],"picked":"Streamline","floor":6},{"not_picked":["Heatsinks","Stack"],"picked":"Sweeping Beam","floor":7},{"not_picked":["Chill","Sweeping Beam"],"picked":"Redo","floor":8},{"not_picked":["Undo","Chill"],"picked":"Steam","floor":11},{"not_picked":["Heatsinks","Rebound"],"picked":"Genetic Algorithm","floor":13},{"not_picked":["Gash","Steam"],"picked":"Chaos","floor":14},{"not_picked":["Thunder Strike","Meteor Strike"],"picked":"Biased Cognition","floor":16},{"not_picked":["Go for the Eyes+1","Darkness"],"picked":"Ball Lightning","floor":18},{"not_picked":["Streamline","Coolheaded+1"],"picked":"Doom and Gloom+1","floor":20},{"not_picked":["Redo","Turbo"],"picked":"Meteor Strike","floor":21},{"not_picked":["Scrape","Cold Snap+1"],"picked":"Aggregate","floor":24},{"not_picked":["Aggregate","Leap"],"picked":"Redo+1","floor":25},{"not_picked":["Scrape","Streamline"],"picked":"Barrage+1","floor":27},{"not_picked":["Streamline+1","Cold Snap+1"],"picked":"Rebound","floor":30},{"not_picked":["Redo","Rebound"],"picked":"Go for the Eyes","floor":31}],"player_experience":51313,"relics_obtained":[{"floor":6,"key":"Pen Nib"},{"floor":24,"key":"conspire:DecoderRing"},{"floor":26,"key":"conspire:Flyswatter"}],"event_choices":[{"damage_healed":0,"gold_gain":0,"cards_transformed":["Chaos"],"player_choice":"Transformed","damage_taken":0,"max_hp_gain":0,"max_hp_loss":0,"event_name":"Transmorgrifier","floor":19,"gold_loss":0,"cards_obtained":["Scrape"]}],"is_beta":false,"boss_relics":[{"not_picked":["conspire:SpecialSausage","Inserter"],"picked":"bronze:MakeshiftBattery"}],"items_purged_floors":[],"is_endless":false,"potions_floor_spawned":[11,13,14,16,25,27,30,31],"killed_by":"conspire:MysteriousRune","ascension_level":0}}