{"host":"4cz9gr89nglr7k8k","time":1611079482,"event":{"mods":["BaseMod","Minty Spire (QoL Compilation)","Relic Stats","Slay-I"],"gold_per_floor":[109,84,84,84,14,14,28,28,28,28,63,114,114,129,129,129,129],"floor_reached":16,"language":"DEU","playtime":250,"items_purged":[],"score":192,"play_id":"05d76e3e-56dd-453b-af27-c7ffc425e9dd","local_time":"20210119190442","is_ascension_mode":true,"campfire_choices":[{"data":"Clash","floor":6,"key":"SMITH"},{"floor":15,"key":"REST"}],"circlet_count":0,"master_deck":["AscendersBane","Strike_R","Strike_R","Strike_R","Strike_R","Strike_R","Defend_R","Defend_R","Defend_R","Defend_R","Bash","Flex","Clash+1","Regret","Clash","Ghostly Armor+1","Berserk","Disarm+1"],"relics":["Burning Blood","Question Card","Bag of Preparation","Pantograph","Vajra","Toxic Egg 2","PreservedInsect"],"acts_visited":["Exordium"],"potions_floor_usage":[16],"damage_taken":[{"damage":16,"enemies":"Small Slimes","floor":1,"turns":4},{"damage":21,"enemies":"Jaw Worm","floor":7,"turns":4},{"damage":43,"enemies":"Gremlin Nob","floor":11,"turns":4},{"damage":10,"enemies":"Cultist","floor":14,"turns":3},{"damage":62,"enemies":"Slime Boss","floor":16,"turns":7}],"seed_played":"-3268022536324221519","potions_obtained":[{"floor":1,"key":"Explosive Potion"}],"is_trial":false,"path_per_floor":["M","$","?","T","?","R","M","$","T","$","E","T","?","M","R","B"],"character_chosen":"IRONCLAD","items_purchased":["Clash"],"campfire_rested":1,"item_purchase_floors":[2],"current_hp_per_floor":[65,65,65,65,65,65,50,50,50,50,13,13,13,9,33,0,0],"gold":129,"neow_bonus":"TEN_PERCENT_HP_BONUS","is_daily":false,"chose_seed":false,"campfire_upgraded":1,"win_rate":0.0,"timestamp":1611079482,"path_taken":["M","$","?","?","?","R","?","$","T","$","E","?","?","M","R","BOSS"],"items_purchased_type":["Card"],"build_version":"2020-12-22","purchased_purges":0,"victory":false,"max_hp_per_floor":[82,82,82,82,82,82,82,82,82,82,82,82,82,82,82,82,82],"relic_stats":{"counters":[5,22],"Pantograph":25,"PreservedInsect":0,"Bag of Preparation":[8],"Question Card":3,"obtain_stats":[{"Pantograph":5,"Vajra":9,"PreservedInsect":12,"Bag of Preparation":4,"Toxic Egg 2":11,"Question Card":3,"Burning Blood":0},{"Pantograph":1,"Vajra":2,"PreservedInsect":3,"Bag of Preparation":1,"Toxic Egg 2":3,"Question Card":1,"Burning Blood":0},{"Pantograph":4,"Vajra":8,"PreservedInsect":12,"Bag of Preparation":4,"Toxic Egg 2":12,"Question Card":4,"Burning Blood":0}],"Burning Blood":24},"card_choices":[{"not_picked":["Feel No Pain","Intimidate"],"picked":"Flex","floor":1},{"not_picked":["Evolve","Shrug It Off","Armaments"],"picked":"Clash","floor":7},{"not_picked":["Cleave","Wild Strike","Bloodletting+1"],"picked":"Ghostly Armor+1","floor":11},{"not_picked":["Pommel Strike","Power Through+1","Ghostly Armor+1"],"picked":"Disarm+1","floor":14}],"player_experience":1510107,"relics_obtained":[{"floor":4,"key":"Bag of Preparation"},{"floor":9,"key":"Vajra"},{"floor":11,"key":"Toxic Egg 2"},{"floor":12,"key":"PreservedInsect"}],"event_choices":[{"damage_healed":0,"gold_gain":0,"player_choice":"Box","damage_taken":0,"relics_obtained":["Question Card"],"max_hp_gain":0,"max_hp_loss":0,"event_name":"Big Fish","floor":3,"gold_loss":0,"cards_obtained":["Regret"]},{"damage_healed":0,"gold_gain":0,"player_choice":"Paid Gold","damage_taken":0,"relics_obtained":["Pantograph"],"max_hp_gain":0,"max_hp_loss":0,"event_name":"WeMeetAgain","floor":5,"gold_loss":70},{"damage_healed":0,"gold_gain":0,"player_choice":"1 cards matched","damage_taken":0,"max_hp_gain":0,"max_hp_loss":0,"event_name":"Match and Keep!","floor":13,"gold_loss":0,"cards_obtained":["Berserk"]}],"is_beta":false,"boss_relics":[],"items_purged_floors":[],"is_endless":false,"potions_floor_spawned":[1],"killed_by":"Slime Boss","ascension_level":20}}