{"host":"cbu6enf2xtq4r7r3","time":1611045504,"event":{"mods":["2.2 Compatiblity","AlwaysNeverKeys","BaseMod","Better Match","Better Note","Better Sensory Stone","Better Skull","Better Third Choice","Colored Map","Colored Powertips","Defuse TimeMaze Blight","Emptier Cage","Minty Spire (QoL Compilation)","Permanent Neow","Quick Restart","Random Character Button","Relic Sorter","Reorder Act Four","Shop Mod","StSLib"],"gold_per_floor":[110,128,143,158,170,170,190,11,11,11,11,21,21,46,46,149,149,159,171,57,57,57,57,82,82,136,148,167,183,210,160,160,261,261,275,286,286,286,299,299,318,337,337,347,361,361,361,386,386,386],"floor_reached":51,"language":"ENG","playtime":2195,"items_purged":["Strike_G","Strike_G"],"score":976,"play_id":"a952cbed-97b6-45be-8eae-fb75c4bf7bf1","local_time":"20210119093824","is_ascension_mode":true,"campfire_choices":[{"data":"Deadly Poison","floor":6,"key":"SMITH"},{"data":"Deadly Poison","floor":11,"key":"SMITH"},{"data":"Footwork","floor":13,"key":"SMITH"},{"data":"Poisoned Stab","floor":15,"key":"SMITH"},{"data":"Caltrops","floor":23,"key":"SMITH"},{"floor":25,"key":"REST"},{"data":"PiercingWail","floor":32,"key":"SMITH"},{"floor":40,"key":"REST"},{"floor":46,"key":"REST"},{"floor":49,"key":"REST"}],"circlet_count":0,"master_deck":["Strike_G","Strike_G","Strike_G","Defend_G","Defend_G","Defend_G","Defend_G","Defend_G","Survivor","Neutralize+1","Quick Slash","Footwork+1","Deadly Poison+1","Skewer","Deadly Poison+1","Poisoned Stab+1","Adrenaline","Adrenaline","Caltrops+1","PiercingWail+1","Escape Plan","Dagger Spray","Noxious Fumes+1","After Image","Quick Slash+1","After Image","PiercingWail+1","Bandage Up","Deep Breath+1","Backflip+1","Blade Dance+1"],"relics":["Ring of the Snake","Odd Mushroom","Membership Card","Meat on the Bone","Blue Candle","Runic Pyramid","Orrery","Singing Bowl","Anchor","Darkstone Periapt","Fusion Hammer","Molten Egg 2","Pen Nib"],"acts_visited":["Exordium","TheCity","TheBeyond"],"potions_floor_usage":[2,14,16,24,29,30,33,45,50,50],"damage_taken":[{"damage":0,"enemies":"Jaw Worm","floor":1,"turns":5},{"damage":0,"enemies":"Small Slimes","floor":2,"turns":3},{"damage":0,"enemies":"Cultist","floor":3,"turns":4},{"damage":1,"enemies":"Looter","floor":4,"turns":4},{"damage":2,"enemies":"Blue Slaver","floor":5,"turns":3},{"damage":9,"enemies":"The Mushroom Lair","floor":7,"turns":4},{"damage":0,"enemies":"Exordium Wildlife","floor":12,"turns":3},{"damage":10,"enemies":"Lagavulin","floor":14,"turns":6},{"damage":31,"enemies":"The Guardian","floor":16,"turns":8},{"damage":2,"enemies":"3 Byrds","floor":18,"turns":5},{"damage":23,"enemies":"2 Thieves","floor":19,"turns":4},{"damage":16,"enemies":"Gremlin Leader","floor":24,"turns":8},{"damage":0,"enemies":"Snecko","floor":27,"turns":4},{"damage":21,"enemies":"Centurion and Healer","floor":28,"turns":7},{"damage":3,"enemies":"Shelled Parasite and Fungi","floor":29,"turns":5},{"damage":0,"enemies":"Book of Stabbing","floor":30,"turns":5},{"damage":45,"enemies":"Automaton","floor":33,"turns":10},{"damage":0,"enemies":"Orb Walker","floor":35,"turns":4},{"damage":0,"enemies":"3 Darklings","floor":36,"turns":1},{"damage":2,"enemies":"Jaw Worm Horde","floor":39,"turns":5},{"damage":0,"enemies":"Maw","floor":41,"turns":7},{"damage":0,"enemies":"Sphere and 2 Shapes","floor":42,"turns":6},{"damage":2,"enemies":"Jaw Worm Horde","floor":44,"turns":4},{"damage":18,"enemies":"Writhing Mass","floor":45,"turns":5},{"damage":10,"enemies":"Nemesis","floor":48,"turns":8},{"damage":54,"enemies":"Awakened One","floor":50,"turns":14}],"seed_played":"3342983121647554323","potions_obtained":[{"floor":1,"key":"Energy Potion"},{"floor":7,"key":"Poison Potion"},{"floor":14,"key":"FearPotion"},{"floor":19,"key":"Explosive Potion"},{"floor":24,"key":"SteroidPotion"},{"floor":29,"key":"LiquidBronze"},{"floor":30,"key":"Explosive Potion"},{"floor":36,"key":"Dexterity Potion"},{"floor":42,"key":"LiquidBronze"},{"floor":44,"key":"DistilledChaos"}],"is_trial":false,"path_per_floor":["M","M","M","M","M","R","?","$","T","?","R","M","R","E","R","B",null,"M","M","$","?","?","R","E","R","T","M","M","M","E","$","R","B",null,"M","M","?","?","M","R","M","M","T","M","M","R","?","E","R","B",null],"character_chosen":"THE_SILENT","items_purchased":["Membership Card","Adrenaline","Orrery"],"campfire_rested":4,"item_purchase_floors":[8,8,20],"current_hp_per_floor":[70,70,70,69,67,67,58,58,58,62,62,62,62,52,52,33,61,59,36,36,36,36,36,34,55,55,57,50,47,49,49,49,18,65,67,69,69,69,71,80,82,82,82,84,72,86,86,78,88,50],"gold":386,"neow_bonus":"UPGRADE_CARD","is_daily":false,"chose_seed":false,"campfire_upgraded":6,"win_rate":0.0,"timestamp":1611045504,"path_taken":["M","M","M","M","M","R","?","$","T","?","R","?","R","E","R","BOSS","M","M","$","?","?","R","E","R","T","M","M","M","E","?","R","BOSS","M","M","?","?","M","R","M","M","T","M","?","R","?","E","R","BOSS"],"items_purchased_type":["Relic","Card","Relic"],"build_version":"2020-12-22","purchased_purges":2,"victory":true,"max_hp_per_floor":[70,70,70,70,70,70,70,70,70,70,70,70,70,70,70,70,70,70,70,70,70,70,70,72,72,72,74,76,76,78,78,78,80,80,82,84,84,80,80,80,82,82,82,84,86,86,86,88,88,88],"card_choices":[{"not_picked":["Infinite Blades","Acrobatics"],"picked":"Quick Slash","floor":1},{"not_picked":["Outmaneuver","Flying Knee"],"picked":"Footwork","floor":2},{"not_picked":["Dagger Throw","Slice"],"picked":"Deadly Poison","floor":3},{"not_picked":["Blade Dance","All Out Attack"],"picked":"Skewer","floor":4},{"not_picked":["Calculated Gamble","All Out Attack"],"picked":"Deadly Poison","floor":5},{"not_picked":["Masterful Stab","Acrobatics"],"picked":"Poisoned Stab","floor":7},{"not_picked":["Underhanded Strike","Accuracy","Blade Dance"],"picked":"SKIP","floor":12},{"not_picked":["Dash","Tactician","Expertise"],"picked":"SKIP","floor":14},{"not_picked":["Venomology","A Thousand Cuts"],"picked":"Adrenaline","floor":16},{"not_picked":["Dodge and Roll","Slice+1"],"picked":"Caltrops","floor":18},{"not_picked":["Deflect","Masterful Stab"],"picked":"PiercingWail","floor":19},{"not_picked":["Storm of Steel","Reflex+1"],"picked":"Escape Plan","floor":20},{"not_picked":["Caltrops","Deadly Poison+1"],"picked":"Dagger Spray","floor":20},{"not_picked":["Dagger Throw","Dagger Spray+1"],"picked":"Noxious Fumes","floor":20},{"not_picked":["Outmaneuver","Prepared"],"picked":"After Image","floor":20},{"not_picked":["Riddle With Holes","Bane"],"picked":"Quick Slash+1","floor":20},{"not_picked":["Riddle With Holes","Die Die Die","Dagger Throw"],"picked":"Singing Bowl","floor":24},{"not_picked":["Deadly Poison","Terror","Quick Slash"],"picked":"Singing Bowl","floor":27},{"not_picked":["Quick Slash","Prepared","Dash+1"],"picked":"Singing Bowl","floor":28},{"not_picked":["Terror","Backflip"],"picked":"PiercingWail+1","floor":29},{"not_picked":["Sucker Punch+1","Quick Slash","Acrobatics"],"picked":"Singing Bowl","floor":30},{"not_picked":["Tools of the Trade","Envenom","Night Terror"],"picked":"Singing Bowl","floor":33},{"not_picked":["Skewer","Flying Knee+1","Underhanded Strike+1"],"picked":"Singing Bowl","floor":35},{"not_picked":["All Out Attack+1","Poisoned Stab","Bane"],"picked":"Singing Bowl","floor":36},{"not_picked":["Enlightenment","Swift Strike"],"picked":"Bandage Up","floor":37},{"not_picked":["Sadistic Nature","Purity"],"picked":"Deep Breath","floor":37},{"not_picked":["Slice+1","Setup"],"picked":"Backflip+1","floor":39},{"not_picked":["Prepared+1","Dagger Spray+1","Underhanded Strike+1"],"picked":"Singing Bowl","floor":41},{"not_picked":["Dagger Throw","Setup"],"picked":"Blade Dance+1","floor":42},{"not_picked":["Slice+1","Predator+1","Quick Slash+1"],"picked":"Singing Bowl","floor":44},{"not_picked":["Deadly Poison+1","Skewer+1","Doppelganger"],"picked":"Singing Bowl","floor":45},{"not_picked":["Concentrate","Prepared","Expertise"],"picked":"Singing Bowl","floor":48}],"player_experience":102595,"relics_obtained":[{"floor":7,"key":"Odd Mushroom"},{"floor":9,"key":"Meat on the Bone"},{"floor":14,"key":"Blue Candle"},{"floor":24,"key":"Singing Bowl"},{"floor":26,"key":"Anchor"},{"floor":30,"key":"Darkstone Periapt"},{"floor":43,"key":"Molten Egg 2"},{"floor":48,"key":"Pen Nib"}],"event_choices":[{"damage_healed":0,"gold_gain":0,"player_choice":"Fought Mushrooms","damage_taken":0,"max_hp_gain":0,"max_hp_loss":0,"event_name":"Mushrooms","floor":7,"gold_loss":0},{"damage_healed":4,"gold_gain":0,"player_choice":"LEAVE ","damage_taken":0,"relics_obtained":[],"max_hp_gain":0,"max_hp_loss":0,"event_name":"betterSkull:BetterSkull","floor":10,"gold_loss":0,"cards_upgraded":[]},{"damage_healed":0,"gold_gain":0,"player_choice":"Forge","damage_taken":0,"max_hp_gain":0,"max_hp_loss":0,"event_name":"Accursed Blacksmith","floor":21,"gold_loss":0,"cards_upgraded":["Noxious Fumes"]},{"damage_healed":0,"gold_gain":0,"player_choice":"Copied","damage_taken":0,"max_hp_gain":0,"max_hp_loss":0,"event_name":"Duplicator","floor":22,"gold_loss":0,"cards_obtained":["After Image"]},{"damage_healed":0,"gold_gain":3,"player_choice":"1","damage_taken":0,"max_hp_gain":0,"max_hp_loss":0,"event_name":"betterStone:BetterStone","floor":37,"gold_loss":0},{"damage_healed":0,"gold_gain":0,"player_choice":"Max HP","damage_taken":0,"max_hp_gain":0,"max_hp_loss":4,"event_name":"Winding Halls","floor":38,"gold_loss":0},{"damage_healed":0,"gold_gain":0,"player_choice":"Upgraded","damage_taken":0,"max_hp_gain":0,"max_hp_loss":0,"event_name":"Upgrade Shrine","floor":47,"gold_loss":0,"cards_upgraded":["Deep Breath"]}],"is_beta":false,"boss_relics":[{"not_picked":["SacredBark","Ectoplasm"],"picked":"Runic Pyramid"},{"not_picked":["Cursed Key","Empty Cage"],"picked":"Fusion Hammer"}],"items_purged_floors":[20,31],"is_endless":false,"potions_floor_spawned":[1,7,14,19,24,29,30,36,42,44],"ascension_level":5}}