{"host":"ecaj4hn004xnnrw9","time":1611087501,"event":{"mods":["AchievementEnabler","BaseMod","Better Third Choice","Card Forge","Hermit","Hubris","Infinite Spire","Jorbs\u0027s Wanderer Trilogy","Minty Spire (QoL Compilation)","Quick Restart","Relic Stats","Shop Mod","StSLib","The Construct","The Jungle","The Runesmith"],"gold_per_floor":[114,125,125,25,25,25,55,55,136,164,164,177,177,208,208,282,282,301,313,331,37,37,37,66,83,83,183,183,208,308,321,321,392,392,411,431,46,61,107,133,133,133,178,178,205,205,230,245,245,245],"floor_reached":51,"language":"ENG","playtime":2256,"items_purged":["Strike_R","Strike_R","Strike_R","Strike_R"],"score":1425,"play_id":"167a0824-2274-46dd-8b8f-2c3709f89109","local_time":"20210119201821","is_ascension_mode":true,"campfire_choices":[{"data":"Bash","floor":6,"key":"SMITH"},{"data":"Anger","floor":8,"key":"SMITH"},{"data":"infinitespire:OneForAll","floor":11,"key":"SMITH"},{"data":"Feel No Pain","floor":15,"key":"SMITH"},{"data":"Disarm","floor":23,"key":"SMITH"},{"data":"Flame Barrier","floor":28,"key":"SMITH"},{"data":"Master of Strategy","floor":32,"key":"SMITH"},{"data":"hubris:StunningStrike","floor":41,"key":"SMITH"},{"data":"Headbutt","floor":44,"key":"SMITH"},{"data":"Reaper","floor":46,"key":"SMITH"},{"floor":49,"key":"REST"}],"circlet_count":0,"master_deck":["AscendersBane","infinitespire:TheBestDefense+1","Defend_R","Defend_R","Defend_R","Defend_R","Master of Strategy+1","hubris:CleavingFinish","Headbutt+1","Feel No Pain+1","infinitespire:OneForAll+1","hubris:DuctTapeCard","Reaper","Disarm+1","Feed","Flame Barrier+1","Inflame+1","Shockwave+1","Reaper+1","Bloodletting","infinitespire:FutureSight+1","hubris:StunningStrike+1"],"relics":["Burning Blood","Hammer of Thor","Seething Fire","Anvil of the Gods","hubris:Towel","Meat on the Bone","hubris:BottledRain","hubris:DuctTape","OrangePellets","Mango","Ginger","infinitespire:Cupcake","Frozen Eye","Blood Vial","hubris:Reverence","Red Skull","hubris:ToyBattleship","Matryoshka","hubris:Zylophone","hubris:Spice","Black Star","Turnip","infinitespire:PuzzleCube"],"acts_visited":["Exordium","TheCity","TheBeyond"],"potions_floor_usage":[10,14,14,14,19,27,29,33,50,50],"damage_taken":[{"damage":1,"enemies":"2 Louse","floor":1,"turns":4},{"damage":1,"enemies":"Jaw Worm","floor":2,"turns":3},{"damage":17,"enemies":"Gremlin Nob","floor":7,"turns":4},{"damage":5,"enemies":"3 Sentries","floor":10,"turns":7},{"damage":1,"enemies":"Cultist","floor":12,"turns":4},{"damage":0,"enemies":"Lagavulin","floor":14,"turns":5},{"damage":14,"enemies":"Slime Boss","floor":16,"turns":8},{"damage":0,"enemies":"2 Thieves","floor":18,"turns":4},{"damage":9,"enemies":"Spheric Guardian","floor":19,"turns":4},{"damage":38,"enemies":"Snecko","floor":20,"turns":7},{"damage":12,"enemies":"Gremlin Leader","floor":24,"turns":5},{"damage":6,"enemies":"Centurion and Healer","floor":25,"turns":6},{"damage":14,"enemies":"Colosseum Slavers","floor":27,"turns":5},{"damage":1,"enemies":"Colosseum Nobs","floor":27,"turns":2},{"damage":9,"enemies":"Slavers","floor":29,"turns":6},{"damage":14,"enemies":"Shelled Parasite and Fungi","floor":31,"turns":3},{"damage":17,"enemies":"hubris:MusketHawk","floor":33,"turns":6},{"damage":13,"enemies":"3 Shapes","floor":35,"turns":4},{"damage":0,"enemies":"Orb Walker","floor":36,"turns":2},{"damage":9,"enemies":"Spire Growth","floor":38,"turns":2},{"damage":29,"enemies":"2 Orb Walkers","floor":39,"turns":5},{"damage":3,"enemies":"Nightmare","floor":40,"turns":3},{"damage":0,"enemies":"Nemesis","floor":45,"turns":1},{"damage":0,"enemies":"Mind Bloom Boss Battle","floor":47,"turns":2},{"damage":21,"enemies":"Sphere and 2 Shapes","floor":48,"turns":5},{"damage":15,"enemies":"Awakened One","floor":50,"turns":9}],"seed_played":"919743240578243350","potions_obtained":[{"floor":2,"key":"SkillPotion"},{"floor":12,"key":"EntropicBrew"},{"floor":14,"key":"GamblersBrew"},{"floor":18,"key":"SkillPotion"},{"floor":24,"key":"DuplicationPotion"},{"floor":31,"key":"DuplicationPotion"},{"floor":33,"key":"Strength Potion"},{"floor":38,"key":"Dexterity Potion"}],"is_trial":false,"path_per_floor":["M","M","?","$","?","R","E","R","T","E","R","M","$","E","R","B",null,"M","M","M","$","?","R","E","M","T","?","R","E","?","M","R","B",null,"M","M","$","M","?","NM","R","?","T","R","E","R","?","M","R","B",null],"character_chosen":"IRONCLAD","items_purchased":["Headbutt","OrangePellets","Mango","Frozen Eye","Blood Vial","hubris:Spice","Bloodletting"],"campfire_rested":1,"item_purchase_floors":[4,13,13,21,21,37,37],"current_hp_per_floor":[55,60,60,60,60,60,49,49,49,50,50,55,19,50,50,54,80,89,86,60,60,60,60,56,84,84,98,98,109,109,101,101,109,109,105,112,120,117,96,101,101,101,88,88,80,80,64,52,67,61],"gold":245,"neow_bonus":"RANDOM_COLORLESS_2","is_daily":false,"chose_seed":false,"campfire_upgraded":10,"win_rate":0.0,"timestamp":1611087501,"path_taken":["M","M","?","$","?","R","E","R","T","E","R","M","?","E","R","BOSS","M","?","M","$","?","R","E","M","T","?","R","E","?","M","R","BOSS","M","M","$","M","?","NM","R","?","T","R","E","R","?","M","R","BOSS"],"items_purchased_type":["Card","Relic","Relic","Relic","Relic","Relic","Card"],"build_version":"2020-12-22","purchased_purges":4,"victory":true,"max_hp_per_floor":[75,75,75,75,75,75,75,75,75,75,75,75,89,89,89,89,89,89,89,89,89,89,89,89,92,92,98,98,109,109,109,109,109,109,112,112,120,120,120,104,104,104,88,88,80,80,64,67,67,67],"relic_stats":{"Blood Vial":16,"OrangePellets":[13],"counters":[26,116],"Turnip":[0],"Black Star":2,"Ginger":[4],"obtain_stats":[{"hubris:DuctTape":10,"Mango":13,"Hammer of Thor":0,"Seething Fire":0,"Ginger":14,"hubris:Towel":5,"Burning Blood":0,"Blood Vial":21,"hubris:Zylophone":27,"OrangePellets":13,"Frozen Eye":21,"Matryoshka":27,"Anvil of the Gods":0,"hubris:Spice":29,"Turnip":39,"hubris:ToyBattleship":26,"Black Star":34,"Red Skull":24,"infinitespire:PuzzleCube":45,"Meat on the Bone":7,"hubris:BottledRain":9,"infinitespire:Cupcake":17,"hubris:Reverence":22},{"hubris:DuctTape":4,"Mango":5,"Hammer of Thor":0,"Seething Fire":0,"Ginger":6,"hubris:Towel":2,"Burning Blood":0,"Blood Vial":10,"hubris:Zylophone":14,"OrangePellets":5,"Frozen Eye":10,"Matryoshka":14,"Anvil of the Gods":0,"hubris:Spice":15,"Turnip":21,"hubris:ToyBattleship":12,"Black Star":17,"Red Skull":11,"infinitespire:PuzzleCube":23,"Meat on the Bone":3,"hubris:BottledRain":3,"infinitespire:Cupcake":7,"hubris:Reverence":10},{"hubris:DuctTape":18,"Mango":22,"Hammer of Thor":0,"Seething Fire":0,"Ginger":27,"hubris:Towel":7,"Burning Blood":0,"Blood Vial":50,"hubris:Zylophone":68,"OrangePellets":22,"Frozen Eye":50,"Matryoshka":68,"Anvil of the Gods":0,"hubris:Spice":74,"Turnip":96,"hubris:ToyBattleship":61,"Black Star":83,"Red Skull":55,"infinitespire:PuzzleCube":100,"Meat on the Bone":11,"hubris:BottledRain":11,"infinitespire:Cupcake":35,"hubris:Reverence":50}],"Burning Blood":123,"Meat on the Bone":12},"card_choices":[{"not_picked":["Magnetism","Transmutation"],"picked":"Master of Strategy","floor":0},{"not_picked":["Heavy Blade","Sword Boomerang"],"picked":"hubris:CleavingFinish","floor":1},{"not_picked":["Armaments","Iron Wave"],"picked":"Anger","floor":2},{"not_picked":["Anger","Pommel Strike"],"picked":"Feel No Pain","floor":7},{"not_picked":["Evolve","Searing Blow"],"picked":"infinitespire:OneForAll","floor":10},{"not_picked":["Burning Pact","Warcry"],"picked":"Reaper","floor":12},{"not_picked":["Pommel Strike","Clash"],"picked":"Disarm","floor":14},{"not_picked":["Fiend Fire","Immolate"],"picked":"Feed","floor":16},{"not_picked":["Hemokinesis","Iron Wave","Headbutt+1"],"picked":"SKIP","floor":18},{"not_picked":["Flex","Warcry"],"picked":"Flame Barrier","floor":19},{"not_picked":["Body Slam","Whirlwind"],"picked":"Inflame+1","floor":20},{"not_picked":["Evolve+1","Intimidate","Clash"],"picked":"SKIP","floor":24},{"not_picked":["Body Slam+1","Thunderclap","Flex"],"picked":"SKIP","floor":25},{"not_picked":["Feed","Perfected Strike"],"picked":"Shockwave+1","floor":29},{"not_picked":["Flex","Anger","hubris:ReadiedAction"],"picked":"SKIP","floor":31},{"not_picked":["Brutality","Immolate"],"picked":"Reaper","floor":33},{"not_picked":["infinitespire:OneForAll+1","Clothesline","Warcry+1"],"picked":"SKIP","floor":35},{"not_picked":["Warcry","Thunderclap+1","Havoc+1"],"picked":"SKIP","floor":36},{"not_picked":["Body Slam","Anger+1","Shrug It Off"],"picked":"SKIP","floor":38},{"not_picked":["Body Slam","Anger+1","Shrug It Off"],"picked":"SKIP","floor":38},{"not_picked":["infinitespire:UltimateForm","infinitespire:Menacing"],"picked":"infinitespire:FutureSight","floor":40},{"not_picked":["Twin Strike","Whirlwind"],"picked":"hubris:StunningStrike","floor":40},{"not_picked":["Wild Strike","Clothesline","Flame Barrier"],"picked":"SKIP","floor":45},{"not_picked":["Uppercut","Rupture"],"picked":"hubris:SpiceAddiction","floor":47},{"not_picked":["Clothesline","Evolve+1","Body Slam"],"picked":"SKIP","floor":48}],"player_experience":385210,"relics_obtained":[{"floor":7,"key":"Meat on the Bone"},{"floor":9,"key":"hubris:BottledRain"},{"floor":10,"key":"hubris:DuctTape"},{"floor":14,"key":"Ginger"},{"floor":24,"key":"Red Skull"},{"floor":26,"key":"hubris:ToyBattleship"},{"floor":27,"key":"Matryoshka"},{"floor":27,"key":"hubris:Zylophone"},{"floor":29,"key":"hubris:Spice"},{"floor":39,"key":"Turnip"},{"floor":40,"key":"hubris:Spice"},{"floor":40,"key":"hubris:Spice"},{"floor":43,"key":"hubris:Spice"},{"floor":43,"key":"hubris:Spice"},{"floor":45,"key":"hubris:Spice"},{"floor":45,"key":"infinitespire:PuzzleCube"},{"floor":47,"key":"hubris:Spice"}],"event_choices":[{"damage_healed":0,"gold_gain":0,"player_choice":"Ignored","damage_taken":125,"max_hp_gain":0,"max_hp_loss":0,"event_name":"betterThird:BetterSerpent","floor":3,"gold_loss":0},{"damage_healed":0,"gold_gain":0,"player_choice":"Opened","damage_taken":0,"relics_obtained":["hubris:Reverence"],"max_hp_gain":0,"max_hp_loss":0,"event_name":"The Mausoleum","floor":22,"gold_loss":0,"cards_obtained":["Writhe"]},{"damage_healed":0,"gold_gain":0,"player_choice":"Fight","damage_taken":0,"max_hp_gain":0,"max_hp_loss":0,"event_name":"Colosseum","floor":27,"gold_loss":0},{"damage_healed":0,"gold_gain":0,"player_choice":"Fought Nobs","damage_taken":0,"max_hp_gain":0,"max_hp_loss":0,"event_name":"Colosseum","floor":27,"gold_loss":0},{"damage_healed":0,"gold_gain":100,"player_choice":"Pray","damage_taken":0,"max_hp_gain":0,"max_hp_loss":0,"event_name":"Golden Shrine","floor":30,"gold_loss":0},{"damage_healed":0,"gold_gain":0,"player_choice":"Fight","damage_taken":0,"max_hp_gain":0,"max_hp_loss":0,"event_name":"Mysterious Sphere","floor":39,"gold_loss":0},{"damage_healed":0,"gold_gain":0,"player_choice":"Fight","damage_taken":0,"max_hp_gain":0,"max_hp_loss":0,"event_name":"MindBloom","floor":47,"gold_loss":0}],"is_beta":false,"boss_relics":[{"not_picked":["Snecko Eye","hubris:HollowSoul"],"picked":"infinitespire:Cupcake"},{"not_picked":["SacredBark","SlaversCollar"],"picked":"Black Star"}],"items_purged_floors":[4,13,13,13],"is_endless":false,"potions_floor_spawned":[2,12,14,18,24,27,31,33,38,39,45,48],"ascension_level":14}}