{"host":"i317trlt96c3w9hm","time":1611054604,"event":{"mods":["2.2 Compatiblity","AchievementEnabler","BaseMod","Better Note","CapriCore","Colored Powertips","GifTheSpireLib","Highlight Path","Minty Spire (QoL Compilation)","Remilia£®¿Ÿ√◊¿Ú—«£©","StSLib"],"gold_per_floor":[112,112,126,137,152,186,186,221,295,315,396,409,420,436,436,536,536,550,550,17,32,51,77,6,60,60,85,25,378,378,397,397,520,520,539,539,576,576,576,627,641,675,675,700,719,379,379,411,411,431,431,431,11,40,60],"floor_reached":56,"language":"ZHS","playtime":6134,"items_purged":["Strike_RM","Strike_RM","Defend_RM"],"score":1694,"play_id":"5773619c-a6bf-400f-b300-146667e3f10a","local_time":"20210119191004","is_ascension_mode":true,"campfire_choices":[{"data":"BombardNight","floor":7.0,"key":"SMITH"},{"data":"UnstableMagic","floor":15.0,"key":"SMITH"},{"data":"FitfulNightmare","floor":32.0,"key":"SMITH"},{"floor":47.0,"key":"RECALL"},{"data":"TransientEternity","floor":49.0,"key":"SMITH"},{"data":"BatForm","floor":52.0,"key":"SMITH"}],"circlet_count":0,"master_deck":["Defend_RM","RedMoon+1","ScarletShoot","BombardNight+1","UnstableMagic+1","MastersStateliness","RedRainbow","MastersStateliness","MillenniumVampire","ScarletSymphony+1","EternalNight+1","EquivalentExchange","HeartBreak+1","KillingBlow+1","FavorOfDestiny+1","BloodHunter+1","BatForm+1","FitfulNightmare+1","BombardNight+1","BloodAndWine+1","BloodAndWine+1","TransientEternity+1","EternalNight+1","BombardNight+1","ScarletNetherworld+1","TwelveNightmare+1"],"relics":["ScarletHat","NeowsBlessing","Ice Cream","Pocketwatch","Letter Opener","Toxic Egg 2","Astrolabe","Oddly Smooth Stone","Ginger","ScarletDevilRocket","MealTicket","Molten Egg 2","Regal Pillow","Old Coin","Black Star","Bag of Preparation","Bag of Marbles","Ornamental Fan","TypeBBloodRedTea","Bottled Lightning","Strawberry","InkBottle","Bronze Scales","Lantern","AntiCross","TungstenRod"],"acts_visited":["Exordium","TheCity","TheBeyond","TheEnding"],"potions_floor_usage":[55,55,55],"damage_taken":[{"damage":0.0,"enemies":"2 Louse","floor":1.0,"turns":1.0},{"damage":0.0,"enemies":"Cultist","floor":3.0,"turns":1.0},{"damage":0.0,"enemies":"Jaw Worm","floor":4.0,"turns":1.0},{"damage":0.0,"enemies":"Looter","floor":5.0,"turns":5.0},{"damage":0.0,"enemies":"Lagavulin","floor":6.0,"turns":6.0},{"damage":6.0,"enemies":"Gremlin Nob","floor":8.0,"turns":3.0},{"damage":0.0,"enemies":"Exordium Thugs","floor":10.0,"turns":4.0},{"damage":0.0,"enemies":"Blue Slaver","floor":12.0,"turns":2.0},{"damage":0.0,"enemies":"Large Slime","floor":13.0,"turns":4.0},{"damage":6.0,"enemies":"3 Louse","floor":14.0,"turns":3.0},{"damage":35.0,"enemies":"Slime Boss","floor":16.0,"turns":7.0},{"damage":0.0,"enemies":"Shell Parasite","floor":18.0,"turns":2.0},{"damage":0.0,"enemies":"Spheric Guardian","floor":21.0,"turns":2.0},{"damage":0.0,"enemies":"Snecko","floor":22.0,"turns":3.0},{"damage":4.0,"enemies":"Gremlin Leader","floor":23.0,"turns":5.0},{"damage":0.0,"enemies":"Book of Stabbing","floor":25.0,"turns":6.0},{"damage":18.0,"enemies":"Slavers","floor":27.0,"turns":4.0},{"damage":2.0,"enemies":"Gremlin Leader","floor":29.0,"turns":5.0},{"damage":4.0,"enemies":"Centurion and Healer","floor":31.0,"turns":2.0},{"damage":28.0,"enemies":"Champ","floor":33.0,"turns":4.0},{"damage":22.0,"enemies":"3 Shapes","floor":35.0,"turns":2.0},{"damage":2.0,"enemies":"Orb Walker","floor":37.0,"turns":4.0},{"damage":0.0,"enemies":"Giant Head","floor":40.0,"turns":4.0},{"damage":0.0,"enemies":"Transient","floor":41.0,"turns":5.0},{"damage":33.0,"enemies":"Reptomancer","floor":42.0,"turns":5.0},{"damage":0.0,"enemies":"Giant Head","floor":44.0,"turns":5.0},{"damage":3.0,"enemies":"3 Darklings","floor":45.0,"turns":4.0},{"damage":17.0,"enemies":"Sphere and 2 Shapes","floor":48.0,"turns":3.0},{"damage":3.0,"enemies":"Donu and Deca","floor":50.0,"turns":5.0},{"damage":6.0,"enemies":"Shield and Spear","floor":54.0,"turns":3.0},{"damage":9,"enemies":"The Heart","floor":55,"turns":5}],"seed_played":"-9093994511946131152","potions_obtained":[{"floor":3.0,"key":"Swift Potion"},{"floor":4.0,"key":"SneckoOil"},{"floor":5.0,"key":"Block Potion"},{"floor":8.0,"key":"Ancient Potion"},{"floor":12.0,"key":"SteroidPotion"},{"floor":23.0,"key":"FearPotion"},{"floor":42.0,"key":"Energy Potion"}],"is_trial":false,"path_per_floor":["M","?","M","M","M","E","R","E","T","M","T","M","M","M","R","B",null,"M","?","$","M","M","E","$","E","T","E","?","E","?","M","R","B",null,"M","?","M","?","?","E","M","E","T","E","M","$","R","M","R","B",null,"R","$","E","B",null],"character_chosen":"REMILIA","items_purchased":["Oddly Smooth Stone","Ginger","FitfulNightmare","InkBottle","Bronze Scales","Lantern"],"campfire_rested":0,"item_purchase_floors":[20,20,24,46,53,53],"current_hp_per_floor":[75,75,75,75,75,75,75,72,72,74,74,75,75,70,70,35,75,75,75,75,75,75,75,75,75,75,60,60,75,75,74,74,47,75,58,58,67,67,75,75,75,57,57,82,82,82,82,70,70,82,82,82,82,82,82],"gold":60,"neow_bonus":"THREE_ENEMY_KILL","is_daily":false,"chose_seed":false,"campfire_upgraded":5,"win_rate":0.0,"timestamp":1611054604,"path_taken":["M","?","?","M","M","E","R","E","T","M","?","M","?","?","R","BOSS","M","?","?","M","M","E","$","E","T","E","?","E","?","M","R","BOSS","M","?","M","?","?","E","M","E","T","E","M","$","R","M","R","BOSS","R","$","E","BOSS"],"items_purchased_type":["Relic","Relic","Card","Relic","Relic","Relic"],"build_version":"2020-12-22","purchased_purges":3,"victory":true,"max_hp_per_floor":[75,75,75,75,75,75,75,75,75,75,75,75,75,75,75,75,75,75,75,75,75,75,75,75,75,75,75,75,75,75,75,75,75,75,75,75,75,75,75,75,75,75,75,82,82,82,82,82,82,82,82,82,82,82,82],"card_choices":[{"not_picked":["StarOfDavid","NightLord"],"picked":"BombardNight","floor":1.0},{"not_picked":["VampireSweep","Stigmanizer"],"picked":"UnstableMagic","floor":3.0},{"not_picked":["EternalNight","BloodHunter"],"picked":"MastersStateliness","floor":4.0},{"not_picked":["UnstableMagic","UnderTheZenith"],"picked":"RedRainbow","floor":5.0},{"not_picked":["ChainGang","ScarletImprint"],"picked":"MastersStateliness","floor":6.0},{"not_picked":["ScarletNetherworld","BloodyMagicSquare","UnderTheZenith"],"picked":"SKIP","floor":8.0},{"not_picked":["GlobalNightmare","BloodyMagicSquare"],"picked":"MillenniumVampire","floor":10.0},{"not_picked":["BombardNight","VampireKiss","StarOfDavid"],"picked":"SKIP","floor":12.0},{"not_picked":["TricksterDevil","Maim+1"],"picked":"ScarletSymphony+1","floor":13.0},{"not_picked":["BlasphemousPunishment+1","RedNightlessCastle"],"picked":"EternalNight+1","floor":14.0},{"not_picked":["ForecastOfChange","BloodRain+1"],"picked":"EquivalentExchange","floor":16.0},{"not_picked":["DiffusionOfMisfortune","EndlessAdversity+1","MastersStateliness"],"picked":"SKIP","floor":18.0},{"not_picked":["ScarletSymphony+1","VampireSweep"],"picked":"FavorOfDestiny+1","floor":21.0},{"not_picked":["EmergencyRegeneration+1","VampireKiss"],"picked":"BloodHunter+1","floor":22.0},{"not_picked":["VampireFantasy+1","AfternoonTea+1"],"picked":"BatForm","floor":23.0},{"not_picked":["HellCatastrophe","StarOfDavid","CurseOfVladTepes"],"picked":"SKIP","floor":25.0},{"not_picked":["EndlessAdversity+1","ChainGang+1"],"picked":"BombardNight+1","floor":27.0},{"not_picked":["NightDance+1","ForbiddenFruit+1"],"picked":"BloodAndWine+1","floor":29.0},{"not_picked":["EternalNight+1","Stigmanizer+1","UnstableMagic+1"],"picked":"SKIP","floor":31.0},{"not_picked":["ChaoticDestiny+1","BloodyCatastrophe+1"],"picked":"TransientEternity","floor":33.0},{"not_picked":["HunterOfTheNight+1","BadLadyScramble+1"],"picked":"EternalNight+1","floor":35.0},{"not_picked":["ScarletGensokyo+1","Stigmanizer+1"],"picked":"BombardNight+1","floor":37.0},{"not_picked":["CharismaGuard","GlobalNightmare+1"],"picked":"ScarletNetherworld+1","floor":40.0},{"not_picked":["ScarletDevilSign+1","MastersStateliness+1","ChainGang+1"],"picked":"SKIP","floor":41.0},{"not_picked":["StarOfDavid+1","ScarletDevilSign+1","AfternoonTea+1"],"picked":"SKIP","floor":42.0},{"not_picked":["BombardNight+1","RedRainbow+1"],"picked":"TwelveNightmare+1","floor":44.0},{"not_picked":["BloodHunter+1","UnderTheZenith+1","MastersStateliness"],"picked":"SKIP","floor":45.0},{"not_picked":["BloodHunter+1","ScarletDevil+1","NightDance+1"],"picked":"SKIP","floor":48.0},{"not_picked":["MillenniumVampire+1","EndlessAdversity+1","AfternoonTea+1"],"picked":"SKIP","floor":54.0}],"player_experience":50703,"relics_obtained":[{"floor":6.0,"key":"Ice Cream"},{"floor":8.0,"key":"Pocketwatch"},{"floor":9.0,"key":"Letter Opener"},{"floor":11.0,"key":"Toxic Egg 2"},{"floor":23.0,"key":"ScarletDevilRocket"},{"floor":25.0,"key":"MealTicket"},{"floor":26.0,"key":"Molten Egg 2"},{"floor":27.0,"key":"Regal Pillow"},{"floor":29.0,"key":"Old Coin"},{"floor":40.0,"key":"Bag of Preparation"},{"floor":40.0,"key":"Bag of Marbles"},{"floor":42.0,"key":"Ornamental Fan"},{"floor":42.0,"key":"TypeBBloodRedTea"},{"floor":44.0,"key":"Bottled Lightning"},{"floor":44.0,"key":"Strawberry"},{"floor":54.0,"key":"AntiCross"},{"floor":54.0,"key":"TungstenRod"}],"event_choices":[{"damage_healed":0.0,"max_hp_gain":0.0,"max_hp_loss":0.0,"gold_gain":0.0,"event_name":"Upgrade Shrine","player_choice":"Upgraded","floor":2.0,"gold_loss":0.0,"damage_taken":0.0,"cards_upgraded":["RedMoon"]},{"damage_healed":0.0,"max_hp_gain":0.0,"max_hp_loss":0.0,"gold_gain":0.0,"event_name":"Lab","player_choice":"Got Potions","floor":19.0,"gold_loss":0.0,"damage_taken":0.0},{"cards_removed":["Defend_RM"],"damage_healed":0.0,"max_hp_gain":0.0,"max_hp_loss":0.0,"gold_gain":0.0,"event_name":"Designer","player_choice":"Single Remove","floor":28.0,"gold_loss":60.0,"damage_taken":0.0},{"damage_healed":0.0,"max_hp_gain":0.0,"max_hp_loss":0.0,"gold_gain":0.0,"event_name":"Duplicator","player_choice":"Copied","floor":30.0,"gold_loss":0.0,"damage_taken":0.0,"cards_obtained":["BloodAndWine"]},{"cards_removed":["RedNightlessCastle"],"damage_healed":0.0,"max_hp_gain":0.0,"max_hp_loss":0.0,"gold_gain":0.0,"event_name":"Falling","player_choice":"Removed Attack","floor":36.0,"gold_loss":0.0,"damage_taken":0.0},{"damage_healed":0.0,"max_hp_gain":0.0,"max_hp_loss":0.0,"gold_gain":0.0,"event_name":"Tomb of Lord Red Mask","player_choice":"Ignored","floor":38.0,"gold_loss":0.0,"damage_taken":0.0},{"damage_healed":8.0,"max_hp_gain":0.0,"max_hp_loss":0.0,"gold_gain":0.0,"event_name":"Wheel of Change","player_choice":"Full Heal","floor":39.0,"gold_loss":0.0,"damage_taken":0.0}],"is_beta":false,"boss_relics":[{"not_picked":["Ectoplasm","Runic Dome"],"picked":"Astrolabe"},{"not_picked":["Calling Bell","Tiny House"],"picked":"Black Star"}],"items_purged_floors":[20,46,53],"is_endless":false,"potions_floor_spawned":[3,4,5,8,12,18,23,25,31,35,40,42,48],"ascension_level":1}}