{"host":"ELF","time":1611043235,"event":{"mods":["BaseMod","Bestiary","Minty Spire (QoL Compilation)","Relic Stats","Slay the Relics Exporter"],"gold_per_floor":[114,125,143,159,169,169,169,189,189,189,204,237,264,264,264,264,264],"floor_reached":16,"language":"ENG","playtime":828,"items_purged":[],"score":208,"play_id":"3a9a15d8-88fa-4f35-ac74-25907b08355a","local_time":"20210119020035","is_ascension_mode":true,"campfire_choices":[{"floor":6,"key":"REST"},{"floor":10,"key":"REST"},{"floor":15,"key":"REST"}],"circlet_count":0,"master_deck":["AscendersBane","Strike_G","Strike_G","Strike_G","Strike_G","Strike_G","Defend_G","Defend_G","Defend_G","Defend_G","Defend_G","Survivor","Neutralize","Poisoned Stab","Deadly Poison","Skewer","Infinite Blades","Slice","Pain","All Out Attack","PiercingWail"],"relics":["Ring of the Snake","Bag of Marbles","WarpedTongs","Pantograph","Question Card","Vajra","Frozen Egg 2"],"acts_visited":["Exordium"],"potions_floor_usage":[5,11,12],"damage_taken":[{"damage":1,"enemies":"Cultist","floor":1,"turns":3},{"damage":4,"enemies":"Small Slimes","floor":2,"turns":4},{"damage":0,"enemies":"Jaw Worm","floor":3,"turns":3},{"damage":24,"enemies":"Exordium Thugs","floor":4,"turns":6},{"damage":0,"enemies":"2 Fungi Beasts","floor":5,"turns":2},{"damage":4,"enemies":"3 Louse","floor":8,"turns":3},{"damage":19,"enemies":"Gremlin Gang","floor":11,"turns":4},{"damage":43,"enemies":"Gremlin Nob","floor":12,"turns":5},{"damage":47,"enemies":"Slime Boss","floor":16,"turns":9}],"seed_played":"5704017856564271708","potions_obtained":[{"floor":1,"key":"Explosive Potion"},{"floor":5,"key":"Fire Potion"},{"floor":8,"key":"Weak Potion"}],"is_trial":false,"path_per_floor":["M","M","M","M","M","R","?","M","T","R","M","E","T","T","R","B"],"character_chosen":"THE_SILENT","items_purchased":[],"campfire_rested":3,"item_purchase_floors":[],"current_hp_per_floor":[58,54,54,30,30,49,49,45,45,64,45,2,2,2,21,0,0],"gold":264,"neow_bonus":"RANDOM_COMMON_RELIC","is_daily":false,"chose_seed":false,"campfire_upgraded":0,"win_rate":0.0,"timestamp":1611043235,"path_taken":["M","?","M","M","M","R","?","M","T","R","?","E","?","?","R","BOSS"],"items_purchased_type":[],"build_version":"2020-12-18","purchased_purges":0,"victory":false,"max_hp_per_floor":[66,66,66,66,66,66,66,66,66,66,66,66,66,66,66,66,66],"relic_stats":{"counters":[9,39],"Pantograph":25,"Question Card":0,"obtain_stats":[{"Pantograph":9,"Vajra":13,"Bag of Marbles":0,"Frozen Egg 2":14,"Question Card":12,"Ring of the Snake":0,"WarpedTongs":7},{"Pantograph":6,"Vajra":8,"Bag of Marbles":0,"Frozen Egg 2":8,"Question Card":8,"Ring of the Snake":0,"WarpedTongs":5},{"Pantograph":21,"Vajra":30,"Bag of Marbles":0,"Frozen Egg 2":30,"Question Card":30,"Ring of the Snake":0,"WarpedTongs":18}],"Ring of the Snake":[18],"WarpedTongs":[21]},"card_choices":[{"not_picked":["Calculated Gamble","Caltrops"],"picked":"Poisoned Stab","floor":1},{"not_picked":["Caltrops","PiercingWail"],"picked":"Deadly Poison","floor":2},{"not_picked":["Finisher","Deflect"],"picked":"Skewer","floor":3},{"not_picked":["Distraction","Reflex"],"picked":"Infinite Blades","floor":4},{"not_picked":["Prepared","Poisoned Stab"],"picked":"Slice","floor":5},{"not_picked":["Underhanded Strike","Setup"],"picked":"All Out Attack","floor":8},{"not_picked":["Quick Slash","Flying Knee"],"picked":"PiercingWail","floor":11},{"not_picked":["Heel Hook","Dodge and Roll","Flying Knee"],"picked":"SKIP","floor":12}],"player_experience":3228159,"relics_obtained":[{"floor":9,"key":"Pantograph"},{"floor":12,"key":"Question Card"},{"floor":13,"key":"Vajra"},{"floor":14,"key":"Frozen Egg 2"}],"event_choices":[{"damage_healed":0,"gold_gain":0,"player_choice":"Rummage","damage_taken":0,"relics_obtained":["WarpedTongs"],"max_hp_gain":0,"max_hp_loss":0,"event_name":"Accursed Blacksmith","floor":7,"gold_loss":0,"cards_obtained":["Pain"]}],"is_beta":true,"boss_relics":[],"items_purged_floors":[],"is_endless":false,"potions_floor_spawned":[1,5,8],"killed_by":"Slime Boss","ascension_level":20}}