{"host":"vi6yeph7oxdwzn8s","time":1611023834,"event":{"mods":["Act Like it!","BaseMod","CapriCore","Colored Powertips","Gensokyo","GifTheSpireLib","Koishi","Lobotomy","LobotomyExtend","Marisa£®ÏF”Í°°ƒß¿Ì…≥£©","Minty Spire (QoL Compilation)","Reimu£®≤©¿ˆ¡È√Œ£©","Remilia£®¿Ÿ√◊¿Ú—«£©","StSLib","The Animator","The Immortal","WarShipGirlsR/’ΩΩ¢…Ÿ≈ÆR mod","Yakumo Yukari mod","Youmu£®ªÍ∆«—˝√Œ£©","Yuyuko"],"gold_per_floor":[116,41,55,55,55,90,105,136,161,179,179,179,198,198,198,296,296,313,323,335,335,345,370,370,385,385,414,414,445,445,445,445,545,545,563,582,582,596,275,301,315,326,326,326,316,330,330,362,362,362,362,362,167,201,201],"floor_reached":56,"language":"ZHS","playtime":2672,"items_purged":[],"score":1451,"play_id":"21cc9df8-42af-4c20-b3c2-c4838a283730","local_time":"20210119103714","is_ascension_mode":true,"campfire_choices":[{"data":"VoidnessSword","floor":11,"key":"SMITH"},{"data":"HellFireSword","floor":15,"key":"SMITH"},{"data":"HumanGodSword","floor":24,"key":"SMITH"},{"data":"IrresoluteSoul","floor":28,"key":"SMITH"},{"data":"ConstancyOfTheConventionalTruth","floor":30,"key":"SMITH"},{"data":"HeartExcerptSlash","floor":32,"key":"SMITH"},{"floor":44,"key":"RECALL"},{"data":"CelestialStarSword","floor":49,"key":"SMITH"},{"data":"HellFireSword","floor":52,"key":"SMITH"}],"circlet_count":0,"master_deck":["Strike_YM","Strike_YM","Defend_YM","Defend_YM+1","Defend_YM","SlashOfPresentWorld","WheelOfPainOfLivingAndDead","CherryBlossomFlashing+1","ObsessionWithThePresentWorld+1","LifeCuttingSword+1","AsTheSilentNirvana+1","HeavenlyHaloSlash","Pain","HellFireSword+1","VoidnessSword+1","SanzenSekai","TwoHundredYojanaInOneSlash","HeartExcerptSlash+1","DoubleWheelOfPain","SlashOfAscensionToBuddhahood","IrresoluteSoul+1","CurseOfTheBell","ObsessionSword","HumanGodSword+1","SuddenPhantomFormationSlashOfKarmicWind+1","LowerRealmReflectionSlash","SuddenDivineSeveringOfKarmicWind","ConstancyOfTheConventionalTruth+1","HumanKnowledgeSword+1","HellFireSword+1","MatsuyoiReflectingSatelliteSlash","ThreeKonsSevenHakus+1","ThreeKonsSevenHakus+1","Gensokyo:BrilliantDragonBullet","BizarrenessOfSixRealms+1","SlashOfMeditation+1","FantasyOfEnteringEnlightenment+1","SpiderLilyBurial+1","PretaSword+1","CelestialStarSword+1","SwordExtraction+1","TwoHundredYojanaInOneSlash","HellGodSword+1","FlashingScatteredFlowers+1","TenKingsRetributionOnThePreta+1","MatsuyoiReflectingSatelliteSlash"],"relics":["Astrolabe","LetterFromLob","Gensokyo:LunaticRedEyes","War Paint","Happy Flower","Anchor","Calling Bell","Blood Vial","Question Card","Ginger","PreservedInsect","Pear","AntiCross","Wakizashi","RedMistMask","RuthlessExorcism:ReiMu","Pantograph","SlaversCollar","Frozen Eye","Orrery","Oddly Smooth Stone","Strawberry","Chemical X","Gambling Chip"],"acts_visited":["Gensokyo:Gensokyo","Gensokyo:Gensokyoer","Gensokyo:Gensokyoest","TheEnding"],"potions_floor_usage":[33,50,55,55,55],"damage_taken":[{"damage":0,"enemies":"Gensokyo:Python","floor":1,"turns":4},{"damage":0,"enemies":"Gensokyo:2_Kodama","floor":3,"turns":2},{"damage":26,"enemies":"Gensokyo:Aya","floor":6,"turns":9},{"damage":0,"enemies":"Gensokyo:3_Fairies","floor":7,"turns":4},{"damage":16,"enemies":"Gensokyo:Mamizou","floor":8,"turns":6},{"damage":1,"enemies":"Gensokyo:Gryphon_and_Rabbit","floor":10,"turns":5},{"damage":0,"enemies":"Gensokyo:Python_and_Kodama","floor":13,"turns":3},{"damage":0,"enemies":"Gensokyo:2_Rabbits","floor":14,"turns":3},{"damage":8,"enemies":"Gensokyo:Reimu","floor":16,"turns":6},{"damage":0,"enemies":"Gensokyo:Chomper","floor":18,"turns":3},{"damage":10,"enemies":"Gensokyo:AngelMirror","floor":19,"turns":3},{"damage":1,"enemies":"Gensokyo:Wraith","floor":20,"turns":3},{"damage":18,"enemies":"Gensokyo:Mirror_and_Dog","floor":22,"turns":6},{"damage":21,"enemies":"Gensokyo:Reisen","floor":23,"turns":6},{"damage":11,"enemies":"Gensokyo:Chomper_and_Gloop","floor":25,"turns":6},{"damage":0,"enemies":"Gensokyo:Tenshi","floor":27,"turns":2},{"damage":1,"enemies":"Gensokyo:Reisen","floor":29,"turns":2},{"damage":29,"enemies":"Gensokyo:Kaguya","floor":33,"turns":6},{"damage":3,"enemies":"Gensokyo:3_Boulders","floor":35,"turns":3},{"damage":0,"enemies":"Gensokyo:AncientGuardian","floor":36,"turns":3},{"damage":1,"enemies":"Gensokyo:AtlasGolem","floor":38,"turns":3},{"damage":9,"enemies":"Gensokyo:Doremy","floor":40,"turns":3},{"damage":2,"enemies":"Gensokyo:4_Bats","floor":41,"turns":3},{"damage":0,"enemies":"Gensokyo:3_Boulders","floor":42,"turns":3},{"damage":1,"enemies":"Gensokyo:SeedOfUnknown","floor":46,"turns":2},{"damage":1,"enemies":"Gensokyo:Kasen","floor":48,"turns":3},{"damage":2,"enemies":"Gensokyo:Shinki","floor":50,"turns":11},{"damage":1,"enemies":"Shield and Spear","floor":54,"turns":3},{"damage":48,"enemies":"The Heart","floor":55,"turns":4}],"seed_played":"9097141979793007104","potions_obtained":[{"floor":1,"key":"Weak Potion"},{"floor":6,"key":"CausticAgent"},{"floor":10,"key":"Dexterity Potion"},{"floor":29,"key":"AttackPotion"},{"floor":36,"key":"Block Potion"},{"floor":46,"key":"AttackPotion"}],"is_trial":false,"path_per_floor":["M","COS","M","?","?","E","M","E","T","M","R","M","M","M","R","B",null,"M","M","M","?","M","E","R","M","T","E","R","E","R","T","R","B",null,"M","M","?","M","COS","E","M","M","T","R","?","M","?","E","R","B",null,"R","$","E","B",null],"character_chosen":"YOUMU","items_purchased":["Chemical X","FearPotion"],"campfire_rested":0,"item_purchase_floors":[53,53],"current_hp_per_floor":[75,75,75,75,75,49,49,74,74,73,73,73,73,73,73,65,75,75,65,66,66,69,58,58,74,74,76,76,77,77,77,77,50,79,76,78,78,78,78,70,70,72,72,72,72,73,73,81,81,84,86,86,86,85,45],"gold":201,"neow_bonus":"BOSS_RELIC","is_daily":false,"chose_seed":false,"campfire_upgraded":8,"win_rate":0.0,"timestamp":1611023834,"path_taken":["M","COS","M","?","?","E","M","E","T","M","R","M","M","M","R","BOSS","M","M","M","?","M","E","R","M","T","E","R","E","R","?","R","BOSS","M","M","?","M","COS","E","M","M","T","R","?","M","?","E","R","BOSS","R","$","E","BOSS"],"items_purchased_type":["Relic","Potion"],"build_version":"2020-12-22","purchased_purges":0,"victory":true,"max_hp_per_floor":[75,75,75,75,75,75,75,75,75,75,75,75,75,75,75,75,75,75,75,75,69,69,79,79,79,79,79,79,79,79,79,79,79,79,79,79,79,79,79,79,79,79,79,79,79,79,79,86,86,86,86,86,86,86,86],"card_choices":[{"not_picked":["KarmicPunishmentOfTheIdleAndUnfocused","FlashingScatteredFlowers"],"picked":"AsTheSilentNirvana","floor":1},{"not_picked":["SwordOfBindingDesires","PhosphoricSlash"],"picked":"HeavenlyHaloSlash","floor":3},{"not_picked":["StrangeHalfBody","ThreeKonsSevenHakus"],"picked":"HellFireSword","floor":6},{"not_picked":["AsuraSword","StrangeHalfBody"],"picked":"VoidnessSword","floor":7},{"not_picked":["LowerRealmReflectionSlash","SwordOfBindingDesires"],"picked":"SanzenSekai","floor":7},{"not_picked":["DispleasureOfTheSevenHakus","FlashingScatteredFlowers"],"picked":"TwoHundredYojanaInOneSlash","floor":8},{"not_picked":["KarmicPunishmentOfTheIdleAndUnfocused","DispleasureOfTheSevenHakus"],"picked":"HeartExcerptSlash","floor":10},{"not_picked":["AsTheSilentNirvana","SpiritCuttingSword"],"picked":"DoubleWheelOfPain","floor":13},{"not_picked":["SlashOfDepartureFromHesitation","CrescentMoonSlash"],"picked":"SlashOfAscensionToBuddhahood","floor":14},{"not_picked":["SlashOfTheEternalFuture","GreatEnlightenmentAppearingAndDisappearing"],"picked":"IrresoluteSoul","floor":16},{"not_picked":["KarmicPunishmentOfTheIdleAndUnfocused+1","SpiritCuttingSword","CherryBlossomFlashing"],"picked":"ObsessionSword","floor":18},{"not_picked":["GhostSword","PreachingAvici+1","SlashOfMeditation"],"picked":"HumanGodSword","floor":19},{"not_picked":["HumanRealmSword","KarmicPunishmentOfTheIdleAndUnfocused","LifeCuttingSword"],"picked":"SuddenPhantomFormationSlashOfKarmicWind+1","floor":20},{"not_picked":["SpiritMediumsBind","SlashOfDepartureFromHesitation","SwordOfBindingDesires"],"picked":"LowerRealmReflectionSlash","floor":22},{"not_picked":["BloodOfAsura","SlashClearingTheSixSenses","HumanRealmSword"],"picked":"SuddenDivineSeveringOfKarmicWind","floor":23},{"not_picked":["SlashClearingTheSixSenses","SlashOfMeditation+1","PhosphoricSlash"],"picked":"ConstancyOfTheConventionalTruth","floor":25},{"not_picked":["ThoughtCuttingSword","BizarrenessOfSixRealms","LifeCuttingSword"],"picked":"HumanKnowledgeSword+1","floor":27},{"not_picked":["HumanKnowledgeSword+1","ConstancyOfTheConventionalTruth","SlashOfMeditation"],"picked":"HellFireSword","floor":29},{"not_picked":["CherryBlossomSword","GreatEnlightenmentAppearingAndDisappearing","WickedSoul"],"picked":"MatsuyoiReflectingSatelliteSlash","floor":33},{"not_picked":["HumanKnowledgeSword","CherryBlossomFlashing","ConstancyOfTheConventionalTruth+1"],"picked":"ThreeKonsSevenHakus+1","floor":35},{"not_picked":["SuddenPhantomFormationSlashOfKarmicWind+1","SlashOfDelusionalInnerEye","SwordOfBindingDesires"],"picked":"ThreeKonsSevenHakus+1","floor":36},{"not_picked":["Gensokyo:MorningMist","Gensokyo:RisingWorld"],"picked":"Gensokyo:BrilliantDragonBullet","floor":37},{"not_picked":["SlashOfAscensionToBuddhahood+1","DeadlyForm","FlashingScatteredFlowers"],"picked":"BizarrenessOfSixRealms+1","floor":38},{"not_picked":["SwordOfBindingDesires","FlashingScatteredFlowers","ObsessionSword+1"],"picked":"SlashOfMeditation+1","floor":39},{"not_picked":["HellGodSword","SpiritMediumsBind","HeavenlyHaloSlash"],"picked":"FantasyOfEnteringEnlightenment+1","floor":39},{"not_picked":["ConstancyOfTheConventionalTruth","SwordOfBindingDesires","CherryBlossomFlashing"],"picked":"SpiderLilyBurial+1","floor":39},{"not_picked":["SanzenSekai","SpiritMediumsBind+1","SwordOfBindingDesires"],"picked":"PretaSword+1","floor":39},{"not_picked":["SanzenSekai","CherryBlossomFlashing","ObsessionWithThePresentWorld"],"picked":"CelestialStarSword","floor":39},{"not_picked":["LightFlashOfTheNetherworld","IrresoluteSoul","CrescentMoonSlash+1"],"picked":"SwordExtraction+1","floor":40},{"not_picked":["DoubleWheelOfPain","FlashingScatteredFlowers+1","TransmigrationSlash+1"],"picked":"TwoHundredYojanaInOneSlash","floor":41},{"not_picked":["ConstancyOfTheConventionalTruth","SanzenSekai+1","FlashingScatteredFlowers+1"],"picked":"HellGodSword+1","floor":42},{"not_picked":["SlashOfMeditation+1","CherryBlossomFlashing","SpiritCuttingSword+1"],"picked":"FlashingScatteredFlowers+1","floor":46},{"not_picked":["SpiritCuttingSword","RapidSlash","LotusPostureSlash"],"picked":"TenKingsRetributionOnThePreta+1","floor":48},{"not_picked":["ObsessionSword+1","SwordExtraction+1","SwordOfBindingDesires"],"picked":"MatsuyoiReflectingSatelliteSlash","floor":54}],"player_experience":3418,"relics_obtained":[{"floor":1,"key":"LetterFromLob"},{"floor":6,"key":"War Paint"},{"floor":8,"key":"Happy Flower"},{"floor":9,"key":"Anchor"},{"floor":17,"key":"Blood Vial"},{"floor":17,"key":"Question Card"},{"floor":17,"key":"Ginger"},{"floor":23,"key":"Pear"},{"floor":26,"key":"AntiCross"},{"floor":27,"key":"Wakizashi"},{"floor":27,"key":"RedMistMask"},{"floor":29,"key":"RuthlessExorcism:ReiMu"},{"floor":31,"key":"Pantograph"},{"floor":40,"key":"Oddly Smooth Stone"},{"floor":48,"key":"Strawberry"},{"floor":54,"key":"Gambling Chip"}],"event_choices":[],"is_beta":false,"boss_relics":[{"not_picked":["Busted Crown","Runic Dome"],"picked":"Calling Bell"},{"not_picked":["RedLine:ReiMu","Snecko Eye"],"picked":"SlaversCollar"}],"items_purged_floors":[],"is_endless":false,"potions_floor_spawned":[1,6,10,13,16,18,25,29,36,41,46,54],"ascension_level":1}}