{"host":"ttx8tv95o5vka1nm","time":1611026886,"event":{"mods":["AchievementEnabler","BaseMod","Colored Map","Downfall","Infinite Spire","Minty Spire (QoL Compilation)","Shop Mod","StSLib","The Jungle"],"gold_per_floor":[99,117,135,145,6,22,22,36,36,21,46,59,59,75,92,190,190,90,104,116,133,143,143,143,157,167,167,195,295,295,312,332,432,432,432,444,461,413,430,430,430,450,467,492,541,555,584,601,619,721,721,721,737,757,757,768,784,784,584,19,19,39,56,68,86,100,198,198,198,216,227,20,20,20,51,71,85,85,103,103,103,116,135,238,238,238,291,38,38,51,61,92,125,9,21,21,33,33,47,65,168,168,168,179,179,210,241,416,443,414,425,442,119,119,119,119],"floor_reached":115,"language":"ENG","playtime":17454,"items_purged":["sneckomod:Strike","sneckomod:Strike","sneckomod:Defend","sneckomod:Defend","sneckomod:Nope","Tools of the Trade","sneckomod:SoulRoll","Doubt","infinitespire:NeuralNetwork+1"],"score":2265,"play_id":"9d65a3f6-c8c0-446b-82e3-824c5ca02a40","local_time":"20210119132806","is_ascension_mode":false,"campfire_choices":[{"data":"sneckomod:WideSting","floor":13.0,"key":"SMITH"},{"data":"sneckomod:Cheat","floor":18.0,"key":"SMITH"},{"data":"sneckomod:UnendingSupply","floor":30.0,"key":"SMITH"},{"data":"sneckomod:UnlimitedRolls","floor":35.0,"key":"SMITH"},{"floor":52,"key":"RECALL"},{"data":"sneckomod:Restock","floor":59,"key":"SMITH"},{"data":"sneckomod:Strike","floor":61,"key":"PURGE"},{"data":"infinitespire:NeuralNetwork","floor":69,"key":"SMITH"},{"data":"sneckomod:SnekBite","floor":86,"key":"SMITH"},{"data":"sneckomod:MasterEye","floor":96,"key":"PURGE"},{"data":"sneckomod:SnakeSap","floor":98,"key":"PURGE"},{"data":"sneckomod:CheapStock","floor":103,"key":"SMITH"},{"data":"sneckomod:Mudshield","floor":114,"key":"PURGE"}],"circlet_count":0,"master_deck":["sneckomod:TailWhip","sneckomod:SnekBite+1","infinitespire:OneForAll","sneckomod:IronFang","sneckomod:QuickMove","sneckomod:SlitherStrike","sneckomod:WideSting+1","sneckomod:Cheat+1","sneckomod:SoulDraw","sneckomod:Unknown1Cost","sneckomod:Restock+1","sneckomod:TrashToTreasure","sneckomod:UnknownClassINFINITE_BLACK","sneckomod:UnknownBoss","Uppercut","sneckomod:UnendingSupply+1","sneckomod:DiceBlock+1","sneckomod:UnlimitedRolls+1","sneckomod:UnknownCommonSkill+1","sneckomod:ImprovisedGuard+1","Madness+1","sneckomod:UnknownDraw","Demon Form","sneckomod:SerpentIdol+1","Metallicize","sneckomod:SerpentMind","sneckomod:CheapStock+1","infinitespire:FutureSight","theJungle:PetSnecko+1","infinitespire:SealOfDarkness+","sneckomod:SoulExchange","sneckomod:UnknownDraw+1","sneckomod:QuickBite","sneckomod:Unknown2Cost+1","Iron Wave+1","sneckomod:UnknownDraw+1","Feed+1","Bouncing Flask"],"relics":["sneckomod:SuperSneckoSoul","infinitespire:FocusingShard","infinitespire:EmpoweringShard","Runic Pyramid","downfall:HeartBlessingGreen","infinitespire:Cupcake","Singing Bowl","Bottled Tornado","MerchantsRug","infinitespire:Beetle Shell","Akabeko","Bird Faced Urn","Vajra","infinitespire:Joker Card","Smiling Mask","downfall:ShatteredFragment","downfall:HeartBlessingRed","downfall:HeartBlessingBlue","Peace Pipe","Blood Vial","infinitespire:CheckeredPen","theJungle:WildPear","infinitespire:BottledMercury","SlaversCollar","CaptainsWheel","Bag of Preparation","Strange Spoon","MealTicket","HandDrill","PrismaticShard","Prayer Wheel"],"acts_visited":["Exordium","TheCity","TheBeyond","Exordium","Exordium","TheBeyond","Exordium"],"potions_floor_usage":[48,48,48,48,50,50,88,93],"damage_taken":[{"damage":0.0,"enemies":"Cultist","floor":2.0,"turns":2.0},{"damage":0.0,"enemies":"2 Louse","floor":3.0,"turns":2.0},{"damage":3.0,"enemies":"Jaw Worm","floor":4.0,"turns":5.0},{"damage":0.0,"enemies":"downfall:FleeingMerchant","floor":5.0,"turns":4.0},{"damage":0.0,"enemies":"2 Fungi Beasts","floor":6.0,"turns":3.0},{"damage":9.0,"enemies":"Large Slime","floor":8.0,"turns":5.0},{"damage":4.0,"enemies":"downfall:FleeingMerchant","floor":10.0,"turns":4.0},{"damage":5.0,"enemies":"Gremlin Nob","floor":11.0,"turns":3.0},{"damage":0.0,"enemies":"Blue Slaver","floor":12.0,"turns":2.0},{"damage":2.0,"enemies":"Exordium Thugs","floor":14.0,"turns":3.0},{"damage":8.0,"enemies":"Red Slaver","floor":15.0,"turns":2.0},{"damage":34.0,"enemies":"IC_STATUS_ARCHETYPE","floor":16.0,"turns":8.0},{"damage":0.0,"enemies":"Spheric Guardian","floor":19.0,"turns":2.0},{"damage":1.0,"enemies":"3 Byrds","floor":20.0,"turns":3.0},{"damage":10.0,"enemies":"Cultist and Chosen","floor":21.0,"turns":5.0},{"damage":6.0,"enemies":"Shelled Parasite and Fungi","floor":22.0,"turns":3.0},{"damage":7.0,"enemies":"Centurion and Healer","floor":25.0,"turns":3.0},{"damage":0.0,"enemies":"Snecko","floor":26.0,"turns":2.0},{"damage":11.0,"enemies":"Nightmare","floor":28.0,"turns":4.0},{"damage":6.0,"enemies":"3 Cultists","floor":31.0,"turns":4.0},{"damage":1.0,"enemies":"Cultist and Chosen","floor":32.0,"turns":4.0},{"damage":15.0,"enemies":"DF_ARCHETYPE_CLAW","floor":33.0,"turns":8.0},{"damage":22.0,"enemies":"3 Darklings","floor":36.0,"turns":3.0},{"damage":1.0,"enemies":"Orb Walker","floor":37.0,"turns":3.0},{"damage":0.0,"enemies":"downfall:FleeingMerchant","floor":38.0,"turns":4.0},{"damage":23.0,"enemies":"Maw","floor":39.0,"turns":7.0},{"damage":0.0,"enemies":"Transient","floor":42.0,"turns":5.0},{"damage":11.0,"enemies":"Writhing Mass","floor":43.0,"turns":2.0},{"damage":1.0,"enemies":"Reptomancer","floor":44.0,"turns":5.0},{"damage":28.0,"enemies":"2 Orb Walkers","floor":45.0,"turns":3.0},{"damage":5.0,"enemies":"Spire Growth","floor":46.0,"turns":5.0},{"damage":8.0,"enemies":"Giant Head","floor":47.0,"turns":4.0},{"damage":21,"enemies":"Maw","floor":48,"turns":5},{"damage":3,"enemies":"4 Shapes","floor":49,"turns":3},{"damage":24,"enemies":"SI_POISON_ARCHETYPE","floor":50,"turns":9},{"damage":0,"enemies":"Jaw Worm","floor":53,"turns":2},{"damage":0,"enemies":"infinitespire:Voidling","floor":54,"turns":2},{"damage":3,"enemies":"Small Slimes","floor":56,"turns":1},{"damage":0,"enemies":"Lots of Slimes","floor":57,"turns":3},{"damage":13,"enemies":"Blue Slaver","floor":62,"turns":2},{"damage":20,"enemies":"Looter","floor":63,"turns":2},{"damage":9,"enemies":"Exordium Thugs","floor":64,"turns":2},{"damage":20,"enemies":"Large Slime","floor":65,"turns":2},{"damage":0,"enemies":"Gremlin Gang","floor":66,"turns":2},{"damage":2,"enemies":"Slime Boss","floor":67,"turns":1},{"damage":2,"enemies":"theJungle:MUSHROOMGANG","floor":70,"turns":2},{"damage":18,"enemies":"Shell Parasite","floor":71,"turns":2},{"damage":0,"enemies":"theJungle:MamaSnecko","floor":75,"turns":3},{"damage":23,"enemies":"theJungle:2_Snecko_Cultists","floor":76,"turns":3},{"damage":6,"enemies":"theJungle:Lyon","floor":77,"turns":2},{"damage":38,"enemies":"theJungle:Snecko_Cultist_And_Trap","floor":79,"turns":4},{"damage":30,"enemies":"theJungle:JungleHuntersEncounter","floor":82,"turns":3},{"damage":15,"enemies":"theJungle:Lyon","floor":83,"turns":3},{"damage":36,"enemies":"theJungle:FunGuy","floor":84,"turns":5},{"damage":120,"enemies":"2 Orb Walkers","floor":87,"turns":3},{"damage":0,"enemies":"Orb Walker","floor":90,"turns":1},{"damage":5,"enemies":"3 Shapes","floor":91,"turns":2},{"damage":41,"enemies":"Nightmare","floor":92,"turns":4},{"damage":19,"enemies":"Giant Head","floor":93,"turns":4},{"damage":12,"enemies":"Jaw Worm Horde","floor":95,"turns":3},{"damage":0,"enemies":"Maw","floor":97,"turns":3},{"damage":3,"enemies":"Transient","floor":99,"turns":5},{"damage":7,"enemies":"Writhing Mass","floor":100,"turns":3},{"damage":93,"enemies":"infinitespire:MassOfShapes","floor":101,"turns":6},{"damage":33,"enemies":"Jaw Worm","floor":104,"turns":3},{"damage":0,"enemies":"2 Louse","floor":106,"turns":1},{"damage":31,"enemies":"Gremlin Nob","floor":107,"turns":3},{"damage":26,"enemies":"Lagavulin","floor":109,"turns":3},{"damage":19,"enemies":"Small Slimes","floor":111,"turns":2},{"damage":27,"enemies":"Exordium Thugs","floor":112,"turns":2},{"damage":0,"enemies":"Exordium Wildlife","floor":115,"turns":1}],"seed_played":"3723533883746467472","potions_obtained":[{"floor":3.0,"key":"EssenceOfSteel"},{"floor":8.0,"key":"Strength Potion"},{"floor":12.0,"key":"Fire Potion"},{"floor":14.0,"key":"Explosive Potion"},{"floor":16.0,"key":"Block Potion"},{"floor":22.0,"key":"Block Potion"},{"floor":37.0,"key":"Regen Potion"},{"floor":39.0,"key":"champ:CounterPotion"},{"floor":44.0,"key":"GamblersBrew"},{"floor":45.0,"key":"EntropicBrew"},{"floor":46.0,"key":"hexamod:SoulburnPotion"},{"floor":49,"key":"SteroidPotion"},{"floor":54,"key":"Block Potion"},{"floor":56,"key":"Fire Potion"},{"floor":63,"key":"Block Potion"},{"floor":65,"key":"FearPotion"},{"floor":67,"key":"Block Potion"},{"floor":76,"key":"Fire Potion"},{"floor":77,"key":"EntropicBrew"},{"floor":84,"key":"SteroidPotion"},{"floor":91,"key":"SteroidPotion"},{"floor":92,"key":"Swift Potion"},{"floor":97,"key":"PowerPotion"},{"floor":100,"key":"SteroidPotion"},{"floor":104,"key":"ColorlessPotion"}],"is_trial":false,"path_per_floor":["R","M","M","M","$","M","T","M","?","$","E","M","R","M","M","B",null,"R","M","M","M","M","AVR","T","M","M","R","NM","?","R","M","M","B",null,"R","M","M","$","M","?","T","M","M","E","?","M","E","M","M","B",null,"R","M","M","?","M","M","T","R","$","R","M","M","M","M","M","B",null,"R","M","M","$","?","?","E","M","M","?","M","?","AVR","M","M","B",null,"R","?","$","?","M","M","NM","E","$","M","R","M","R","M","M","B",null,"R","M","AVR","M","E","?","E","$","M","M","$","R","M"],"character_chosen":"THE_SNECKO","items_purchased":["sneckomod:QuickBite","MerchantsRug","infinitespire:Beetle Shell","Peace Pipe","sneckomod:SerpentIdol","sneckomod:UnknownUncommonPower","Blood Vial","sneckomod:SnakeSap","infinitespire:CheckeredPen","sneckomod:CheapStock","Bag of Preparation","Strange Spoon","MealTicket","HandDrill","PrismaticShard","Prayer Wheel"],"campfire_rested":0,"item_purchase_floors":[5,38,38,60,60,60,60,72,72,72,88,88,94,110,113,113],"current_hp_per_floor":[90,90,90,87,87,87,87,78,78,74,69,69,69,67,59,25,90,90,90,89,79,73,73,73,68,68,68,57,57,57,51,50,35,92,92,72,73,73,67,67,67,69,58,57,35,40,54,45,54,55,120,120,120,122,101,106,114,114,124,124,124,119,107,110,102,140,138,140,140,142,126,126,126,136,156,137,155,114,100,100,100,88,93,79,166,166,62,62,62,72,79,52,53,53,61,61,83,83,96,109,42,180,180,162,162,172,161,161,149,164,159,154,169,169,169,169],"gold":119,"neow_bonus":"TRANSFORM_CARD","is_daily":false,"chose_seed":false,"campfire_upgraded":8,"win_rate":0.0,"timestamp":1611026886,"path_taken":["R","M","M","M","$","M","T","M","?","$","E","?","R","?","M","BOSS","R","M","M","M","?","AVR","T","M","M","R","NM","?","R","M","M","BOSS","R","?","M","$","M","?","T","M","M","E","?","M","E","M","M","BOSS","R","M","M","?","M","M","T","R","$","R","M","M","M","M","M","BOSS","R","M","M","$","?","?","E","M","M","?","M","?","AVR","M","M","BOSS","R","?","$","?","M","M","NM","E","$","M","R","M","R","?","M","BOSS","R","M","AVR","M","?","?","E","$","M","M","?","R","M"],"items_purchased_type":["Card","Relic","Relic","Relic","Card","Card","Relic","Card","Relic","Card","Relic","Relic","Relic","Relic","Relic","Relic"],"build_version":"2020-12-22","purchased_purges":9,"victory":false,"max_hp_per_floor":[90,90,90,90,90,90,90,90,90,90,90,90,90,90,90,90,90,90,90,90,90,90,90,90,92,92,92,92,92,92,92,92,92,92,92,94,96,96,98,98,98,100,100,100,100,100,116,118,120,120,120,120,120,122,122,124,126,126,136,136,136,136,136,138,140,140,140,140,140,142,144,144,144,154,156,158,160,160,162,162,162,164,166,166,166,166,166,166,166,168,170,170,172,172,174,174,176,176,176,178,180,180,180,182,182,184,186,186,188,188,190,196,196,196,196,196],"card_choices":[{"not_picked":["sneckomod:CheapStock","sneckomod:RainOfDice"],"picked":"sneckomod:IronFang","floor":2.0},{"not_picked":["sneckomod:CheapStock","sneckomod:RainOfDice"],"picked":"sneckomod:UnknownWeak","floor":3.0},{"not_picked":["sneckomod:UnknownCommonAttack","sneckomod:DiceBoulder"],"picked":"sneckomod:QuickMove","floor":4.0},{"not_picked":["sneckomod:UnknownDraw","sneckomod:UnknownExhaust"],"picked":"sneckomod:SlitherStrike","floor":5.0},{"not_picked":["sneckomod:UnknownStrike","sneckomod:DiceCrush"],"picked":"sneckomod:UnknownUncommonSkill","floor":6.0},{"not_picked":["sneckomod:SoulRoll","sneckomod:UnknownWeak"],"picked":"sneckomod:WideSting","floor":8.0},{"not_picked":["sneckomod:DiceBoulder","sneckomod:UnknownWeak"],"picked":"sneckomod:Cheat","floor":10.0},{"not_picked":["sneckomod:SlitherStrike","sneckomod:IronFang"],"picked":"sneckomod:SoulDraw","floor":11.0},{"not_picked":["sneckomod:UnknownExhaust","sneckomod:UnknownCommonSkill"],"picked":"sneckomod:Nope","floor":12.0},{"not_picked":["sneckomod:Unknown0Cost","sneckomod:CheapStock"],"picked":"sneckomod:UnknownRarePower","floor":14.0},{"not_picked":["sneckomod:Nope","sneckomod:UnknownX"],"picked":"sneckomod:Unknown1Cost","floor":15.0},{"not_picked":["sneckomod:Cheat","sneckomod:Unknown3Cost"],"picked":"sneckomod:Restock","floor":16.0},{"not_picked":["sneckomod:SoulDraw","sneckomod:RainOfDice","sneckomod:Nope"],"picked":"SKIP","floor":19.0},{"not_picked":["sneckomod:UnknownClassGREEN","sneckomod:Unknown1Cost"],"picked":"sneckomod:TrashToTreasure","floor":20.0},{"not_picked":["sneckomod:UnknownClassRED+1","sneckomod:CheapStock"],"picked":"sneckomod:SoulRoll","floor":21.0},{"not_picked":["sneckomod:QuickMove","sneckomod:UnknownX"],"picked":"sneckomod:UnknownClassINFINITE_BLACK","floor":22.0},{"not_picked":["sneckomod:TrashToTreasure","sneckomod:Unknown1Cost","sneckomod:SnekBeam+1"],"picked":"Singing Bowl","floor":25.0},{"not_picked":["sneckomod:DiceBoulder+1","sneckomod:WideSting"],"picked":"sneckomod:UnknownBoss","floor":26.0},{"not_picked":["sneckomod:UnknownDraw","sneckomod:UnknownUncommonAttack"],"picked":"sneckomod:UnendingSupply","floor":28.0},{"not_picked":["sneckomod:UnknownUncommonPower","sneckomod:UnknownWeak"],"picked":"sneckomod:DiceBlock+1","floor":31.0},{"not_picked":["sneckomod:Unknown0Cost","sneckomod:UnknownX+1"],"picked":"sneckomod:UnknownClassINFINITE_BLACK+1","floor":32.0},{"not_picked":["sneckomod:UnknownBoss","sneckomod:UnknownRareAttack"],"picked":"sneckomod:UnlimitedRolls","floor":33.0},{"not_picked":["sneckomod:UnknownVulnerable+1","sneckomod:UnknownCommonSkill","sneckomod:UnknownClassINFINITE_BLACK"],"picked":"Singing Bowl","floor":36.0},{"not_picked":["sneckomod:SlitherStrike","sneckomod:ImprovisedGuard","sneckomod:QuickMove"],"picked":"Singing Bowl","floor":37.0},{"not_picked":["sneckomod:IronFang+1","sneckomod:UnknownCommonAttack+1"],"picked":"sneckomod:Mudshield","floor":38.0},{"not_picked":["sneckomod:RainOfDice+1","sneckomod:MasterEye+1","sneckomod:UnknownExhaust"],"picked":"Singing Bowl","floor":39.0},{"not_picked":["sneckomod:SoulDraw+1","sneckomod:Unknown1Cost+1","sneckomod:SoulRoll"],"picked":"Singing Bowl","floor":42.0},{"not_picked":["sneckomod:Unknown1Cost","sneckomod:IronFang+1"],"picked":"sneckomod:UnknownCommonSkill+1","floor":43.0},{"not_picked":["sneckomod:UnknownUncommonAttack+1","sneckomod:UnknownWeak+1"],"picked":"sneckomod:ImprovisedGuard+1","floor":44.0},{"not_picked":["sneckomod:RainOfDice+1","sneckomod:ImprovisedGuard"],"picked":"sneckomod:UnknownExhaust+1","floor":45.0},{"not_picked":["sneckomod:UnknownX","sneckomod:UnendingSupply"],"picked":"sneckomod:UnknownBlock+1","floor":46.0},{"not_picked":["sneckomod:SoulCleanse","sneckomod:UnknownX+1","sneckomod:MorePower"],"picked":"Singing Bowl","floor":47.0},{"not_picked":["sneckomod:UnknownCommonSkill","sneckomod:UnknownBlock","sneckomod:RainOfDice+1"],"picked":"Singing Bowl","floor":48},{"not_picked":["sneckomod:UnknownClassINFINITE_BLACK+1","sneckomod:DefensiveFlair","sneckomod:DiceCrush"],"picked":"Singing Bowl","floor":49},{"not_picked":["sneckomod:UnknownRareAttack","sneckomod:Unknown3Cost"],"picked":"sneckomod:UnknownRarePower","floor":50},{"not_picked":["sneckomod:UnknownUncommonAttack","sneckomod:SoulDraw"],"picked":"sneckomod:UnknownDraw","floor":53},{"not_picked":["sneckomod:UnknownBlock","sneckomod:QuickBite","sneckomod:Nope"],"picked":"Singing Bowl","floor":54},{"not_picked":["sneckomod:UnknownCommonSkill","sneckomod:IronFang","sneckomod:Nope"],"picked":"Singing Bowl","floor":56},{"not_picked":["sneckomod:MorePower","sneckomod:UnendingSupply","sneckomod:TrashToTreasure"],"picked":"Singing Bowl","floor":57},{"not_picked":["sneckomod:UnknownCommonSkill","sneckomod:DiceCrush"],"picked":"sneckomod:UnknownCommonAttack","floor":62},{"not_picked":["sneckomod:UnknownCommonSkill","sneckomod:UnknownCommonAttack"],"picked":"sneckomod:MasterEye","floor":63},{"not_picked":["sneckomod:Unknown0Cost","sneckomod:IronFang","sneckomod:DiceCrush"],"picked":"Singing Bowl","floor":64},{"not_picked":["sneckomod:IronFang","sneckomod:DefensiveFlair","sneckomod:WideSting"],"picked":"Singing Bowl","floor":65},{"not_picked":["sneckomod:SnakeSap","sneckomod:QuickMove"],"picked":"sneckomod:SoulRoll","floor":66},{"not_picked":["infinitespire:TheBestDefense","infinitespire:Oblivion"],"picked":"infinitespire:NeuralNetwork","floor":67},{"not_picked":["sneckomod:UnknownRareAttack","sneckomod:UnknownRarePower"],"picked":"sneckomod:SerpentMind","floor":67},{"not_picked":["sneckomod:QuickMove+1"],"picked":"Singing Bowl","floor":70},{"not_picked":["sneckomod:DiceCrush"],"picked":"Singing Bowl","floor":71},{"not_picked":["sneckomod:Nope"],"picked":"Singing Bowl","floor":75},{"not_picked":["sneckomod:QuickMove+1"],"picked":"Singing Bowl","floor":76},{"not_picked":["sneckomod:SnekBeam"],"picked":"Singing Bowl","floor":77},{"not_picked":["infinitespire:Oblivion","infinitespire:TheBestDefense"],"picked":"infinitespire:FutureSight","floor":78},{"not_picked":["sneckomod:UnknownWeak"],"picked":"Singing Bowl","floor":79},{"not_picked":["sneckomod:SoulRoll"],"picked":"Singing Bowl","floor":82},{"not_picked":["sneckomod:SoulDraw+1"],"picked":"Singing Bowl","floor":83},{"not_picked":[],"picked":"sneckomod:SoulExchange","floor":84},{"not_picked":[],"picked":"sneckomod:UnknownDraw+1","floor":87},{"not_picked":["sneckomod:QuickBite"],"picked":"Singing Bowl","floor":90},{"not_picked":["sneckomod:SoulCleanse"],"picked":"Singing Bowl","floor":91},{"not_picked":[],"picked":"sneckomod:Unknown2Cost+1","floor":92},{"not_picked":["sneckomod:UnendingSupply+1"],"picked":"Singing Bowl","floor":93},{"not_picked":["sneckomod:Unknown2Cost"],"picked":"Singing Bowl","floor":95},{"not_picked":["sneckomod:RainOfDice+1"],"picked":"Singing Bowl","floor":97},{"not_picked":[],"picked":"sneckomod:UnknownDraw+1","floor":99},{"not_picked":["sneckomod:UnknownDraw+1"],"picked":"Singing Bowl","floor":100},{"not_picked":["sneckomod:SoulExchange"],"picked":"Singing Bowl","floor":101},{"not_picked":["sneckomod:DiceBlock"],"picked":"Singing Bowl","floor":104},{"not_picked":["sneckomod:Unknown1Cost"],"picked":"Singing Bowl","floor":106},{"not_picked":["sneckomod:DefensiveFlair"],"picked":"Singing Bowl","floor":107},{"not_picked":["sneckomod:UnknownCommonSkill"],"picked":"Singing Bowl","floor":109},{"not_picked":["sneckomod:UnknownCommonSkill"],"picked":"Singing Bowl","floor":111},{"not_picked":["sneckomod:UnknownWeak"],"picked":"Singing Bowl","floor":112}],"player_experience":711593,"relics_obtained":[{"floor":7.0,"key":"infinitespire:FocusingShard"},{"floor":11.0,"key":"infinitespire:EmpoweringShard"},{"floor":24.0,"key":"Singing Bowl"},{"floor":28.0,"key":"Bottled Tornado"},{"floor":41.0,"key":"Akabeko"},{"floor":44.0,"key":"Bird Faced Urn"},{"floor":44.0,"key":"Vajra"},{"floor":45.0,"key":"infinitespire:Joker Card"},{"floor":47.0,"key":"Mango"},{"floor":47.0,"key":"Smiling Mask"},{"floor":87,"key":"CaptainsWheel"}],"event_choices":[{"cards_removed":["sneckomod:Defend"],"damage_healed":0.0,"max_hp_gain":0.0,"max_hp_loss":0.0,"gold_gain":0.0,"event_name":"Bonfire Elementals","player_choice":"Offered Basic","floor":9.0,"gold_loss":0.0,"damage_taken":0.0},{"cards_removed":["sneckomod:QuickBite"],"damage_healed":0.0,"max_hp_gain":0.0,"max_hp_loss":0.0,"gold_gain":0.0,"event_name":"Falling","player_choice":"Removed Attack","floor":40.0,"gold_loss":0.0,"damage_taken":0.0},{"damage_healed":0.0,"max_hp_gain":0.0,"max_hp_loss":0.0,"gold_gain":0.0,"event_name":"Mysterious Sphere","player_choice":"Fight","floor":45.0,"gold_loss":0.0,"damage_taken":0.0},{"damage_healed":0,"gold_gain":0,"player_choice":"Fight","damage_taken":0,"max_hp_gain":0,"max_hp_loss":0,"event_name":"Mysterious Sphere","floor":87,"gold_loss":0}],"is_beta":false,"boss_relics":[{"not_picked":["Calling Bell","Velvet Choker"],"picked":"Runic Pyramid"},{"not_picked":["sneckomod:SneckoBoss","Snecko Eye"],"picked":"Black Star"},{"not_picked":["Coffee Dripper","SacredBark"],"picked":"sneckomod:SuperSneckoSoul"},{"not_picked":["Tiny House","Pandora\u0027s Box"],"picked":"Busted Crown"},{"not_picked":["Sozu","Velvet Choker"],"picked":"SlaversCollar"},{"not_picked":["bronze:MakeshiftBattery","SacredBark"],"picked":"Empty Cage"}],"items_purged_floors":[5,23,38,60,81,88,105,110,113],"is_endless":true,"potions_floor_spawned":[3,8,12,14,16,22,25,28,31,37,39,44,45,46,49,54,56,63,65,67,70,76,77,84,87,91,92,97,100,104,109,112],"killed_by":"Exordium Wildlife","ascension_level":0}}