{"host":"skr63qsdfgeey3it","time":1611038540,"event":{"mods":["BaseMod","Colored Map","Hubris","Minty Spire (QoL Compilation)","Replay The Spire","Spicy Shops","StSLib"],"gold_per_floor":[116,81,150,180,210,210,263,297,374,374,411,437,437],"floor_reached":12,"language":"ENG","playtime":300,"items_purged":[],"score":132,"play_id":"d277fed5-b9fc-4cd5-a82b-50bcb7d7d56a","local_time":"20210119004220","is_ascension_mode":true,"campfire_choices":[{"data":"Replay:Many Hands","floor":6,"key":"SMITH"},{"floor":10,"key":"REST"}],"circlet_count":0,"master_deck":["AscendersBane","Strike_R","Strike_R","Strike_R","Strike_R","Strike_R","Defend_R","Defend_R","Defend_R","Defend_R","Bash","Amnesia","Replay:Many Hands+1","Perfected Strike","Replay:Undeath\u0027s Touch","Battle Trance"],"relics":["Burning Blood","Replay:Bandana","Omamori","Bottled Lightning"],"acts_visited":["Exordium"],"potions_floor_usage":[7,11,12],"damage_taken":[{"damage":14,"enemies":"2 Louse","floor":1,"turns":3},{"damage":0,"enemies":"Small Slimes","floor":4,"turns":3},{"damage":11,"enemies":"Cultist","floor":5,"turns":4},{"damage":35,"enemies":"3 Sentries","floor":7,"turns":7},{"damage":16,"enemies":"Exordium Wildlife","floor":8,"turns":5},{"damage":12,"enemies":"Large Slime","floor":11,"turns":6},{"damage":29,"enemies":"Gremlin Nob","floor":12,"turns":3}],"seed_played":"-7181807059956507452","potions_obtained":[{"floor":1,"key":"Strength Potion"},{"floor":3,"key":"Fire Potion"},{"floor":7,"key":"Swift Potion"}],"is_trial":false,"path_per_floor":["M","?","?","M","M","R","E","M","T","R","M","E"],"character_chosen":"IRONCLAD","items_purchased":[],"campfire_rested":1,"item_purchase_floors":[],"current_hp_per_floor":[64,80,48,54,49,49,20,10,10,34,28,0,0],"gold":437,"neow_bonus":"THREE_RARE_CARDS","is_daily":false,"chose_seed":false,"campfire_upgraded":1,"win_rate":0.0,"timestamp":1611038540,"path_taken":["M","?","?","M","M","R","E","?","T","R","M","E"],"items_purchased_type":[],"build_version":"2020-12-22","purchased_purges":0,"victory":false,"max_hp_per_floor":[80,80,80,80,80,80,80,80,80,80,80,80,80],"card_choices":[{"not_picked":["Exhume","Barricade"],"picked":"Replay:Many Hands","floor":0},{"not_picked":["Dual Wield","Twin Strike","Heavy Blade"],"picked":"SKIP","floor":1},{"not_picked":["Dark Embrace","True Grit"],"picked":"Perfected Strike","floor":3},{"not_picked":["Anger","Combust","Run Through"],"picked":"SKIP","floor":4},{"not_picked":["Twin Strike","Warcry"],"picked":"Replay:Undeath\u0027s Touch","floor":5},{"not_picked":["Massacre","Barricade","Shrug It Off"],"picked":"SKIP","floor":7},{"not_picked":["Flame Barrier","Reckless Charge","Cleave"],"picked":"SKIP","floor":8},{"not_picked":["Body Slam","Clothesline"],"picked":"Battle Trance","floor":11}],"player_experience":751583,"relics_obtained":[{"floor":3,"key":"Replay:Bandana"},{"floor":7,"key":"Omamori"},{"floor":9,"key":"Bottled Lightning"}],"event_choices":[{"damage_healed":20,"gold_gain":0,"player_choice":"Healed","damage_taken":0,"max_hp_gain":0,"max_hp_loss":0,"event_name":"The Cleric","floor":2,"gold_loss":35}],"is_beta":false,"boss_relics":[],"items_purged_floors":[],"is_endless":false,"potions_floor_spawned":[1,7],"killed_by":"Gremlin Nob","ascension_level":13}}