{"host":"Qube","time":1611022699,"event":{"mods":["AchievementEnabler","BaseMod","Colored Map","Colored Powertips","Highlight Path","Minty Spire (QoL Compilation)","Permanent Neow","Quick Restart","Random Character Button","StSLib"],"gold_per_floor":[117,132,147,164,164,164,199,261,315,315,339,339,339],"floor_reached":12,"language":"ENG","playtime":605,"items_purged":[],"score":160,"play_id":"d4d2cc6b-f2c8-49da-b66f-f4333ee7bff5","local_time":"20210118181819","is_ascension_mode":true,"campfire_choices":[{"data":"Poisoned Stab","floor":6,"key":"SMITH"}],"circlet_count":0,"master_deck":["AscendersBane","Strike_G","Strike_G","Strike_G","Strike_G","Strike_G","Defend_G","Defend_G+1","Defend_G","Defend_G+1","Defend_G","Survivor","Neutralize","Poisoned Stab+1","Slice","Bane","Leg Sweep+1","Cloak And Dagger","Injury","Corpse Explosion"],"relics":["Runic Pyramid","Sundial","War Paint","Orichalcum","Golden Idol"],"acts_visited":["Exordium"],"potions_floor_usage":[4],"damage_taken":[{"damage":3,"enemies":"Cultist","floor":1,"turns":4},{"damage":1,"enemies":"2 Louse","floor":2,"turns":4},{"damage":2,"enemies":"Jaw Worm","floor":3,"turns":4},{"damage":5,"enemies":"Lots of Slimes","floor":4,"turns":6},{"damage":10,"enemies":"Lagavulin","floor":7,"turns":8},{"damage":20,"enemies":"3 Sentries","floor":8,"turns":12},{"damage":9,"enemies":"3 Louse","floor":11,"turns":4},{"damage":0,"enemies":"3 Sentries","floor":12,"turns":1}],"seed_played":"-6508586426726276326","potions_obtained":[{"floor":2,"key":"Ancient Potion"},{"floor":3,"key":"EssenceOfSteel"},{"floor":8,"key":"EntropicBrew"},{"floor":11,"key":"LiquidMemories"}],"is_trial":false,"path_per_floor":["M","M","M","M","?","R","E","?","T","?","M","E"],"character_chosen":"THE_SILENT","items_purchased":[],"campfire_rested":0,"item_purchase_floors":[],"current_hp_per_floor":[56,55,53,48,48,48,38,18,18,18,9,9,9],"gold":339,"neow_bonus":"BOSS_RELIC","is_daily":false,"chose_seed":false,"campfire_upgraded":1,"win_rate":0.0,"timestamp":1611022699,"path_taken":["M","M","M","?","?","R","E","?","T","?","M","E"],"items_purchased_type":[],"build_version":"2020-12-18","purchased_purges":0,"victory":false,"max_hp_per_floor":[66,66,66,66,66,66,66,66,66,66,66,66,66],"card_choices":[{"not_picked":["Bane","Footwork"],"picked":"Poisoned Stab","floor":1},{"not_picked":["Crippling Poison","Quick Slash"],"picked":"Slice","floor":2},{"not_picked":["Sucker Punch","Accuracy"],"picked":"Bane","floor":3},{"not_picked":["Skewer","Slice"],"picked":"Leg Sweep","floor":4},{"not_picked":["Leg Sweep","Heel Hook"],"picked":"Cloak And Dagger","floor":7},{"not_picked":["Distraction","Deadly Poison"],"picked":"Corpse Explosion","floor":11}],"player_experience":936211,"relics_obtained":[{"floor":7,"key":"Sundial"},{"floor":9,"key":"Orichalcum"}],"event_choices":[{"damage_healed":0,"gold_gain":0,"player_choice":"Grow","damage_taken":0,"max_hp_gain":0,"max_hp_loss":0,"event_name":"Living Wall","floor":5,"gold_loss":0,"cards_upgraded":["Leg Sweep"]},{"damage_healed":0,"gold_gain":30,"player_choice":"Searched \u00273\u0027 times","damage_taken":0,"relics_obtained":["War Paint"],"max_hp_gain":0,"max_hp_loss":0,"event_name":"Dead Adventurer","floor":8,"gold_loss":0},{"damage_healed":0,"gold_gain":0,"player_choice":"Take Wound","damage_taken":0,"relics_obtained":["Golden Idol"],"max_hp_gain":0,"max_hp_loss":0,"event_name":"Golden Idol","floor":10,"gold_loss":0,"cards_obtained":["Injury"]}],"is_beta":true,"boss_relics":[],"items_purged_floors":[],"is_endless":false,"potions_floor_spawned":[2,3,8,11],"killed_by":"3 Sentries","ascension_level":20}}