{"host":"3a6zts0hl88brd09","time":1611064804,"event":{"mods":["BaseMod","Bestiary","Colored Map","Curses Come First","Downfall","Minty Spire (QoL Compilation)","StSLib"],"gold_per_floor":[99,118,6,65,165,176,249,274,174,189,189,74,90,90,100,199,199,99,115,126,126,143,158,158,176,176,176,44,55,81,100,116,116,116,116],"floor_reached":33,"language":"ENG","playtime":3045,"items_purged":["hexamod:Defend","hexamod:Defend","downfall:Bewildered"],"score":303,"play_id":"a2a95beb-f605-4dce-89cf-b6a59d25561f","local_time":"20210119140004","is_ascension_mode":false,"campfire_choices":[{"floor":1,"key":"RECALL"},{"floor":9,"key":"REST"},{"data":"hexamod:FastForward","floor":18,"key":"SMITH"},{"floor":27,"key":"REST"}],"circlet_count":0,"master_deck":["hexamod:Strike+1","hexamod:Strike","hexamod:Strike+1","hexamod:Defend","hexamod:Defend+1","hexamod:Sear+1","hexamod:Float+1","hexamod:InspiringFlames+1","hexamod:FirstSeal","hexamod:HauntingEcho+1","hexamod:BurningTouch+1","hexamod:Hexaguard","hexamod:FastForward","hexamod:FastForward+1","hexamod:EmpoweredFlame+1","hexamod:SixthSeal","hexamod:FifthSeal","CurseOfTheBell","hexamod:FourthSeal","hexamod:RecurringNightmare+1","hexamod:FirstSeal","hexamod:ExtraCrispy+1","hexamod:SecondSeal","hexamod:ThermalTransfer","hexamod:FirstSeal","hexamod:Hexaguard+1","hexamod:TimeOfNeed","hexamod:FirstSeal","hexamod:GhostOfSpireFuture","hexamod:FirstSeal","hexamod:TimeWarp"],"relics":["hexamod:SpiritBrand","Eternal Feather","downfall:GremlinWheel","Question Card","downfall:HeartBlessingRed","Calling Bell","hexamod:MatchstickCase","Letter Opener","Lizard Tail","downfall:HeartBlessingBlue","Girya","sneckomod:BabySnecko"],"acts_visited":["Exordium","TheCity"],"potions_floor_usage":[16,16,22,23,25,30,31,32,33],"damage_taken":[{"damage":1,"enemies":"Jaw Worm","floor":2,"turns":4},{"damage":0,"enemies":"downfall:FleeingMerchant","floor":3,"turns":4},{"damage":30,"enemies":"3 Sentries","floor":4,"turns":9},{"damage":34,"enemies":"3 Sentries","floor":5,"turns":4},{"damage":1,"enemies":"Small Slimes","floor":6,"turns":3},{"damage":5,"enemies":"Gremlin Nob","floor":8,"turns":3},{"damage":1,"enemies":"Cultist","floor":10,"turns":4},{"damage":5,"enemies":"downfall:FleeingMerchant","floor":12,"turns":4},{"damage":17,"enemies":"Exordium Thugs","floor":13,"turns":5},{"damage":2,"enemies":"Blue Slaver","floor":15,"turns":4},{"damage":44,"enemies":"WA_ARCHETYPE_RETAIN","floor":16,"turns":9},{"damage":32,"enemies":"Shell Parasite","floor":19,"turns":7},{"damage":26,"enemies":"Spheric Guardian","floor":20,"turns":7},{"damage":10,"enemies":"Shelled Parasite and Fungi","floor":22,"turns":6},{"damage":52,"enemies":"Snecko","floor":23,"turns":7},{"damage":19,"enemies":"Snake Plant","floor":25,"turns":3},{"damage":10,"enemies":"downfall:FleeingMerchant","floor":28,"turns":4},{"damage":35,"enemies":"Shelled Parasite and Fungi","floor":29,"turns":6},{"damage":18,"enemies":"Centurion and Healer","floor":30,"turns":10},{"damage":32,"enemies":"Cultist and Chosen","floor":31,"turns":8},{"damage":21,"enemies":"Snecko","floor":32,"turns":6},{"damage":82,"enemies":"SI_MIRROR_ARCHETYPE","floor":33,"turns":8}],"seed_played":"-5584098178476717300","potions_obtained":[{"floor":5,"key":"SpeedPotion"},{"floor":6,"key":"ColorlessPotion"},{"floor":10,"key":"Fire Potion"},{"floor":15,"key":"EssenceOfSteel"},{"floor":20,"key":"SmokeBomb"},{"floor":20,"key":"Energy Potion"},{"floor":22,"key":"bronze:BurnAndBuffPotion"},{"floor":23,"key":"hexamod:EctoCoolerPotion"},{"floor":23,"key":"AttackPotion"},{"floor":29,"key":"DuplicationPotion"},{"floor":29,"key":"Fire Potion"},{"floor":30,"key":"Slimebound:ThreeZeroPotion"},{"floor":31,"key":"EssenceOfSteel"},{"floor":31,"key":"FearPotion"},{"floor":32,"key":"Regen Potion"}],"is_trial":false,"path_per_floor":["R","M","$","?","?","M","T","E","R","M","T","$","M","?","M","B",null,"R","M","M","?","M","M","T","M","?","R","$","M","M","M","M","B"],"character_chosen":"THE_SPIRIT","items_purchased":["hexamod:HauntingEcho"],"campfire_rested":2,"item_purchase_floors":[3],"current_hp_per_floor":[77,76,76,46,19,25,25,27,59,65,65,67,57,57,62,25,77,87,62,43,35,32,44,44,39,39,80,84,70,73,62,62,0,0,0],"gold":116,"neow_bonus":"TEN_PERCENT_HP_BONUS","is_daily":false,"chose_seed":false,"campfire_upgraded":1,"win_rate":0.0,"timestamp":1611064804,"path_taken":["R","M","$","?","?","M","T","E","R","?","?","$","M","?","M","BOSS","R","M","M","?","?","M","T","M","?","R","$","M","M","M","M","BOSS"],"items_purchased_type":["Card"],"build_version":"2020-12-22","purchased_purges":3,"victory":false,"max_hp_per_floor":[77,77,77,77,77,77,77,77,77,77,77,77,77,77,77,77,77,87,87,87,87,87,87,87,87,87,87,87,87,87,87,87,87,87,87],"card_choices":[{"not_picked":["hexamod:SpectersWail","hexamod:GhostflameBarrier"],"picked":"hexamod:InspiringFlames","floor":2},{"not_picked":["hexamod:StepThrough","hexamod:Incineration"],"picked":"hexamod:FirstSeal","floor":3},{"not_picked":["hexamod:RainOfEmbers","hexamod:ThermalTransfer"],"picked":"hexamod:BurningTouch","floor":4},{"not_picked":["hexamod:BacktrackSmack","hexamod:RainOfEmbers"],"picked":"hexamod:Hexaguard","floor":6},{"not_picked":["hexamod:SpectralAdrenaline","hexamod:Rewind"],"picked":"hexamod:FastForward","floor":8},{"not_picked":["hexamod:HauntingEcho","hexamod:BurningTouch","hexamod:SpectersWail","hexamod:ShieldOfDarkness"],"picked":"SKIP","floor":10},{"not_picked":["hexamod:BacktrackSmack","hexamod:SearingWound","hexamod:FirstSeal"],"picked":"hexamod:FastForward","floor":12},{"not_picked":["hexamod:SpectralAdrenaline","hexamod:BurningTouch","hexamod:FirstSeal"],"picked":"hexamod:EmpoweredFlame+1","floor":13},{"not_picked":["hexamod:GhostOfSpirePast","hexamod:HauntingEcho","hexamod:ThirdSeal","hexamod:NightmareStrike"],"picked":"SKIP","floor":15},{"not_picked":["hexamod:GhostOfSpirePresent","hexamod:GhostflameInferno","hexamod:SixthSeal"],"picked":"hexamod:FifthSeal","floor":16},{"not_picked":["hexamod:SixthSeal","hexamod:ThirdSeal","hexamod:SecondSeal"],"picked":"hexamod:FourthSeal","floor":19},{"not_picked":["hexamod:Hexaguard","hexamod:ThermalTransfer","hexamod:ShieldOfDarkness"],"picked":"hexamod:RecurringNightmare","floor":19},{"not_picked":["hexamod:AdvancingGuard+1","hexamod:ThermalTransfer","hexamod:InspiringFlames","hexamod:BacktrackSmack+1"],"picked":"SKIP","floor":20},{"not_picked":["hexamod:FourthSeal","hexamod:ThirdSeal","hexamod:SixthSeal"],"picked":"hexamod:FirstSeal","floor":22},{"not_picked":["hexamod:Again","hexamod:GhostShield","hexamod:GhostLash"],"picked":"hexamod:ExtraCrispy","floor":22},{"not_picked":["hexamod:ThirdSeal","hexamod:SixthSeal","hexamod:FirstSeal"],"picked":"hexamod:SecondSeal","floor":23},{"not_picked":["hexamod:GhostOfSpirePast","hexamod:FifthSeal","hexamod:NightmareStrike"],"picked":"hexamod:ThermalTransfer","floor":23},{"not_picked":["hexamod:SpectralAdrenaline","hexamod:GhostShield","hexamod:SoulSteal","hexamod:BacktrackSmack"],"picked":"SKIP","floor":25},{"not_picked":["hexamod:ThirdSeal","hexamod:FourthSeal","hexamod:SecondSeal"],"picked":"hexamod:FirstSeal","floor":28},{"not_picked":["hexamod:ShieldOfDarkness","hexamod:GhostLash","hexamod:FastForward"],"picked":"hexamod:Hexaguard+1","floor":28},{"not_picked":["hexamod:FastForward+1","hexamod:InspiringFlames+1","hexamod:AdvancingGuard"],"picked":"hexamod:TimeOfNeed","floor":29},{"not_picked":["hexamod:ThirdSeal","hexamod:SecondSeal","hexamod:SixthSeal"],"picked":"hexamod:FirstSeal","floor":30},{"not_picked":["hexamod:Hexaguard","hexamod:ShieldOfDarkness","hexamod:RetreatToShadows"],"picked":"hexamod:GhostOfSpireFuture","floor":30},{"not_picked":["hexamod:Incineration","hexamod:ExtraCrispy+1","hexamod:BurningTouch+1","hexamod:ThermalTransfer+1"],"picked":"SKIP","floor":31},{"not_picked":["hexamod:FourthSeal","hexamod:ThirdSeal","hexamod:SecondSeal"],"picked":"hexamod:FirstSeal","floor":32},{"not_picked":["hexamod:ChargedBarrage","hexamod:SpectralAdrenaline","hexamod:GhostShield"],"picked":"hexamod:TimeWarp","floor":32}],"player_experience":426091,"relics_obtained":[{"floor":4,"key":"Eternal Feather"},{"floor":5,"key":"downfall:GremlinWheel"},{"floor":7,"key":"Frozen Egg 2"},{"floor":8,"key":"Question Card"},{"floor":17,"key":"hexamod:MatchstickCase"},{"floor":17,"key":"Letter Opener"},{"floor":17,"key":"Lizard Tail"},{"floor":24,"key":"Girya"}],"event_choices":[],"is_beta":false,"boss_relics":[{"not_picked":["SlaversCollar","hexamod:IceCube"],"picked":"Calling Bell"}],"items_purged_floors":[3,12,28],"is_endless":false,"potions_floor_spawned":[5,6,10,15,20,23,29,31,32],"killed_by":"SI_MIRROR_ARCHETYPE","ascension_level":0}}