{"host":"3yynf0dn84873kbr","time":1611063387,"event":{"mods":["100% Spire Juice","Act Like it!","BaseMod","CapriCore","Marisa£®ÏF”Í°°ƒß¿Ì…≥£©","Minty Spire (QoL Compilation)","Pale of the Ancients","StSLib","[IsaacMod]“‘»ˆº‚À˛"],"gold_per_floor":[117,117,135,205,182,217,73,73,73,89,121,135,145,145,145,243,243,258,358,457,153,172,172,187,199,224,224,224,236,236,271,271,376,376,391,442,442,208,208,208,282,282,282],"floor_reached":42,"language":"ZHS","playtime":2394,"items_purged":[],"score":547,"play_id":"634e7d9e-b188-4bec-be49-d95bf2794fca","local_time":"20210119213627","is_ascension_mode":true,"campfire_choices":[{"data":"UpSweep","floor":8,"key":"SMITH"},{"data":"MagicChant","floor":15,"key":"SMITH"},{"data":"MillisecondPulsars","floor":23,"key":"SMITH"},{"data":"EarthLightRay","floor":27,"key":"SMITH"},{"data":"GrandCross","floor":30,"key":"SMITH"},{"data":"AlicesGift","floor":32,"key":"SMITH"},{"data":"StarDustReverie","floor":40,"key":"SMITH"}],"circlet_count":0,"master_deck":["Strike_MRS","Strike_MRS","Strike_MRS","Defend_MRS","Defend_MRS","Defend_MRS","Defend_MRS","MasterSpark","UpSweep+1","DoctorFetus","TreasureHunter","GalacticHalo","EarthLightRay+1","GrandCross+1","ShootTheMoon","DeepEcoloBomb","MagicChant+1","MilkyWay","Orbital","MillisecondPulsars+1","LuminesStrike+1","EnergyRecoil+1","Acceleration+1","Ghostly","Ghostly","Ghostly","Ghostly","Ghostly","EarthLightRay","AlicesGift+1","StarDustReverie+1","LuminesStrike+1","MagicChant+1"],"relics":["MiniHakkero","HushsDoor","Chaos","Pen Nib","Habit","Blood Vial","SacredBark","Darkstone Periapt","JudasShadow","BlankCard","GnawedLeaf","D6","GuppysHead","BFFS","Orichalcum","SteamSale","TheBean","Black Star"],"acts_visited":["Exordium","TheCity","TheBeyond"],"potions_floor_usage":[16,25,36],"damage_taken":[{"damage":9,"enemies":"Cultist","floor":1,"turns":4},{"damage":0,"enemies":"Jaw Worm","floor":3,"turns":3},{"damage":19,"enemies":"Lagavulin","floor":6,"turns":7},{"damage":0,"enemies":"2 Louse","floor":10,"turns":2},{"damage":12,"enemies":"Gremlin Nob","floor":11,"turns":4},{"damage":6,"enemies":"Blue Slaver","floor":12,"turns":3},{"damage":18,"enemies":"Exordium Wildlife","floor":13,"turns":6},{"damage":71,"enemies":"The Guardian","floor":16,"turns":13},{"damage":37,"enemies":"2 Thieves","floor":18,"turns":5},{"damage":27,"enemies":"Chosen","floor":22,"turns":6},{"damage":16,"enemies":"Centurion and Healer","floor":24,"turns":6},{"damage":34,"enemies":"Cultist and Chosen","floor":25,"turns":6},{"damage":0,"enemies":"Snake Plant","floor":29,"turns":2},{"damage":0,"enemies":"Book of Stabbing","floor":31,"turns":3},{"damage":0,"enemies":"Automaton","floor":33,"turns":6},{"damage":0,"enemies":"Orb Walker","floor":35,"turns":3},{"damage":0,"enemies":"2 Orb Walkers","floor":36,"turns":1},{"damage":5,"enemies":"3 Shapes","floor":42,"turns":3}],"seed_played":"-5109593217893164676","potions_obtained":[{"floor":6,"key":"Swift Potion"},{"floor":10,"key":"FairyPotion"},{"floor":16,"key":"SkillPotion"},{"floor":24,"key":"Explosive Potion"},{"floor":29,"key":"LiquidMemories"},{"floor":31,"key":"ColorlessPotion"},{"floor":35,"key":"Fire Potion"}],"is_trial":false,"path_per_floor":["M","T","M","?","$","E","$","R","T","M","E","M","M","$","R","B",null,"M","?","?","$","M","R","M","M","T","R","?","M","R","E","R","B",null,"M","?","T","$","?","R","T","M"],"character_chosen":"MARISA","items_purchased":["GrandCross","Blood Vial","BlankCard","SteamSale","TheBean"],"campfire_rested":0,"item_purchase_floors":[5,7,21,38,38],"current_hp_per_floor":[66,66,66,66,66,51,51,51,51,57,51,51,39,39,39,23,75,42,42,42,42,21,21,11,1,1,1,1,1,1,1,1,1,1,1,1,1,1,1,1,1,0,0],"gold":282,"neow_bonus":"ONE_RANDOM_RARE_CARD","is_daily":false,"chose_seed":false,"campfire_upgraded":7,"win_rate":0.0,"timestamp":1611063387,"path_taken":["M","?","M","?","$","E","$","R","T","?","E","M","M","$","R","BOSS","M","?","?","$","M","R","M","M","T","R","?","M","R","E","R","BOSS","M","?","?","$","?","R","?","M"],"items_purchased_type":["Card","Relic","Relic","Relic","Relic"],"build_version":"2020-12-22","purchased_purges":0,"victory":false,"max_hp_per_floor":[75,75,75,75,75,75,75,75,75,75,75,75,75,75,75,75,75,75,75,75,75,75,75,75,1,1,1,1,1,1,1,1,1,1,1,1,1,1,1,1,1,1,1],"card_choices":[{"not_picked":[],"picked":"DoctorFetus","floor":0},{"not_picked":["6A","GravityBeat"],"picked":"GalacticHalo","floor":1},{"not_picked":["WitchOfGreed","MilkyWay"],"picked":"EarthLightRay","floor":3},{"not_picked":["MachineGunSpark","DarkSpark"],"picked":"ShootTheMoon","floor":6},{"not_picked":["StarlightTyphoon","SporeBomb"],"picked":"DeepEcoloBomb","floor":10},{"not_picked":["Acceleration","DoubleSpark"],"picked":"MagicChant","floor":11},{"not_picked":["SuperPerseids","SatelliteIllusion"],"picked":"MilkyWay","floor":12},{"not_picked":["PowerUp","GasGiant"],"picked":"Orbital","floor":13},{"not_picked":["JA","StarDustReverie"],"picked":"MillisecondPulsars","floor":16},{"not_picked":["RefractionSpark","6A","GalacticHalo"],"picked":"SKIP","floor":18},{"not_picked":["PowerUp+1","ChargingUp+1"],"picked":"LuminesStrike+1","floor":19},{"not_picked":["6A","UnstableBomb","BigCrunch"],"picked":"SKIP","floor":22},{"not_picked":["ShootingEcho+1","MeteoricShower+1"],"picked":"EnergyRecoil+1","floor":24},{"not_picked":["ChargingUp","GravityBeat"],"picked":"Acceleration+1","floor":25},{"not_picked":["LuminesStrike","GalacticHalo+1"],"picked":"EarthLightRay","floor":29},{"not_picked":["UnstableBomb","IllusionStar"],"picked":"AlicesGift","floor":31},{"not_picked":["TreasureHunter","CollectingQuirk"],"picked":"StarDustReverie","floor":33},{"not_picked":["DragonMeteor","GravityBeat+1"],"picked":"LuminesStrike+1","floor":35},{"not_picked":["WitchLeyline","LuminesStrike"],"picked":"MagicChant+1","floor":36}],"player_experience":127552,"relics_obtained":[{"floor":2,"key":"Pen Nib"},{"floor":6,"key":"Habit"},{"floor":9,"key":"SacredBark"},{"floor":11,"key":"Darkstone Periapt"},{"floor":26,"key":"GnawedLeaf"},{"floor":31,"key":"D6"},{"floor":36,"key":"BFFS"},{"floor":37,"key":"Orichalcum"},{"floor":41,"key":"Black Star"}],"event_choices":[{"damage_healed":0,"gold_gain":70,"player_choice":"Gained Gold","damage_taken":0,"max_hp_gain":0,"max_hp_loss":0,"event_name":"Golden Wing","floor":4,"gold_loss":0},{"damage_healed":0,"gold_gain":99,"player_choice":"Stole From Cult","damage_taken":0,"max_hp_gain":0,"max_hp_loss":0,"event_name":"Nest","floor":20,"gold_loss":0},{"damage_healed":0,"gold_gain":0,"player_choice":"Became a Ghost","damage_taken":0,"max_hp_gain":0,"max_hp_loss":0,"event_name":"Ghosts","floor":28,"gold_loss":0,"cards_obtained":["Ghostly","Ghostly","Ghostly","Ghostly","Ghostly"]},{"damage_healed":0,"gold_gain":0,"player_choice":"Fight","damage_taken":0,"max_hp_gain":0,"max_hp_loss":0,"event_name":"Mysterious Sphere","floor":36,"gold_loss":0},{"cards_removed":["Strike_MRS"],"damage_healed":0,"gold_gain":0,"player_choice":"Removed Attack","damage_taken":0,"max_hp_gain":0,"max_hp_loss":0,"event_name":"Falling","floor":39,"gold_loss":0}],"is_beta":false,"boss_relics":[{"not_picked":["Letter Opener","Torii"],"picked":"JudasShadow"},{"not_picked":[]},{"not_picked":["TheBattery","HandDrill"],"picked":"GuppysHead"},{"not_picked":[]}],"items_purged_floors":[],"is_endless":false,"potions_floor_spawned":[6,10,16,24,29,31,33,35],"killed_by":"3 Shapes","ascension_level":1}}