{"host":"yuoancq4cku3x8wq","time":1611074429,"event":{"mods":["AchievementEnabler","BaseMod","Minty Spire (QoL Compilation)","Quick Restart","StSLib","SuperFastMode"],"gold_per_floor":[112,112,112,133,133,164,239,258,327,48,61,102,102,122,122,215,215,228,228,294,379,344,387,387,387],"floor_reached":24,"language":"ZHS","playtime":553,"items_purged":["Strike_G"],"score":498,"play_id":"b56442a7-d52e-405c-ad29-681e529e4f26","local_time":"20210120004029","is_ascension_mode":true,"campfire_choices":[{"floor":13.0,"key":"REST"},{"data":"Blade Dance","floor":15.0,"key":"SMITH"}],"circlet_count":0,"master_deck":["AscendersBane","Strike_G","Strike_G","Strike_G","Strike_G","Defend_G","Defend_G","Defend_G+1","Defend_G","Defend_G","Survivor","Neutralize","Underhanded Strike+1","Blade Dance+1","Accuracy","Infinite Blades","Acrobatics","Backflip","Terror","Phantasmal Killer","Blade Dance+1"],"relics":["Ring of the Snake","NeowsBlessing","Golden Idol","Happy Flower","Dream Catcher","Medical Kit","Ice Cream","HoveringKite","SsserpentHead","Red Mask","Bag of Preparation","Kunai"],"acts_visited":["Exordium","TheCity"],"potions_floor_usage":[],"damage_taken":[{"damage":0.0,"enemies":"Jaw Worm","floor":1.0,"turns":1.0},{"damage":0.0,"enemies":"2 Louse","floor":4.0,"turns":1.0},{"damage":0.0,"enemies":"Gremlin Nob","floor":6.0,"turns":1.0},{"damage":1.0,"enemies":"Small Slimes","floor":8.0,"turns":3.0},{"damage":1.0,"enemies":"3 Louse","floor":11.0,"turns":4.0},{"damage":7.0,"enemies":"Lagavulin","floor":12.0,"turns":6.0},{"damage":1.0,"enemies":"Blue Slaver","floor":14.0,"turns":3.0},{"damage":12.0,"enemies":"The Guardian","floor":16.0,"turns":9.0},{"damage":0.0,"enemies":"Chosen","floor":18.0,"turns":2.0},{"damage":0.0,"enemies":"Spheric Guardian","floor":20.0,"turns":3.0},{"damage":10.0,"enemies":"Masked Bandits","floor":21.0,"turns":3.0},{"damage":37,"enemies":"Slavers","floor":23,"turns":4},{"damage":8,"enemies":"Snake Plant","floor":24,"turns":2}],"seed_played":"1548127299325907940","potions_obtained":[{"floor":6.0,"key":"Fire Potion"},{"floor":8.0,"key":"Fruit Juice"},{"floor":11.0,"key":"Fire Potion"},{"floor":20.0,"key":"SteroidPotion"}],"is_trial":false,"path_per_floor":["M","?","?","M","?","E","?","M","T","$","M","E","R","M","R","B",null,"M","?","M","?","?","E","M"],"character_chosen":"THE_SILENT","items_purchased":["Medical Kit","Infinite Blades"],"campfire_rested":1,"item_purchase_floors":[10,10],"current_hp_per_floor":[59,59,48,48,30,30,19,18,18,18,22,15,34,33,33,21,54,54,54,54,44,44,7,0,0],"gold":387,"neow_bonus":"THREE_ENEMY_KILL","is_daily":false,"chose_seed":false,"campfire_upgraded":1,"win_rate":0.0,"timestamp":1611074429,"path_taken":["M","?","?","M","?","E","?","M","T","$","?","E","R","M","R","BOSS","M","?","?","?","?","E","M"],"items_purchased_type":["Relic","Card"],"build_version":"2020-12-22","purchased_purges":1,"victory":false,"max_hp_per_floor":[66,60,60,60,60,60,60,60,60,60,65,65,65,65,65,65,65,65,65,65,65,65,65,65,65],"card_choices":[{"not_picked":["Cloak And Dagger","Choke","Deadly Poison"],"picked":"SKIP","floor":1.0},{"not_picked":["Cloak And Dagger","Poisoned Stab"],"picked":"Underhanded Strike","floor":4.0},{"not_picked":["Finisher","Poisoned Stab"],"picked":"Blade Dance","floor":6.0},{"not_picked":["Terror","Backflip"],"picked":"Accuracy","floor":8.0},{"not_picked":["Malaise","Deflect"],"picked":"Acrobatics","floor":11.0},{"not_picked":["Eviscerate","Deflect"],"picked":"Backflip","floor":12.0},{"not_picked":["Cloak And Dagger","Poisoned Stab"],"picked":"Terror","floor":13.0},{"not_picked":["Noxious Fumes","Dodge and Roll","Dagger Spray"],"picked":"SKIP","floor":14.0},{"not_picked":["Corpse Explosion","Venomology"],"picked":"Phantasmal Killer","floor":16.0},{"not_picked":["Poisoned Stab","Caltrops"],"picked":"Blade Dance+1","floor":18.0},{"not_picked":["All Out Attack","Outmaneuver","Catalyst+1"],"picked":"SKIP","floor":20.0},{"not_picked":["Caltrops+1","Masterful Stab","Distraction"],"picked":"SKIP","floor":23}],"player_experience":297589,"relics_obtained":[{"floor":6.0,"key":"Dream Catcher"},{"floor":12.0,"key":"Ice Cream"},{"floor":21.0,"key":"Red Mask"},{"floor":23,"key":"Kunai"}],"event_choices":[{"damage_healed":0.0,"max_hp_gain":0.0,"max_hp_loss":6.0,"gold_gain":0.0,"event_name":"Golden Idol","player_choice":"Lose Max HP","floor":2.0,"gold_loss":0.0,"damage_taken":0.0,"relics_obtained":["Golden Idol"]},{"damage_healed":0.0,"max_hp_gain":0.0,"max_hp_loss":0.0,"gold_gain":0.0,"event_name":"Scrap Ooze","player_choice":"Success","floor":3.0,"gold_loss":0.0,"damage_taken":11.0,"relics_obtained":["Happy Flower"]},{"damage_healed":0.0,"max_hp_gain":0.0,"max_hp_loss":0.0,"gold_gain":0.0,"event_name":"Shining Light","player_choice":"Entered Light","floor":5.0,"gold_loss":0.0,"damage_taken":18.0,"cards_upgraded":["Underhanded Strike","Defend_G"]},{"damage_healed":0.0,"max_hp_gain":0.0,"max_hp_loss":0.0,"gold_gain":75.0,"event_name":"World of Goop","player_choice":"Gather Gold","floor":7.0,"gold_loss":0.0,"damage_taken":11.0},{"damage_healed":0.0,"max_hp_gain":0.0,"max_hp_loss":0.0,"gold_gain":0.0,"event_name":"FaceTrader","player_choice":"Trade","floor":19.0,"gold_loss":0.0,"damage_taken":0.0,"relics_obtained":["SsserpentHead"]},{"damage_healed":0.0,"max_hp_gain":0.0,"max_hp_loss":0.0,"gold_gain":0.0,"event_name":"Masked Bandits","player_choice":"Fought Bandits","floor":21.0,"gold_loss":0.0,"damage_taken":0.0},{"damage_healed":0.0,"max_hp_gain":0.0,"max_hp_loss":0.0,"gold_gain":0.0,"event_name":"Addict","player_choice":"Obtained Relic","floor":22.0,"gold_loss":85.0,"damage_taken":0.0,"relics_obtained":["Bag of Preparation"]}],"is_beta":false,"boss_relics":[{"not_picked":["Ectoplasm","Sozu"],"picked":"HoveringKite"}],"items_purged_floors":[10],"is_endless":false,"potions_floor_spawned":[6,8,11,14,20],"killed_by":"Snake Plant","ascension_level":20}}