{"host":"oigynbtg272c19pw","time":1611078905,"event":{"mods":["BaseMod","Colored Map","Minty Spire (QoL Compilation)","Relic Stats","Slay the Relics Exporter","StSLib"],"gold_per_floor":[110,35,35,35,58,91,112,135,160,160,179,16,34,67,67,158,158,181,230,18,18,69,69,118,118,118],"floor_reached":25,"playtime":1099,"items_purged":[],"score":530,"play_id":"3f1ee69c-2f22-426e-8b3d-ce2eb0888ec6","local_time":"20210119185505","is_ascension_mode":true,"campfire_choices":[{"data":"Meditate","floor":10.0,"key":"SMITH"},{"data":"Wish","floor":15,"key":"SMITH"},{"floor":23,"key":"REST"}],"circlet_count":0,"master_deck":["AscendersBane","Eruption","Vigilance","FearNoEvil+1","Meditate+1","Conclude","ThirdEye","Consecrate","FearNoEvil","EmptyBody","Wish+1","DeusExMachina","LikeWater","Collect","Protect","BowlingBash","Study","Vengeance","EmptyMind","WaveOfTheHand","EmptyFist","Evaluate+1","Wallop"],"relics":["PureWater","NeowsBlessing","Golden Idol","Happy Flower","Oddly Smooth Stone","Bag of Preparation","Smiling Mask","Pandora\u0027s Box","Medical Kit"],"acts_visited":["Exordium","TheCity"],"potions_floor_usage":[14,19,25,25],"damage_taken":[{"damage":0.0,"enemies":"Jaw Worm","floor":1.0,"turns":1.0},{"damage":0.0,"enemies":"Small Slimes","floor":5.0,"turns":2.0},{"damage":0.0,"enemies":"Lagavulin","floor":6.0,"turns":1.0},{"damage":0.0,"enemies":"Cultist","floor":7.0,"turns":2.0},{"damage":1.0,"enemies":"Exordium Thugs","floor":8.0,"turns":4.0},{"damage":0.0,"enemies":"2 Fungi Beasts","floor":11.0,"turns":1.0},{"damage":0.0,"enemies":"Blue Slaver","floor":13.0,"turns":4.0},{"damage":0,"enemies":"Gremlin Nob","floor":14,"turns":2},{"damage":28,"enemies":"The Guardian","floor":16,"turns":13},{"damage":17,"enemies":"Chosen","floor":18,"turns":4},{"damage":4,"enemies":"Shell Parasite","floor":19,"turns":5},{"damage":10,"enemies":"Centurion and Healer","floor":22,"turns":6},{"damage":0,"enemies":"Snake Plant","floor":24,"turns":6},{"damage":37,"enemies":"Book of Stabbing","floor":25,"turns":7}],"seed_played":"-4498562014891056998","potions_obtained":[{"floor":1.0,"key":"BlessingOfTheForge"},{"floor":6.0,"key":"Energy Potion"},{"floor":7.0,"key":"DuplicationPotion"},{"floor":16,"key":"SkillPotion"},{"floor":22,"key":"BottledMiracle"}],"is_trial":false,"path_per_floor":["M","?","?","?","M","E","M","M","T","R","M","$","M","E","R","B",null,"M","M","$","?","M","R","M","E"],"character_chosen":"WATCHER","items_purchased":["Bag of Preparation","Medical Kit","EmptyFist"],"campfire_rested":1,"item_purchase_floors":[12,20,20],"current_hp_per_floor":[61,61,41,41,41,41,41,40,40,40,40,40,40,40,40,12,50,33,29,29,29,19,37,37,0,0],"gold":118,"neow_bonus":"THREE_ENEMY_KILL","is_daily":false,"chose_seed":false,"campfire_upgraded":2,"win_rate":0.0,"timestamp":1611078905,"path_taken":["M","?","?","?","M","E","M","M","T","R","M","?","M","E","R","BOSS","M","?","$","?","M","R","M","E"],"items_purchased_type":["Relic","Relic","Card"],"build_version":"2020-12-13","purchased_purges":0,"victory":false,"max_hp_per_floor":[68,68,68,62,62,62,62,62,62,62,62,62,62,62,62,62,62,62,62,62,62,62,62,62,62,62],"relic_stats":{"Happy Flower":[18],"counters":[14,58],"Golden Idol":71,"Pandora\u0027s Box":["LikeWater","FollowUp","Collect","Protect","BowlingBash","Study","Vengeance"],"Bag of Preparation":[17],"Smiling Mask":0,"Medical Kit":[1],"obtain_stats":[{"NeowsBlessing":0,"Happy Flower":6,"Golden Idol":4,"Oddly Smooth Stone":9,"Pandora\u0027s Box":17,"Bag of Preparation":12,"PureWater":0,"Smiling Mask":14,"Medical Kit":20},{"NeowsBlessing":0,"Happy Flower":3,"Golden Idol":1,"Oddly Smooth Stone":5,"Pandora\u0027s Box":9,"Bag of Preparation":6,"PureWater":0,"Smiling Mask":8,"Medical Kit":11},{"NeowsBlessing":0,"Happy Flower":4,"Golden Idol":1,"Oddly Smooth Stone":10,"Pandora\u0027s Box":30,"Bag of Preparation":11,"PureWater":0,"Smiling Mask":17,"Medical Kit":39}]},"card_choices":[{"not_picked":["Worship","PathToVictory"],"picked":"FearNoEvil","floor":1.0},{"not_picked":["EmptyBody","FearNoEvil"],"picked":"Meditate","floor":5.0},{"not_picked":["Vengeance","Study"],"picked":"Conclude","floor":6.0},{"not_picked":["BowlingBash","PathToVictory"],"picked":"ThirdEye","floor":7.0},{"not_picked":["Evaluate","Halt"],"picked":"Consecrate","floor":8.0},{"not_picked":["Perseverance","Protect"],"picked":"FearNoEvil","floor":11.0},{"not_picked":["FlyingSleeves","ReachHeaven"],"picked":"EmptyBody","floor":13.0},{"not_picked":["Vengeance","BattleHymn"],"picked":"Wish","floor":14},{"not_picked":["Alpha","Judgement"],"picked":"DeusExMachina","floor":16},{"not_picked":["BowlingBash","Consecrate"],"picked":"EmptyMind","floor":18},{"not_picked":["FollowUp","WindmillStrike"],"picked":"WaveOfTheHand","floor":19},{"not_picked":["ThirdEye","WindmillStrike"],"picked":"Evaluate+1","floor":22},{"not_picked":["Halt+1","Consecrate"],"picked":"Wallop","floor":24}],"player_experience":1440780,"relics_obtained":[{"floor":6.0,"key":"Happy Flower"},{"floor":9.0,"key":"Oddly Smooth Stone"},{"floor":14,"key":"Smiling Mask"}],"event_choices":[{"cards_removed":["Strike_P"],"damage_healed":0.0,"max_hp_gain":0.0,"max_hp_loss":0.0,"gold_gain":0.0,"event_name":"The Cleric","player_choice":"Card Removal","floor":2.0,"gold_loss":75.0,"damage_taken":0.0},{"damage_healed":0.0,"max_hp_gain":0.0,"max_hp_loss":0.0,"gold_gain":0.0,"event_name":"Shining Light","player_choice":"Entered Light","floor":3.0,"gold_loss":0.0,"damage_taken":20.0,"cards_upgraded":["FearNoEvil","Strike_P"]},{"damage_healed":0.0,"max_hp_gain":0.0,"max_hp_loss":6.0,"gold_gain":0.0,"event_name":"Golden Idol","player_choice":"Lose Max HP","floor":4.0,"gold_loss":0.0,"damage_taken":0.0,"relics_obtained":["Golden Idol"]},{"cards_removed":["FollowUp"],"damage_healed":0,"gold_gain":0,"player_choice":"Elegance","damage_taken":0,"max_hp_gain":0,"max_hp_loss":0,"event_name":"Back to Basics","floor":21,"gold_loss":0}],"is_beta":false,"boss_relics":[{"not_picked":["Coffee Dripper","SacredBark"],"picked":"Pandora\u0027s Box"}],"items_purged_floors":[],"is_endless":false,"potions_floor_spawned":[1,6,7,8,16,18,22],"killed_by":"Book of Stabbing","ascension_level":20}}