{"host":"e2ju6k0wppswbhbd","time":1611099285,"event":{"mods":["BaseMod","Minty Spire (QoL Compilation)","Rare Cards Sparkle","StSLib"],"gold_per_floor":[115,128,203,222,232,257,257,289,315,330,330,330,330,350,350,448,448,463,463,463,463],"floor_reached":20,"language":"FRA","playtime":1808,"items_purged":[],"score":234,"play_id":"3528254d-4145-4991-8fe9-ad8481e90b29","local_time":"20210120003445","is_ascension_mode":false,"campfire_choices":[{"floor":7,"key":"RECALL"},{"data":"Vigilance","floor":11,"key":"SMITH"},{"floor":13,"key":"REST"},{"data":"Eruption","floor":15,"key":"SMITH"}],"circlet_count":0,"master_deck":["Strike_P","Strike_P","Strike_P","Strike_P+1","Defend_P","Defend_P","Defend_P","Defend_P","Eruption+1","Vigilance+1","FearNoEvil+1","BowlingBash","FollowUp","ThirdEye","EmptyBody","Conclude","Prostrate+1","Wireheading","Wish","Prostrate"],"relics":["Velvet Choker","Ancient Tea Set","Whetstone","Cursed Key"],"acts_visited":["Exordium","TheCity"],"potions_floor_usage":[6,16,18,18],"damage_taken":[{"damage":0,"enemies":"2 Louse","floor":1,"turns":4},{"damage":0,"enemies":"Cultist","floor":2,"turns":4},{"damage":1,"enemies":"Jaw Worm","floor":4,"turns":3},{"damage":0,"enemies":"Blue Slaver","floor":5,"turns":5},{"damage":9,"enemies":"3 Sentries","floor":6,"turns":7},{"damage":9,"enemies":"Gremlin Nob","floor":8,"turns":4},{"damage":0,"enemies":"2 Fungi Beasts","floor":10,"turns":3},{"damage":3,"enemies":"Exordium Thugs","floor":14,"turns":3},{"damage":0,"enemies":"Slime Boss","floor":16,"turns":8},{"damage":16,"enemies":"2 Thieves","floor":18,"turns":4},{"damage":58,"enemies":"Masked Bandits","floor":20,"turns":4}],"seed_played":"8186643645861541714","potions_obtained":[{"floor":1,"key":"GamblersBrew"},{"floor":2,"key":"SmokeBomb"},{"floor":10,"key":"StancePotion"},{"floor":14,"key":"Weak Potion"},{"floor":16,"key":"Energy Potion"}],"is_trial":false,"path_per_floor":["M","M","?","M","M","E","R","E","T","M","R","?","R","M","R","B",null,"M","?","?"],"character_chosen":"WATCHER","items_purchased":[],"campfire_rested":1,"item_purchase_floors":[],"current_hp_per_floor":[72,72,61,60,60,51,51,42,42,42,42,42,63,60,60,60,72,56,56,0,0],"gold":463,"neow_bonus":"BOSS_RELIC","is_daily":false,"chose_seed":false,"campfire_upgraded":2,"win_rate":0.0,"timestamp":1611099285,"path_taken":["M","M","?","M","M","E","R","E","T","M","R","?","R","M","R","BOSS","M","?","?"],"items_purchased_type":[],"build_version":"2020-12-22","purchased_purges":0,"victory":false,"max_hp_per_floor":[72,72,72,72,72,72,72,72,72,72,72,72,72,72,72,72,72,72,72,72,72],"card_choices":[{"not_picked":["Sanctity","ClearTheMind"],"picked":"FearNoEvil","floor":1},{"not_picked":["SashWhip","Weave"],"picked":"BowlingBash","floor":2},{"not_picked":["SashWhip","FlurryOfBlows"],"picked":"FollowUp","floor":4},{"not_picked":["Consecrate","WreathOfFlame"],"picked":"ThirdEye","floor":5},{"not_picked":["BattleHymn","FollowUp"],"picked":"EmptyBody","floor":6},{"not_picked":["EmptyBody","Consecrate"],"picked":"Conclude","floor":8},{"not_picked":["PathToVictory","DevaForm"],"picked":"Prostrate","floor":10},{"not_picked":["WreathOfFlame","FlyingSleeves"],"picked":"Wireheading","floor":14},{"not_picked":["DevaForm","MasterReality"],"picked":"Wish","floor":16},{"not_picked":["Collect","Evaluate"],"picked":"Prostrate","floor":18}],"player_experience":2741363,"relics_obtained":[{"floor":6,"key":"Ancient Tea Set"},{"floor":8,"key":"Whetstone"}],"event_choices":[{"damage_healed":0,"gold_gain":75,"player_choice":"Gather Gold","damage_taken":11,"max_hp_gain":0,"max_hp_loss":0,"event_name":"World of Goop","floor":3,"gold_loss":0},{"damage_healed":0,"gold_gain":0,"player_choice":"Forge","damage_taken":0,"max_hp_gain":0,"max_hp_loss":0,"event_name":"Accursed Blacksmith","floor":12,"gold_loss":0,"cards_upgraded":["Prostrate"]},{"damage_healed":0,"gold_gain":0,"player_choice":"Ignored","damage_taken":0,"max_hp_gain":0,"max_hp_loss":0,"event_name":"Vampires","floor":19,"gold_loss":0},{"damage_healed":0,"gold_gain":0,"player_choice":"Fought Bandits","damage_taken":0,"max_hp_gain":0,"max_hp_loss":0,"event_name":"Masked Bandits","floor":20,"gold_loss":0}],"is_beta":false,"boss_relics":[{"not_picked":["Runic Dome","Busted Crown"],"picked":"Cursed Key"}],"items_purged_floors":[],"is_endless":false,"potions_floor_spawned":[1,2,10,14,16],"killed_by":"Masked Bandits","ascension_level":0}}