{"host":"w4b7hmige5bnqipq","time":1611048866,"event":{"mods":["2.2 Compatiblity","BaseMod","Colored Map","DeckTracker","Keyboard Shortcuts","Minty Spire (QoL Compilation)","Permanent Neow","Rare Cards Sparkle","SuperFastMode","everything is the same but u backflip on backflip","slay the spire mod where everything is the same but ironclad has a cowboy hat"],"gold_per_floor":[115,128,143,156,206,234,234,252,299,319,319,319,319,319,319,319,319],"floor_reached":16,"language":"KOR","playtime":406,"items_purged":[],"score":204,"play_id":"9c15e0f6-7623-4899-8a9f-78cdc7ab3027","local_time":"20210119183426","is_ascension_mode":true,"campfire_choices":[{"floor":7,"key":"REST"},{"data":"Adrenaline","floor":13,"key":"SMITH"},{"floor":15,"key":"REST"}],"circlet_count":0,"master_deck":["AscendersBane","Strike_G","Strike_G","Strike_G","Strike_G","Defend_G","Defend_G","Defend_G","Defend_G","Survivor","Neutralize","Dagger Throw","All Out Attack","Adrenaline+1","Reflex"],"relics":["Ring of the Snake","Bird Faced Urn","Centennial Puzzle","Golden Idol","Vajra"],"acts_visited":["Exordium"],"potions_floor_usage":[6,10],"damage_taken":[{"damage":2.0,"enemies":"Jaw Worm","floor":1.0,"turns":4.0},{"damage":0.0,"enemies":"Cultist","floor":2.0,"turns":5.0},{"damage":0.0,"enemies":"2 Louse","floor":3.0,"turns":4.0},{"damage":3.0,"enemies":"Looter","floor":4.0,"turns":3.0},{"damage":41,"enemies":"3 Sentries","floor":6,"turns":14},{"damage":1,"enemies":"Blue Slaver","floor":8,"turns":4},{"damage":6,"enemies":"Exordium Thugs","floor":10,"turns":6},{"damage":36,"enemies":"The Guardian","floor":16,"turns":2}],"seed_played":"-7350925967343982358","potions_obtained":[{"floor":1.0,"key":"DistilledChaos"},{"floor":6,"key":"SpeedPotion"},{"floor":8,"key":"EssenceOfSteel"}],"is_trial":false,"path_per_floor":["M","M","M","M","?","E","R","M","T","M","?","?","R","T","R","B"],"character_chosen":"THE_SILENT","items_purchased":[],"campfire_rested":2,"item_purchase_floors":[],"current_hp_per_floor":[57,57,57,54,48,7,25,24,24,18,18,18,18,18,34,0,0],"gold":319,"neow_bonus":"REMOVE_TWO","is_daily":false,"chose_seed":false,"campfire_upgraded":1,"win_rate":0.0,"timestamp":1611048866,"path_taken":["M","M","M","M","?","E","R","?","T","M","?","?","R","?","R","BOSS"],"items_purchased_type":[],"build_version":"2020-12-22","purchased_purges":0,"victory":false,"max_hp_per_floor":[60,60,60,60,60,60,60,60,60,60,54,54,54,54,54,54,54],"card_choices":[{"not_picked":["Finisher","Concentrate","Flying Knee"],"picked":"SKIP","floor":1.0},{"not_picked":["Slice","Cloak And Dagger","Terror"],"picked":"SKIP","floor":2.0},{"not_picked":["Well Laid Plans","Predator"],"picked":"Dagger Throw","floor":3.0},{"not_picked":["Dagger Spray","Bane","Sucker Punch"],"picked":"SKIP","floor":4.0},{"not_picked":["Flechettes","Sucker Punch"],"picked":"All Out Attack","floor":6},{"not_picked":["Leg Sweep","Prepared"],"picked":"Adrenaline","floor":8},{"not_picked":["Expertise","Dagger Throw"],"picked":"Reflex","floor":10}],"player_experience":520638,"relics_obtained":[{"floor":6,"key":"Bird Faced Urn"},{"floor":9,"key":"Centennial Puzzle"},{"floor":14,"key":"Vajra"}],"event_choices":[{"damage_healed":0,"gold_gain":50,"player_choice":"Touch","damage_taken":6,"max_hp_gain":0,"max_hp_loss":0,"event_name":"FaceTrader","floor":5,"gold_loss":0},{"damage_healed":0,"gold_gain":0,"player_choice":"Lose Max HP","damage_taken":0,"relics_obtained":["Golden Idol"],"max_hp_gain":0,"max_hp_loss":6,"event_name":"Golden Idol","floor":11,"gold_loss":0},{"damage_healed":0,"gold_gain":0,"player_choice":"Ignored","damage_taken":0,"max_hp_gain":0,"max_hp_loss":0,"event_name":"Liars Game","floor":12,"gold_loss":0}],"is_beta":false,"boss_relics":[],"items_purged_floors":[],"is_endless":false,"potions_floor_spawned":[1,6,8],"killed_by":"The Guardian","ascension_level":20}}