{"host":"t1puqh5lxz8sp6fn","time":1611039323,"event":{"mods":["AchievementEnabler","BaseMod","Colored Powertips","Minty Spire (QoL Compilation)","Rare Cards Sparkle","StSLib"],"gold_per_floor":[19,19,31,45,45,45,78,78,78,114,114,137,13,27,27,153,153,167,167,190,213,295,295,338,358,358,358,376,415,242,258,258,382,382,398,398,418,418,106,106,120,120,169,169,190,231,252,97,97,97,97,97,22,55,55],"floor_reached":56,"playtime":2533,"items_purged":["Defend_R","Strike_R+1"],"score":1801,"play_id":"fde835c9-c6cb-4cda-8eea-4ecbb439798a","local_time":"20210119035523","is_ascension_mode":true,"campfire_choices":[{"data":"Armaments","floor":6.0,"key":"SMITH"},{"floor":11.0,"key":"REST"},{"data":"Limit Break","floor":15.0,"key":"SMITH"},{"floor":23.0,"key":"REST"},{"floor":27,"key":"REST"},{"floor":32,"key":"REST"},{"floor":40,"key":"RECALL"},{"data":"Master of Strategy","floor":42,"key":"SMITH"},{"floor":49,"key":"REST"},{"floor":52,"key":"REST"}],"circlet_count":0,"master_deck":["AscendersBane","Defend_R","Defend_R","Bash+1","Master of Strategy+1","Flex","Pummel","Pommel Strike","Armaments+1","Cleave","Limit Break+1","Shrug It Off","Flex","Offering","Dark Embrace+1","Feel No Pain+1","Heavy Blade","Metallicize+1","Feed","Inflame","Thunderclap+1","Cleave+1","Blood for Blood+1","Shrug It Off+1","Double Tap","Spot Weakness+1","Evolve","Discovery","Mind Blast+1","Mayhem","Havoc+1","Heavy Blade+1"],"relics":["Burning Blood","Self Forming Clay","Golden Idol","Red Skull","Whetstone","Astrolabe","HornCleat","Happy Flower","Toy Ornithopter","Molten Egg 2","Mark of Pain","Ginger","Lizard Tail","Toolbox","Blood Vial"],"acts_visited":["Exordium","TheCity","TheBeyond","TheEnding"],"potions_floor_usage":[24,29,29,29,33,55,55],"damage_taken":[{"damage":1.0,"enemies":"2 Louse","floor":1.0,"turns":4.0},{"damage":7.0,"enemies":"Jaw Worm","floor":3.0,"turns":3.0},{"damage":0.0,"enemies":"Small Slimes","floor":4.0,"turns":2.0},{"damage":27.0,"enemies":"Lagavulin","floor":7.0,"turns":6.0},{"damage":13.0,"enemies":"Gremlin Nob","floor":10.0,"turns":3.0},{"damage":8.0,"enemies":"Blue Slaver","floor":12.0,"turns":3.0},{"damage":2.0,"enemies":"Red Slaver","floor":14.0,"turns":3.0},{"damage":50.0,"enemies":"Hexaghost","floor":16.0,"turns":10.0},{"damage":6.0,"enemies":"Chosen","floor":18.0,"turns":3.0},{"damage":28.0,"enemies":"Shell Parasite","floor":20.0,"turns":4.0},{"damage":24.0,"enemies":"Centurion and Healer","floor":21.0,"turns":4.0},{"damage":23,"enemies":"Slavers","floor":24,"turns":6},{"damage":13,"enemies":"Cultist and Chosen","floor":25,"turns":3},{"damage":6,"enemies":"Sentry and Sphere","floor":28,"turns":3},{"damage":69,"enemies":"Gremlin Leader","floor":29,"turns":5},{"damage":11,"enemies":"Centurion and Healer","floor":31,"turns":3},{"damage":54,"enemies":"Champ","floor":33,"turns":7},{"damage":7,"enemies":"3 Darklings","floor":35,"turns":5},{"damage":0,"enemies":"3 Shapes","floor":37,"turns":3},{"damage":29,"enemies":"Transient","floor":41,"turns":5},{"damage":6,"enemies":"Sphere and 2 Shapes","floor":45,"turns":3},{"damage":6,"enemies":"Giant Head","floor":46,"turns":5},{"damage":17,"enemies":"4 Shapes","floor":47,"turns":3},{"damage":47,"enemies":"Time Eater","floor":50,"turns":7},{"damage":63,"enemies":"Shield and Spear","floor":54,"turns":4},{"damage":146,"enemies":"The Heart","floor":55,"turns":7}],"seed_played":"5682248032962126374","potions_obtained":[{"floor":3.0,"key":"FearPotion"},{"floor":7.0,"key":"Strength Potion"},{"floor":10.0,"key":"Regen Potion"},{"floor":16.0,"key":"SteroidPotion"},{"floor":28,"key":"EntropicBrew"},{"floor":29,"key":"Weak Potion"},{"floor":33,"key":"EssenceOfSteel"},{"floor":35,"key":"LiquidMemories"}],"is_trial":false,"path_per_floor":["M","?","M","M","?","R","E","?","T","E","R","M","$","M","R","B",null,"M","?","M","M","T","R","E","M","T","R","M","E","$","M","R","B",null,"M","?","M","?","$","R","M","R","T","?","M","E","M","$","R","B",null,"R","$","E","B",null],"character_chosen":"IRONCLAD","items_purchased":["Shrug It Off","Blood for Blood+1","Ginger","Toolbox","Regen Potion"],"campfire_rested":6,"item_purchase_floors":[13,30,39,48,53],"current_hp_per_floor":[77,77,76,80,85,85,64,43,43,36,61,59,59,63,63,19,69,69,69,47,29,29,54,52,49,49,75,78,30,30,28,56,17,79,78,78,87,77,77,77,54,54,54,54,54,54,43,43,73,32,85,102,102,48,23],"gold":55,"neow_bonus":"RANDOM_COLORLESS_2","is_daily":false,"chose_seed":false,"campfire_upgraded":3,"win_rate":0.0,"timestamp":1611039323,"path_taken":["M","?","M","M","?","R","E","?","T","E","R","M","?","?","R","BOSS","M","?","M","M","?","R","E","M","T","R","M","E","?","M","R","BOSS","M","?","M","?","$","R","M","R","T","?","M","E","M","$","R","BOSS","R","$","E","BOSS"],"items_purchased_type":["Card","Card","Relic","Relic","Potion"],"build_version":"2020-12-13","purchased_purges":2,"victory":true,"max_hp_per_floor":[80,80,80,80,85,85,85,85,85,85,85,85,85,85,85,85,85,85,85,85,85,85,85,85,89,89,89,92,92,92,95,95,99,99,99,99,102,102,102,102,102,102,102,102,102,102,102,102,102,102,102,102,102,105,105],"card_choices":[{"not_picked":["Secret Technique","Panache"],"picked":"Master of Strategy","floor":0.0},{"not_picked":["Disarm","Rupture"],"picked":"Flex","floor":1.0},{"not_picked":["Clash","Havoc"],"picked":"Pommel Strike","floor":3.0},{"not_picked":["Power Through","Shrug It Off"],"picked":"Armaments","floor":4.0},{"not_picked":["Reckless Charge","Perfected Strike"],"picked":"Cleave","floor":7.0},{"not_picked":["Combust","Hemokinesis","Anger"],"picked":"SKIP","floor":10.0},{"not_picked":["Heavy Blade","Sword Boomerang"],"picked":"Limit Break","floor":12.0},{"not_picked":["Body Slam","Armaments"],"picked":"Flex","floor":14.0},{"not_picked":["Fiend Fire","Barricade"],"picked":"Offering","floor":16.0},{"not_picked":["True Grit","Bloodletting"],"picked":"Heavy Blade","floor":18.0},{"not_picked":["Wild Strike+1","Anger","Evolve+1"],"picked":"SKIP","floor":20.0},{"not_picked":["Iron Wave","Clothesline"],"picked":"Metallicize+1","floor":21.0},{"not_picked":["Heavy Blade","Headbutt"],"picked":"Feed","floor":24},{"not_picked":["Feel No Pain","Body Slam"],"picked":"Inflame","floor":25},{"not_picked":["Anger","Wild Strike"],"picked":"Thunderclap+1","floor":28},{"not_picked":["Infernal Blade","Heavy Blade+1"],"picked":"Cleave+1","floor":29},{"not_picked":["Body Slam+1","Clash+1"],"picked":"Shrug It Off+1","floor":31},{"not_picked":["Barricade","Offering"],"picked":"Double Tap","floor":33},{"not_picked":["Flex","Wild Strike+1"],"picked":"Spot Weakness+1","floor":35},{"not_picked":["Clothesline+1","Armaments"],"picked":"Evolve","floor":37},{"not_picked":["Madness","Panache"],"picked":"Discovery","floor":38},{"not_picked":["HandOfGreed+1","Panache"],"picked":"Mind Blast+1","floor":38},{"not_picked":["Dramatic Entrance+1","Good Instincts"],"picked":"Mayhem","floor":38},{"not_picked":["Pommel Strike+1","Warcry+1"],"picked":"Havoc+1","floor":41},{"not_picked":["Hemokinesis+1","Armaments+1","Ghostly Armor"],"picked":"SKIP","floor":45},{"not_picked":["Cleave+1","Wild Strike+1","Blood for Blood+1"],"picked":"SKIP","floor":46},{"not_picked":["Clothesline+1","Thunderclap+1"],"picked":"Heavy Blade+1","floor":47},{"not_picked":["Rampage+1","Headbutt+1","Armaments"],"picked":"SKIP","floor":54}],"player_experience":434754,"relics_obtained":[{"floor":7.0,"key":"Self Forming Clay"},{"floor":9.0,"key":"Red Skull"},{"floor":10.0,"key":"Whetstone"},{"floor":22.0,"key":"HornCleat"},{"floor":24,"key":"Happy Flower"},{"floor":26,"key":"Toy Ornithopter"},{"floor":29,"key":"Molten Egg 2"},{"floor":46,"key":"Lizard Tail"},{"floor":54,"key":"Blood Vial"}],"event_choices":[{"damage_healed":0.0,"max_hp_gain":0.0,"max_hp_loss":0.0,"gold_gain":0.0,"cards_transformed":["Strike_R"],"event_name":"Living Wall","player_choice":"Change","floor":2.0,"gold_loss":0.0,"damage_taken":0.0,"cards_obtained":["Pummel"]},{"damage_healed":0.0,"max_hp_gain":5.0,"max_hp_loss":0.0,"gold_gain":0.0,"event_name":"Big Fish","player_choice":"Donut","floor":5.0,"gold_loss":0.0,"damage_taken":0.0},{"damage_healed":0.0,"max_hp_gain":0.0,"max_hp_loss":0.0,"gold_gain":0.0,"event_name":"Golden Idol","player_choice":"Take Damage","floor":8.0,"gold_loss":0.0,"damage_taken":21.0,"relics_obtained":["Golden Idol"]},{"cards_removed":["Anger"],"damage_healed":0.0,"max_hp_gain":0.0,"max_hp_loss":0.0,"gold_gain":0.0,"event_name":"Back to Basics","player_choice":"Elegance","floor":19.0,"gold_loss":0.0,"damage_taken":0.0},{"cards_removed":["Defend_R"],"damage_healed":0,"gold_gain":0,"player_choice":"Removed Skill","damage_taken":0,"max_hp_gain":0,"max_hp_loss":0,"event_name":"Falling","floor":36,"gold_loss":0},{"damage_healed":0,"gold_gain":0,"player_choice":"Memory 3","damage_taken":10,"max_hp_gain":0,"max_hp_loss":0,"event_name":"SensoryStone","floor":38,"gold_loss":0},{"damage_healed":0,"gold_gain":0,"player_choice":"0 cards matched","damage_taken":0,"max_hp_gain":0,"max_hp_loss":0,"event_name":"Match and Keep!","floor":44,"gold_loss":0,"cards_obtained":[]}],"is_beta":false,"boss_relics":[{"not_picked":["Black Blood","SlaversCollar"],"picked":"Astrolabe"},{"not_picked":["Empty Cage","Philosopher\u0027s Stone"],"picked":"Mark of Pain"}],"items_purged_floors":[13,30],"is_endless":false,"potions_floor_spawned":[3,7,10,16,21,28,29,33,35,37,46,54],"ascension_level":11}}