{"host":"121m0oxswv9tg9hk","time":1611078156,"event":{"mods":["AchievementEnabler","BaseMod","Better Third Choice","Downfall","Hermit","Hubris","Infinite Spire","MarisaÅiñ∂âJÅ@ñÇóùçπÅj","Minty Spire (QoL Compilation)","Shade Mod","StSLib","The Construct","The Cursed","The Gatherer","The Hierophant","The Mystic"],"gold_per_floor":[12,24,24,24,59,59,76,76,150,176,207,207,220,208,220,272,284,267,292,316,354,390,390,402,447,459,493,511,523,586,523,535,614,626,676,688,700,738,220,220,260,295,341,385,345,345],"floor_reached":45,"language":"ENG","playtime":3405,"items_purged":["hierophant:Strike_Hierophant"],"score":646,"play_id":"8e5066b1-24eb-4087-90f6-d6bf62d40ddb","local_time":"20210119184235","is_ascension_mode":true,"campfire_choices":[{"data":"hierophant:MirrorShield","floor":6,"key":"SMITH"},{"data":"hierophant:Zeal","floor":8,"key":"SMITH"},{"floor":12,"key":"REST"},{"floor":15,"key":"REST"},{"floor":24,"key":"REST"},{"floor":29,"key":"REST"},{"floor":32,"key":"REST"},{"floor":40,"key":"RECALL"}],"circlet_count":0,"master_deck":["hierophant:Strike_Hierophant","hierophant:Strike_Hierophant","hierophant:Strike_Hierophant","hierophant:Punish","hierophant:Defend_Hierophant","hierophant:Defend_Hierophant","hierophant:ChurchCoffers","hierophant:SecretStash","hierophant:ArchangelShield+1","hierophant:MirrorShield+1","hierophant:Zeal+1","hierophant:Shelter","hierophant:Shelter","hierophant:ThreeLashes","hierophant:SealAway+1","hierophant:Martyrdom+1","hierophant:FieryStrike+1","hierophant:HolyVerse+1","hierophant:Smite","hierophant:Community","hierophant:Bribe","hierophant:Kindle","hierophant:TollTheBells+1","hubris:Insight","Panache","hierophant:Zeal","hierophant:Doubloon","hierophant:Determination","hierophant:Endure+1"],"relics":["hierophant:PropheticMaskRelic","Lizard Tail","infinitespire:Eraser","Potion Belt","MawBank","hubris:GrandSneckoEye","Red Mask","infinitespire:Lucky Rock","Regal Pillow","Sundial","hubris:Metronome","StoneCalendar","Fusion Hammer","hubris:Icosahedron","infinitespire:BottledMercury","Medical Kit","Bottled Flame"],"acts_visited":["Exordium","TheCity","TheBeyond"],"potions_floor_usage":[10,11,14,14,18,21,27,42,42,45],"damage_taken":[{"damage":1,"enemies":"Small Slimes","floor":1,"turns":4},{"damage":1,"enemies":"Jaw Worm","floor":2,"turns":5},{"damage":43,"enemies":"infinitespire:Voidling","floor":5,"turns":7},{"damage":2,"enemies":"2 Fungi Beasts","floor":7,"turns":4},{"damage":29,"enemies":"Gremlin Nob","floor":10,"turns":5},{"damage":7,"enemies":"Exordium Wildlife","floor":11,"turns":3},{"damage":7,"enemies":"Gremlin Gang","floor":13,"turns":2},{"damage":43,"enemies":"Lagavulin","floor":14,"turns":8},{"damage":62,"enemies":"The Guardian","floor":16,"turns":21},{"damage":17,"enemies":"2 Thieves","floor":18,"turns":3},{"damage":0,"enemies":"Spheric Guardian","floor":19,"turns":2},{"damage":14,"enemies":"3 Cultists","floor":20,"turns":4},{"damage":13,"enemies":"Masked Bandits","floor":21,"turns":5},{"damage":7,"enemies":"Gremlin Leader","floor":23,"turns":5},{"damage":0,"enemies":"Sentry and Sphere","floor":25,"turns":1},{"damage":36,"enemies":"Slavers","floor":27,"turns":6},{"damage":0,"enemies":"Snake Plant","floor":28,"turns":2},{"damage":29,"enemies":"Gremlin Leader","floor":30,"turns":7},{"damage":0,"enemies":"Champ","floor":33,"turns":10},{"damage":33,"enemies":"3 Shapes","floor":35,"turns":6},{"damage":0,"enemies":"Orb Walker","floor":38,"turns":2},{"damage":21,"enemies":"Maw","floor":41,"turns":7},{"damage":34,"enemies":"Reptomancer","floor":42,"turns":7},{"damage":16,"enemies":"4 Shapes","floor":44,"turns":7},{"damage":10,"enemies":"Spire Growth","floor":45,"turns":2}],"seed_played":"-7109866799381282754","potions_obtained":[{"floor":5,"key":"Weak Potion"},{"floor":7,"key":"Regen Potion"},{"floor":10,"key":"Fire Potion"},{"floor":13,"key":"FearPotion"},{"floor":16,"key":"Energy Potion"},{"floor":19,"key":"Block Potion"},{"floor":21,"key":"Energy Potion"},{"floor":27,"key":"Strength Potion"},{"floor":30,"key":"DistilledChaos"},{"floor":35,"key":"Guardian:BlockOnCardUsePotion"},{"floor":42,"key":"construct:ShiftPotion"},{"floor":44,"key":"SkillPotion"}],"is_trial":false,"path_per_floor":["M","M","?","?","M","R","M","R","T","E","M","R","M","E","R","B",null,"M","M","M","?","T","E","R","M","T","E","M","R","E","?","R","B",null,"M","?","?","M","$","R","M","E","T","M","M"],"character_chosen":"HIEROPHANT","items_purchased":["infinitespire:BottledMercury","Medical Kit","hierophant:Zeal"],"campfire_rested":5,"item_purchase_floors":[39,39,39],"current_hp_per_floor":[74,73,73,73,64,64,62,62,62,33,26,48,41,10,32,12,75,58,58,44,31,31,24,61,61,61,25,25,62,33,33,70,70,75,42,42,37,75,75,75,54,20,20,10,0,0],"gold":345,"neow_bonus":"ONE_RARE_RELIC","is_daily":false,"chose_seed":false,"campfire_upgraded":2,"win_rate":0.0,"timestamp":1611078155,"path_taken":["M","M","?","?","M","R","M","R","T","E","M","R","M","E","R","BOSS","M","M","?","?","?","E","R","?","T","E","M","R","E","?","R","BOSS","M","?","?","M","$","R","M","E","T","M","M"],"items_purchased_type":["Relic","Relic","Card"],"build_version":"2020-12-22","purchased_purges":1,"victory":false,"max_hp_per_floor":[75,75,75,75,75,75,75,75,75,75,75,75,75,75,75,75,75,75,75,75,75,75,75,75,75,75,75,75,75,75,75,75,75,75,75,75,75,75,75,75,75,75,75,75,75,75],"card_choices":[{"not_picked":["hierophant:Bribe","hierophant:Charity"],"picked":"hierophant:SecretStash","floor":1},{"not_picked":["hierophant:Empathy","hierophant:MorningPrayer"],"picked":"hierophant:ArchangelShield","floor":2},{"not_picked":["hierophant:FlamingChariot","hierophant:RecallFunds"],"picked":"hierophant:MirrorShield","floor":5},{"not_picked":["hierophant:Encroach","hierophant:Charity"],"picked":"hierophant:Zeal","floor":7},{"not_picked":["hierophant:OrnateBuckler","hierophant:Bribe"],"picked":"hierophant:Shelter","floor":10},{"not_picked":["hierophant:AuricShield","hierophant:PassingBell"],"picked":"hierophant:Shelter","floor":11},{"not_picked":["hierophant:Doubloon","hierophant:DisplayOfPower"],"picked":"hierophant:ThreeLashes","floor":13},{"not_picked":["hierophant:AuricBeam","hierophant:FlamingChariot","hierophant:Purify"],"picked":"SKIP","floor":14},{"not_picked":["hierophant:AuricBeam","hierophant:FlamingChariot","hierophant:Purify"],"picked":"SKIP","floor":14},{"not_picked":["hierophant:Encroach","hierophant:Empathy"],"picked":"hierophant:SealAway+1","floor":18},{"not_picked":["hierophant:Patience","hierophant:Exaltation"],"picked":"hierophant:Martyrdom+1","floor":19},{"not_picked":["hierophant:Encroach","hierophant:ThreeLashes+1"],"picked":"hierophant:FieryStrike+1","floor":20},{"not_picked":["hierophant:OrnateBuckler","hierophant:CoinFling"],"picked":"hierophant:HolyVerse+1","floor":21},{"not_picked":["hierophant:Alms","hierophant:Prophecy+1"],"picked":"hierophant:Smite","floor":23},{"not_picked":["hierophant:Patience","hierophant:FlamingChariot","hierophant:MorningPrayer"],"picked":"SKIP","floor":25},{"not_picked":["hierophant:Shelter","hierophant:TollTheBells"],"picked":"hierophant:Community","floor":27},{"not_picked":["hierophant:SolarFlare","hierophant:ThreeLashes","hierophant:FlamingChariot+1"],"picked":"SKIP","floor":28},{"not_picked":["hierophant:FaithHealing","hierophant:MorningPrayer+1"],"picked":"hierophant:Bribe","floor":30},{"not_picked":["hierophant:MintersHammer","hierophant:Cornucopia"],"picked":"hierophant:Kindle","floor":33},{"not_picked":["hierophant:SolarFlare+1","hierophant:Empathy"],"picked":"hierophant:TollTheBells+1","floor":35},{"not_picked":["Forethought","Purity"],"picked":"hubris:Insight","floor":37},{"not_picked":["Transmutation","Discovery"],"picked":"Panache","floor":37},{"not_picked":["hierophant:AuricBeam+1","hierophant:Chorus+1","hierophant:RecallFunds"],"picked":"SKIP","floor":38},{"not_picked":["hierophant:AuricBeam+1","hierophant:SealAway"],"picked":"hierophant:Determination","floor":41},{"not_picked":["hierophant:Prophecy","hierophant:RecallFunds+1","hierophant:Encroach"],"picked":"SKIP","floor":42},{"not_picked":["hierophant:FlamingChariot","hierophant:CursedGold"],"picked":"hierophant:Endure+1","floor":44}],"player_experience":2950701,"relics_obtained":[{"floor":9,"key":"infinitespire:Eraser"},{"floor":10,"key":"Potion Belt"},{"floor":14,"key":"MawBank"},{"floor":21,"key":"Red Mask"},{"floor":22,"key":"infinitespire:Lucky Rock"},{"floor":23,"key":"Regal Pillow"},{"floor":26,"key":"Sundial"},{"floor":27,"key":"hubris:Metronome"},{"floor":30,"key":"StoneCalendar"},{"floor":42,"key":"Bottled Flame"}],"event_choices":[{"cards_removed":["hierophant:Defend_Hierophant"],"damage_healed":0,"gold_gain":0,"player_choice":"Offered Basic","damage_taken":0,"max_hp_gain":0,"max_hp_loss":0,"event_name":"Bonfire Elementals","floor":4,"gold_loss":0},{"damage_healed":0,"gold_gain":0,"player_choice":"Fought Bandits","damage_taken":0,"max_hp_gain":0,"max_hp_loss":0,"event_name":"Masked Bandits","floor":21,"gold_loss":0},{"cards_removed":["hierophant:Defend_Hierophant"],"damage_healed":0,"gold_gain":0,"player_choice":"Gave Gold","damage_taken":0,"max_hp_gain":0,"max_hp_loss":0,"event_name":"Beggar","floor":31,"gold_loss":75},{"damage_healed":0,"gold_gain":0,"player_choice":"Memory 2","damage_taken":5,"max_hp_gain":0,"max_hp_loss":0,"event_name":"SensoryStone","floor":37,"gold_loss":0}],"is_beta":false,"boss_relics":[{"not_picked":["Runic Dome","Black Star"],"picked":"hubris:GrandSneckoEye"},{"not_picked":["hubris:Stopwatch","Calling Bell"],"picked":"Fusion Hammer"}],"items_purged_floors":[39],"is_endless":false,"potions_floor_spawned":[5,7,10,13,16,19,21,27,30,35,42,44],"killed_by":"Spire Growth","ascension_level":3}}