{"host":"3zmssa4s99zhxek5","time":1611015854,"event":{"mods":["AchievementEnabler","BaseMod","Minty Spire (QoL Compilation)","Permanent Neow","Relic Stats"],"gold_per_floor":[114,133,150,150,170,170,184,209,288,288,319,319,343,374,374,469,469,492,492,512,512,35,35,35],"floor_reached":23,"language":"KOR","playtime":1741,"items_purged":["Strike_G"],"score":406,"play_id":"9533b9d5-cf87-4ccd-b794-7861dc02a299","local_time":"20210119092414","is_ascension_mode":true,"campfire_choices":[{"data":"Glass Knife","floor":10,"key":"SMITH"},{"data":"Glass Knife","floor":12,"key":"SMITH"},{"data":"Strike_G","floor":15,"key":"PURGE"}],"circlet_count":0,"master_deck":["AscendersBane","Strike_G","Defend_G","Defend_G","Defend_G","Defend_G","Defend_G","Survivor","Neutralize","Wraith Form v2","Slice","Acrobatics","Blur","Glass Knife+1","Dagger Throw","Infinite Blades","Glass Knife+1","Flying Knee","Corpse Explosion","Underhanded Strike","Tactician","Dagger Throw"],"relics":["Ring of the Snake","Golden Idol","The Courier","Pear","Peace Pipe","Empty Cage","Gremlin Horn","TheAbacus"],"acts_visited":["Exordium","TheCity"],"potions_floor_usage":[11,20,23],"damage_taken":[{"damage":1.0,"enemies":"Jaw Worm","floor":1.0,"turns":7.0},{"damage":8.0,"enemies":"Small Slimes","floor":2.0,"turns":4.0},{"damage":4.0,"enemies":"2 Louse","floor":3.0,"turns":3.0},{"damage":1,"enemies":"2 Fungi Beasts","floor":5,"turns":5},{"damage":2,"enemies":"Looter","floor":7,"turns":4},{"damage":16,"enemies":"Exordium Thugs","floor":8,"turns":6},{"damage":1,"enemies":"Lagavulin","floor":11,"turns":7},{"damage":1,"enemies":"Blue Slaver","floor":13,"turns":2},{"damage":26,"enemies":"Gremlin Nob","floor":14,"turns":4},{"damage":35,"enemies":"Hexaghost","floor":16,"turns":12},{"damage":12,"enemies":"Shell Parasite","floor":18,"turns":5},{"damage":14,"enemies":"Chosen","floor":20,"turns":4},{"damage":29,"enemies":"Book of Stabbing","floor":23,"turns":4}],"seed_played":"8972386254082625504","potions_obtained":[{"floor":3.0,"key":"ColorlessPotion"},{"floor":5,"key":"SmokeBomb"},{"floor":11,"key":"FairyPotion"},{"floor":13,"key":"Energy Potion"},{"floor":18,"key":"SneckoOil"}],"is_trial":false,"path_per_floor":["M","M","M","?","M","?","M","M","T","R","E","R","M","E","R","B",null,"M","?","M","?","$","E"],"character_chosen":"THE_SILENT","items_purchased":["Gremlin Horn","TheAbacus","Dagger Throw","Fire Potion"],"campfire_rested":0,"item_purchase_floors":[22,22,22,22],"current_hp_per_floor":[43,35,31,31,30,50,48,32,32,32,41,41,40,14,14,5,54,42,42,28,28,28,0,0],"gold":35,"neow_bonus":"THREE_RARE_CARDS","is_daily":false,"chose_seed":false,"campfire_upgraded":2,"win_rate":0.0,"timestamp":1611015854,"path_taken":["M","M","M","?","M","?","M","M","T","R","E","R","M","E","R","BOSS","M","?","M","?","$","E"],"items_purchased_type":["Relic","Relic","Card","Potion"],"build_version":"2020-12-22","purchased_purges":1,"victory":false,"max_hp_per_floor":[66,66,66,60,60,60,60,60,60,60,70,70,70,70,70,70,70,70,70,70,70,70,70,70],"relic_stats":{"Peace Pipe":1,"TheAbacus":[0],"Gremlin Horn":[0,0],"counters":[13,67],"Golden Idol":57,"obtain_stats":[{"Peace Pipe":14,"Pear":11,"TheAbacus":22,"Gremlin Horn":22,"Golden Idol":4,"The Courier":9,"Empty Cage":17,"Ring of the Snake":0},{"Peace Pipe":9,"Pear":7,"TheAbacus":12,"Gremlin Horn":12,"Golden Idol":3,"The Courier":6,"Empty Cage":10,"Ring of the Snake":0},{"Peace Pipe":42,"Pear":36,"TheAbacus":63,"Gremlin Horn":63,"Golden Idol":14,"The Courier":29,"Empty Cage":54,"Ring of the Snake":0}],"Ring of the Snake":[26]},"card_choices":[{"not_picked":["Tools of the Trade","Envenom"],"picked":"Wraith Form v2","floor":0.0},{"not_picked":["Flying Knee","Accuracy"],"picked":"Slice","floor":1.0},{"not_picked":["Sucker Punch","Prepared"],"picked":"Acrobatics","floor":2.0},{"not_picked":["Accuracy","Outmaneuver"],"picked":"Blur","floor":3.0},{"not_picked":["Bane","Prepared"],"picked":"Glass Knife","floor":5},{"not_picked":["Setup","Well Laid Plans"],"picked":"Dagger Throw","floor":7},{"not_picked":["PiercingWail","Skewer"],"picked":"Infinite Blades","floor":8},{"not_picked":["Setup","Dagger Throw"],"picked":"Glass Knife","floor":11},{"not_picked":["Bane","Predator","Choke"],"picked":"SKIP","floor":13},{"not_picked":["Bane","Predator","Choke"],"picked":"SKIP","floor":13},{"not_picked":["Sucker Punch","Slice"],"picked":"Flying Knee","floor":14},{"not_picked":["Phantasmal Killer","Glass Knife"],"picked":"Corpse Explosion","floor":16},{"not_picked":["Accuracy","Outmaneuver"],"picked":"Underhanded Strike","floor":18},{"not_picked":["Flying Knee","Endless Agony"],"picked":"Tactician","floor":20}],"player_experience":1508485,"relics_obtained":[{"floor":9,"key":"The Courier"},{"floor":11,"key":"Pear"},{"floor":14,"key":"Peace Pipe"}],"event_choices":[{"damage_healed":0.0,"max_hp_gain":0.0,"max_hp_loss":6.0,"gold_gain":0.0,"event_name":"Golden Idol","player_choice":"Lose Max HP","floor":4.0,"gold_loss":0.0,"damage_taken":0.0,"relics_obtained":["Golden Idol"]},{"damage_healed":20,"gold_gain":0,"player_choice":"Banana","damage_taken":0,"max_hp_gain":0,"max_hp_loss":0,"event_name":"Big Fish","floor":6,"gold_loss":0},{"damage_healed":0,"gold_gain":0,"player_choice":"Ignored","damage_taken":0,"max_hp_gain":0,"max_hp_loss":0,"event_name":"Vampires","floor":19,"gold_loss":0},{"damage_healed":0,"gold_gain":0,"player_choice":"Ignored","damage_taken":0,"max_hp_gain":0,"max_hp_loss":0,"event_name":"The Mausoleum","floor":21,"gold_loss":0}],"is_beta":false,"boss_relics":[{"not_picked":["Philosopher\u0027s Stone","WristBlade"],"picked":"Empty Cage"}],"items_purged_floors":[22],"is_endless":false,"potions_floor_spawned":[3,5,11,13,18],"killed_by":"Book of Stabbing","ascension_level":20}}