{"host":"dcj2yvrgcvh5dl2s","time":1611050832,"event":{"mods":["BaseMod","Bestiary","Better Note","Block Reminder","Colored Powertips","Curses Come First","DeckTracker","Minty Spire (QoL Compilation)","Quick Restart","Rare Cards Sparkle","Relic Stats","StSLib"],"gold_per_floor":[160,180,35,53,228,256,256,36,63,79,95,95,111,11,11,106,106,117,117,32,32,61,88,100,100,100,117,117,131,131,164,164,259,259,270,38,52,52,68,68,96,96,149,149,149,182,198,15,15,15,15],"floor_reached":50,"language":"ENG","playtime":2153,"items_purged":["Doubt","Strike_G"],"score":723,"play_id":"c8d9719a-78f6-49d9-9f5a-7997c0512f23","local_time":"20210119200712","is_ascension_mode":true,"campfire_choices":[{"floor":12,"key":"REST"},{"floor":15,"key":"REST"},{"floor":28,"key":"REST"},{"floor":32,"key":"REST"},{"data":"Corpse Explosion","floor":40,"key":"SMITH"},{"floor":42,"key":"REST"},{"floor":45,"key":"REST"},{"data":"Wraith Form v2","floor":49,"key":"SMITH"}],"circlet_count":0,"master_deck":["Strike_G+1","Strike_G+1","Strike_G+1","Strike_G+1","Defend_G+1","Defend_G+1","Defend_G+1","Defend_G+1","Defend_G+1","Survivor","Neutralize+1","Calculated Gamble","Cloak And Dagger","Well Laid Plans","Sucker Punch","Catalyst","Dagger Spray","Flying Knee+1","Corpse Explosion+1","Bouncing Flask","Blade Dance","Leg Sweep","Accuracy","Slice+1","Noxious Fumes+1","Die Die Die","Dagger Spray+1","Blur+1","Backflip","Wraith Form v2+1","Terror","Deflect","Slice","Choke","Backstab+1","Cloak And Dagger","Dark Shackles","Blind","Flash of Steel","Cloak And Dagger","Crippling Poison","Dodge and Roll+1","Expertise"],"relics":["Tiny House","PreservedInsect","Vajra","Akabeko","Oddly Smooth Stone","Sozu","Red Mask","Incense Burner","Bird Faced Urn","Spirit Poop","Whetstone","Runic Pyramid","Blood Vial","Dream Catcher","Anchor","Centennial Puzzle","Lee\u0027s Waffle"],"acts_visited":["Exordium","TheCity","TheBeyond"],"potions_floor_usage":[10,16,16,47],"damage_taken":[{"damage":2,"enemies":"Jaw Worm","floor":1,"turns":5},{"damage":2,"enemies":"Small Slimes","floor":2,"turns":3},{"damage":7,"enemies":"Cultist","floor":4,"turns":4},{"damage":40,"enemies":"Gremlin Nob","floor":6,"turns":5},{"damage":0,"enemies":"Blue Slaver","floor":10,"turns":3},{"damage":0,"enemies":"2 Fungi Beasts","floor":11,"turns":4},{"damage":3,"enemies":"Large Slime","floor":13,"turns":7},{"damage":23,"enemies":"Hexaghost","floor":16,"turns":11},{"damage":14,"enemies":"2 Thieves","floor":18,"turns":3},{"damage":0,"enemies":"Masked Bandits","floor":22,"turns":2},{"damage":17,"enemies":"Gremlin Leader","floor":23,"turns":6},{"damage":12,"enemies":"Shell Parasite","floor":24,"turns":4},{"damage":0,"enemies":"3 Cultists","floor":27,"turns":2},{"damage":4,"enemies":"Centurion and Healer","floor":29,"turns":3},{"damage":24,"enemies":"Slavers","floor":31,"turns":3},{"damage":34,"enemies":"Champ","floor":33,"turns":12},{"damage":3,"enemies":"Orb Walker","floor":35,"turns":3},{"damage":0,"enemies":"3 Shapes","floor":37,"turns":4},{"damage":22,"enemies":"Jaw Worm Horde","floor":39,"turns":3},{"damage":26,"enemies":"Reptomancer","floor":41,"turns":5},{"damage":35,"enemies":"Giant Head","floor":46,"turns":9},{"damage":22,"enemies":"Transient","floor":47,"turns":5},{"damage":89,"enemies":"Time Eater","floor":50,"turns":12}],"seed_played":"1806249498958368617","potions_obtained":[{"floor":0,"key":"Strength Potion"},{"floor":2,"key":"Block Potion"},{"floor":11,"key":"SpeedPotion"},{"floor":16,"key":"GamblersBrew"}],"is_trial":false,"path_per_floor":["M","M","$","M","?","E","?","$","T","M","M","R","M","$","R","B",null,"M","?","$","?","?","E","M","?","T","M","R","M","?","E","R","B",null,"M","$","M","$","M","R","E","R","T","?","R","E","M","$","R","B"],"character_chosen":"THE_SILENT","items_purchased":["PreservedInsect","Akabeko","Blade Dance","Leg Sweep","Deflect","Slice","Blood Vial","Lee\u0027s Waffle","Expertise"],"campfire_rested":6,"item_purchase_floors":[3,8,20,20,36,36,36,48,48],"current_hp_per_floor":[66,64,64,57,57,17,5,5,5,5,5,27,24,24,46,23,62,48,48,48,48,48,31,19,19,19,21,43,43,43,19,41,13,60,57,57,63,63,45,45,23,45,45,35,57,32,12,82,82,0,0],"gold":15,"neow_bonus":"BOSS_RELIC","is_daily":false,"chose_seed":false,"campfire_upgraded":2,"win_rate":0.0,"timestamp":1611050832,"path_taken":["M","M","$","M","?","E","?","$","T","M","M","R","?","?","R","BOSS","M","?","$","?","?","E","M","?","T","M","R","M","?","E","R","BOSS","M","$","M","$","M","R","E","R","T","?","R","E","M","$","R","BOSS"],"items_purchased_type":["Relic","Relic","Card","Card","Card","Card","Relic","Relic","Card"],"build_version":"2020-12-22","purchased_purges":2,"victory":false,"max_hp_per_floor":[75,75,75,75,75,75,75,75,75,75,75,75,75,75,75,75,75,75,75,75,75,75,75,75,75,75,75,75,75,75,75,75,75,75,75,75,75,75,75,75,75,75,75,75,75,75,75,82,82,82,82],"relic_stats":{"Sozu":8,"Blood Vial":10,"Dream Catcher":2,"Centennial Puzzle":[6],"Lee\u0027s Waffle":70,"counters":[23,118],"Bird Faced Urn":[32],"PreservedInsect":291,"Whetstone":["Neutralize","Flying Knee"],"obtain_stats":[{"Lee\u0027s Waffle":48,"Tiny House":0,"Vajra":6,"Oddly Smooth Stone":9,"Spirit Poop":30,"PreservedInsect":3,"Incense Burner":23,"Whetstone":31,"Akabeko":8,"Sozu":17,"Blood Vial":36,"Dream Catcher":41,"Anchor":43,"Centennial Puzzle":46,"Bird Faced Urn":26,"Red Mask":22,"Ring of the Snake":0,"Runic Pyramid":34},{"Lee\u0027s Waffle":22,"Tiny House":0,"Vajra":4,"Oddly Smooth Stone":4,"Spirit Poop":14,"PreservedInsect":2,"Incense Burner":11,"Whetstone":15,"Akabeko":4,"Sozu":8,"Blood Vial":17,"Dream Catcher":20,"Anchor":20,"Centennial Puzzle":21,"Bird Faced Urn":12,"Red Mask":10,"Ring of the Snake":0,"Runic Pyramid":16},{"Lee\u0027s Waffle":106,"Tiny House":0,"Vajra":17,"Oddly Smooth Stone":17,"Spirit Poop":62,"PreservedInsect":8,"Incense Burner":53,"Whetstone":65,"Akabeko":17,"Sozu":42,"Blood Vial":80,"Dream Catcher":92,"Anchor":92,"Centennial Puzzle":101,"Bird Faced Urn":57,"Red Mask":47,"Ring of the Snake":0,"Runic Pyramid":77}]},"card_choices":[{"not_picked":["Outmaneuver","Acrobatics"],"picked":"Calculated Gamble","floor":0},{"not_picked":["Sucker Punch","Dodge and Roll"],"picked":"Cloak And Dagger","floor":1},{"not_picked":["Sucker Punch","Quick Slash"],"picked":"Well Laid Plans","floor":2},{"not_picked":["Underhanded Strike","Flying Knee"],"picked":"Sucker Punch","floor":4},{"not_picked":["Outmaneuver","Setup","Dagger Throw"],"picked":"SKIP","floor":6},{"not_picked":["Dodge and Roll","Tactician"],"picked":"Catalyst","floor":10},{"not_picked":["Dagger Throw","Grand Finale"],"picked":"Dagger Spray","floor":11},{"not_picked":["Bane","Prepared"],"picked":"Flying Knee","floor":13},{"not_picked":["Doppelganger","Venomology"],"picked":"Corpse Explosion","floor":16},{"not_picked":["Dagger Spray+1","Outmaneuver"],"picked":"Bouncing Flask","floor":18},{"not_picked":["Dagger Throw","Quick Slash"],"picked":"Slice+1","floor":22},{"not_picked":["Cloak And Dagger","Bane"],"picked":"Noxious Fumes+1","floor":23},{"not_picked":["Riddle With Holes","Deflect"],"picked":"Die Die Die","floor":24},{"not_picked":["Flying Knee","Poisoned Stab"],"picked":"Dagger Spray+1","floor":27},{"not_picked":["Masterful Stab","PiercingWail"],"picked":"Blur+1","floor":29},{"not_picked":["Dash+1","Tools of the Trade"],"picked":"Backflip","floor":31},{"not_picked":["Doppelganger","Corpse Explosion"],"picked":"Wraith Form v2","floor":33},{"not_picked":["Bane","All Out Attack"],"picked":"Terror","floor":35},{"not_picked":["Poisoned Stab","Bane+1"],"picked":"Choke","floor":37},{"not_picked":["Quick Slash","Well Laid Plans+1","Flechettes+1"],"picked":"SKIP","floor":39},{"not_picked":["Flying Knee","Poisoned Stab"],"picked":"Backstab+1","floor":41},{"not_picked":["Wraith Form v2","Flying Knee+1"],"picked":"Cloak And Dagger","floor":42},{"not_picked":["Transmutation","Forethought"],"picked":"Dark Shackles","floor":44},{"not_picked":["Dark Shackles","Good Instincts"],"picked":"Blind","floor":44},{"not_picked":["Good Instincts","Secret Technique"],"picked":"Flash of Steel","floor":44},{"not_picked":["Dagger Throw+1","Poisoned Stab+1"],"picked":"Cloak And Dagger","floor":45},{"not_picked":["Bane","Tools of the Trade"],"picked":"Crippling Poison","floor":46},{"not_picked":["Flying Knee+1","Outmaneuver"],"picked":"Dodge and Roll+1","floor":47}],"player_experience":2262619,"relics_obtained":[{"floor":6,"key":"Vajra"},{"floor":9,"key":"Oddly Smooth Stone"},{"floor":22,"key":"Red Mask"},{"floor":23,"key":"Incense Burner"},{"floor":26,"key":"Bird Faced Urn"},{"floor":31,"key":"Whetstone"},{"floor":41,"key":"Dream Catcher"},{"floor":43,"key":"Anchor"},{"floor":46,"key":"Centennial Puzzle"}],"event_choices":[{"damage_healed":0,"gold_gain":175,"player_choice":"AGREE","damage_taken":0,"max_hp_gain":0,"max_hp_loss":0,"event_name":"Liars Game","floor":5,"gold_loss":0,"cards_obtained":["Doubt"]},{"damage_healed":0,"gold_gain":0,"player_choice":"Fled","damage_taken":12,"max_hp_gain":0,"max_hp_loss":0,"event_name":"Scrap Ooze","floor":7,"gold_loss":0},{"damage_healed":0,"gold_gain":0,"player_choice":"Simplicity","damage_taken":0,"max_hp_gain":0,"max_hp_loss":0,"event_name":"Back to Basics","floor":19,"gold_loss":0,"cards_upgraded":["Strike_G","Strike_G","Strike_G","Strike_G","Defend_G","Defend_G","Defend_G","Defend_G"]},{"damage_healed":0,"gold_gain":0,"player_choice":"Read","damage_taken":0,"max_hp_gain":0,"max_hp_loss":0,"event_name":"The Library","floor":21,"gold_loss":0,"cards_obtained":["Accuracy"]},{"damage_healed":0,"gold_gain":0,"player_choice":"Fought Bandits","damage_taken":0,"max_hp_gain":0,"max_hp_loss":0,"event_name":"Masked Bandits","floor":22,"gold_loss":0},{"damage_healed":0,"gold_gain":0,"player_choice":"Smashed Altar","damage_taken":0,"max_hp_gain":0,"max_hp_loss":0,"event_name":"Forgotten Altar","floor":25,"gold_loss":0,"cards_obtained":["Decay"]},{"cards_removed":["Decay"],"damage_healed":0,"gold_gain":0,"player_choice":"Offered Curse","damage_taken":0,"relics_obtained":["Spirit Poop"],"max_hp_gain":0,"max_hp_loss":0,"event_name":"Bonfire Elementals","floor":30,"gold_loss":0},{"damage_healed":0,"gold_gain":0,"player_choice":"Memory 3","damage_taken":10,"max_hp_gain":0,"max_hp_loss":0,"event_name":"SensoryStone","floor":44,"gold_loss":0}],"is_beta":false,"boss_relics":[{"not_picked":["Black Star","Busted Crown"],"picked":"Sozu"},{"not_picked":["SacredBark","Astrolabe"],"picked":"Runic Pyramid"}],"items_purged_floors":[8,14],"is_endless":false,"potions_floor_spawned":[2,11,16,22,27,29,31,35,39,41,46],"killed_by":"Time Eater","ascension_level":6}}