{"host":"q0qnzbgdx8oqogg9","time":1611024306,"event":{"mods":["BaseMod","Minty Spire (QoL Compilation)","Slay-I","StSLib"],"gold_per_floor":[115,126,141,17,76,76,91,116,143,143,173,173,205,220,220,317,317,335,260,11,28,28,28,41,54,54,54,95,29,64,74,83,195,204,223,232,232,232,261,261,261],"floor_reached":40,"language":"ENG","playtime":1390,"items_purged":["Clumsy","Strike_R"],"score":622,"play_id":"3c209c82-c13c-4ca6-a190-f4a97210198b","local_time":"20210118214506","is_ascension_mode":true,"campfire_choices":[{"data":"Reaper","floor":6,"key":"SMITH"},{"data":"Clothesline","floor":10,"key":"SMITH"},{"data":"Spot Weakness","floor":12,"key":"SMITH"},{"data":"Flame Barrier","floor":15,"key":"SMITH"},{"data":"Bludgeon","floor":23,"key":"SMITH"},{"data":"Shrug It Off","floor":27,"key":"SMITH"},{"floor":32,"key":"REST"}],"circlet_count":0,"master_deck":["Strike_R","Strike_R","Strike_R","Defend_R","Defend_R","Defend_R","Bash","Reaper+1","Clothesline+1","Sword Boomerang","Anger","Thunderclap","Clash","Dropkick","Spot Weakness+1","Wild Strike","Flame Barrier+1","Bludgeon+1","Disarm","Double Tap","Shrug It Off+1","Disarm+1","Ghostly Armor","Battle Trance+1","Blood for Blood+1","Impervious","CurseOfTheBell","Bandage Up","True Grit+1"],"relics":["Burning Blood","Juzu Bracelet","Red Skull","Dream Catcher","Ancient Tea Set","Sozu","ClockworkSouvenir","Ornamental Fan","CeramicFish","Calipers","Calling Bell","Omamori","Singing Bowl","CaptainsWheel"],"acts_visited":["Exordium","TheCity","TheBeyond"],"potions_floor_usage":[11,24,30],"damage_taken":[{"damage":10,"enemies":"Small Slimes","floor":1,"turns":4},{"damage":13,"enemies":"Jaw Worm","floor":2,"turns":5},{"damage":14,"enemies":"2 Louse","floor":3,"turns":5},{"damage":5,"enemies":"Exordium Wildlife","floor":7,"turns":3},{"damage":25,"enemies":"Lagavulin","floor":8,"turns":5},{"damage":27,"enemies":"3 Sentries","floor":11,"turns":6},{"damage":24,"enemies":"Gremlin Nob","floor":13,"turns":4},{"damage":6,"enemies":"Exordium Thugs","floor":14,"turns":3},{"damage":28,"enemies":"Hexaghost","floor":16,"turns":7},{"damage":12,"enemies":"Shell Parasite","floor":18,"turns":4},{"damage":7,"enemies":"Chosen","floor":21,"turns":4},{"damage":9,"enemies":"Snake Plant","floor":24,"turns":4},{"damage":7,"enemies":"Snecko","floor":25,"turns":3},{"damage":61,"enemies":"Gremlin Leader","floor":28,"turns":5},{"damage":29,"enemies":"Slavers","floor":30,"turns":7},{"damage":16,"enemies":"Centurion and Healer","floor":31,"turns":6},{"damage":68,"enemies":"Champ","floor":33,"turns":13},{"damage":40,"enemies":"3 Darklings","floor":35,"turns":7},{"damage":23,"enemies":"3 Shapes","floor":39,"turns":9},{"damage":85,"enemies":"Giant Head","floor":40,"turns":8}],"seed_played":"1701879807397239336","potions_obtained":[{"floor":2,"key":"Energy Potion"},{"floor":3,"key":"BloodPotion"},{"floor":11,"key":"GamblersBrew"},{"floor":16,"key":"BlessingOfTheForge"}],"is_trial":false,"path_per_floor":["M","M","M","$","?","R","M","E","T","R","E","R","E","M","R","B",null,"M","?","$","M","?","R","M","M","T","R","E","$","E","M","R","B",null,"M","?","?","?","M","E"],"character_chosen":"IRONCLAD","items_purchased":["Thunderclap","ClockworkSouvenir","Ghostly Armor"],"campfire_rested":1,"item_purchase_floors":[4,20,29],"current_hp_per_floor":[75,68,63,63,63,63,69,50,50,50,44,44,34,46,46,24,66,60,60,60,64,64,64,61,68,68,68,25,25,20,40,64,11,63,43,43,64,64,57,0,0],"gold":261,"neow_bonus":"THREE_RARE_CARDS","is_daily":false,"chose_seed":false,"campfire_upgraded":6,"win_rate":0.0,"timestamp":1611024306,"path_taken":["M","M","M","$","?","R","M","E","T","R","E","R","E","M","R","BOSS","M","?","$","M","?","R","M","M","T","R","E","?","E","M","R","BOSS","M","?","?","?","M","E"],"items_purchased_type":["Card","Relic","Card"],"build_version":"2020-12-22","purchased_purges":2,"victory":false,"max_hp_per_floor":[80,80,80,80,80,80,80,80,80,80,80,80,80,80,80,80,80,80,80,80,80,80,80,80,80,80,80,80,80,80,80,80,80,80,82,82,82,82,82,82,82],"card_choices":[{"not_picked":["Feed","Impervious"],"picked":"Reaper","floor":0},{"not_picked":["Dark Embrace","Second Wind"],"picked":"Clothesline","floor":1},{"not_picked":["Blood for Blood","Headbutt"],"picked":"Sword Boomerang","floor":2},{"not_picked":["Sword Boomerang","Battle Trance"],"picked":"Anger","floor":3},{"not_picked":["Shockwave","True Grit"],"picked":"Clash","floor":7},{"not_picked":["Ghostly Armor","Warcry"],"picked":"Dropkick","floor":8},{"not_picked":["Evolve","Searing Blow"],"picked":"Spot Weakness","floor":11},{"not_picked":["Thunderclap","Warcry"],"picked":"Wild Strike","floor":13},{"not_picked":["Whirlwind","Spot Weakness"],"picked":"Flame Barrier","floor":14},{"not_picked":["Corruption","Brutality"],"picked":"Bludgeon","floor":16},{"not_picked":["Pommel Strike","Armaments"],"picked":"Disarm","floor":18},{"not_picked":["Perfected Strike","Anger"],"picked":"Double Tap","floor":21},{"not_picked":["Infernal Blade","Anger","Body Slam"],"picked":"SKIP","floor":24},{"not_picked":["Sword Boomerang","Rage"],"picked":"Shrug It Off","floor":25},{"not_picked":["Bludgeon","Uppercut"],"picked":"Disarm+1","floor":28},{"not_picked":["Burning Pact","Shockwave+1"],"picked":"Battle Trance+1","floor":30},{"not_picked":["Fire Breathing","Armaments","Intimidate"],"picked":"SKIP","floor":31},{"not_picked":["Clothesline","Pommel Strike"],"picked":"Blood for Blood+1","floor":32},{"not_picked":["Berserk","Fiend Fire"],"picked":"Impervious","floor":33},{"not_picked":["Dropkick+1","Anger+1","Wild Strike+1"],"picked":"Singing Bowl","floor":35},{"not_picked":["Finesse","Chrysalis"],"picked":"Bandage Up","floor":36},{"not_picked":["Twin Strike","Intimidate"],"picked":"True Grit+1","floor":39}],"player_experience":236052,"relics_obtained":[{"floor":8,"key":"Juzu Bracelet"},{"floor":9,"key":"Red Skull"},{"floor":11,"key":"Dream Catcher"},{"floor":13,"key":"Ancient Tea Set"},{"floor":26,"key":"Ornamental Fan"},{"floor":28,"key":"CeramicFish"},{"floor":30,"key":"Calipers"},{"floor":34,"key":"Omamori"},{"floor":34,"key":"Singing Bowl"},{"floor":34,"key":"CaptainsWheel"}],"event_choices":[{"damage_healed":0,"gold_gain":59,"player_choice":"Gained Gold","damage_taken":0,"max_hp_gain":0,"max_hp_loss":0,"event_name":"Golden Wing","floor":5,"gold_loss":0},{"cards_removed":["Strike_R"],"damage_healed":0,"gold_gain":0,"player_choice":"Gave Gold","damage_taken":0,"max_hp_gain":0,"max_hp_loss":0,"event_name":"Beggar","floor":19,"gold_loss":75},{"damage_healed":0,"gold_gain":0,"player_choice":"Memory 1","damage_taken":0,"max_hp_gain":0,"max_hp_loss":0,"event_name":"SensoryStone","floor":36,"gold_loss":0},{"damage_healed":21,"gold_gain":0,"player_choice":"Writhe","damage_taken":0,"max_hp_gain":0,"max_hp_loss":0,"event_name":"Winding Halls","floor":37,"gold_loss":0,"cards_obtained":["Writhe"]},{"cards_removed":["Defend_R"],"damage_healed":0,"gold_gain":0,"player_choice":"Removed Skill","damage_taken":0,"max_hp_gain":0,"max_hp_loss":0,"event_name":"Falling","floor":38,"gold_loss":0}],"is_beta":false,"boss_relics":[{"not_picked":["Empty Cage","Busted Crown"],"picked":"Sozu"},{"not_picked":["SlaversCollar","Runic Dome"],"picked":"Calling Bell"}],"items_purged_floors":[4,20],"is_endless":false,"potions_floor_spawned":[2,3,11,16,25,28,30,33,39],"killed_by":"Giant Head","ascension_level":8}}