{"host":"eny0bxnatoru6fum","time":1611071384,"event":{"mods":["A Magickal Journey","AchievementEnabler","AlwaysNeverKeys","Aspiration","BaseMod","Beaked The Cultist","BetterRewards","Colored Map","Colored Powertips","Conspire","DeckTracker","Duelist Mod","Energized Spire","Glutton Mod","Halation","Hubris","Infinite Spire","Jedi Mod","Lobotomy","LobotomyExtend","Minty Spire (QoL Compilation)","Relic Sorter","Replay The Spire","Shop Mod","Spicy Shops","Spikes Relics","StSLib","Synergy Search","The Animator","The Blue Laboratory","The Bug Knight","The Cursed","The Hierophant","The Jungle","The Problem Sleuth","The Runesmith","The Sage","The Servant 0.9.4","The Spell Scribe","vexMod"],"gold_per_floor":[117,117,117,143,143,143,158,158,185,196,196,226,226,126,126,244,244,244,244],"floor_reached":18,"language":"ENG","playtime":1083,"items_purged":[],"score":250,"play_id":"1facedd3-028e-44b6-8556-868eeda0ae7d","local_time":"20210119094944","is_ascension_mode":false,"campfire_choices":[{"data":"animator:Viivi","floor":6,"key":"SMITH"},{"floor":8,"key":"RECALL"},{"floor":11,"key":"REST"},{"data":"animator:AcuraShin","floor":15,"key":"SMITH"}],"circlet_count":0,"master_deck":["animator:Strike_HitsugiNoChaika","animator:Defend_HitsugiNoChaika+1","animator:Strike","animator:Strike","animator:Strike","animator:Defend","animator:Defend+1","animator:Defend","animator:AcuraAkari","animator:Gillette","animator:Shinoa","Replay:Fractal Strike","animator:Viivi+1","animator:Fredrika","animator:AcuraShin+1","conspire:SpireCoStock","conspire:SpireCoStock","animator:Saitama"],"relics":["animator:LivingPicture","aspiration:Nostalgia","animator:TheMissingPiece","animator:PurgingStone","LetterFromLob","halation:EternalFortune","Simple Rune","aspiration:SecretTechniqueScroll","MagicBullet_r","Heaven_r"],"acts_visited":["Exordium","TheCity"],"potions_floor_usage":[10,16],"damage_taken":[{"damage":1,"enemies":"Jaw Worm","floor":1,"turns":4},{"damage":3,"enemies":"2 Louse","floor":4,"turns":3},{"damage":0,"enemies":"Small Slimes","floor":7,"turns":2},{"damage":1,"enemies":"Blue Slaver","floor":10,"turns":2},{"damage":7,"enemies":"3 Louse","floor":12,"turns":3},{"damage":50,"enemies":"The Guardian","floor":16,"turns":12},{"damage":27,"enemies":"3 Byrds","floor":18,"turns":3}],"seed_played":"-4053756899453347419","potions_obtained":[{"floor":4,"key":"Fire Potion"},{"floor":10,"key":"jedi:wingpotion"},{"floor":12,"key":"blueLaboratory:BottledHope"}],"is_trial":false,"path_per_floor":["M","?","?","M","?","R","M","R","T","M","R","M","?","?","R","B",null,"M"],"character_chosen":"THE_ANIMATOR","items_purchased":[],"campfire_rested":1,"item_purchase_floors":[],"current_hp_per_floor":[65,68,50,47,41,41,41,41,41,41,62,55,52,52,52,2,70,0,0],"gold":244,"neow_bonus":"NOSTALGIA","is_daily":false,"chose_seed":false,"campfire_upgraded":2,"win_rate":0.0,"timestamp":1611071384,"path_taken":["M","?","?","M","?","R","M","R","T","M","R","?","?","?","R","BOSS","M"],"items_purchased_type":[],"build_version":"2020-12-22","purchased_purges":0,"victory":false,"max_hp_per_floor":[66,69,69,69,69,69,69,69,69,70,70,70,70,70,70,70,70,70,70],"card_choices":[{"not_picked":["animator:Shion","animator:ShinjiMatou"],"picked":"animator:Shinoa","floor":1},{"not_picked":["infinitespire:DeathsTouch","infinitespire:Menacing"],"picked":"Replay:Fractal Strike","floor":3},{"not_picked":["animator:YunYun","animator:Sloth"],"picked":"animator:Viivi","floor":4},{"not_picked":["animator:SilverFang","animator:Hakurou","animator:Archer"],"picked":"SKIP","floor":7},{"not_picked":["animator:Viivi","animator:ChaikaBohdan"],"picked":"animator:Fredrika","floor":10},{"not_picked":["animator:Genos","animator:Guy"],"picked":"animator:AcuraShin","floor":12},{"not_picked":["animator:Wiz","animator:Boros"],"picked":"animator:Saitama","floor":16}],"player_experience":495684,"relics_obtained":[{"floor":1,"key":"LetterFromLob"}],"event_choices":[{"damage_healed":0,"gold_gain":0,"player_choice":"Damaged","damage_taken":6,"max_hp_gain":0,"max_hp_loss":0,"event_name":"Wheel of Change","floor":5,"gold_loss":0},{"damage_healed":0,"gold_gain":0,"player_choice":"Success","damage_taken":3,"relics_obtained":["Simple Rune"],"max_hp_gain":0,"max_hp_loss":0,"event_name":"Scrap Ooze","floor":13,"gold_loss":0},{"damage_healed":0,"gold_gain":0,"player_choice":"Invest 2","damage_taken":0,"max_hp_gain":0,"max_hp_loss":0,"event_name":"conspire:Investor","floor":14,"gold_loss":0}],"is_beta":false,"boss_relics":[{"not_picked":["halation:Risk","vexMod:MegatonBomb"],"picked":"aspiration:SecretTechniqueScroll"}],"items_purged_floors":[],"is_endless":false,"potions_floor_spawned":[4,10,12],"killed_by":"3 Byrds","ascension_level":0}}