{"host":"fuszjwm6fqgjjp4d","time":1611036644,"event":{"mods":["BaseMod","Bestiary","Colored Map","DeckTracker","Minty Spire (QoL Compilation)","Permanent Neow","Relic Sorter","Relic Stats","StSLib"],"gold_per_floor":[113,263,24,24,24,53,65,103,138,150,178,190,202,234,246,258,258],"floor_reached":16,"language":"ENG","playtime":267,"items_purged":[],"score":212,"play_id":"e43e655d-e4cf-4f54-8fa6-d7c30dc20e9b","local_time":"20210119001044","is_ascension_mode":true,"campfire_choices":[{"data":"Pummel","floor":7,"key":"SMITH"},{"data":"Cleave","floor":10,"key":"SMITH"},{"data":"Anger","floor":12,"key":"SMITH"},{"data":"Bash","floor":15,"key":"SMITH"}],"circlet_count":0,"master_deck":["AscendersBane","Strike_R","Strike_R","Strike_R","Strike_R","Strike_R","Defend_R","Defend_R","Defend_R","Defend_R","Bash+1","Thunderclap","Doubt","Pummel+1","Cleave+1","Anger+1"],"relics":["Busted Crown","Brimstone","MawBank","Boot","Orichalcum","Golden Idol"],"acts_visited":["Exordium"],"potions_floor_usage":[16],"damage_taken":[{"damage":2,"enemies":"Jaw Worm","floor":1,"turns":3},{"damage":18,"enemies":"Lagavulin","floor":6,"turns":4},{"damage":13,"enemies":"3 Sentries","floor":8,"turns":3},{"damage":3,"enemies":"Small Slimes","floor":11,"turns":2},{"damage":2,"enemies":"2 Louse","floor":14,"turns":2},{"damage":38,"enemies":"Hexaghost","floor":16,"turns":4}],"seed_played":"-4838561624858911567","potions_obtained":[{"floor":6,"key":"ElixirPotion"}],"is_trial":false,"path_per_floor":["M","?","$","?","?","E","R","E","T","R","M","R","?","M","R","B"],"character_chosen":"IRONCLAD","items_purchased":["Pummel","Brimstone"],"campfire_rested":0,"item_purchase_floors":[3,3],"current_hp_per_floor":[66,66,66,71,71,53,53,40,40,40,37,37,37,35,35,0,0],"gold":258,"neow_bonus":"BOSS_RELIC","is_daily":false,"chose_seed":false,"campfire_upgraded":4,"win_rate":0.0,"timestamp":1611036644,"path_taken":["M","?","$","?","?","E","R","E","T","R","M","R","?","M","R","BOSS"],"items_purchased_type":["Card","Relic"],"build_version":"2020-12-22","purchased_purges":0,"victory":false,"max_hp_per_floor":[75,75,75,80,80,80,80,80,80,80,80,80,72,72,72,72,72],"relic_stats":{"Busted Crown":10,"counters":[6,18],"Golden Idol":4,"Orichalcum":[24],"MawBank":120,"Boot":[3],"obtain_stats":[{"Busted Crown":0,"Brimstone":3,"Golden Idol":13,"Orichalcum":9,"MawBank":6,"Boot":8,"Burning Blood":0},{"Busted Crown":0,"Brimstone":1,"Golden Idol":4,"Orichalcum":3,"MawBank":2,"Boot":3,"Burning Blood":0},{"Busted Crown":0,"Brimstone":3,"Golden Idol":12,"Orichalcum":10,"MawBank":7,"Boot":10,"Burning Blood":0}]},"card_choices":[{"not_picked":[],"picked":"Thunderclap","floor":1},{"not_picked":[],"picked":"Cleave","floor":6},{"not_picked":["Bludgeon"],"picked":"SKIP","floor":8},{"not_picked":[],"picked":"Anger","floor":11},{"not_picked":["Wild Strike"],"picked":"SKIP","floor":14}],"player_experience":1301083,"relics_obtained":[{"floor":6,"key":"MawBank"},{"floor":8,"key":"Boot"},{"floor":9,"key":"Orichalcum"}],"event_choices":[{"damage_healed":0,"gold_gain":150,"player_choice":"AGREE","damage_taken":0,"max_hp_gain":0,"max_hp_loss":0,"event_name":"Liars Game","floor":2,"gold_loss":0,"cards_obtained":["Doubt"]},{"damage_healed":0,"gold_gain":0,"player_choice":"Donut","damage_taken":0,"max_hp_gain":5,"max_hp_loss":0,"event_name":"Big Fish","floor":4,"gold_loss":0},{"damage_healed":0,"gold_gain":0,"player_choice":"Fled","damage_taken":0,"max_hp_gain":0,"max_hp_loss":0,"event_name":"Scrap Ooze","floor":5,"gold_loss":0},{"damage_healed":0,"gold_gain":0,"player_choice":"Lose Max HP","damage_taken":0,"relics_obtained":["Golden Idol"],"max_hp_gain":0,"max_hp_loss":8,"event_name":"Golden Idol","floor":13,"gold_loss":0}],"is_beta":false,"boss_relics":[],"items_purged_floors":[],"is_endless":false,"potions_floor_spawned":[6],"killed_by":"Hexaghost","ascension_level":20}}