{"host":"fghh6uc8siqeqraf","time":1611065127,"event":{"mods":["AchievementEnabler","BaseMod","Colored Powertips","Googly Eyes","Hermit","Jorbs\u0027s Wanderer Trilogy","Lobotomy","Marisa£®ÏF”Í°°ƒß¿Ì…≥£©","Minty Spire (QoL Compilation)","Quick Restart","Replay The Spire","Shop Mod","StSLib","The Bug Knight","The Cursed","The Hierophant","The Servant 0.9.4"],"gold_per_floor":[113,113,125,140,65,65,95,95,95,115,149,160,195,206,206,308,308,325,250,250,67,67,101,101,127,127,138,148,148,181,191,191,296,296,313,313,313,326,89,120,120,154,180,105,105,131,131,162,162,162,162,162,162,15,41,41],"floor_reached":57,"language":"ZHS","playtime":5859,"items_purged":["Strike_R","Defend_R","Bash","Burning Pact"],"score":1319,"play_id":"7ffef98a-1c46-476e-9c83-a3ee992e2a71","local_time":"20210119220527","is_ascension_mode":true,"campfire_choices":[{"data":"Havoc","floor":6.0,"key":"SMITH"},{"floor":15.0,"key":"REST"},{"data":"Barricade","floor":24.0,"key":"SMITH"},{"floor":29.0,"key":"RECALL"},{"data":"Second Wind","floor":32.0,"key":"SMITH"},{"data":"Flame Barrier","floor":41.0,"key":"SMITH"},{"data":"Abandon","floor":45.0,"key":"SMITH"},{"data":"Wild Strike","floor":49.0,"key":"SMITH"},{"data":"Burning Pact","floor":53.0,"key":"SMITH"}],"circlet_count":0,"master_deck":["Strike_R+1","Strike_R+1","Defend_R","Defend_R","Defend_R","Ghostly Armor","Body Slam","Havoc+1","Battle Trance","Second Wind+1","Barricade+1","Wild Strike+1","Ghostly","Ghostly","Ghostly","Ghostly","Ghostly","Purity","Disarm","Dark Embrace","Abandon+1","Armaments+1","Purity","Warcry+1","Burning Pact+1","Flame Barrier+1","Feel No Pain+1","Poisoned Strike"],"relics":["Burning Blood","Champion Belt","Shuriken","ReplayFunnel","Counterbalance","Ooze Armor","Replay:Accelerometer","Du-Vu Doll","Whetstone","Strawberry","Mark of Pain","Membership Card","Juzu Bracelet","Replay:Bottled Flurry","PreservedInsect","Anchor","Happy Flower","White Beast Statue"],"acts_visited":["Exordium","TheCity","TheBeyond","TheEnding"],"potions_floor_usage":[56],"damage_taken":[{"damage":3.0,"enemies":"2 Louse","floor":1.0,"turns":4.0},{"damage":1.0,"enemies":"Cultist","floor":3.0,"turns":3.0},{"damage":7.0,"enemies":"Small Slimes","floor":4.0,"turns":4.0},{"damage":39.0,"enemies":"Gremlin Nob","floor":7.0,"turns":5.0},{"damage":2.0,"enemies":"Blue Slaver","floor":10.0,"turns":3.0},{"damage":21.0,"enemies":"3 Sentries","floor":11.0,"turns":7.0},{"damage":0.0,"enemies":"Looter","floor":12.0,"turns":3.0},{"damage":16.0,"enemies":"Lagavulin","floor":13.0,"turns":6.0},{"damage":6.0,"enemies":"2 Fungi Beasts","floor":14.0,"turns":3.0},{"damage":29.0,"enemies":"Hexaghost","floor":16.0,"turns":13.0},{"damage":11.0,"enemies":"Spheric Guardian","floor":18.0,"turns":4.0},{"damage":1.0,"enemies":"Gremlin Leader","floor":23.0,"turns":12.0},{"damage":0.0,"enemies":"Replay:Snechameleon","floor":25.0,"turns":10.0},{"damage":2.0,"enemies":"Shell Parasite","floor":27.0,"turns":5.0},{"damage":0.0,"enemies":"3 Cultists","floor":28.0,"turns":5.0},{"damage":1.0,"enemies":"Book of Stabbing","floor":30.0,"turns":9.0},{"damage":5.0,"enemies":"Snake Plant","floor":31.0,"turns":6.0},{"damage":2.0,"enemies":"Champ","floor":33.0,"turns":14.0},{"damage":1.0,"enemies":"3 Shapes","floor":35.0,"turns":7.0},{"damage":2.0,"enemies":"Orb Walker","floor":38.0,"turns":6.0},{"damage":0.0,"enemies":"Reptomancer","floor":40.0,"turns":7.0},{"damage":0.0,"enemies":"HollowMod:StalkingDevout","floor":42.0,"turns":8.0},{"damage":0.0,"enemies":"Giant Head","floor":46.0,"turns":10.0},{"damage":0.0,"enemies":"Reptomancer","floor":48.0,"turns":6.0},{"damage":0.0,"enemies":"Replay:Hell Engine","floor":50.0,"turns":7.0},{"damage":0,"enemies":"Shield and Spear","floor":55,"turns":8},{"damage":4,"enemies":"The Heart","floor":56,"turns":10}],"seed_played":"-4021542024115627371","potions_obtained":[{"floor":3.0,"key":"Swift Potion"},{"floor":10.0,"key":"GamblersBrew"},{"floor":11.0,"key":"Swift Potion"},{"floor":13.0,"key":"ElixirPotion"},{"floor":16.0,"key":"Adrenaline Potion"},{"floor":18.0,"key":"Strength Potion"},{"floor":25.0,"key":"Weak Potion"},{"floor":28.0,"key":"AttackPotion"},{"floor":42.0,"key":"ColorlessPotion"},{"floor":48.0,"key":"DuplicationPotion"}],"is_trial":false,"path_per_floor":["M","?","M","M","$","R","E","?","T","M","E","M","E","M","R","B",null,"M","?","?","$","?","E","R","E","T","M","M","R","E","M","R","B",null,"M","?","?","M","$","E","R","E","T","$","R","E","?","E","R","B",null,null,"R","$","E","B",null],"character_chosen":"IRONCLAD","items_purchased":["Purity","Membership Card","Burning Pact","Poisoned Strike","HeartOfIron"],"campfire_rested":1,"item_purchase_floors":[21,39,39,54,54],"current_hp_per_floor":[59,59,64,63,63,63,30,30,30,34,19,25,15,15,39,16,80,75,75,40,40,40,40,40,40,40,40,40,40,47,47,47,47,47,47,47,47,47,47,47,47,47,47,47,47,47,47,47,47,47,47,47,47,47,47,47],"gold":41,"neow_bonus":"ONE_RARE_RELIC","is_daily":false,"chose_seed":false,"campfire_upgraded":7,"win_rate":0.0,"timestamp":1611065127,"path_taken":["M","?","?","M","?","R","E","?","T","M","E","M","E","M","R","BOSS","M","?","?","$","?","E","R","E","T","M","?","R","E","M","R","BOSS","M","?","?","?","$","E","R","E","T","$","R","E","?","E","R","BOSS","R","$","E","BOSS"],"items_purchased_type":["Card","Relic","Card","Card","Potion"],"build_version":"2020-12-22","purchased_purges":4,"victory":true,"max_hp_per_floor":[80,80,80,80,80,80,80,80,80,80,80,80,80,80,80,80,80,80,80,40,40,40,40,40,40,40,40,40,40,47,47,47,47,47,47,47,47,47,47,47,47,47,47,47,47,47,47,47,47,47,47,47,47,47,47,47],"card_choices":[{"not_picked":["Armaments","Hemokinesis"],"picked":"Ghostly Armor","floor":1.0},{"not_picked":["Armaments","Pummel"],"picked":"Body Slam","floor":3.0},{"not_picked":["Pommel Strike","Shockwave"],"picked":"Havoc","floor":4.0},{"not_picked":["Reckless Charge","Warcry"],"picked":"Whirlwind","floor":7.0},{"not_picked":["Burning Pact","Clothesline"],"picked":"Battle Trance","floor":10.0},{"not_picked":["Eclipse","Burning Pact"],"picked":"Second Wind","floor":11.0},{"not_picked":["Anger","Whirlwind","ReplayTheSpireMod:LeadingStrike"],"picked":"SKIP","floor":12.0},{"not_picked":["Cleave","ReplayTheSpireMod:Strike From Hell"],"picked":"Wild Strike","floor":13.0},{"not_picked":["Warcry","Metallicize"],"picked":"True Grit","floor":14.0},{"not_picked":["Berserk","Limit Break"],"picked":"Barricade","floor":16.0},{"not_picked":["ReplayTheSpireMod:Muscle Training","ReplayTheSpireMod:Strike From Hell"],"picked":"Wild Strike","floor":18.0},{"not_picked":["Dark Embrace","Havoc","Run Through"],"picked":"SKIP","floor":23.0},{"not_picked":["Clash","Bludgeon","Body Slam"],"picked":"SKIP","floor":25.0},{"not_picked":["Headbutt+1","ReplayTheSpireMod:Strike From Hell+1"],"picked":"Abandon","floor":27.0},{"not_picked":["Spot Weakness+1","Replay:Undeath\u0027s Touch","Thunderclap"],"picked":"SKIP","floor":28.0},{"not_picked":["Heavy Blade","Sword Boomerang","Anger"],"picked":"SKIP","floor":30.0},{"not_picked":["Clothesline","Sword Boomerang","Run Through"],"picked":"SKIP","floor":31.0},{"not_picked":["Run Through","Replay:Undeath\u0027s Touch+1"],"picked":"Armaments+1","floor":35.0},{"not_picked":["Panacea","ReplayTheSpireMod:Private Reserves"],"picked":"Purity","floor":37.0},{"not_picked":["Replay:Undeath\u0027s Touch+1","Body Slam+1"],"picked":"Warcry+1","floor":38.0},{"not_picked":["Headbutt+1","Sword Boomerang+1"],"picked":"Flame Barrier","floor":40.0},{"not_picked":["True Grit","Perfected Strike","Corruption"],"picked":"SKIP","floor":42.0},{"not_picked":["True Grit","Perfected Strike","Corruption"],"picked":"SKIP","floor":42.0},{"not_picked":["Wild Strike+1","Iron Wave"],"picked":"Feel No Pain+1","floor":46.0},{"not_picked":["Flex+1","Clothesline+1","Perfected Strike+1"],"picked":"SKIP","floor":48.0},{"not_picked":["Infernal Blade","Ghostly Armor+1","Fire Breathing"],"picked":"SKIP","floor":55}],"player_experience":87279,"relics_obtained":[{"floor":7.0,"key":"Shuriken"},{"floor":11.0,"key":"ReplayFunnel"},{"floor":13.0,"key":"Counterbalance"},{"floor":23.0,"key":"Replay:Accelerometer"},{"floor":25.0,"key":"Du-Vu Doll"},{"floor":26.0,"key":"Whetstone"},{"floor":30.0,"key":"Strawberry"},{"floor":40.0,"key":"Juzu Bracelet"},{"floor":42.0,"key":"Replay:Bottled Flurry"},{"floor":43.0,"key":"PreservedInsect"},{"floor":46.0,"key":"Anchor"},{"floor":48.0,"key":"Happy Flower"},{"floor":55,"key":"White Beast Statue"}],"event_choices":[{"cards_removed":["Strike_R"],"damage_healed":0.0,"max_hp_gain":0.0,"max_hp_loss":0.0,"gold_gain":0.0,"event_name":"Bonfire Elementals","player_choice":"Offered Basic","floor":2.0,"gold_loss":0.0,"damage_taken":0.0},{"damage_healed":0.0,"max_hp_gain":0.0,"max_hp_loss":0.0,"gold_gain":0.0,"event_name":"WeMeetAgain","player_choice":"Ignored","floor":8.0,"gold_loss":0.0,"damage_taken":0.0},{"cards_removed":["Strike_R"],"damage_healed":0.0,"max_hp_gain":0.0,"max_hp_loss":0.0,"gold_gain":0.0,"event_name":"Beggar","player_choice":"Gave Gold","floor":19.0,"gold_loss":75.0,"damage_taken":0.0},{"damage_healed":0.0,"max_hp_gain":0.0,"max_hp_loss":40.0,"gold_gain":0.0,"event_name":"Ghosts","player_choice":"Became a Ghost","floor":20.0,"gold_loss":0.0,"damage_taken":0.0,"cards_obtained":["Ghostly","Ghostly","Ghostly","Ghostly","Ghostly"]},{"damage_healed":0.0,"max_hp_gain":0.0,"max_hp_loss":0.0,"gold_gain":0.0,"cards_transformed":["True Grit","Wild Strike"],"event_name":"Drug Dealer","player_choice":"Became Test Subject","floor":22.0,"gold_loss":0.0,"damage_taken":0.0,"cards_obtained":["Disarm","Dark Embrace"]},{"damage_healed":0.0,"max_hp_gain":0.0,"max_hp_loss":0.0,"gold_gain":0.0,"event_name":"Tomb of Lord Red Mask","player_choice":"Ignored","floor":36.0,"gold_loss":0.0,"damage_taken":0.0},{"damage_healed":0.0,"max_hp_gain":0.0,"max_hp_loss":0.0,"gold_gain":0.0,"event_name":"SensoryStone","player_choice":"Memory 1","floor":37.0,"gold_loss":0.0,"damage_taken":0.0},{"cards_removed":["Whirlwind"],"damage_healed":0.0,"max_hp_gain":0.0,"max_hp_loss":0.0,"gold_gain":0.0,"event_name":"Purifier","player_choice":"Purged","floor":47.0,"gold_loss":0.0,"damage_taken":0.0}],"is_beta":false,"boss_relics":[{"not_picked":["Electric Blood","Honey Jar"],"picked":"Ooze Armor"},{"not_picked":["Fusion Hammer","Replay:Grab Bag"],"picked":"Mark of Pain"}],"items_purged_floors":[5,21,39,44],"is_endless":false,"potions_floor_spawned":[3,10,11,13,16,18,25,28,31,42,48,55],"ascension_level":1}}