{"host":"adwb2ruopzukhsjf","time":1611058098,"event":{"mods":["Act Like it!","Aspiration","BaseMod","Decade(王小明)","Downfall","Gensokyo","Marisa（F雨　魔理沙）","Minty Spire (QoL Compilation)","MostiFishMod","Reimu（博丽灵梦）","Remilia（蕾米莉亚）","Spicy Shops","StSLib","The Servant 0.9.4","Waifu the Spire","WarShipGirlsR/战舰少女R mod","Youmu（魂魄妖梦）"],"gold_per_floor":[99,99,24,24,40,40,112,112,112,112],"floor_reached":8,"language":"ZHS","playtime":321,"items_purged":[],"score":42,"play_id":"66db7ab1-b219-4b64-a5fa-1f98a66ca148","local_time":"20210119200818","is_ascension_mode":false,"campfire_choices":[{"floor":1.0,"key":"RECALL"}],"circlet_count":0,"master_deck":["champ:Strike","champ:Strike","champ:Strike","champ:Strike","champ:Defend","champ:Defend","champ:Defend","champ:Execute","champ:Taunt","champ:TornadoPunch","champ:GladiatorStyle","champ:CrookedStrike","champ:RecklessLeap"],"relics":["champ:ChampionCrown","DaveBox","HereWithMe","downfall:HeartsMalice","BionicSphere"],"acts_visited":["Exordium"],"potions_floor_usage":[],"damage_taken":[{"damage":0.0,"enemies":"2 Louse","floor":2.0,"turns":1.0},{"damage":0.0,"enemies":"downfall:FleeingMerchant","floor":3.0,"turns":1.0},{"damage":0.0,"enemies":"Cultist","floor":4.0,"turns":1.0},{"damage":5.0,"enemies":"Jaw Worm","floor":5.0,"turns":2.0},{"damage":0,"enemies":"3 Sentries","floor":8,"turns":1}],"seed_played":"-4638129956354938357","potions_obtained":[{"floor":5.0,"key":"FearPotion"}],"is_trial":false,"path_per_floor":["R","M","$","M","M","?","T","E"],"character_chosen":"THE_CHAMP","items_purchased":["BionicSphere"],"campfire_rested":0,"item_purchase_floors":[3],"current_hp_per_floor":[90,90,90,90,90,90,90,90,90,90],"gold":112,"neow_bonus":"THREE_ENEMY_KILL","is_daily":false,"chose_seed":false,"campfire_upgraded":0,"win_rate":0.0,"timestamp":1611058098,"path_taken":["R","M","$","M","M","?","T","E"],"items_purchased_type":["Relic"],"build_version":"2020-12-22","purchased_purges":0,"victory":false,"max_hp_per_floor":[90,90,90,90,90,90,90,90,90,90],"card_choices":[{"not_picked":["champ:GladiatorsShout","champ:FlashCut"],"picked":"champ:TornadoPunch","floor":2.0},{"not_picked":["champ:CrookedStrike","champ:PerfectedStrike"],"picked":"champ:GladiatorStyle","floor":3.0},{"not_picked":["champ:Encircle","champ:Shatter"],"picked":"champ:CrookedStrike","floor":4.0},{"not_picked":["champ:BladeFlurry","champ:Haymaker"],"picked":"champ:RecklessLeap","floor":5.0}],"player_experience":119301,"relics_obtained":[],"event_choices":[{"cards_removed":["champ:Defend"],"damage_healed":0.0,"max_hp_gain":0.0,"max_hp_loss":0.0,"gold_gain":0.0,"event_name":"Bonfire Elementals","player_choice":"Offered Basic","floor":6.0,"gold_loss":0.0,"damage_taken":0.0}],"is_beta":false,"boss_relics":[],"items_purged_floors":[],"is_endless":false,"potions_floor_spawned":[5],"killed_by":"3 Sentries","ascension_level":0}}