{"host":"atu1skz5iq69e5lr","time":1611096821,"event":{"mods":["AchievementEnabler","Aspiration","BaseMod","Better Third Choice","Colored Map","Evolution","Friendly Minions","Highlight Path","Infinite Spire","Keyboard Shortcuts","Lobotomy","Minty Spire (QoL Compilation)","Replay The Spire","Shop Mod","StSLib"],"gold_per_floor":[114,114,134,134,134,165,183,193,193,215,215,243,255,273,273,372,372,383,396,410,410,421,431,356,374,423,423,443,383,383,418,418,523,523,574,628,628,118,144,144,194,194,194],"floor_reached":42,"language":"ENG","playtime":3071,"items_purged":["Strike_G","Strike_G"],"score":682,"play_id":"654b795e-baef-46f6-9c00-f6fd29d794ff","local_time":"20210119235341","is_ascension_mode":false,"campfire_choices":[{"floor":15,"key":"DIG"},{"floor":27,"key":"REST"},{"data":"Envenom","floor":32,"key":"SMITH"},{"floor":40,"key":"REST"}],"circlet_count":0,"master_deck":["Strike_G","Strike_G+1","Defend_G","Defend_G","Defend_G","Defend_G","Defend_G","Survivor","Neutralize+1","MeatLantern","Poisoned Stab","ReplayTheSpireMod:Speed Training","ShyLook","Adrenaline","Blade Dance","Venomology","DespairKnight","infinitespire:Execution","Blade Dance+1","Envenom+1","Tactician+1","Terror+1","GalaxyChild","Infinite Blades","Bullet Time","Madness","Madness"],"relics":["Ring of the Snake","EVO:Axolotl","CogitoBucket","infinitespire:Satchel","Shuriken","Odd Mushroom","Replay:PocketPolymizer","ResearcherNote","PreservedInsect","HoveringKite","AdjustmentMirror","BargainBundle","WristBlade","Replay:Wax Seal","Question Card","SacredBark","infinitespire:EvilPickle","ChangeAnything","AtMidnight","Matryoshka","Lantern","Tough Bandages"],"acts_visited":["Exordium","TheCity","TheBeyond"],"potions_floor_usage":[6,10,16,18,20,20,20,22,23,23,25,28,33,33,35,36,39,41,42],"damage_taken":[{"damage":0,"enemies":"Jaw Worm","floor":1,"turns":5},{"damage":0,"enemies":"2 Louse","floor":3,"turns":3},{"damage":58,"enemies":"Lagavulin","floor":6,"turns":15},{"damage":0,"enemies":"Cultist","floor":7,"turns":4},{"damage":0,"enemies":"2 Fungi Beasts","floor":8,"turns":4},{"damage":0,"enemies":"The Mushroom Lair","floor":10,"turns":7},{"damage":0,"enemies":"Gremlin Nob","floor":12,"turns":6},{"damage":3,"enemies":"Large Slime","floor":13,"turns":8},{"damage":0,"enemies":"3 Louse","floor":14,"turns":4},{"damage":0,"enemies":"Hexaghost","floor":16,"turns":11},{"damage":21,"enemies":"Spheric Guardian","floor":18,"turns":7},{"damage":0,"enemies":"Shell Parasite","floor":19,"turns":10},{"damage":28,"enemies":"3 Cultists","floor":20,"turns":8},{"damage":8,"enemies":"Centurion and Healer","floor":22,"turns":6},{"damage":0,"enemies":"Snake Plant","floor":23,"turns":2},{"damage":1,"enemies":"Cultist and Chosen","floor":25,"turns":4},{"damage":30,"enemies":"Sentry and Sphere","floor":28,"turns":4},{"damage":0,"enemies":"Sentry and Sphere","floor":28,"turns":1},{"damage":0,"enemies":"Gremlin Leader","floor":31,"turns":2},{"damage":36,"enemies":"Pondfish","floor":33,"turns":6},{"damage":0,"enemies":"3 Darklings","floor":35,"turns":3},{"damage":10,"enemies":"3 Shapes","floor":36,"turns":3},{"damage":20,"enemies":"Maw","floor":39,"turns":5},{"damage":16,"enemies":"Mind Bloom Boss Battle","floor":41,"turns":5},{"damage":40,"enemies":"4 Shapes","floor":42,"turns":1}],"seed_played":"6808276997838074667","potions_obtained":[{"floor":3,"key":"Block Potion"},{"floor":6,"key":"Flashbang"},{"floor":10,"key":"Elixir"},{"floor":13,"key":"Block Potion"},{"floor":16,"key":"AttackPotion"},{"floor":20,"key":"LiquidMemories"},{"floor":22,"key":"EssenceOfSteel"},{"floor":23,"key":"LiquidBronze"},{"floor":31,"key":"Cursed Concoction"},{"floor":39,"key":"Venom Potion"},{"floor":41,"key":"Reflective Coating"}],"is_trial":false,"path_per_floor":["M","?","M","?","?","E","M","M","T","?","?","E","M","M","R_BF","B",null,"M","M","M","AVR","M","M","$","M","T","R","M","?","?","E","R","B",null,"M","M","?","$","M","R","?","M"],"character_chosen":"THE_SILENT","items_purchased":["Matryoshka","Lantern"],"campfire_rested":2,"item_purchase_floors":[38,38],"current_hp_per_floor":[70,70,70,70,70,12,12,12,12,12,12,12,9,9,9,9,70,49,49,21,21,13,13,13,12,12,33,51,51,51,51,51,15,70,70,60,51,51,31,52,36,0,0],"gold":194,"neow_bonus":"","is_daily":false,"chose_seed":false,"campfire_upgraded":1,"win_rate":0.0,"timestamp":1611096821,"path_taken":["M","?","M","?","?","E","?","M","T","?","?","E","M","M","R_BF","BOSS","M","M","M","AVR","M","M","$","?","T","R","M","?","?","E","R","BOSS","M","M","?","$","M","R","?","M"],"items_purchased_type":["Relic","Card"],"build_version":"2020-12-22","purchased_purges":2,"victory":false,"max_hp_per_floor":[70,70,70,70,70,70,70,70,70,70,70,70,70,70,70,70,70,70,70,70,70,70,70,70,70,70,70,70,70,70,70,70,70,70,70,70,70,70,70,70,70,70,70],"card_choices":[{"not_picked":["PunishingBird","ShyLook"],"picked":"MeatLantern","floor":1},{"not_picked":["Dodge and Roll","Slice","Sucker Punch"],"picked":"SKIP","floor":1},{"not_picked":["After Image","Hidden Blade","Outmaneuver"],"picked":"SKIP","floor":3},{"not_picked":["Terror","Dodge and Roll"],"picked":"Poisoned Stab","floor":6},{"not_picked":["Quick Slash","ReplayTheSpireMod:Scrap Shanks"],"picked":"ReplayTheSpireMod:Speed Training","floor":7},{"not_picked":["Skewer","Deflect","Dagger Spray"],"picked":"SKIP","floor":8},{"not_picked":["BeautyBeast","VoidDream"],"picked":"ShyLook","floor":10},{"not_picked":["Calculated Gamble","Finisher"],"picked":"Adrenaline","floor":12},{"not_picked":["Flechettes","Backflip"],"picked":"Blade Dance","floor":13},{"not_picked":["Prepared","Dodge and Roll","Malaise"],"picked":"SKIP","floor":14},{"not_picked":["ReplayTheSpireMod:Necrosis","Glass Knife"],"picked":"Venomology","floor":16},{"not_picked":["Alriune","HeroicMonk"],"picked":"DespairKnight","floor":16},{"not_picked":["PiercingWail","Backflip","Fluid Movement"],"picked":"SKIP","floor":18},{"not_picked":["Dagger Spray","Outmaneuver","Deadly Poison+1"],"picked":"SKIP","floor":19},{"not_picked":["Dagger Spray","Outmaneuver","Deadly Poison+1"],"picked":"SKIP","floor":19},{"not_picked":["Dodge and Roll","Dagger Throw","Sucker Punch"],"picked":"SKIP","floor":20},{"not_picked":["Riddle With Holes","Footwork"],"picked":"Blade Dance+1","floor":22},{"not_picked":["SingingMachine","BlackSwan"],"picked":"Yin","floor":22},{"not_picked":["Dash","Hidden Blade"],"picked":"Envenom","floor":23},{"not_picked":["ReplayTheSpireMod:Scrap Shanks","Dagger Spray"],"picked":"Tactician+1","floor":25},{"not_picked":["Deflect","Adrenaline"],"picked":"Terror+1","floor":28},{"not_picked":["Murderer","Woodsman"],"picked":"GalaxyChild","floor":28},{"not_picked":["Draining Mist","Outmaneuver"],"picked":"Infinite Blades","floor":31},{"not_picked":["Glass Knife","aspiration:Lunge","Malaise"],"picked":"Bullet Time","floor":33},{"not_picked":["Masterful Stab","Sucker Punch+1","Draining Mist","Deadly Poison"],"picked":"SKIP","floor":35},{"not_picked":["Blade Dance+1","Masterful Stab+1","Terror+1","Toxin Wave+1"],"picked":"SKIP","floor":36},{"not_picked":["Backflip","Terror+1","Tactician+1","Outmaneuver"],"picked":"SKIP","floor":39}],"player_experience":4248,"relics_obtained":[{"floor":6,"key":"infinitespire:Satchel"},{"floor":9,"key":"Shuriken"},{"floor":10,"key":"Odd Mushroom"},{"floor":12,"key":"Replay:PocketPolymizer"},{"floor":15,"key":"PreservedInsect"},{"floor":26,"key":"Replay:Wax Seal"},{"floor":31,"key":"Question Card"},{"floor":35,"key":"AtMidnight"},{"floor":41,"key":"Tough Bandages"}],"event_choices":[{"damage_healed":0,"gold_gain":0,"player_choice":"Ignored","damage_taken":114,"max_hp_gain":0,"max_hp_loss":0,"event_name":"betterThird:BetterSerpent","floor":2,"gold_loss":0},{"damage_healed":0,"gold_gain":0,"player_choice":"Grow","damage_taken":0,"max_hp_gain":0,"max_hp_loss":0,"event_name":"Living Wall","floor":4,"gold_loss":0,"cards_upgraded":["Neutralize"]},{"cards_removed":["Strike_G"],"damage_healed":0,"gold_gain":0,"player_choice":"Offered Basic","damage_taken":0,"max_hp_gain":0,"max_hp_loss":0,"event_name":"Bonfire Elementals","floor":5,"gold_loss":0},{"damage_healed":0,"gold_gain":0,"player_choice":"Fought Mushrooms","damage_taken":0,"max_hp_gain":0,"max_hp_loss":0,"event_name":"Mushrooms","floor":10,"gold_loss":0},{"damage_healed":0,"gold_gain":0,"player_choice":"Ignored","damage_taken":0,"max_hp_gain":0,"max_hp_loss":0,"event_name":"NoteForYourself","floor":30,"gold_loss":0},{"damage_healed":0,"gold_gain":0,"player_choice":"Embrace Madness","damage_taken":9,"max_hp_gain":0,"max_hp_loss":0,"event_name":"Winding Halls","floor":37,"gold_loss":0,"cards_obtained":["Madness","Madness"]},{"damage_healed":0,"gold_gain":0,"player_choice":"Fight","damage_taken":0,"max_hp_gain":0,"max_hp_loss":0,"event_name":"MindBloom","floor":41,"gold_loss":0}],"is_beta":false,"boss_relics":[{"not_picked":["Kintsugi","Snecko Eye"],"picked":"HoveringKite"},{"not_picked":["aspiration:FutureDiary","Ring of Chaos"],"picked":"SacredBark"}],"items_purged_floors":[24,38],"is_endless":false,"potions_floor_spawned":[3,6,10,13,16,20,22,23,31,39,41],"killed_by":"4 Shapes","ascension_level":0}}