{"host":"oje6be5eir840l9r","time":1611081122,"event":{"mods":["2.2 Compatiblity","Alarm Clock","BaseMod","Bestiary","Colored Map","DeckTracker","Downfall","Highlight Path","Minty Spire (QoL Compilation)","Random Character Button","Rare Cards Sparkle","StSLib","The Animator","The Jungle"],"gold_per_floor":[117,135,89,89,101,101,120,120,120,120,120,120,120,147,147,257,257,274,285,130,130,90,90,125,125,125],"floor_reached":25,"language":"POL","playtime":3907,"items_purged":["Shame"],"score":242,"play_id":"512a20cd-8892-4e8a-bb84-0d44f253c1e8","local_time":"20210119193202","is_ascension_mode":false,"campfire_choices":[{"data":"animator:DolaSchwi","floor":6.0,"key":"SMITH"},{"data":"animator:DolaStephanie","floor":10.0,"key":"SMITH"},{"data":"animator:DolaCouronne","floor":13.0,"key":"SMITH"},{"data":"animator:DolaRiku","floor":15.0,"key":"SMITH"},{"floor":23.0,"key":"REST"}],"circlet_count":0,"master_deck":["animator:Strike_Konosuba+1","animator:Defend_Konosuba","animator:Strike+1","animator:Strike","animator:Strike+1","animator:Defend","animator:Defend","animator:Defend+1","animator:Kazuma+1","animator:Aqua","animator:DolaCouronne+1","animator:Sebas","animator:DolaSchwi+1","animator:IzunaHatsuse","animator:DolaStephanie+1","CurseOfTheBell","animator:DolaRiku+1","animator:GoblinSlayer","animator:Shalltear","animator:NarberalGamma+1","animator:DolaCouronne"],"relics":["animator:LivingPicture","animator:TheMissingPiece","NeowsBlessing","Pantograph","HornCleat","Calling Bell","Nunchaku","Frozen Egg 2","Mango","Tiny Chest","Cursed Key","Whetstone"],"acts_visited":["Exordium","TheCity"],"potions_floor_usage":[],"damage_taken":[{"damage":0.0,"enemies":"Cultist","floor":1.0,"turns":1.0},{"damage":0.0,"enemies":"2 Louse","floor":2.0,"turns":1.0},{"damage":0.0,"enemies":"Small Slimes","floor":5.0,"turns":1.0},{"damage":5.0,"enemies":"Exordium Thugs","floor":7.0,"turns":7.0},{"damage":21.0,"enemies":"Lagavulin","floor":14.0,"turns":8.0},{"damage":33.0,"enemies":"Slime Boss","floor":16.0,"turns":12.0},{"damage":0.0,"enemies":"Shell Parasite","floor":18.0,"turns":7.0},{"damage":10.0,"enemies":"Spheric Guardian","floor":19.0,"turns":6.0},{"damage":18.0,"enemies":"Book of Stabbing","floor":24.0,"turns":6.0}],"seed_played":"215190287188638000","potions_obtained":[{"floor":5.0,"key":"sneckomod:MuddlingPotion"},{"floor":7.0,"key":"AttackPotion"},{"floor":14.0,"key":"PowerPotion"},{"floor":24.0,"key":"animator:FalseLifePotion"}],"is_trial":false,"path_per_floor":["M","M","$","?","M","R","M","?","T","R","?","$","R","E","R","B",null,"M","M","$","?","?","R","E","R"],"character_chosen":"THE_ANIMATOR","items_purchased":["animator:DolaSchwi","animator:NarberalGamma"],"campfire_rested":1,"item_purchase_floors":[3,20],"current_hp_per_floor":[66,66,66,59,59,59,56,43,43,43,57,57,57,38,38,32,80,80,70,70,55,55,80,62,62,62],"gold":125,"neow_bonus":"THREE_ENEMY_KILL","is_daily":false,"chose_seed":false,"campfire_upgraded":4,"win_rate":0.0,"timestamp":1611081122,"path_taken":["M","M","$","?","M","R","M","?","T","R","?","$","R","E","R","BOSS","M","M","$","?","?","R","E","R"],"items_purchased_type":["Card","Card"],"build_version":"2020-12-22","purchased_purges":1,"victory":false,"max_hp_per_floor":[66,66,66,66,66,66,66,66,66,66,80,80,80,80,80,80,80,80,80,80,85,85,85,85,85,85],"card_choices":[{"not_picked":["animator:LizardPriest","animator:SilverFang"],"picked":"animator:DolaCouronne","floor":1.0},{"not_picked":["animator:Priestess","animator:Ainz"],"picked":"animator:Sebas","floor":2.0},{"not_picked":["animator:Chung","animator:Guy"],"picked":"animator:IzunaHatsuse","floor":5.0},{"not_picked":["animator:DolaSchwi","animator:Jibril"],"picked":"animator:DolaStephanie","floor":7.0},{"not_picked":["animator:Genos","animator:Darkness+1"],"picked":"animator:DolaRiku","floor":14.0},{"not_picked":["animator:Shiro+1","animator:Elesis"],"picked":"animator:GoblinSlayer","floor":16.0},{"not_picked":["animator:Mitsurugi","animator:Aqua+1"],"picked":"animator:Shalltear","floor":18.0},{"not_picked":["animator:Geryuganshoop","animator:Viivi","animator:Raven"],"picked":"SKIP","floor":19.0},{"not_picked":["animator:ChlammyZell","animator:DolaRiku"],"picked":"animator:DolaCouronne","floor":24.0}],"player_experience":44262,"relics_obtained":[{"floor":9.0,"key":"HornCleat"},{"floor":11.0,"key":"Nunchaku"},{"floor":11.0,"key":"Frozen Egg 2"},{"floor":11.0,"key":"Mango"},{"floor":14.0,"key":"Tiny Chest"},{"floor":24.0,"key":"Whetstone"}],"event_choices":[{"damage_healed":0.0,"max_hp_gain":0.0,"max_hp_loss":0.0,"gold_gain":0.0,"event_name":"Scrap Ooze","player_choice":"Success","floor":4.0,"gold_loss":0.0,"damage_taken":7.0,"relics_obtained":["Pantograph"]},{"damage_healed":0.0,"max_hp_gain":0.0,"max_hp_loss":0.0,"gold_gain":0.0,"event_name":"Shining Light","player_choice":"Entered Light","floor":8.0,"gold_loss":0.0,"damage_taken":13.0,"cards_upgraded":["animator:Strike_Konosuba","animator:Kazuma"]},{"damage_healed":0.0,"max_hp_gain":5.0,"max_hp_loss":0.0,"gold_gain":0.0,"event_name":"Forgotten Altar","player_choice":"Shed Blood","floor":21.0,"gold_loss":0.0,"damage_taken":20.0},{"damage_healed":0.0,"max_hp_gain":0.0,"max_hp_loss":0.0,"gold_gain":0.0,"event_name":"Designer","player_choice":"Upgraded Two","floor":22.0,"gold_loss":40.0,"damage_taken":0.0,"cards_upgraded":["animator:Defend","animator:NarberalGamma"]}],"is_beta":false,"boss_relics":[{"not_picked":["SlaversCollar","Ectoplasm"],"picked":"Cursed Key"}],"items_purged_floors":[20],"is_endless":false,"potions_floor_spawned":[5,7,14,24],"ascension_level":0}}