{"host":"zk71suw73lg2r165","time":1611084695,"event":{"mods":["BaseMod","Colored Map","Minty Spire (QoL Compilation)","Permanent Neow","Relic Stats","StSLib"],"gold_per_floor":[114,114,130,143,158,202,202,236,236,236,236],"floor_reached":10,"language":"ENG","playtime":336,"items_purged":[],"score":156,"play_id":"5e676b0f-7d67-4e87-860c-39748fec65f4","local_time":"20210119143135","is_ascension_mode":true,"campfire_choices":[{"data":"Dash","floor":7,"key":"SMITH"}],"circlet_count":0,"master_deck":["AscendersBane","Strike_G","Strike_G","Strike_G","Strike_G","Strike_G","Defend_G","Defend_G","Defend_G","Defend_G","Defend_G","Survivor","Neutralize","Die Die Die","Flying Knee","Dash+1","Die Die Die","Leg Sweep","Escape Plan"],"relics":["Ring of the Snake","Golden Idol","Omamori","Singing Bowl"],"acts_visited":["Exordium"],"potions_floor_usage":[10],"damage_taken":[{"damage":4,"enemies":"Small Slimes","floor":1,"turns":3},{"damage":1,"enemies":"Cultist","floor":3,"turns":4},{"damage":0,"enemies":"2 Louse","floor":4,"turns":1},{"damage":0,"enemies":"Lots of Slimes","floor":5,"turns":2},{"damage":7,"enemies":"3 Sentries","floor":6,"turns":7},{"damage":27,"enemies":"Lagavulin","floor":8,"turns":10},{"damage":28,"enemies":"Gremlin Nob","floor":10,"turns":3}],"seed_played":"6224208427833372690","potions_obtained":[{"floor":1,"key":"LiquidBronze"},{"floor":6,"key":"GamblersBrew"}],"is_trial":false,"path_per_floor":["M","?","M","M","M","E","R","E","T","E"],"character_chosen":"THE_SILENT","items_purchased":[],"campfire_rested":0,"item_purchase_floors":[],"current_hp_per_floor":[55,55,54,54,54,47,47,22,22,0,0],"gold":236,"neow_bonus":"ONE_RANDOM_RARE_CARD","is_daily":false,"chose_seed":false,"campfire_upgraded":1,"win_rate":0.0,"timestamp":1611084695,"path_taken":["M","?","M","M","M","E","R","E","T","E"],"items_purchased_type":[],"build_version":"2020-12-22","purchased_purges":0,"victory":false,"max_hp_per_floor":[66,60,60,60,60,60,60,62,62,62,62],"relic_stats":{"Singing Bowl":2,"counters":[7,30],"Golden Idol":25,"obtain_stats":[{"Singing Bowl":8,"Golden Idol":2,"Omamori":6,"Ring of the Snake":0},{"Singing Bowl":6,"Golden Idol":1,"Omamori":5,"Ring of the Snake":0},{"Singing Bowl":27,"Golden Idol":3,"Omamori":17,"Ring of the Snake":0}],"Ring of the Snake":[14]},"card_choices":[{"not_picked":["Concentrate","Prepared"],"picked":"Flying Knee","floor":1},{"not_picked":["Slice","Bane"],"picked":"Dash","floor":3},{"not_picked":["Quick Slash","Outmaneuver"],"picked":"Die Die Die","floor":4},{"not_picked":["Underhanded Strike","Distraction"],"picked":"Leg Sweep","floor":5},{"not_picked":["Endless Agony","All Out Attack"],"picked":"Escape Plan","floor":6},{"not_picked":["Dodge and Roll","Dash","Cloak And Dagger"],"picked":"Singing Bowl","floor":8}],"player_experience":1349046,"relics_obtained":[{"floor":6,"key":"Omamori"},{"floor":8,"key":"Singing Bowl"}],"event_choices":[{"damage_healed":0,"gold_gain":0,"player_choice":"Lose Max HP","damage_taken":0,"relics_obtained":["Golden Idol"],"max_hp_gain":0,"max_hp_loss":6,"event_name":"Golden Idol","floor":2,"gold_loss":0}],"is_beta":false,"boss_relics":[],"items_purged_floors":[],"is_endless":false,"potions_floor_spawned":[1,6,8],"killed_by":"Gremlin Nob","ascension_level":20}}