{"host":"cxvb37eaaiijvrl4","time":1611041247,"event":{"mods":["ATMod(阿瑾Mod)","BaseMod","Better Third Choice","Minty Spire (QoL Compilation)","MostiFishMod","Quick Restart","Rare Cards Sparkle","Shop Mod","Spicy Shops","StSLib","TestMod","Uncapped","残留之物"],"gold_per_floor":[119,133,133,148,73,101,157,185,185,210,210,224,224,239,239,314,314,328,342,342,59,59,89,109,141,141,167,167,199,113,131,131,202,202,212,212,227,127,142,172,172,203,226,226,226,249,303,12,12,148,296,296,296,71,234,250],"floor_reached":57,"language":"ZHS","playtime":2002,"items_purged":["Strike_P","Eruption"],"score":5787,"play_id":"29328c09-c3ca-4b3f-a929-3818b23f09d1","local_time":"20210118232727","is_ascension_mode":true,"campfire_choices":[{"data":"Eruption","floor":11.0,"key":"SMITH"},{"data":"Fasting2","floor":15.0,"key":"SMITH"},{"data":"MostiFishMod:Speedup","floor":28.0,"key":"SMITH"},{"data":"MostiFishMod:Adaptation","floor":32.0,"key":"SMITH"},{"data":"AT_DivineConfetti","floor":41.0,"key":"SMITH"},{"data":"AT_WindFlip","floor":44.0,"key":"SMITH"},{"floor":49.0,"key":"RECALL"},{"data":"Vigilance","floor":53.0,"key":"SMITH"}],"circlet_count":0,"master_deck":["AscendersBane","Eruption+1","Vigilance+1","AT_WindFlip+1","AT_DivineConfetti+1","Fasting2+1","DeusExMachina+1","Vault+1","MostiFishMod:Speedup+1","InnerPeace+1","MostiFishMod:Adaptation+1","Scrawl+1","MostiFishMod:PathToVictory+1","MostiFishMod:CyberBuddha+1","Madness+1","MostiFishMod:Adaptation"],"relics":["PureWater","testmod-TestBox","AT_ATBox","GuanYuAspect","testmod-AssaultLearning","NeowsBlessing","SynthV:TestCard","Kunai","PlaceholderMod:SoulofChaos","Toxic Egg 2","AT_BellowingDragoncrestRing","Strawberry","Philosopher\u0027s Stone","Civilization","StrikeDummy","CombinedTypeHook","Blood Vial","Meat on the Bone","Jackal-EndForJourney","DaveBox","GreenFoldingFan","AT_Kusabimaru","testmod-RainbowHikingShoes","testmod-Acrobat","Ginger","Membership Card","ImprovedEquipment","InkBottle","AT_SpeedBoots","AT_DeathDance"],"acts_visited":["Exordium","TheCity","TheBeyond","TheEnding"],"potions_floor_usage":[56,56],"damage_taken":[{"damage":0.0,"enemies":"Small Slimes","floor":1.0,"turns":1.0},{"damage":0.0,"enemies":"2 Louse","floor":2.0,"turns":1.0},{"damage":0.0,"enemies":"Cultist","floor":4.0,"turns":1.0},{"damage":30.0,"enemies":"Lagavulin","floor":6.0,"turns":6.0},{"damage":5.0,"enemies":"Gremlin Nob","floor":7.0,"turns":3.0},{"damage":0.0,"enemies":"Gremlin Nob","floor":8.0,"turns":3.0},{"damage":0.0,"enemies":"3 Sentries","floor":10.0,"turns":4.0},{"damage":0.0,"enemies":"3 Louse","floor":12.0,"turns":2.0},{"damage":0.0,"enemies":"2 Fungi Beasts","floor":14.0,"turns":2.0},{"damage":13.0,"enemies":"Hexaghost","floor":16.0,"turns":6.0},{"damage":17.0,"enemies":"Shell Parasite","floor":18.0,"turns":6.0},{"damage":13.0,"enemies":"Chosen","floor":19.0,"turns":4.0},{"damage":37.0,"enemies":"Slavers","floor":23.0,"turns":3.0},{"damage":0.0,"enemies":"Centurion and Healer","floor":24.0,"turns":2.0},{"damage":16.0,"enemies":"Book of Stabbing","floor":25.0,"turns":2.0},{"damage":0.0,"enemies":"Slavers","floor":27.0,"turns":2.0},{"damage":0.0,"enemies":"Book of Stabbing","floor":29.0,"turns":3.0},{"damage":0.0,"enemies":"Shelled Parasite and Fungi","floor":31.0,"turns":1.0},{"damage":0.0,"enemies":"Automaton","floor":33.0,"turns":2.0},{"damage":0.0,"enemies":"3 Darklings","floor":35.0,"turns":1.0},{"damage":2.0,"enemies":"3 Shapes","floor":37.0,"turns":1.0},{"damage":2.0,"enemies":"Writhing Mass","floor":39.0,"turns":1.0},{"damage":2.0,"enemies":"Reptomancer","floor":40.0,"turns":1.0},{"damage":2.0,"enemies":"Nemesis","floor":42.0,"turns":1.0},{"damage":2.0,"enemies":"Spire Growth","floor":46.0,"turns":1.0},{"damage":2.0,"enemies":"2 Orb Walkers","floor":47.0,"turns":1.0},{"damage":4.0,"enemies":"Time Eater","floor":50.0,"turns":2.0},{"damage":23.0,"enemies":"Awakened One","floor":51.0,"turns":3.0},{"damage":2.0,"enemies":"Shield and Spear","floor":55.0,"turns":1.0},{"damage":4,"enemies":"The Heart","floor":56,"turns":2}],"seed_played":"-3762353365540828333","potions_obtained":[{"floor":1.0,"key":"Dexterity Potion"},{"floor":6.0,"key":"Fire Potion"},{"floor":8.0,"key":"SteroidPotion"},{"floor":12.0,"key":"Ancient Potion"},{"floor":18.0,"key":"PowerPotion"},{"floor":24.0,"key":"PowerPotion"}],"is_trial":false,"path_per_floor":["M","M","?","M","$","E","?","E","T","E","R","M","?","M","R","B",null,"M","M","?","$","?","E","M","E","T","E","R","E","$","M","R","B",null,"M","?","M","$","M","E","R","E","T","R","?","M","?","$","R","B","B",null,"R","$","E","B",null],"character_chosen":"WATCHER","items_purchased":["Civilization","MostiFishMod:Speedup","InnerPeace+1","PlaceholderMod:PlaceholderPotion","Membership Card","ImprovedEquipment","InkBottle","AT_SpeedBoots","Madness+1"],"campfire_rested":0,"item_purchase_floors":[21,21,21,30,48,48,54,54,54],"current_hp_per_floor":[34,34,34,34,34,11,14,23,23,38,38,41,43,47,47,44,45,35,30,32,32,53,28,36,29,29,37,37,48,48,59,59,76,81,90,92,102,102,107,112,112,117,117,117,119,128,136,136,136,141,141,143,143,143,151,156],"gold":250,"neow_bonus":"THREE_ENEMY_KILL","is_daily":false,"chose_seed":false,"campfire_upgraded":7,"win_rate":0.0,"timestamp":1611041247,"path_taken":["M","M","?","M","$","E","?","E","T","E","R","M","?","?","R","BOSS","M","M","?","$","?","E","M","E","T","E","R","E","$","?","R","BOSS","M","?","M","$","M","E","R","E","T","R","?","?","?","$","R","BOSS","BOSS","R","$","E","BOSS"],"items_purchased_type":["Relic","Card","Card","Potion","Relic","Relic","Relic","Relic","Card"],"build_version":"2020-12-22","purchased_purges":2,"victory":true,"max_hp_per_floor":[34,34,34,34,34,34,34,34,34,41,41,41,44,47,47,47,47,47,47,50,50,53,56,61,66,66,71,71,76,76,84,84,89,89,94,97,102,102,107,112,112,117,117,117,120,128,136,136,136,141,146,146,146,146,151,156],"card_choices":[{"not_picked":["LikeWater","CrushJoints","BattleHymn"],"picked":"SKIP","floor":1.0},{"not_picked":["Crescendo","FlyingSleeves","CrushJoints","CutThroughFate","BowlingBash"],"picked":"SKIP","floor":2.0},{"not_picked":["InnerPeace","Prostrate","Protect","AT_RealColorLess"],"picked":"AT_DivineConfetti","floor":4.0},{"not_picked":["SashWhip","JustLucky","FollowUp","ClearTheMind","EmptyFist"],"picked":"SKIP","floor":6.0},{"not_picked":["ClearTheMind","CrushJoints","SandsOfTime","JustLucky"],"picked":"MostiFishMod:PathToVictory","floor":7.0},{"not_picked":["Collect+1","MostiFishMod:KamiSmash","LikeWater","PathToVictory+1"],"picked":"Fasting2","floor":8.0},{"not_picked":["ThirdEye+1","Weave","Consecrate","Evaluate+1","AT_SoftenMuscles+1"],"picked":"SKIP","floor":10.0},{"not_picked":["ForeignInfluence+1","PathToVictory+1","CutThroughFate","Study"],"picked":"DeusExMachina+1","floor":12.0},{"not_picked":["Crescendo+1","EmptyBody+1","Halt+1","PathToVictory+1","FlurryOfBlows"],"picked":"SKIP","floor":14.0},{"not_picked":["MostiFishMod:CyberBuddha+1","Judgement+1","Brilliance","MostiFishMod:KamiSmash"],"picked":"Vault+1","floor":16.0},{"not_picked":["WindmillStrike","PathToVictory+1","Swivel+1","Consecrate","Evaluate+1"],"picked":"SKIP","floor":18.0},{"not_picked":["Study","MostiFishMod:LegendTransform","CutThroughFate+1","Weave","PathToVictory+1"],"picked":"SKIP","floor":19.0},{"not_picked":["LikeWater+1","JustLucky","WheelKick","Pray+1","Evaluate+1"],"picked":"SKIP","floor":23.0},{"not_picked":["EmptyBody+1","FlyingSleeves","EmptyFist","Worship+1"],"picked":"EmptyMind+1","floor":24.0},{"not_picked":["Crescendo+1","MostiFishMod:Clarity+1","MasterReality","Protect+1","CutThroughFate"],"picked":"SKIP","floor":25.0},{"not_picked":["Indignation+1","FearNoEvil","EmptyFist","FlurryOfBlows","ClearTheMind+1"],"picked":"SKIP","floor":27.0},{"not_picked":["FlyingSleeves","MostiFishMod:Clarity+1","ThirdEye+1","BowlingBash","Crescendo+1"],"picked":"SKIP","floor":29.0},{"not_picked":["Vengeance+1","MostiFishMod:Clarity+1","ThirdEye+1","PathToVictory+1"],"picked":"MostiFishMod:Adaptation","floor":31.0},{"not_picked":["Ragnarok","AT_MachinaRedman+1","MostiFishMod:DisColor+1","Omniscience+1"],"picked":"Scrawl+1","floor":33.0},{"not_picked":["FollowUp+1","Consecrate","AT_SoftenMuscles+1","Halt+1","CutThroughFate+1"],"picked":"SKIP","floor":35.0},{"not_picked":["ClearTheMind+1","Halt+1","ThirdEye+1","SignatureMove","EmptyBody+1"],"picked":"SKIP","floor":37.0},{"not_picked":["CrushJoints+1","Weave+1","EmptyFist","Consecrate","Wallop"],"picked":"SKIP","floor":39.0},{"not_picked":["SandsOfTime","Perseverance+1","EmptyBody+1","FollowUp+1"],"picked":"MostiFishMod:PathToVictory+1","floor":40.0},{"not_picked":["FollowUp","Conclude","MostiFishMod:Moonprays+1","ThirdEye+1","Prostrate+1"],"picked":"SKIP","floor":42.0},{"not_picked":["CutThroughFate","FollowUp","EmptyBody+1","FlurryOfBlows+1","Pray+1"],"picked":"SKIP","floor":46.0},{"not_picked":["SashWhip+1","Evaluate+1","Crescendo+1","PathToVictory+1"],"picked":"MostiFishMod:CyberBuddha+1","floor":47.0},{"not_picked":["CrushJoints","Consecrate","MostiFishMod:Clarity+1","Weave"],"picked":"MostiFishMod:Adaptation","floor":55.0}],"player_experience":685324,"relics_obtained":[{"floor":1.0,"key":"SynthV:TestCard"},{"floor":6.0,"key":"Kunai"},{"floor":7.0,"key":"PlaceholderMod:SoulofChaos"},{"floor":8.0,"key":"Toxic Egg 2"},{"floor":9.0,"key":"AT_BellowingDragoncrestRing"},{"floor":10.0,"key":"Strawberry"},{"floor":23.0,"key":"StrikeDummy"},{"floor":25.0,"key":"CombinedTypeHook"},{"floor":27.0,"key":"Blood Vial"},{"floor":29.0,"key":"Meat on the Bone"},{"floor":40.0,"key":"AT_Kusabimaru"},{"floor":42.0,"key":"testmod-RainbowHikingShoes"},{"floor":43.0,"key":"testmod-Acrobat"},{"floor":47.0,"key":"Ginger"},{"floor":55.0,"key":"AT_DeathDance"}],"event_choices":[{"damage_healed":0.0,"max_hp_gain":0.0,"max_hp_loss":0.0,"gold_gain":0.0,"event_name":"betterThird:BetterSerpent","player_choice":"Ignored","floor":3.0,"gold_loss":0.0,"damage_taken":133.0},{"damage_healed":0.0,"max_hp_gain":0.0,"max_hp_loss":0.0,"gold_gain":0.0,"event_name":"Dead Adventurer","player_choice":"Searched \u00272\u0027 times","floor":7.0,"gold_loss":0.0,"damage_taken":0.0},{"cards_removed":["Defend_P"],"damage_healed":0.0,"max_hp_gain":0.0,"max_hp_loss":0.0,"gold_gain":0.0,"event_name":"Purifier","player_choice":"Purged","floor":13.0,"gold_loss":0.0,"damage_taken":0.0},{"damage_healed":0.0,"max_hp_gain":0.0,"max_hp_loss":6.0,"gold_gain":0.0,"event_name":"betterThird:BetterWriting","player_choice":"Materialism","floor":20.0,"gold_loss":0.0,"damage_taken":0.0},{"cards_removed":["MostiFishMod:PathToVictory"],"damage_healed":19.0,"max_hp_gain":0.0,"max_hp_loss":0.0,"gold_gain":0.0,"event_name":"Bonfire Elementals","player_choice":"Offered Uncommon","floor":22.0,"gold_loss":0.0,"damage_taken":0.0},{"damage_healed":0.0,"max_hp_gain":0.0,"max_hp_loss":0.0,"gold_gain":0.0,"event_name":"给自己的盒子","player_choice":"Swap Relic","floor":36.0,"relics_lost":["DaveBox"],"gold_loss":0.0,"damage_taken":0.0,"relics_obtained":["DaveBox"]},{"cards_removed":["EmptyMind"],"damage_healed":0.0,"max_hp_gain":0.0,"max_hp_loss":0.0,"gold_gain":0.0,"event_name":"Purifier","player_choice":"Purged","floor":45.0,"gold_loss":0.0,"damage_taken":0.0},{"damage_healed":0.0,"max_hp_gain":0.0,"max_hp_loss":0.0,"gold_gain":0.0,"event_name":"Mysterious Sphere","player_choice":"Fight","floor":47.0,"gold_loss":0.0,"damage_taken":0.0}],"is_beta":false,"boss_relics":[{"not_picked":["Tiny House","Runic Pyramid"],"picked":"Philosopher\u0027s Stone"},{"not_picked":["testmod-Nine","RhineFirstAidKit"],"picked":"Jackal-EndForJourney"}],"items_purged_floors":[5,38],"is_endless":false,"potions_floor_spawned":[1,6,8,12,14,16,18,24,33,42,46,47],"ascension_level":20}}