{"host":"vrsxkkch9ccrec7k","time":1611021768,"event":{"mods":["Act Like it!","BaseMod","Bestiary","Better Sensory Stone","Better Third Choice","Better Vampires","Downfall","Minty Spire (QoL Compilation)","Permanent Neow","Relic Stats","Spicy Shops","StSLib"],"gold_per_floor":[99,99,99,99,99,109,109,109,127,147,147,179,14,14,24,122,122,22,34,34,34,34,34,34,34,34],"floor_reached":25,"language":"ENG","playtime":1495,"items_purged":[],"score":234,"play_id":"dc02f758-51c7-4fb0-804d-d2811757abc7","local_time":"20210118210248","is_ascension_mode":true,"campfire_choices":[{"data":"sneckomod:Unknown","floor":1,"key":"SMITH"},{"data":"sneckomod:UnknownBlock","floor":8,"key":"SMITH"},{"data":"sneckomod:DangerNoodle","floor":18,"key":"SMITH"}],"circlet_count":0,"master_deck":["sneckomod:Strike","sneckomod:Strike","sneckomod:Strike","sneckomod:Defend","sneckomod:Defend","sneckomod:Defend","sneckomod:TailWhip","sneckomod:SnekBite","sneckomod:Unknown","sneckomod:DiceCrush","sneckomod:WideSting","Mayhem+1","sneckomod:UnknownBlock+1","sneckomod:SoulCleanse","Worship+1","sneckomod:Rotation","sneckomod:UnknownExhaust","sneckomod:Rotation","sneckomod:DangerNoodle+1","sneckomod:SoulRoll+1","sneckomod:Nope","Wireheading"],"relics":["sneckomod:SneckoSoul","downfall:HeartsMalice","Incense Burner","Slimebound:StickyStick","expansioncontent:StudyCardRelic","downfall:HeartBlessingGreen","Sundial"],"acts_visited":["Exordium","TheCity"],"potions_floor_usage":[12,15],"damage_taken":[{"damage":0,"enemies":"2 Louse","floor":2,"turns":1},{"damage":0,"enemies":"Small Slimes","floor":3,"turns":1},{"damage":0,"enemies":"Cultist","floor":5,"turns":1},{"damage":1,"enemies":"Red Slaver","floor":6,"turns":3},{"damage":9,"enemies":"Large Slime","floor":9,"turns":5},{"damage":11,"enemies":"Blue Slaver","floor":10,"turns":4},{"damage":32,"enemies":"Gremlin Nob","floor":12,"turns":5},{"damage":10,"enemies":"downfall:FleeingMerchant","floor":13,"turns":4},{"damage":0,"enemies":"2 Fungi Beasts","floor":15,"turns":3},{"damage":24,"enemies":"DF_ARCHETYPE_STREAMLINE","floor":16,"turns":12},{"damage":28,"enemies":"3 Byrds","floor":19,"turns":5},{"damage":43,"enemies":"Sentry and Sphere","floor":25,"turns":4}],"seed_played":"2917041235220901212","potions_obtained":[{"floor":6,"key":"AttackPotion"},{"floor":10,"key":"LiquidMemories"},{"floor":12,"key":"sneckomod:MuddlingPotion"},{"floor":15,"key":"sneckomod:OffclassReductionPotion"},{"floor":19,"key":"sneckomod:MuddlingPotion"}],"is_trial":false,"path_per_floor":["R","M","M","?","M","M","T","R","M","M","R","E","$","?","M","B",null,"R","M","?","?","?","R","T","M"],"character_chosen":"THE_SNECKO","items_purchased":["Slimebound:StickyStick"],"campfire_rested":0,"item_purchase_floors":[13],"current_hp_per_floor":[90,90,90,90,90,89,89,89,80,69,69,37,27,27,27,3,90,90,62,62,62,62,62,62,19,19],"gold":34,"neow_bonus":"THREE_ENEMY_KILL","is_daily":false,"chose_seed":false,"campfire_upgraded":3,"win_rate":0.0,"timestamp":1611021768,"path_taken":["R","M","M","?","M","?","T","R","M","M","R","E","?","?","M","BOSS","R","M","?","?","?","R","T","M"],"items_purchased_type":["Relic"],"build_version":"2020-12-22","purchased_purges":0,"victory":false,"max_hp_per_floor":[90,90,90,90,90,90,90,90,90,90,90,90,90,90,90,90,90,90,90,90,90,90,90,90,90,90],"relic_stats":{"counters":[12,45],"Sundial":[0],"obtain_stats":[{"Slimebound:StickyStick":13,"Sundial":24,"downfall:HeartsMalice":0,"downfall:HeartBlessingGreen":18,"Incense Burner":12,"expansioncontent:StudyCardRelic":17,"sneckomod:SneckoSoul":0},{"Slimebound:StickyStick":8,"Sundial":11,"downfall:HeartsMalice":0,"downfall:HeartBlessingGreen":10,"Incense Burner":7,"expansioncontent:StudyCardRelic":10,"sneckomod:SneckoSoul":0},{"Slimebound:StickyStick":21,"Sundial":41,"downfall:HeartsMalice":0,"downfall:HeartBlessingGreen":36,"Incense Burner":17,"expansioncontent:StudyCardRelic":36,"sneckomod:SneckoSoul":0}]},"card_choices":[{"not_picked":["sneckomod:UnknownDraw","sneckomod:UnknownExhaust"],"picked":"sneckomod:DiceCrush","floor":2},{"not_picked":["sneckomod:Nope","sneckomod:QuickBite"],"picked":"sneckomod:WideSting","floor":3},{"not_picked":["Flash of Steel","Blind"],"picked":"Mayhem","floor":4},{"not_picked":["sneckomod:QuickBite","sneckomod:UnknownUncommonSkill"],"picked":"sneckomod:UnknownBlock","floor":5},{"not_picked":["sneckomod:DiceBlock","sneckomod:UnknownColorless"],"picked":"sneckomod:SoulCleanse","floor":6},{"not_picked":["sneckomod:UnknownStrike","sneckomod:ImprovisedGuard","sneckomod:RainOfDice"],"picked":"SKIP","floor":9},{"not_picked":["sneckomod:Nope","sneckomod:QuickBite"],"picked":"sneckomod:UnknownUncommonPower","floor":10},{"not_picked":["sneckomod:UnknownBlock","sneckomod:SoulRoll"],"picked":"sneckomod:Rotation","floor":12},{"not_picked":["sneckomod:QuickBite","sneckomod:ImprovisedGuard"],"picked":"sneckomod:UnknownExhaust","floor":13},{"not_picked":["sneckomod:SnakeSap","sneckomod:Unknown2Cost"],"picked":"sneckomod:Rotation","floor":15},{"not_picked":["sneckomod:Cheat","sneckomod:UnknownRareSkill"],"picked":"sneckomod:DangerNoodle","floor":16},{"not_picked":["sneckomod:Unknown1Cost+1","sneckomod:UnknownColorless+1"],"picked":"sneckomod:SoulRoll+1","floor":19}],"player_experience":1618239,"relics_obtained":[{"floor":12,"key":"Incense Burner"},{"floor":24,"key":"Sundial"}],"event_choices":[{"damage_healed":0,"gold_gain":1,"player_choice":"1","damage_taken":0,"max_hp_gain":0,"max_hp_loss":0,"event_name":"betterStone:BetterStone","floor":4,"gold_loss":0},{"damage_healed":0,"gold_gain":0,"player_choice":"Forge","damage_taken":0,"max_hp_gain":0,"max_hp_loss":0,"event_name":"Accursed Blacksmith","floor":14,"gold_loss":0,"cards_upgraded":["Mayhem"]},{"damage_healed":0,"gold_gain":0,"player_choice":"Read","damage_taken":0,"max_hp_gain":0,"max_hp_loss":0,"event_name":"The Library","floor":21,"gold_loss":0,"cards_obtained":["sneckomod:Nope"]}],"is_beta":false,"boss_relics":[{"not_picked":["Runic Pyramid","Runic Dome"],"picked":"expansioncontent:StudyCardRelic"}],"items_purged_floors":[],"is_endless":false,"potions_floor_spawned":[6,10,12,15,19],"killed_by":"Sentry and Sphere","ascension_level":4}}