{"host":"0x0gr83ly0vxzjzg","time":1611074512,"event":{"mods":["BaseMod","Better Skull","Hubris","Infinite Spire","Minty Spire (QoL Compilation)","Shop Mod","StSLib","The Cursed"],"gold_per_floor":[110,110,129,146,22,22,57,232,258,258,258,274,274,293,293,407,407,433,433,433,44,67,88,88,115,167,215,215,215],"floor_reached":28,"language":"ENG","playtime":1966,"items_purged":[],"score":388,"play_id":"445429eb-463a-42b6-869f-747b53c71fab","local_time":"20210119114152","is_ascension_mode":false,"campfire_choices":[{"data":"TheCursedMod:HellsGateOpen","floor":6.0,"key":"SMITH"},{"floor":15.0,"key":"REST"},{"floor":24,"key":"REST"}],"circlet_count":0,"master_deck":["TheCursedMod:Strike_TheCursed","TheCursedMod:Strike_TheCursed","TheCursedMod:Strike_TheCursed","TheCursedMod:Strike_TheCursed","TheCursedMod:Defend_TheCursed","TheCursedMod:Defend_TheCursed","TheCursedMod:Defend_TheCursed","TheCursedMod:Defend_TheCursed","TheCursedMod:CursedWand+1","TheCursedMod:CleanUpWorkshop","TheCursedMod:Dregs","TheCursedMod:TacticalStrike","TheCursedMod:CursedShiv","TheCursedMod:CircleOfFlame","TheCursedMod:HellsGateOpen+1","TheCursedMod:SmokeScreen","TheCursedMod:CircleOfCorruption","Doubt","TheCursedMod:CircleOfFlame","TheCursedMod:ManaCirculation","TheCursedMod:Obscuration","hubris:Greed","hubris:Greed","TheCursedMod:StunningStrike","TheCursedMod:CircleOfFlame","TheCursedMod:CursedWand","TheCursedMod:CircleOfFocus+1","TheCursedMod:SpitefulStrike","TheCursedMod:Wield+1","TheCursedMod:VoidForm","TheCursedMod:SpitefulStrike+1","TheCursedMod:DemonicPact","TheCursedMod:Obscuration+1","Secret Technique+1","TheCursedMod:DemonSword","TheCursedMod:Obscuration+1","TheCursedMod:Wield+1","hubris:Greed","TheCursedMod:CircleOfCorruption+1","TheCursedMod:CursedAmulet+1","hubris:Greed"],"relics":["TheCursedMod:BlackMagic101","hubris:OldNail","Dream Catcher","hubris:Towel","TheCursedMod:OminousMark","Toxic Egg 2","Orrery","Anchor","Happy Flower"],"acts_visited":["Exordium","TheCity"],"potions_floor_usage":[23,25,27,28],"damage_taken":[{"damage":1.0,"enemies":"Jaw Worm","floor":1.0,"turns":5.0},{"damage":1.0,"enemies":"Cultist","floor":3.0,"turns":3.0},{"damage":0.0,"enemies":"Small Slimes","floor":4.0,"turns":3.0},{"damage":7.0,"enemies":"Lagavulin","floor":7.0,"turns":5.0},{"damage":7.0,"enemies":"Looter","floor":12.0,"turns":3.0},{"damage":17.0,"enemies":"Gremlin Gang","floor":14.0,"turns":4.0},{"damage":43.0,"enemies":"Slime Boss","floor":16.0,"turns":8.0},{"damage":2.0,"enemies":"Spheric Guardian","floor":18.0,"turns":3.0},{"damage":10,"enemies":"Shell Parasite","floor":22,"turns":3},{"damage":32,"enemies":"Centurion and Healer","floor":23,"turns":6},{"damage":27,"enemies":"Sentry and Sphere","floor":25,"turns":4},{"damage":24,"enemies":"Gremlin Leader","floor":27,"turns":7},{"damage":3,"enemies":"Snake Plant","floor":28,"turns":3}],"seed_played":"5221064390011655580","potions_obtained":[{"floor":1.0,"key":"TheCursedMod:DregsPotion"},{"floor":2.0,"key":"Explosive Potion"},{"floor":2.0,"key":"PowerPotion"},{"floor":4.0,"key":"ColorlessPotion"},{"floor":7.0,"key":"Block Potion"},{"floor":18.0,"key":"LiquidBronze"},{"floor":23,"key":"Swift Potion"},{"floor":25,"key":"AttackPotion"}],"is_trial":false,"path_per_floor":["M","?","M","M","$","R","E","?","T","?","?","M","?","M","R","B",null,"M","AVR","?","$","M","M","R","M","T","E","M"],"character_chosen":"THE_CURSED","items_purchased":["TheCursedMod:HellsGateOpen","TheCursedMod:SmokeScreen","TheCursedMod:SpitefulStrike","Orrery","Secret Technique+1"],"campfire_rested":2,"item_purchase_floors":[5,5,21,21,21],"current_hp_per_floor":[74,74,73,73,73,73,66,66,66,66,66,59,63,46,68,25,75,73,73,73,73,63,31,53,26,26,2,0,0],"gold":215,"neow_bonus":"UPGRADE_CARD","is_daily":false,"chose_seed":false,"campfire_upgraded":1,"win_rate":0.0,"timestamp":1611074512,"path_taken":["M","?","?","M","$","R","E","?","T","?","?","?","?","?","R","BOSS","M","AVR","?","$","?","M","R","M","T","E","M"],"items_purchased_type":["Card","Card","Card","Relic","Card"],"build_version":"2020-12-22","purchased_purges":0,"victory":false,"max_hp_per_floor":[75,75,75,75,75,75,75,75,75,75,75,75,75,75,75,75,75,75,75,75,75,75,75,75,75,75,75,75,75],"card_choices":[{"not_picked":["TheCursedMod:Wield","TheCursedMod:FleshFromBone"],"picked":"TheCursedMod:TacticalStrike","floor":1.0},{"not_picked":["TheCursedMod:Torture","TheCursedMod:RapidMovement"],"picked":"TheCursedMod:CursedShiv","floor":3.0},{"not_picked":["TheCursedMod:CursedAmulet","TheCursedMod:SoulReap"],"picked":"TheCursedMod:CircleOfFlame","floor":4.0},{"not_picked":["TheCursedMod:SurpriseAttack","TheCursedMod:CursedMace"],"picked":"TheCursedMod:CircleOfCorruption","floor":7.0},{"not_picked":["TheCursedMod:SmokeScreen","TheCursedMod:CursedMace"],"picked":"TheCursedMod:CircleOfFlame","floor":12.0},{"not_picked":["TheCursedMod:TacticalStrike","TheCursedMod:CursedMace"],"picked":"TheCursedMod:ManaCirculation","floor":14.0},{"not_picked":["TheCursedMod:Grudge","TheCursedMod:FleshFromBone"],"picked":"TheCursedMod:Obscuration","floor":15.0},{"not_picked":["TheCursedMod:CircleOfAbyss","TheCursedMod:DarkBarrier"],"picked":"TheCursedMod:StunningStrike","floor":16.0},{"not_picked":["TheCursedMod:TacticalStrike","TheCursedMod:Obscuration"],"picked":"TheCursedMod:CircleOfFlame","floor":18.0},{"not_picked":["TheCursedMod:DarkBarrier+1","TheCursedMod:CursedBoomerang"],"picked":"TheCursedMod:Wield+1","floor":21.0},{"not_picked":["TheCursedMod:SurpriseAttack","TheCursedMod:CursedBoomerang"],"picked":"TheCursedMod:VoidForm","floor":21.0},{"not_picked":["TheCursedMod:SurpriseAttack","TheCursedMod:CursedShiv+1"],"picked":"TheCursedMod:SpitefulStrike+1","floor":21.0},{"not_picked":["TheCursedMod:SmokeScreen+1","TheCursedMod:CursedBlade"],"picked":"TheCursedMod:DemonicPact","floor":21.0},{"not_picked":["TheCursedMod:CursedShiv+1","TheCursedMod:TroublousMinions+1"],"picked":"TheCursedMod:Obscuration+1","floor":21.0},{"not_picked":["TheCursedMod:FleshFromBone+1","TheCursedMod:Mangle"],"picked":"TheCursedMod:DemonSword","floor":22},{"not_picked":["TheCursedMod:CircleOfWindfury+1","TheCursedMod:CircleOfFlame+1"],"picked":"TheCursedMod:Obscuration+1","floor":23},{"not_picked":["TheCursedMod:FleshFromBone+1","TheCursedMod:SoulReap"],"picked":"TheCursedMod:Wield+1","floor":24},{"not_picked":["TheCursedMod:CursedShiv+1","TheCursedMod:CircleOfAmplification+1"],"picked":"TheCursedMod:CircleOfCorruption+1","floor":25},{"not_picked":["TheCursedMod:RapidMovement+1","TheCursedMod:SpitefulStrike"],"picked":"TheCursedMod:CursedAmulet+1","floor":27}],"player_experience":94872,"relics_obtained":[{"floor":7.0,"key":"hubris:OldNail"},{"floor":9.0,"key":"Dream Catcher"},{"floor":26,"key":"Anchor"},{"floor":27,"key":"Happy Flower"}],"event_choices":[{"damage_healed":0.0,"max_hp_gain":0.0,"max_hp_loss":0.0,"gold_gain":0.0,"event_name":"Lab","player_choice":"Got Potions","floor":2.0,"gold_loss":0.0,"damage_taken":0.0},{"damage_healed":0.0,"max_hp_gain":0.0,"max_hp_loss":0.0,"gold_gain":175.0,"event_name":"Liars Game","player_choice":"AGREE","floor":8.0,"gold_loss":0.0,"damage_taken":0.0,"cards_obtained":["Doubt"]},{"damage_healed":0.0,"max_hp_gain":0.0,"max_hp_loss":0.0,"gold_gain":0.0,"event_name":"The Woman in Blue","player_choice":"Bought 0 Potions","floor":11.0,"gold_loss":0.0,"damage_taken":0.0},{"damage_healed":4.0,"max_hp_gain":0.0,"max_hp_loss":0.0,"gold_gain":0.0,"event_name":"betterSkull:BetterSkull","player_choice":"LEAVE ","floor":13.0,"gold_loss":0.0,"damage_taken":0.0,"cards_upgraded":[],"relics_obtained":[]},{"damage_healed":0.0,"max_hp_gain":0.0,"max_hp_loss":0.0,"gold_gain":0.0,"event_name":"Match and Keep!","player_choice":"2 cards matched","floor":20.0,"gold_loss":0.0,"damage_taken":0.0,"cards_obtained":["TheCursedMod:CursedWand","TheCursedMod:CircleOfFocus"]}],"is_beta":false,"boss_relics":[{"not_picked":["hubris:VirtuousBlindfold","hubris:Stopwatch"],"picked":"TheCursedMod:OminousMark"}],"items_purged_floors":[],"is_endless":false,"potions_floor_spawned":[1,4,7,18,23,25],"killed_by":"Snake Plant","ascension_level":0}}