{"host":"iyj530209nkhhjuz","time":1611088810,"event":{"mods":["AchievementEnabler","BaseMod","Better Match","Better Note","Better Third Choice","BetterRewards","Colored Map","Colored Powertips","Dark Map","Fox Events","Highlight Path","Minty Spire (QoL Compilation)","Permanent Neow","Random Character Button","Rare Cards Sparkle","Relic Stats","StSLib","Waifu the Spire"],"gold_per_floor":[114,289,289,40,40,69,69,97,97,130,55,5,18,36,36,138,188,207,221,68,84,103,131,131,163,189,223,30,30,55,55,55,153,153,169,269,280,37,49,49,74,74,74,74,107,11,27,27,27,27,27],"floor_reached":50,"language":"ENG","playtime":5029,"items_purged":["Doubt","Defend_G"],"score":790,"play_id":"24dcd49d-f046-4e68-bb2e-14369d002244","local_time":"20210119214010","is_ascension_mode":true,"campfire_choices":[{"floor":7.0,"key":"REST"},{"data":"Bouncing Flask","floor":15.0,"key":"SMITH"},{"floor":24.0,"key":"REST"},{"floor":29.0,"key":"REST"},{"floor":32.0,"key":"REST"},{"data":"Envenom","floor":40,"key":"SMITH"},{"data":"Catalyst","floor":42,"key":"SMITH"},{"data":"Blade Dance","floor":44,"key":"SMITH"},{"data":"Mind Blast","floor":49,"key":"SMITH"}],"circlet_count":0,"master_deck":["Strike_G","Strike_G","Strike_G","Strike_G","Defend_G","Defend_G","Defend_G","Defend_G","Survivor","Neutralize+1","CurseOfTheBell","Footwork","Poisoned Stab","Dodge and Roll","Bouncing Flask+1","Adrenaline","Impatience","Deadly Poison+1","Envenom+1","Dash","Prepared+1","Dodge and Roll","Blade Dance","Blade Dance+1","Escape Plan+1","Footwork","Burst","Riddle With Holes+1","Catalyst+1","Backstab","Bane+1","Catalyst+1","Prepared+1","Calculated Gamble+1","Metamorphosis","Panacea","Mind Blast+1"],"relics":["Calling Bell","Regal Pillow","Kunai","Girya","Nunchaku","Snake Skull","Mercury Hourglass","Juzu Bracelet","Lantern","Centennial Puzzle","Tiny House","WingedGreaves","Gremlin Horn","Bronze Scales","Vajra","Whetstone","Art of War","WristBlade","Bottled Tornado","HornCleat","Pear","PreservedInsect"],"acts_visited":["Exordium","TheCity","TheBeyond"],"potions_floor_usage":[41,46,50],"damage_taken":[{"damage":3.0,"enemies":"Jaw Worm","floor":1.0,"turns":4.0},{"damage":23.0,"enemies":"Lagavulin","floor":6.0,"turns":10.0},{"damage":9.0,"enemies":"3 Sentries","floor":8.0,"turns":8.0},{"damage":7.0,"enemies":"Gremlin Nob","floor":10.0,"turns":3.0},{"damage":0.0,"enemies":"Cultist","floor":13.0,"turns":3.0},{"damage":1.0,"enemies":"Small Slimes","floor":14.0,"turns":2.0},{"damage":2.0,"enemies":"The Guardian","floor":16.0,"turns":7.0},{"damage":18.0,"enemies":"2 Thieves","floor":18.0,"turns":5.0},{"damage":0.0,"enemies":"Spheric Guardian","floor":19.0,"turns":3.0},{"damage":12.0,"enemies":"Centurion and Healer","floor":21.0,"turns":5.0},{"damage":2.0,"enemies":"3 Cultists","floor":22.0,"turns":5.0},{"damage":30.0,"enemies":"Slavers","floor":23.0,"turns":6.0},{"damage":17.0,"enemies":"Book of Stabbing","floor":25.0,"turns":4.0},{"damage":30.0,"enemies":"Gremlin Leader","floor":27.0,"turns":4.0},{"damage":26.0,"enemies":"Book of Stabbing","floor":30.0,"turns":3.0},{"damage":55.0,"enemies":"Collector","floor":33.0,"turns":7.0},{"damage":3,"enemies":"Orb Walker","floor":35,"turns":3},{"damage":11,"enemies":"3 Shapes","floor":37,"turns":3},{"damage":8,"enemies":"Jaw Worm Horde","floor":39,"turns":2},{"damage":19,"enemies":"Reptomancer","floor":41,"turns":5},{"damage":15,"enemies":"Nemesis","floor":45,"turns":5},{"damage":6,"enemies":"3 Darklings","floor":47,"turns":3},{"damage":73,"enemies":"Awakened One","floor":50,"turns":7}],"seed_played":"6822975480897730058","potions_obtained":[{"floor":1.0,"key":"FairyPotion"},{"floor":14.0,"key":"Strength Potion"},{"floor":17.0,"key":"EssenceOfSteel"},{"floor":21.0,"key":"PowerPotion"},{"floor":23.0,"key":"Ancient Potion"},{"floor":25.0,"key":"BlessingOfTheForge"},{"floor":27.0,"key":"FairyPotion"},{"floor":37,"key":"Poison Potion"},{"floor":41,"key":"FearPotion"},{"floor":47,"key":"Energy Potion"}],"is_trial":false,"path_per_floor":["M","?","?","$","$","E","R","E","T","E","?","?","M","M","R","B",null,"M","M","$","M","M","E","R","E","T","E","$","R","E","?","R","B",null,"M","?","M","$","M","R","E","R","T","R","E","$","M","?","R","B"],"character_chosen":"THE_SILENT","items_purchased":["Snake Skull","Poisoned Stab","Blade Dance","Whetstone","Catalyst","Bottled Tornado","Fruit Juice"],"campfire_rested":4,"item_purchase_floors":[4,4,20,28,28,38,46],"current_hp_per_floor":[67,67,60,60,60,37,70,61,61,54,54,54,54,53,53,51,75,57,57,57,45,43,13,50,33,33,3,3,40,14,14,47,23,63,60,60,49,49,41,41,22,22,32,32,17,22,16,6,6,0,0],"gold":27,"neow_bonus":"BOSS_RELIC","is_daily":false,"chose_seed":false,"campfire_upgraded":5,"win_rate":0.0,"timestamp":1611088810,"path_taken":["M","?","?","?","$","E","R","E","T","E","?","?","M","M","R","BOSS","M","M","$","M","M","E","R","E","T","E","$","R","E","?","R","BOSS","M","?","M","$","M","R","E","R","T","R","E","$","M","?","R","BOSS"],"items_purchased_type":["Relic","Card","Card","Relic","Card","Relic","Potion"],"build_version":"2020-12-22","purchased_purges":2,"victory":false,"max_hp_per_floor":[70,70,70,70,70,70,70,70,70,70,70,70,70,70,70,70,75,75,75,75,75,75,75,75,75,75,75,75,75,75,63,63,63,63,63,63,63,63,63,63,63,63,73,73,73,78,78,78,78,78,78],"relic_stats":{"Regal Pillow":57,"Gremlin Horn":[20,20],"counters":[23,106],"Snake Skull":[288],"PreservedInsect":0,"Juzu Bracelet":3,"Whetstone":["Neutralize","Riddle With Holes"],"Mercury Hourglass":[402],"Nunchaku":[25],"Centennial Puzzle":[51],"Bronze Scales":[130],"Art of War":[0],"Kunai":[51],"obtain_stats":[{"Girya":0,"Regal Pillow":0,"Lantern":9,"Tiny House":17,"Pear":43,"Gremlin Horn":25,"Vajra":27,"Snake Skull":4,"PreservedInsect":45,"Juzu Bracelet":8,"Whetstone":28,"Bottled Tornado":38,"Mercury Hourglass":6,"Calling Bell":0,"Nunchaku":3,"Centennial Puzzle":10,"HornCleat":41,"WristBlade":34,"Bronze Scales":26,"WingedGreaves":23,"Art of War":30,"Kunai":0,"Ring of the Snake":0},{"Girya":0,"Regal Pillow":0,"Lantern":3,"Tiny House":7,"Pear":20,"Gremlin Horn":13,"Vajra":14,"Snake Skull":1,"PreservedInsect":21,"Juzu Bracelet":3,"Whetstone":14,"Bottled Tornado":18,"Mercury Hourglass":2,"Calling Bell":0,"Nunchaku":1,"Centennial Puzzle":4,"HornCleat":20,"WristBlade":16,"Bronze Scales":13,"WingedGreaves":12,"Art of War":15,"Kunai":0,"Ring of the Snake":0},{"Girya":0,"Regal Pillow":0,"Lantern":22,"Tiny House":37,"Pear":91,"Gremlin Horn":65,"Vajra":69,"Snake Skull":4,"PreservedInsect":96,"Juzu Bracelet":22,"Whetstone":69,"Bottled Tornado":84,"Mercury Hourglass":14,"Calling Bell":0,"Nunchaku":4,"Centennial Puzzle":25,"HornCleat":91,"WristBlade":79,"Bronze Scales":65,"WingedGreaves":61,"Art of War":72,"Kunai":0,"Ring of the Snake":0}]},"card_choices":[{"not_picked":["Quick Slash","Blur"],"picked":"Footwork","floor":1.0},{"not_picked":["Dagger Throw","Bane"],"picked":"Dodge and Roll","floor":6.0},{"not_picked":["Quick Slash","Calculated Gamble"],"picked":"Bouncing Flask","floor":8.0},{"not_picked":["Dagger Spray","Slice"],"picked":"Adrenaline","floor":10.0},{"not_picked":["Mind Blast","Forethought"],"picked":"Impatience","floor":11.0},{"not_picked":["Dagger Spray","Eviscerate","PiercingWail"],"picked":"SKIP","floor":13.0},{"not_picked":["Predator","Flying Knee"],"picked":"Deadly Poison","floor":14.0},{"not_picked":["Tools of the Trade","Glass Knife"],"picked":"Envenom","floor":16.0},{"not_picked":["Bane","Slice"],"picked":"Dash","floor":17.0},{"not_picked":["Dagger Spray","Sucker Punch"],"picked":"Prepared+1","floor":18.0},{"not_picked":["Quick Slash+1","Blur"],"picked":"Dodge and Roll","floor":19.0},{"not_picked":["Flying Knee","Dodge and Roll"],"picked":"Blade Dance","floor":21.0},{"not_picked":["Underhanded Strike","Infinite Blades"],"picked":"Escape Plan+1","floor":22.0},{"not_picked":["Tactician","PiercingWail"],"picked":"Footwork","floor":23.0},{"not_picked":["Accuracy","Sucker Punch"],"picked":"Burst","floor":25.0},{"not_picked":["Deadly Poison","Dagger Spray"],"picked":"Riddle With Holes","floor":27.0},{"not_picked":["Poisoned Stab","Outmaneuver","Night Terror"],"picked":"SKIP","floor":30.0},{"not_picked":["Quick Slash","Acrobatics+1"],"picked":"Backstab","floor":35},{"not_picked":["Acrobatics","Slice+1"],"picked":"Bane+1","floor":37},{"not_picked":["Sucker Punch+1","Predator+1"],"picked":"Catalyst+1","floor":39},{"not_picked":["Unload","Terror+1"],"picked":"Prepared+1","floor":41},{"not_picked":["PiercingWail+1","Unload"],"picked":"Calculated Gamble+1","floor":45},{"not_picked":["Masterful Stab","Concentrate","Slice+1"],"picked":"SKIP","floor":47},{"not_picked":["Swift Strike","Magnetism"],"picked":"Metamorphosis","floor":48},{"not_picked":["Deep Breath","PanicButton"],"picked":"Panacea","floor":48},{"not_picked":["Bandage Up","Magnetism"],"picked":"Mind Blast","floor":48}],"player_experience":415884,"relics_obtained":[{"floor":0.0,"key":"Regal Pillow"},{"floor":0.0,"key":"Kunai"},{"floor":0.0,"key":"Girya"},{"floor":6.0,"key":"Mercury Hourglass"},{"floor":8.0,"key":"Juzu Bracelet"},{"floor":9.0,"key":"Lantern"},{"floor":10.0,"key":"Centennial Puzzle"},{"floor":23.0,"key":"WingedGreaves"},{"floor":25.0,"key":"Gremlin Horn"},{"floor":26.0,"key":"Bronze Scales"},{"floor":27.0,"key":"Vajra"},{"floor":30.0,"key":"Art of War"},{"floor":41,"key":"HornCleat"},{"floor":43,"key":"Pear"},{"floor":45,"key":"PreservedInsect"}],"event_choices":[{"damage_healed":0.0,"max_hp_gain":0.0,"max_hp_loss":0.0,"gold_gain":175.0,"event_name":"betterThird:BetterSerpent","player_choice":"AGREE","floor":2.0,"gold_loss":0.0,"damage_taken":114.0},{"damage_healed":0.0,"max_hp_gain":0.0,"max_hp_loss":0.0,"gold_gain":0.0,"event_name":"betterThird:BetterScrap","player_choice":"Relic ","floor":3.0,"gold_loss":0.0,"damage_taken":7.0,"cards_obtained":["Power Through"]},{"damage_healed":0.0,"max_hp_gain":0.0,"max_hp_loss":0.0,"gold_gain":0.0,"event_name":"betterMatch:BetterMatch","player_choice":"1","floor":11.0,"gold_loss":0.0,"damage_taken":0.0,"cards_obtained":["betterMatch:ColorlessUncommonCard"]},{"cards_removed":["Strike_G"],"damage_healed":0.0,"max_hp_gain":0.0,"max_hp_loss":0.0,"gold_gain":0.0,"event_name":"The Cleric","player_choice":"Card Removal","floor":12.0,"gold_loss":50.0,"damage_taken":0.0},{"damage_healed":0,"gold_gain":100,"player_choice":"Pray","damage_taken":0,"max_hp_gain":0,"max_hp_loss":0,"event_name":"Golden Shrine","floor":36,"gold_loss":0},{"damage_healed":0,"gold_gain":0,"player_choice":"Memory 3","damage_taken":10,"max_hp_gain":0,"max_hp_loss":0,"event_name":"SensoryStone","floor":48,"gold_loss":0}],"is_beta":false,"boss_relics":[{"not_picked":["Philosopher\u0027s Stone","Coffee Dripper"],"picked":"Tiny House"},{"not_picked":["Runic Dome","Sozu"],"picked":"WristBlade"}],"items_purged_floors":[4,20],"is_endless":false,"potions_floor_spawned":[1,14,21,22,23,25,27,37,39,41,47],"killed_by":"Awakened One","ascension_level":4}}