{"host":"rpz3wlx0brf705v5","time":1611073905,"event":{"mods":["Act Like it!","Aspiration","BaseMod","Energized Spire","Hermit","Minty Spire (QoL Compilation)","Quick Restart","Replay The Spire","Spicy Shops","StSLib","WarShipGirlsR/’ΩΩ¢…Ÿ≈ÆR mod"],"gold_per_floor":[117,136,153,3,202,202,227,227,254,254,273,273,293,327,327,327,327],"floor_reached":16,"language":"ZHS","playtime":438,"items_purged":[],"score":127,"play_id":"d1fa9c70-045b-494d-8946-decce32a0b96","local_time":"20210120003145","is_ascension_mode":true,"campfire_choices":[{"data":"rmod:basicallowance","floor":6,"key":"SMITH"},{"floor":8,"key":"REST"},{"data":"rmod:salvage","floor":10,"key":"SMITH"},{"floor":12,"key":"REST"},{"data":"rmod:wife","floor":15,"key":"SMITH"}],"circlet_count":0,"master_deck":["rmod:strick","rmod:strick","rmod:strick","rmod:strick","rmod:defend+1","rmod:defend","rmod:defend","rmod:defend+1","rmod:basicallowance+1","rmod:maingunfire","rmod:tearstotiara","rmod:intelligenceanalysis","rmod:garrisonisland","rmod:tearstotiara","rmod:salvage+1","rmod:slowdown","rmod:fletcherpendant+1","rmod:wife+1"],"relics":["rmod:firstchargereward","aspiration:Nostalgia","PureWater","Gremlin Food","Torii","Oddly Smooth Stone","Replay:Baseball"],"acts_visited":["Exordium"],"potions_floor_usage":[14,16],"damage_taken":[{"damage":1,"enemies":"2 Louse","floor":1,"turns":3},{"damage":5,"enemies":"Jaw Worm","floor":2,"turns":2},{"damage":0,"enemies":"Cultist","floor":3,"turns":2},{"damage":32,"enemies":"Lagavulin","floor":7,"turns":5},{"damage":13,"enemies":"Blue Slaver","floor":11,"turns":2},{"damage":1,"enemies":"Looter","floor":13,"turns":3},{"damage":8,"enemies":"Gremlin Nob","floor":14,"turns":3},{"damage":71,"enemies":"Fading Forest","floor":16,"turns":11}],"seed_played":"4536365947186054115","potions_obtained":[{"floor":3,"key":"LifebloodPotion"},{"floor":7,"key":"Dexterity Potion"}],"is_trial":false,"path_per_floor":["M","M","M","$","?","R","E","R","T","R","M","R","M","E","R","B"],"character_chosen":"PRAEFECT","items_purchased":["Gremlin Food"],"campfire_rested":2,"item_purchase_floors":[4],"current_hp_per_floor":[74,69,69,69,69,69,37,59,59,59,46,68,67,59,59,0,0],"gold":327,"neow_bonus":"NOSTALGIA","is_daily":false,"chose_seed":false,"campfire_upgraded":3,"win_rate":0.0,"timestamp":1611073905,"path_taken":["M","M","M","$","?","R","E","R","T","R","M","R","?","E","R","BOSS"],"items_purchased_type":["Relic"],"build_version":"2020-12-22","purchased_purges":0,"victory":false,"max_hp_per_floor":[75,75,75,75,75,75,75,75,75,75,75,75,75,75,75,75,75],"card_choices":[{"not_picked":["rmod:victimresponsibility","rmod:mineteam"],"picked":"rmod:tearstotiara","floor":1},{"not_picked":["rmod:goodsister","rmod:ammunitionsupply"],"picked":"rmod:intelligenceanalysis","floor":2},{"not_picked":["rmod:circuitoustactics","rmod:fletcherpendant"],"picked":"rmod:garrisonisland","floor":3},{"not_picked":["rmod:combined","rmod:auspiciousomen"],"picked":"rmod:tearstotiara","floor":5},{"not_picked":["rmod:circuitoustactics","rmod:highspeedshooting"],"picked":"rmod:salvage","floor":7},{"not_picked":["rmod:circuitoustactics","rmod:highspeedshooting"],"picked":"rmod:slowdown","floor":11},{"not_picked":["rmod:goodfighter","rmod:luckystar","rmod:auspiciousomen"],"picked":"SKIP","floor":13},{"not_picked":["rmod:wife","rmod:steelsupply","rmod:highspeedshooting"],"picked":"SKIP","floor":14},{"not_picked":["rmod:steelsupply","rmod:highspeedshooting"],"picked":"rmod:wife","floor":14}],"player_experience":448036,"relics_obtained":[{"floor":7,"key":"Torii"},{"floor":9,"key":"Oddly Smooth Stone"},{"floor":14,"key":"Replay:Baseball"}],"event_choices":[],"is_beta":false,"boss_relics":[],"items_purged_floors":[],"is_endless":false,"potions_floor_spawned":[3,7],"killed_by":"Fading Forest","ascension_level":3}}