{"host":"k9m1r4kqf7qgss6a","time":1611052599,"event":{"mods":["Abigail Mod","Act Like it!","Aspiration","Bard","BaseMod","Challenge The Spire","Colored Map","Colored Powertips","Conspire","FutureSeer","Highlight Path","Hubris","HumanHunterMod(怪物杀人mod)","Hunter 猎人","Infinite Spire","Marisa（F雨　魔理沙）","Minty Spire (QoL Compilation)","MostiFishMod","Pale of the Ancients","Reimu（博丽灵梦）","Relic Stats","Remilia（蕾米莉亚）","Replay The Spire","RumiaBox-露米娅的神秘盒子","Shop Mod","StSLib","TestMod","The Administrix","The Animator","The Bladedancer","The Bug Knight","The Construct","The Cursed","The Death Knight","The Gatherer","The Poker Player","The Runesmith","The Servant 0.9.4","Waifu the Spire","Youmu（魂魄妖梦）","Yuyuko","[GremlinLeader]The Maniac","vexMod","【功能Mod】混沌之环修复补丁","【功能Mod】聪明的最终Boss"],"gold_per_floor":[119,132,148,148,148,174,209,209,233,268,303,316,144,144,144],"floor_reached":14,"language":"ZHS","playtime":409,"items_purged":[],"score":336,"play_id":"7eab77b6-3f4e-453a-8778-40c76435d258","local_time":"20210119183639","daily_mods":["SealedDeck","Heirloom","Flight","DeadlyEvents","Elite Swarm"],"is_ascension_mode":true,"campfire_choices":[{"data":"BloodyHallows","floor":8,"key":"SMITH"}],"circlet_count":0,"master_deck":["AscendersBane","BloodHunter","Stigmanizer","RedRainbow","DiffusionOfMisfortune","MastersStateliness","NightDance","RedNightlessCastle","BloodyMagicSquare","UltimateOffering+1","ScarletSymphony","BloodHunter","BloodyHallows+1","KillingBlow+1","CeilingFear","ForecastOfChange"],"relics":["ScarletHat","testmod-TestBox","DaveBox","testmod-EnergyCheck","Chemical X","FairyMaid","infinitespire:FocusingShard","Tiny Chest","Whetstone","Meat on the Bone","infinitespire:EmpoweringShard","testmod-IndustrialRevolution"],"acts_visited":["Exordium"],"potions_floor_usage":[],"damage_taken":[{"damage":0,"enemies":"Cultist","floor":1,"turns":2},{"damage":1,"enemies":"Jaw Worm","floor":2,"turns":3},{"damage":6,"enemies":"infinitespire:Voidling","floor":3,"turns":3},{"damage":24,"enemies":"Replay:BlueRogue","floor":6,"turns":3},{"damage":27,"enemies":"Gremlin Nob","floor":7,"turns":2},{"damage":11,"enemies":"3 Sentries","floor":10,"turns":2},{"damage":42,"enemies":"Lagavulin","floor":11,"turns":2},{"damage":15,"enemies":"Looter","floor":12,"turns":3}],"seed_played":"3215259502601558049","potions_obtained":[{"floor":1,"key":"Energy Potion"},{"floor":5,"key":"DestinyDice"},{"floor":5,"key":"PowerPotion"},{"floor":12,"key":"Adrenaline Potion"}],"is_trial":true,"path_per_floor":["M","M","M","?","?","E","E","R","T","E","E","M","$","E"],"character_chosen":"REMILIA","items_purchased":["testmod-IndustrialRevolution"],"campfire_rested":0,"item_purchase_floors":[13],"current_hp_per_floor":[66,70,64,64,64,45,48,48,48,44,22,19,19,0,0],"gold":144,"neow_bonus":"","is_daily":false,"chose_seed":false,"campfire_upgraded":1,"win_rate":0.0,"timestamp":1611052599,"path_taken":["M","M","M","?","?","E","E","R","T","E","?","?","$","E"],"items_purchased_type":["Relic"],"build_version":"2020-12-22","purchased_purges":0,"victory":false,"max_hp_per_floor":[70,70,70,70,70,70,70,70,70,70,70,70,70,70,70],"relic_stats":{"counters":[9,25],"Tiny Chest":0,"Chemical X":[0],"Whetstone":["KillingBlow","UltimateOffering"],"obtain_stats":[{"testmod-TestBox":0,"DaveBox":0,"FairyMaid":0,"Tiny Chest":7,"infinitespire:FocusingShard":6,"infinitespire:EmpoweringShard":11,"Chemical X":0,"Whetstone":9,"testmod-EnergyCheck":0,"testmod-IndustrialRevolution":13,"ScarletHat":0,"Meat on the Bone":10},{"testmod-TestBox":0,"DaveBox":0,"FairyMaid":0,"Tiny Chest":5,"infinitespire:FocusingShard":4,"infinitespire:EmpoweringShard":7,"Chemical X":0,"Whetstone":5,"testmod-EnergyCheck":0,"testmod-IndustrialRevolution":8,"ScarletHat":0,"Meat on the Bone":6},{"testmod-TestBox":0,"DaveBox":0,"FairyMaid":0,"Tiny Chest":13,"infinitespire:FocusingShard":11,"infinitespire:EmpoweringShard":17,"Chemical X":0,"Whetstone":13,"testmod-EnergyCheck":0,"testmod-IndustrialRevolution":20,"ScarletHat":0,"Meat on the Bone":15}],"Meat on the Bone":24},"card_choices":[{"not_picked":["RedRainbow","BloodHunter"],"picked":"UnderTheZenith","floor":1},{"not_picked":["StarOfDavid","ScarletDevil"],"picked":"UltimateOffering","floor":2},{"not_picked":["DiffusionOfMisfortune","RedMagic"],"picked":"ScarletSymphony","floor":3},{"not_picked":["CeilingFear","BatForm"],"picked":"BloodyHallows","floor":6},{"not_picked":["ScarletMeister","ScarletCoffin"],"picked":"KillingBlow","floor":7},{"not_picked":["BatForm","ScarletCoffin"],"picked":"CeilingFear","floor":10},{"not_picked":["HeartBreak","ScarletCoffin"],"picked":"ForecastOfChange","floor":11},{"not_picked":["UnderTheZenith","ScarletImprint","ScarletDevil"],"picked":"SKIP","floor":12}],"player_experience":865666,"relics_obtained":[{"floor":6,"key":"infinitespire:FocusingShard"},{"floor":7,"key":"Tiny Chest"},{"floor":9,"key":"Whetstone"},{"floor":10,"key":"Meat on the Bone"},{"floor":11,"key":"infinitespire:EmpoweringShard"}],"event_choices":[{"damage_healed":0,"gold_gain":0,"cards_transformed":["UnderTheZenith"],"player_choice":"Change","damage_taken":0,"max_hp_gain":0,"max_hp_loss":0,"event_name":"Living Wall","floor":4,"gold_loss":0,"cards_obtained":["BloodHunter"]},{"damage_healed":0,"gold_gain":0,"player_choice":"Got Potions","damage_taken":0,"max_hp_gain":0,"max_hp_loss":0,"event_name":"Lab","floor":5,"gold_loss":0}],"is_beta":false,"boss_relics":[],"items_purged_floors":[],"is_endless":false,"potions_floor_spawned":[1,10,12],"killed_by":"3 Sentries","ascension_level":20}}