{"host":"2qv44oxt58ptq59r","time":1611068766,"event":{"mods":["AchievementEnabler","BaseMod","Colored Powertips","Highlight Path","Minty Spire (QoL Compilation)","Permanent Neow","StSLib"],"gold_per_floor":[114,126,2,2,19,44,60,60,83,83,106,106,118,149,149,251,251,263,263,263,278,28,28,40,56,79,79,43,43,59,59,59,59,59],"floor_reached":33,"language":"ENG","playtime":4862,"items_purged":[],"score":268,"play_id":"d3395fca-0100-4ab8-88c4-ef9150db5537","local_time":"20210119150606","is_ascension_mode":true,"campfire_choices":[{"floor":8.0,"key":"REST"},{"data":"Inflame","floor":12.0,"key":"SMITH"},{"floor":15.0,"key":"REST"},{"floor":23.0,"key":"RECALL"},{"floor":27.0,"key":"REST"},{"data":"Exhume","floor":29.0,"key":"SMITH"},{"data":"Heavy Blade","floor":32,"key":"SMITH"}],"circlet_count":0,"master_deck":["Strike_R","Strike_R","Defend_R","Defend_R","Defend_R","Defend_R","Bash+1","Dark Shackles+1","Clothesline","Inflame+1","Shrug It Off","Sword Boomerang","Heavy Blade+1","Cleave","Exhume+1","Brutality+1","Heavy Blade+1","Reckless Charge+1","Heavy Blade","Headbutt+1","Metallicize+1","Dark Shackles+1"],"relics":["Burning Blood","Omamori","Akabeko","Bronze Scales","Strawberry","Astrolabe","Frozen Egg 2","Pen Nib"],"acts_visited":["Exordium","TheCity"],"potions_floor_usage":[33],"damage_taken":[{"damage":6.0,"enemies":"Cultist","floor":1.0,"turns":3.0},{"damage":6.0,"enemies":"Small Slimes","floor":2.0,"turns":4.0},{"damage":6.0,"enemies":"Jaw Worm","floor":5.0,"turns":4.0},{"damage":40.0,"enemies":"Gremlin Nob","floor":6.0,"turns":6.0},{"damage":5.0,"enemies":"3 Louse","floor":7.0,"turns":4.0},{"damage":12.0,"enemies":"Blue Slaver","floor":13.0,"turns":2.0},{"damage":17.0,"enemies":"3 Sentries","floor":14.0,"turns":6.0},{"damage":45.0,"enemies":"Hexaghost","floor":16.0,"turns":10.0},{"damage":17.0,"enemies":"2 Thieves","floor":18.0,"turns":3.0},{"damage":7.0,"enemies":"Chosen","floor":21.0,"turns":5.0},{"damage":0.0,"enemies":"Centurion and Healer","floor":24.0,"turns":6.0},{"damage":27.0,"enemies":"3 Cultists","floor":25.0,"turns":5.0},{"damage":12.0,"enemies":"Snecko","floor":30.0,"turns":5.0},{"damage":123,"enemies":"Automaton","floor":33,"turns":10}],"seed_played":"-4152333124087594120","potions_obtained":[{"floor":2.0,"key":"FearPotion"},{"floor":5.0,"key":"SpeedPotion"},{"floor":16.0,"key":"FairyPotion"},{"floor":21.0,"key":"Weak Potion"},{"floor":25.0,"key":"Weak Potion"}],"is_trial":false,"path_per_floor":["M","M","$","?","M","E","M","R","T","?","T","R","M","E","R","B",null,"M","?","?","M","$","R","M","M","T","R","$","R","M","?","R","B"],"character_chosen":"IRONCLAD","items_purchased":["Inflame","Block Potion","Frozen Egg 2","Metallicize+1"],"campfire_rested":3,"item_purchase_floors":[3,3,22,28],"current_hp_per_floor":[80,80,80,64,64,30,31,55,55,55,55,55,49,45,71,32,87,76,59,59,58,58,58,64,43,43,70,70,70,64,64,64,0,0],"gold":59,"neow_bonus":"RANDOM_COLORLESS","is_daily":false,"chose_seed":false,"campfire_upgraded":3,"win_rate":0.0,"timestamp":1611068766,"path_taken":["M","M","$","?","M","E","M","R","T","?","?","R","M","E","R","BOSS","M","?","?","M","?","R","M","M","T","R","$","R","M","?","R","BOSS"],"items_purchased_type":["Card","Potion","Relic","Card"],"build_version":"2020-12-22","purchased_purges":0,"victory":false,"max_hp_per_floor":[80,80,80,80,80,80,80,80,80,80,80,80,80,87,87,87,87,87,92,92,92,92,92,92,92,92,92,92,92,92,92,92,92,92],"card_choices":[{"not_picked":["Purity","Finesse"],"picked":"Dark Shackles","floor":0.0},{"not_picked":["Sword Boomerang","Armaments"],"picked":"Clothesline","floor":1.0},{"not_picked":["Infernal Blade","Power Through","Twin Strike"],"picked":"SKIP","floor":2.0},{"not_picked":["Immolate","Clothesline"],"picked":"Shrug It Off","floor":5.0},{"not_picked":["Body Slam","Flex","Power Through"],"picked":"SKIP","floor":6.0},{"not_picked":["Headbutt","Armaments"],"picked":"Sword Boomerang","floor":7.0},{"not_picked":["Thunderclap","Anger"],"picked":"Heavy Blade","floor":13.0},{"not_picked":["Burning Pact","Offering"],"picked":"Cleave","floor":14.0},{"not_picked":["Corruption","Offering"],"picked":"Exhume","floor":16.0},{"not_picked":["Armaments","Bloodletting","Thunderclap"],"picked":"SKIP","floor":18.0},{"not_picked":["Bludgeon","Burning Pact"],"picked":"Heavy Blade","floor":21.0},{"not_picked":["Dark Embrace+1","Thunderclap"],"picked":"Headbutt+1","floor":24.0},{"not_picked":["Sentinel","Havoc","Burning Pact"],"picked":"SKIP","floor":25.0},{"not_picked":["Havoc","Clash","Clothesline"],"picked":"SKIP","floor":30}],"player_experience":5397216,"relics_obtained":[{"floor":6.0,"key":"Omamori"},{"floor":9.0,"key":"Akabeko"},{"floor":11.0,"key":"Bronze Scales"},{"floor":14.0,"key":"Strawberry"},{"floor":26.0,"key":"Pen Nib"}],"event_choices":[{"damage_healed":0.0,"max_hp_gain":0.0,"max_hp_loss":0.0,"gold_gain":0.0,"event_name":"Shining Light","player_choice":"Entered Light","floor":4.0,"gold_loss":0.0,"damage_taken":16.0,"cards_upgraded":["Bash","Dark Shackles"]},{"damage_healed":0.0,"max_hp_gain":0.0,"max_hp_loss":0.0,"gold_gain":0.0,"event_name":"Liars Game","player_choice":"Ignored","floor":10.0,"gold_loss":0.0,"damage_taken":0.0},{"damage_healed":0.0,"max_hp_gain":5.0,"max_hp_loss":0.0,"gold_gain":0.0,"event_name":"Forgotten Altar","player_choice":"Shed Blood","floor":19.0,"gold_loss":0.0,"damage_taken":22.0},{"damage_healed":0.0,"max_hp_gain":0.0,"max_hp_loss":0.0,"gold_gain":0.0,"event_name":"Ghosts","player_choice":"Ignored","floor":20.0,"gold_loss":0.0,"damage_taken":0.0},{"damage_healed":0,"gold_gain":0,"player_choice":"Copied","damage_taken":0,"max_hp_gain":0,"max_hp_loss":0,"event_name":"Duplicator","floor":31,"gold_loss":0,"cards_obtained":["Dark Shackles"]}],"is_beta":false,"boss_relics":[{"not_picked":["Runic Pyramid","Tiny House"],"picked":"Astrolabe"}],"items_purged_floors":[],"is_endless":false,"potions_floor_spawned":[2,5,16,21,25],"killed_by":"Automaton","ascension_level":1}}