{"host":"od5czx9kemjopzpf","time":1611060334,"event":{"mods":["Aspiration","BaseMod","Defuse TimeMaze Blight","Downfall","Minty Spire (QoL Compilation)","Spicy Shops","StSLib"],"gold_per_floor":[99,112,131,69,519,519,600,612,627,647,447,465,3,3,20,20,20,20],"floor_reached":16,"language":"ZHS","playtime":748,"items_purged":[],"score":119,"play_id":"c98e2e33-e1a5-4581-b011-8e653d409b59","local_time":"20210119204534","is_ascension_mode":false,"campfire_choices":[{"floor":1,"key":"RECALL"},{"data":"Guardian:WalkerClaw","floor":11,"key":"SMITH"}],"circlet_count":0,"master_deck":["Guardian:Strike_Guardian","Guardian:Strike_Guardian","Guardian:Strike_Guardian","Guardian:Strike_Guardian","Guardian:Defend_Guardian","Guardian:Defend_Guardian","Guardian:Defend_Guardian","Guardian:Defend_Guardian","Guardian:CurlUp","Guardian:TwinSlam","Guardian:Reroute","Guardian:ChargeCore","Guardian:Reroute","downfall:Icky","downfall:Icky","downfall:Icky","Guardian:ChargeCore","Guardian:WalkerClaw+1","Guardian:WalkerClaw","Guardian:Gem_Blue","Guardian:VentSteam","Guardian:TemporalStrike"],"relics":["Guardian:ModeShifter","downfall:ShatteredFragment","downfall:HeartBlessingRed","downfall:HeartBlessingBlue","Frozen Egg 2","Guardian:PickAxe"],"acts_visited":["Exordium"],"potions_floor_usage":[16],"damage_taken":[{"damage":6,"enemies":"Jaw Worm","floor":2,"turns":4},{"damage":1,"enemies":"2 Louse","floor":3,"turns":3},{"damage":0,"enemies":"downfall:FleeingMerchant","floor":4,"turns":4},{"damage":0,"enemies":"Cultist","floor":8,"turns":3},{"damage":8,"enemies":"2 Fungi Beasts","floor":9,"turns":3},{"damage":3,"enemies":"Blue Slaver","floor":10,"turns":3},{"damage":0,"enemies":"Large Slime","floor":12,"turns":3},{"damage":15,"enemies":"downfall:FleeingMerchant","floor":13,"turns":4},{"damage":10,"enemies":"Lots of Slimes","floor":15,"turns":3},{"damage":48,"enemies":"IC_STATUS_ARCHETYPE","floor":16,"turns":8}],"seed_played":"542242780620095721","potions_obtained":[{"floor":3,"key":"Ancient Potion"},{"floor":8,"key":"Dexterity Potion"}],"is_trial":false,"path_per_floor":["R","M","M","$","?","?","T","M","M","M","R","M","$","?","M","B"],"character_chosen":"GUARDIAN","items_purchased":["Guardian:Reroute","Frozen Egg 2","Guardian:PickAxe","Guardian:VentSteam"],"campfire_rested":0,"item_purchase_floors":[4,13,13,13],"current_hp_per_floor":[88,82,81,81,81,57,57,57,49,46,56,56,41,41,31,0,0,0],"gold":20,"neow_bonus":"TEN_PERCENT_HP_BONUS","is_daily":false,"chose_seed":false,"campfire_upgraded":1,"win_rate":0.0,"timestamp":1611060334,"path_taken":["R","M","M","$","?","?","T","M","M","M","R","M","$","?","M","BOSS"],"items_purchased_type":["Card","Relic","Relic","Card"],"build_version":"2020-12-22","purchased_purges":0,"victory":false,"max_hp_per_floor":[88,88,88,88,88,88,88,88,88,88,98,98,98,98,98,98,98,98],"card_choices":[{"not_picked":["Guardian:Gem_Lightblue","Guardian:ChargeCore"],"picked":"Guardian:Reroute","floor":2},{"not_picked":["Guardian:RollAttack","Guardian:TimeCapacitor"],"picked":"Guardian:Gem_Green","floor":3},{"not_picked":["Guardian:WalkerClaw","Guardian:Incinerate"],"picked":"Guardian:ChargeCore","floor":4},{"not_picked":["Guardian:BodySlam","Guardian:PolyBeam"],"picked":"Guardian:ChargeCore","floor":8},{"not_picked":["Guardian:BodySlam","Guardian:Gem_Fragmented"],"picked":"Guardian:Gem_Red","floor":9},{"not_picked":["Guardian:BronzeOrb","Guardian:PiercingHide"],"picked":"Guardian:WalkerClaw","floor":10},{"not_picked":["Guardian:Recover","Guardian:Gem_Yellow"],"picked":"Guardian:WalkerClaw","floor":12},{"not_picked":["Guardian:SentryBeam","Guardian:EvasiveProtocol"],"picked":"Guardian:Gem_Blue","floor":13},{"not_picked":["Guardian:TimeSifter+1","Guardian:PrimingBeam"],"picked":"Guardian:TemporalStrike","floor":15}],"player_experience":45777,"relics_obtained":[],"event_choices":[],"is_beta":false,"boss_relics":[],"items_purged_floors":[],"is_endless":false,"potions_floor_spawned":[3,8],"killed_by":"IC_STATUS_ARCHETYPE","ascension_level":0}}