{"host":"hzinic87vu8p95wn","time":1611064104,"event":{"mods":["BaseMod","Minty Spire (QoL Compilation)"],"gold_per_floor":[109,67,67,67,67,98,98,136,161,161,176,212,212,45,45,141,141,141,141],"floor_reached":18,"language":"ENG","playtime":516,"items_purged":["Strike_P"],"score":426,"play_id":"cab5df94-d007-4f68-ad85-a0299d662e8f","local_time":"20210120004824","is_ascension_mode":true,"campfire_choices":[{"floor":7,"key":"REST"},{"floor":15,"key":"REST"}],"circlet_count":0,"master_deck":["AscendersBane","Strike_P+1","Strike_P","Strike_P","Defend_P","Defend_P","Defend_P","Defend_P","Eruption+1","Vigilance","Pray+1","Nirvana","EmptyFist","Consecrate","Prostrate","CutThroughFate","MentalFortress","FlurryOfBlows"],"relics":["PureWater","NeowsBlessing","Golden Idol","Singing Bowl","Blue Candle","Smiling Mask","Regal Pillow","The Courier","SlaversCollar"],"acts_visited":["Exordium","TheCity"],"potions_floor_usage":[11,12,16],"damage_taken":[{"damage":0,"enemies":"Small Slimes","floor":1,"turns":1},{"damage":0,"enemies":"3 Sentries","floor":6,"turns":2},{"damage":0,"enemies":"Gremlin Nob","floor":8,"turns":1},{"damage":0,"enemies":"2 Louse","floor":11,"turns":1},{"damage":14,"enemies":"3 Sentries","floor":12,"turns":8},{"damage":31,"enemies":"Slime Boss","floor":16,"turns":9},{"damage":24,"enemies":"3 Byrds","floor":18,"turns":4}],"seed_played":"4213117761523128392","potions_obtained":[{"floor":1,"key":"DistilledChaos"},{"floor":6,"key":"Fire Potion"},{"floor":11,"key":"SpeedPotion"},{"floor":12,"key":"FearPotion"}],"is_trial":false,"path_per_floor":["M","$","?","?","$","E","R","E","T","?","M","E","T","$","R","B",null,"M"],"character_chosen":"WATCHER","items_purchased":["Nirvana","CutThroughFate","MentalFortress","FlurryOfBlows"],"campfire_rested":2,"item_purchase_floors":[2,14,14,14],"current_hp_per_floor":[61,61,38,18,18,18,38,40,40,40,40,26,26,26,62,33,62,38,38],"gold":141,"neow_bonus":"THREE_ENEMY_KILL","is_daily":false,"chose_seed":false,"campfire_upgraded":0,"win_rate":0.0,"timestamp":1611064104,"path_taken":["M","$","?","?","$","E","R","E","T","?","M","E","?","$","R","BOSS","M"],"items_purchased_type":["Card","Card","Card","Card"],"build_version":"2020-12-22","purchased_purges":1,"victory":false,"max_hp_per_floor":[68,68,68,68,68,68,68,70,70,70,70,70,70,70,70,72,72,72,72],"card_choices":[{"not_picked":["Nirvana","WheelKick"],"picked":"Pray","floor":1},{"not_picked":["Conclude","Prostrate"],"picked":"EmptyFist","floor":6},{"not_picked":["BowlingBash","FlyingSleeves","LessonLearned"],"picked":"Singing Bowl","floor":8},{"not_picked":["CutThroughFate","BowlingBash"],"picked":"Consecrate","floor":11},{"not_picked":["Consecrate","CutThroughFate"],"picked":"Prostrate","floor":12},{"not_picked":["Omniscience","Brilliance","Alpha"],"picked":"Singing Bowl","floor":16}],"player_experience":1585303,"relics_obtained":[{"floor":6,"key":"Singing Bowl"},{"floor":8,"key":"Blue Candle"},{"floor":9,"key":"Smiling Mask"},{"floor":12,"key":"Regal Pillow"},{"floor":13,"key":"The Courier"}],"event_choices":[{"damage_healed":0,"gold_gain":0,"player_choice":"Take Damage","damage_taken":23,"relics_obtained":["Golden Idol"],"max_hp_gain":0,"max_hp_loss":0,"event_name":"Golden Idol","floor":3,"gold_loss":0},{"damage_healed":0,"gold_gain":0,"player_choice":"Entered Light","damage_taken":20,"max_hp_gain":0,"max_hp_loss":0,"event_name":"Shining Light","floor":4,"gold_loss":0,"cards_upgraded":["Strike_P","Eruption"]},{"damage_healed":0,"gold_gain":0,"player_choice":"Grow","damage_taken":0,"max_hp_gain":0,"max_hp_loss":0,"event_name":"Living Wall","floor":10,"gold_loss":0,"cards_upgraded":["Pray"]}],"is_beta":false,"boss_relics":[{"not_picked":["Coffee Dripper","Calling Bell"],"picked":"SlaversCollar"}],"items_purged_floors":[14],"is_endless":false,"potions_floor_spawned":[1,6,11,12],"killed_by":"3 Byrds","ascension_level":18}}