{"host":"sdjng9zhqonqi3uc","time":1611084400,"event":{"mods":["2.2 Compatiblity","AchievementEnabler","BaseMod","Better Third Choice","BetterRewards","Colored Powertips","Downfall","Hero for Fun","Minty Spire (QoL Compilation)","Quick Restart","Shop Mod","Spicy Shops","StSLib","Td1madao Mod","The Animator","The Cursed","The Servant 0.9.4"],"gold_per_floor":[116,126,51,64,64,95,95,147,173,209,209,243,259,274,274,398,398,416,434,443,470,483,518,518,562,562,562,586,417,417,440,440,563,563,583,583,737,760,1093,1128,1128,1169,1169,1169,1196,1211,1211,1221,1221,1221],"floor_reached":51,"language":"ENG","playtime":383,"items_purged":["Defend_Y","Decay"],"score":1954,"play_id":"0324d122-447e-4cbc-b08f-2cb063e9be77","local_time":"20210119202640","is_ascension_mode":true,"campfire_choices":[{"data":"Strike_Y","floor":7,"key":"SMITH"},{"data":"Strike_Y","floor":11,"key":"SMITH"},{"data":"Strike_Y","floor":15,"key":"SMITH"},{"data":"Serious_Punch","floor":24,"key":"SMITH"},{"data":"Get_Hopes_Up","floor":27,"key":"SMITH"},{"data":"Slap","floor":30,"key":"SMITH"},{"data":"Slap","floor":32,"key":"SMITH"},{"data":"Strike_Y","floor":41,"key":"SMITH"},{"floor":44,"key":"RECALL"},{"floor":49,"key":"REST"}],"circlet_count":0,"master_deck":["AscendersBane","Strike_Y+1","Strike_Y+1","Strike_Y+1","Strike_Y","Strike_Y+1","Slap+1","Serious_Punch+1","Slap+1","Shame","Normality","downfall:Malfunctioning","downfall:Icky","animator:Curse_Nutcracker","Oh+1","Slap"],"relics":["Cape","CeramicFish","Centennial Puzzle","Regal Pillow","Pen Nib","Smiling Mask","Frozen Egg 2","Blue Candle","Bag of Marbles","MerchantsRug","Black Star","Du-Vu Doll","White Beast Statue","FossilizedHelix","Lantern","Ginger","Letter Opener","Vajra"],"acts_visited":["Exordium","TheCity","TheBeyond"],"potions_floor_usage":[],"damage_taken":[{"damage":0,"enemies":"Cultist","floor":1,"turns":1},{"damage":0,"enemies":"Jaw Worm","floor":2,"turns":1},{"damage":0,"enemies":"2 Louse","floor":4,"turns":1},{"damage":0,"enemies":"Gremlin Nob","floor":6,"turns":1},{"damage":0,"enemies":"Lagavulin","floor":8,"turns":1},{"damage":0,"enemies":"3 Sentries","floor":10,"turns":2},{"damage":0,"enemies":"Gremlin Nob","floor":12,"turns":1},{"damage":0,"enemies":"Looter","floor":13,"turns":1},{"damage":0,"enemies":"3 Louse","floor":14,"turns":2},{"damage":0,"enemies":"Slime Boss","floor":16,"turns":1},{"damage":0,"enemies":"Shell Parasite","floor":18,"turns":1},{"damage":0,"enemies":"3 Byrds","floor":21,"turns":1},{"damage":0,"enemies":"Snake Plant","floor":22,"turns":1},{"damage":0,"enemies":"Slavers","floor":23,"turns":1},{"damage":0,"enemies":"Book of Stabbing","floor":25,"turns":1},{"damage":0,"enemies":"3 Cultists","floor":28,"turns":1},{"damage":0,"enemies":"Cultist and Chosen","floor":31,"turns":1},{"damage":0,"enemies":"Automaton","floor":33,"turns":1},{"damage":0,"enemies":"3 Darklings","floor":35,"turns":1},{"damage":0,"enemies":"3 Shapes","floor":38,"turns":2},{"damage":0,"enemies":"Reptomancer","floor":40,"turns":1},{"damage":0,"enemies":"Nemesis","floor":42,"turns":1},{"damage":0,"enemies":"3 Darklings","floor":46,"turns":1},{"damage":0,"enemies":"Maw","floor":48,"turns":1},{"damage":0,"enemies":"Awakened One","floor":50,"turns":2}],"seed_played":"-917710329512684348","potions_obtained":[{"floor":14,"key":"SteroidPotion"},{"floor":18,"key":"SpeedPotion"}],"is_trial":false,"path_per_floor":["M","M","$","M","?","E","R","E","T","E","R","E","M","M","R","B",null,"M","?","?","M","M","E","R","E","T","R","M","$","R","M","R","B",null,"M","?","?","M","?","E","R","E","T","R","T","M","?","M","R","B",null],"character_chosen":"OPM","items_purchased":["MerchantsRug"],"campfire_rested":1,"item_purchase_floors":[29],"current_hp_per_floor":[899,899,899,899,899,899,899,899,899,899,899,899,899,899,899,899,974,974,974,974,974,974,974,974,974,974,974,974,974,974,974,974,974,993,993,949,954,954,954,954,954,954,954,954,954,954,954,954,954,954],"gold":1221,"neow_bonus":"HUNDRED_GOLD","is_daily":false,"chose_seed":false,"campfire_upgraded":8,"win_rate":0.0,"timestamp":1611084400,"path_taken":["M","M","$","?","?","E","R","E","T","E","R","E","M","M","R","BOSS","M","?","?","M","?","E","R","E","T","R","M","$","R","M","R","BOSS","M","?","?","M","?","E","R","E","T","R","?","M","?","M","R","BOSS"],"items_purchased_type":["Relic"],"build_version":"2020-12-22","purchased_purges":2,"victory":true,"max_hp_per_floor":[999,999,999,999,999,999,999,999,999,999,999,999,999,999,999,999,999,999,999,999,999,999,999,999,999,999,999,999,999,999,999,999,999,999,999,949,954,954,954,954,954,954,954,954,954,954,954,954,954,954],"card_choices":[{"not_picked":["Yawn","Hop","Toss_Stone"],"picked":"SKIP","floor":1},{"not_picked":["Yawn","Hop","Ignore"],"picked":"SKIP","floor":2},{"not_picked":["Do_Nothing","Normal_Punch","Yawn"],"picked":"SKIP","floor":4},{"not_picked":["Consecutive_Normal_Punch","Normal_Punch","Hop"],"picked":"SKIP","floor":6},{"not_picked":["Ignore","Terrifying_Presence"],"picked":"Slap","floor":8},{"not_picked":["Ignore","Hop","Slap"],"picked":"SKIP","floor":10},{"not_picked":["Side_Hop","Yawn","Ignore"],"picked":"SKIP","floor":12},{"not_picked":["Wear_Disguise","Consecutive_Normal_Punch","Ignore"],"picked":"SKIP","floor":13},{"not_picked":["Side_Hop","Slap","Normal_Punch"],"picked":"SKIP","floor":14},{"not_picked":["Slap","Side_Hop+1","Ignore"],"picked":"SKIP","floor":18},{"not_picked":["Yawn","Ignore"],"picked":"Slap","floor":21},{"not_picked":["Normal_Punch","Ignore","Wear_Disguise+1"],"picked":"SKIP","floor":22},{"not_picked":["Yawn","Toss_Stone","Side_Hop+1"],"picked":"SKIP","floor":23},{"not_picked":["Slap","Serious_Punch","Ignore"],"picked":"SKIP","floor":25},{"not_picked":["Ignore","Wear_Disguise+1","Hop"],"picked":"SKIP","floor":28},{"not_picked":["Do_Nothing","Normal_Punch+1","Hop"],"picked":"SKIP","floor":31},{"not_picked":["Slap+1","Toss_Stone","Do_Nothing+1"],"picked":"SKIP","floor":35},{"not_picked":["Ignore+1","Yawn","Do_Nothing"],"picked":"SKIP","floor":38},{"not_picked":["Normal_Punch","Wear_Disguise+1","Ignore+1"],"picked":"SKIP","floor":40},{"not_picked":["Do_Nothing","Yawn+1"],"picked":"Slap","floor":42},{"not_picked":["Wear_Disguise+1","Ignore+1","Normal_Punch+1"],"picked":"SKIP","floor":46},{"not_picked":["Yawn+1","Ignore","Toss_Stone+1"],"picked":"SKIP","floor":48}],"player_experience":345621,"relics_obtained":[{"floor":6,"key":"CeramicFish"},{"floor":8,"key":"Centennial Puzzle"},{"floor":9,"key":"Regal Pillow"},{"floor":10,"key":"Pen Nib"},{"floor":12,"key":"Smiling Mask"},{"floor":23,"key":"Frozen Egg 2"},{"floor":25,"key":"Blue Candle"},{"floor":26,"key":"Bag of Marbles"},{"floor":40,"key":"White Beast Statue"},{"floor":40,"key":"FossilizedHelix"},{"floor":42,"key":"Lantern"},{"floor":42,"key":"Ginger"},{"floor":43,"key":"Letter Opener"},{"floor":45,"key":"Vajra"}],"event_choices":[{"damage_healed":0,"gold_gain":0,"player_choice":"Take Damage","damage_taken":249,"relics_obtained":["Golden Idol"],"max_hp_gain":0,"max_hp_loss":0,"event_name":"Golden Idol","floor":5,"gold_loss":0},{"damage_healed":0,"gold_gain":0,"cards_transformed":["Defend_Y","Defend_Y"],"player_choice":"Became Test Subject","damage_taken":0,"max_hp_gain":0,"max_hp_loss":0,"event_name":"Drug Dealer","floor":19,"gold_loss":0,"cards_obtained":["Serious_Punch","Get_Hopes_Up"]},{"damage_healed":0,"gold_gain":0,"player_choice":"Cursed","damage_taken":0,"max_hp_gain":0,"max_hp_loss":0,"event_name":"Wheel of Change","floor":20,"gold_loss":0,"cards_obtained":["Decay"]},{"damage_healed":0,"gold_gain":0,"player_choice":"Max HP","damage_taken":0,"max_hp_gain":0,"max_hp_loss":50,"event_name":"Winding Halls","floor":36,"gold_loss":0},{"damage_healed":0,"gold_gain":333,"player_choice":"Gave Idol","damage_taken":0,"max_hp_gain":0,"max_hp_loss":0,"event_name":"The Moai Head","floor":39,"relics_lost":["Golden Idol"],"gold_loss":0},{"cards_removed":["Get_Hopes_Up"],"damage_healed":0,"gold_gain":0,"player_choice":"Removed Skill","damage_taken":0,"max_hp_gain":0,"max_hp_loss":0,"event_name":"Falling","floor":47,"gold_loss":0}],"is_beta":false,"boss_relics":[{"not_picked":["Fusion Hammer","Calling Bell"],"picked":"Empty Cage"},{"not_picked":["Sozu","SacredBark"],"picked":"Black Star"}],"items_purged_floors":[3,29],"is_endless":false,"potions_floor_spawned":[2,8,14,18,22,31,33,38,42,46,48],"ascension_level":11}}