{"host":"hw9lt6p3yhr90vz0","time":1611037291,"event":{"mods":["BaseMod","DeckTracker","Minty Spire (QoL Compilation)","Relic Stats"],"gold_per_floor":[115,128,139,157,175,175,205,224,224,252,217,217,236,254,254,254,254],"floor_reached":16,"language":"ENG","playtime":1434,"items_purged":[],"score":215,"play_id":"4a2c7d8c-ac45-442d-9430-2689d7012937","local_time":"20210119012131","is_ascension_mode":true,"campfire_choices":[{"floor":6,"key":"REST"},{"floor":15,"key":"RECALL"}],"circlet_count":0,"master_deck":["Strike_G","Strike_G","Strike_G","Strike_G","Defend_G","Defend_G","Defend_G","Defend_G","Defend_G","Survivor","Neutralize","Outmaneuver","Blade Dance","Dodge and Roll","Blade Dance","Storm of Steel","Blade Dance","Blade Dance","Quick Slash","Noxious Fumes","Acrobatics"],"relics":["Ring of the Snake","Akabeko","Peace Pipe","Du-Vu Doll"],"acts_visited":["Exordium"],"potions_floor_usage":[7,10,16],"damage_taken":[{"damage":0,"enemies":"Jaw Worm","floor":1,"turns":4},{"damage":0,"enemies":"Small Slimes","floor":2,"turns":4},{"damage":0,"enemies":"2 Louse","floor":3,"turns":3},{"damage":0,"enemies":"Looter","floor":4,"turns":3},{"damage":19,"enemies":"Exordium Thugs","floor":5,"turns":7},{"damage":52,"enemies":"Lagavulin","floor":7,"turns":7},{"damage":1,"enemies":"Exordium Wildlife","floor":8,"turns":3},{"damage":0,"enemies":"Gremlin Nob","floor":10,"turns":2},{"damage":5,"enemies":"Gremlin Gang","floor":13,"turns":3},{"damage":6,"enemies":"Lots of Slimes","floor":14,"turns":3},{"damage":32,"enemies":"The Guardian","floor":16,"turns":14}],"seed_played":"-8262033061519703262","potions_obtained":[{"floor":5,"key":"Regen Potion"},{"floor":7,"key":"AttackPotion"},{"floor":8,"key":"Ancient Potion"},{"floor":14,"key":"EssenceOfSteel"}],"is_trial":false,"path_per_floor":["M","M","M","M","M","R","E","M","T","E","?","?","M","M","R","B"],"character_chosen":"THE_SILENT","items_purchased":[],"campfire_rested":1,"item_purchase_floors":[],"current_hp_per_floor":[63,63,63,63,44,65,28,27,27,27,44,37,32,26,26,0,0],"gold":254,"neow_bonus":"RANDOM_COMMON_RELIC","is_daily":false,"chose_seed":false,"campfire_upgraded":0,"win_rate":0.0,"timestamp":1611037291,"path_taken":["M","M","M","M","M","R","E","M","T","E","?","?","M","M","R","BOSS"],"items_purchased_type":[],"build_version":"2020-12-22","purchased_purges":0,"victory":false,"max_hp_per_floor":[70,70,70,70,70,70,70,70,70,70,70,70,70,70,70,70,70],"relic_stats":{"Peace Pipe":0,"counters":[11,53],"obtain_stats":[{"Peace Pipe":7,"Du-Vu Doll":10,"Akabeko":0,"Ring of the Snake":0},{"Peace Pipe":6,"Du-Vu Doll":8,"Akabeko":0,"Ring of the Snake":0},{"Peace Pipe":28,"Du-Vu Doll":33,"Akabeko":0,"Ring of the Snake":0}],"Ring of the Snake":[22]},"card_choices":[{"not_picked":["Deflect","Masterful Stab"],"picked":"Outmaneuver","floor":1},{"not_picked":["Dagger Spray","Flechettes"],"picked":"Blade Dance","floor":2},{"not_picked":["Riddle With Holes","Acrobatics"],"picked":"Dodge and Roll","floor":3},{"not_picked":["Cloak And Dagger","Riddle With Holes"],"picked":"Blade Dance","floor":4},{"not_picked":["Leg Sweep","Footwork"],"picked":"Storm of Steel","floor":5},{"not_picked":["Skewer","Slice"],"picked":"Blade Dance","floor":7},{"not_picked":["Calculated Gamble","Heel Hook"],"picked":"Blade Dance","floor":8},{"not_picked":["Slice","Underhanded Strike"],"picked":"Quick Slash","floor":10},{"not_picked":["Deadly Poison","Prepared"],"picked":"Noxious Fumes","floor":13},{"not_picked":["Crippling Poison","Heel Hook"],"picked":"Acrobatics","floor":14}],"player_experience":1234439,"relics_obtained":[{"floor":7,"key":"Peace Pipe"},{"floor":10,"key":"Du-Vu Doll"}],"event_choices":[{"damage_healed":17,"gold_gain":0,"player_choice":"Healed","damage_taken":0,"max_hp_gain":0,"max_hp_loss":0,"event_name":"The Cleric","floor":11,"gold_loss":35},{"cards_removed":["Strike_G"],"damage_healed":0,"gold_gain":0,"player_choice":"Card Removal","damage_taken":7,"max_hp_gain":0,"max_hp_loss":0,"event_name":"Golden Wing","floor":12,"gold_loss":0}],"is_beta":false,"boss_relics":[],"items_purged_floors":[],"is_endless":false,"potions_floor_spawned":[5,7,8,14],"killed_by":"The Guardian","ascension_level":7}}