{"host":"c52z9ixzgdjttcmx","time":1611026445,"event":{"mods":["BaseMod","Colored Powertips","Minty Spire (QoL Compilation)","Rare Cards Sparkle","Relic Stats"],"gold_per_floor":[118,136,136,136,146,174,60,60,106,206,217,237,248,279,279,375,375,386,311,311],"floor_reached":19,"language":"ENG","playtime":1617,"items_purged":["Strike_P"],"score":286,"play_id":"0cf3bc68-5df0-4c34-a65f-6325d5db18d3","local_time":"20210118212045","is_ascension_mode":true,"campfire_choices":[{"floor":8,"key":"REST"},{"floor":15,"key":"REST"}],"circlet_count":0,"master_deck":["AscendersBane","Strike_P","Strike_P+1","Defend_P+1","Defend_P","Defend_P","Defend_P","Eruption","Vigilance","ConjureBlade","WreathOfFlame","EmptyMind","ThirdEye","Nirvana","MentalFortress","FlurryOfBlows","SignatureMove","Wireheading","Sanctity","Devotion","ThirdEye"],"relics":["PureWater","Strawberry","Happy Flower","Bag of Marbles","Fusion Hammer"],"acts_visited":["Exordium","TheCity"],"potions_floor_usage":[11,14,16,19],"damage_taken":[{"damage":7,"enemies":"Jaw Worm","floor":1,"turns":3},{"damage":4,"enemies":"2 Louse","floor":2,"turns":5},{"damage":0,"enemies":"Cultist","floor":5,"turns":3},{"damage":9,"enemies":"Gremlin Nob","floor":6,"turns":3},{"damage":12,"enemies":"3 Louse","floor":11,"turns":7},{"damage":0,"enemies":"Blue Slaver","floor":12,"turns":5},{"damage":3,"enemies":"Red Slaver","floor":13,"turns":3},{"damage":2,"enemies":"3 Sentries","floor":14,"turns":7},{"damage":9,"enemies":"Slime Boss","floor":16,"turns":8},{"damage":59,"enemies":"3 Byrds","floor":18,"turns":8},{"damage":28,"enemies":"2 Thieves","floor":19,"turns":3}],"seed_played":"7850424039893953772","potions_obtained":[{"floor":2,"key":"Block Potion"},{"floor":6,"key":"AttackPotion"},{"floor":11,"key":"Swift Potion"},{"floor":18,"key":"Regen Potion"}],"is_trial":false,"path_per_floor":["M","M","?","?","M","E","$","R","T","?","M","M","M","E","R","B",null,"M","M"],"character_chosen":"WATCHER","items_purchased":["MentalFortress"],"campfire_rested":2,"item_purchase_floors":[7],"current_hp_per_floor":[58,54,40,33,33,31,31,54,54,54,42,42,39,37,60,51,72,13,0,0],"gold":311,"neow_bonus":"ONE_RANDOM_RARE_CARD","is_daily":false,"chose_seed":false,"campfire_upgraded":0,"win_rate":0.0,"timestamp":1611026445,"path_taken":["M","M","?","?","M","E","$","R","T","?","M","?","M","E","R","BOSS","M","M"],"items_purchased_type":["Card"],"build_version":"2020-12-22","purchased_purges":1,"victory":false,"max_hp_per_floor":[72,72,72,72,72,79,79,79,79,79,79,79,79,79,79,79,79,79,79,79],"relic_stats":{"Happy Flower":[13],"counters":[11,55],"obtain_stats":[{"Happy Flower":9,"Strawberry":6,"Fusion Hammer":17,"Bag of Marbles":14,"PureWater":0},{"Happy Flower":4,"Strawberry":4,"Fusion Hammer":9,"Bag of Marbles":8,"PureWater":0},{"Happy Flower":14,"Strawberry":14,"Fusion Hammer":44,"Bag of Marbles":36,"PureWater":0}]},"card_choices":[{"not_picked":["CrushJoints","BowlingBash"],"picked":"WreathOfFlame","floor":1},{"not_picked":["Nirvana","BowlingBash"],"picked":"EmptyMind","floor":2},{"not_picked":["WaveOfTheHand","PathToVictory"],"picked":"ThirdEye","floor":5},{"not_picked":["Scrawl","ThirdEye"],"picked":"Nirvana","floor":6},{"not_picked":["ClearTheMind","CrushJoints"],"picked":"FlurryOfBlows","floor":11},{"not_picked":["CrushJoints","Worship"],"picked":"SignatureMove","floor":12},{"not_picked":["LikeWater","FlurryOfBlows"],"picked":"Wireheading","floor":13},{"not_picked":["FollowUp","Conclude"],"picked":"Sanctity","floor":14},{"not_picked":["Establishment","ConjureBlade"],"picked":"Devotion","floor":16},{"not_picked":["CrushJoints","Evaluate"],"picked":"ThirdEye","floor":18}],"player_experience":3280911,"relics_obtained":[{"floor":6,"key":"Strawberry"},{"floor":9,"key":"Happy Flower"},{"floor":14,"key":"Bag of Marbles"}],"event_choices":[{"damage_healed":0,"gold_gain":0,"player_choice":"Entered Light","damage_taken":14,"max_hp_gain":0,"max_hp_loss":0,"event_name":"Shining Light","floor":3,"gold_loss":0,"cards_upgraded":["Strike_P","Defend_P"]},{"cards_removed":["Strike_P"],"damage_healed":0,"gold_gain":0,"player_choice":"Card Removal","damage_taken":7,"max_hp_gain":0,"max_hp_loss":0,"event_name":"Golden Wing","floor":4,"gold_loss":0},{"damage_healed":0,"gold_gain":100,"player_choice":"Gold","damage_taken":0,"max_hp_gain":0,"max_hp_loss":0,"event_name":"Wheel of Change","floor":10,"gold_loss":0}],"is_beta":false,"boss_relics":[{"not_picked":["Astrolabe","Black Star"],"picked":"Fusion Hammer"}],"items_purged_floors":[7],"is_endless":false,"potions_floor_spawned":[2,6,11,18],"killed_by":"2 Thieves","ascension_level":12}}