{"host":"qgrlfjrqk9z96gfi","time":1611031626,"event":{"mods":["BaseMod","Block Reminder","Colored Map","Custom Start","DeckTracker","Minty Spire (QoL Compilation)"],"gold_per_floor":[113,113,113,128,43,43,77,77,77,110,130,130,150,150,150,228,228,242,256,3,3,13,13,38,38,38,73,91,119,53,66,66,141,141,152,168,4,23,23,49,49,66,66,66,76,102,102,117,117,117,117,117],"floor_reached":51,"language":"ENG","playtime":2357,"items_purged":["Setup","Flechettes+1"],"score":1575,"play_id":"d6b3a200-6a0b-45b3-bed3-0815ac5aa61b","local_time":"20210118184706","is_ascension_mode":true,"campfire_choices":[{"data":"Panache","floor":6.0,"key":"SMITH"},{"floor":8.0,"key":"REST"},{"floor":15.0,"key":"REST"},{"data":"Wraith Form v2","floor":23.0,"key":"SMITH"},{"data":"Adrenaline","floor":25.0,"key":"SMITH"},{"data":"A Thousand Cuts","floor":32,"key":"SMITH"},{"floor":44,"key":"REST"},{"data":"Burst","floor":47,"key":"SMITH"},{"data":"Accuracy","floor":49,"key":"SMITH"}],"circlet_count":0,"master_deck":["AscendersBane","Survivor","Neutralize","Panache+1","Eviscerate","Slice","Cloak And Dagger","Poisoned Stab","Prepared","Unload+1","Dagger Spray+1","Parasite","Slice+1","Adrenaline+1","A Thousand Cuts+1","Wraith Form v2+1","Catalyst","Burst+1","Acrobatics","Deadly Poison","Deflect+1","Well Laid Plans+1","Cloak And Dagger","Blade Dance+1","Die Die Die+1","Blade Dance","Calculated Gamble","Bullet Time","Terror","PiercingWail","Dramatic Entrance+1","Underhanded Strike+1","Neutralize+1","Leg Sweep","Accuracy+1"],"relics":["Ring of the Snake","Bag of Marbles","Happy Flower","Molten Egg 2","Orichalcum","Pandora\u0027s Box","Blood Vial","War Paint","FossilizedHelix","Mercury Hourglass","Smiling Mask","Runic Pyramid","Lantern","Gremlin Horn","Mummified Hand"],"acts_visited":["Exordium","TheCity","TheBeyond"],"potions_floor_usage":[33,48,50,50],"damage_taken":[{"damage":0.0,"enemies":"2 Louse","floor":1.0,"turns":4.0},{"damage":0.0,"enemies":"Cultist","floor":4.0,"turns":2.0},{"damage":42.0,"enemies":"3 Sentries","floor":7.0,"turns":10.0},{"damage":19.0,"enemies":"Lagavulin","floor":10.0,"turns":6.0},{"damage":0.0,"enemies":"Small Slimes","floor":11.0,"turns":1.0},{"damage":3.0,"enemies":"Exordium Thugs","floor":13.0,"turns":4.0},{"damage":30.0,"enemies":"Slime Boss","floor":16.0,"turns":8.0},{"damage":4.0,"enemies":"3 Byrds","floor":18.0,"turns":3.0},{"damage":23.0,"enemies":"Shell Parasite","floor":19.0,"turns":4.0},{"damage":6.0,"enemies":"3 Cultists","floor":22.0,"turns":3.0},{"damage":4.0,"enemies":"Slavers","floor":24.0,"turns":5.0},{"damage":12.0,"enemies":"Gremlin Leader","floor":27.0,"turns":6.0},{"damage":0.0,"enemies":"Centurion and Healer","floor":28.0,"turns":2.0},{"damage":0.0,"enemies":"Slavers","floor":29.0,"turns":1.0},{"damage":0,"enemies":"Snake Plant","floor":31,"turns":3},{"damage":15,"enemies":"Collector","floor":33,"turns":6},{"damage":12,"enemies":"3 Shapes","floor":35,"turns":4},{"damage":0,"enemies":"3 Darklings","floor":36,"turns":3},{"damage":0,"enemies":"Maw","floor":38,"turns":5},{"damage":12,"enemies":"Reptomancer","floor":40,"turns":3},{"damage":0,"enemies":"Sphere and 2 Shapes","floor":42,"turns":1},{"damage":0,"enemies":"Spire Growth","floor":45,"turns":4},{"damage":0,"enemies":"Giant Head","floor":46,"turns":8},{"damage":0,"enemies":"Transient","floor":48,"turns":6},{"damage":42,"enemies":"Time Eater","floor":50,"turns":9},{"damage":36,"enemies":"Donu and Deca","floor":51,"turns":2}],"seed_played":"3665323930376182598","potions_obtained":[{"floor":1.0,"key":"Swift Potion"},{"floor":10.0,"key":"Ancient Potion"},{"floor":13.0,"key":"GamblersBrew"},{"floor":19.0,"key":"Energy Potion"},{"floor":22.0,"key":"LiquidMemories"},{"floor":33,"key":"Weak Potion"},{"floor":46,"key":"PowerPotion"},{"floor":48,"key":"SkillPotion"}],"is_trial":false,"path_per_floor":["M","?","?","M","$","R","E","R","T","E","M","?","M","?","R","B",null,"M","M","$","?","M","R","E","R","T","E","M","E","?","M","R","B",null,"M","M","$","M","?","E","$","M","T","R","M","E","R","M","R","B","B"],"character_chosen":"THE_SILENT","items_purchased":["Cloak And Dagger","Poisoned Stab","Blade Dance","Die Die Die+1","PiercingWail","Dramatic Entrance+1"],"campfire_rested":3,"item_purchase_floors":[5,5,20,20,37,37],"current_hp_per_floor":[59,48,53,53,53,53,11,30,30,11,11,27,24,24,43,13,52,48,25,25,65,59,59,55,55,55,45,47,49,49,51,51,38,58,48,50,50,52,52,42,42,44,44,63,65,65,65,65,65,23,0,0],"gold":117,"neow_bonus":"RANDOM_COLORLESS_2","is_daily":false,"chose_seed":false,"campfire_upgraded":6,"win_rate":0.0,"timestamp":1611031626,"path_taken":["M","?","?","M","$","R","E","R","T","E","M","?","M","?","R","BOSS","M","M","$","?","?","R","E","R","T","E","M","E","?","M","R","BOSS","M","M","$","?","?","E","$","M","T","R","M","E","R","M","R","BOSS","BOSS"],"items_purchased_type":["Card","Card","Card","Card","Card","Card"],"build_version":"2020-12-22","purchased_purges":2,"victory":false,"max_hp_per_floor":[60,60,65,65,65,65,65,65,65,65,65,65,65,65,65,65,65,65,65,65,65,65,65,65,65,65,65,65,65,65,65,65,65,65,65,65,65,65,65,65,65,65,65,65,65,65,65,65,65,65,65,65],"card_choices":[{"not_picked":["Violence","The Bomb"],"picked":"Panache","floor":0.0},{"not_picked":["Deflect","Poisoned Stab"],"picked":"Eviscerate","floor":1.0},{"not_picked":["Accuracy","Concentrate"],"picked":"Slice","floor":4.0},{"not_picked":["Backflip","Reflex"],"picked":"Prepared","floor":7.0},{"not_picked":["Flechettes+1","Skewer+1"],"picked":"Unload+1","floor":10.0},{"not_picked":["Setup","Backflip"],"picked":"Dagger Spray+1","floor":11.0},{"not_picked":["Backflip","Sucker Punch+1"],"picked":"Slice+1","floor":13.0},{"not_picked":["Phantasmal Killer","Glass Knife+1"],"picked":"Adrenaline","floor":16.0},{"not_picked":["Caltrops","Accuracy"],"picked":"Well Laid Plans+1","floor":18.0},{"not_picked":["Choke+1","Riddle With Holes+1"],"picked":"Cloak And Dagger","floor":19.0},{"not_picked":["Poisoned Stab+1","Crippling Poison","Choke+1"],"picked":"SKIP","floor":22.0},{"not_picked":["Distraction","Bane+1","Quick Slash+1"],"picked":"SKIP","floor":24.0},{"not_picked":["Heel Hook+1","Underhanded Strike+1"],"picked":"Blade Dance","floor":27.0},{"not_picked":["Escape Plan","Quick Slash+1"],"picked":"Calculated Gamble","floor":28.0},{"not_picked":["Flying Knee+1","Storm of Steel","Escape Plan"],"picked":"SKIP","floor":29.0},{"not_picked":["Poisoned Stab+1","Noxious Fumes","Dagger Throw+1"],"picked":"SKIP","floor":31},{"not_picked":["Storm of Steel","Envenom"],"picked":"Bullet Time","floor":33},{"not_picked":["Flechettes+1","Prepared","Backflip"],"picked":"SKIP","floor":35},{"not_picked":["Bane+1","Flying Knee+1"],"picked":"Terror","floor":36},{"not_picked":["Eviscerate+1","Dagger Spray+1"],"picked":"Underhanded Strike+1","floor":38},{"not_picked":["Deadly Poison","Blade Dance"],"picked":"Leg Sweep","floor":40},{"not_picked":["Slice+1","Blade Dance"],"picked":"Accuracy","floor":42},{"not_picked":["Well Laid Plans","Dagger Throw+1","Sucker Punch+1"],"picked":"SKIP","floor":45},{"not_picked":["Burst","Dash+1","PiercingWail"],"picked":"SKIP","floor":46},{"not_picked":["Deadly Poison","Poisoned Stab+1","Riddle With Holes+1"],"picked":"SKIP","floor":48}],"player_experience":1029731,"relics_obtained":[{"floor":7.0,"key":"Happy Flower"},{"floor":9.0,"key":"Molten Egg 2"},{"floor":10.0,"key":"Orichalcum"},{"floor":24.0,"key":"Blood Vial"},{"floor":26.0,"key":"War Paint"},{"floor":27.0,"key":"FossilizedHelix"},{"floor":29.0,"key":"Mercury Hourglass"},{"floor":40,"key":"Lantern"},{"floor":43,"key":"Gremlin Horn"},{"floor":46,"key":"Mummified Hand"}],"event_choices":[{"damage_healed":0.0,"max_hp_gain":0.0,"max_hp_loss":0.0,"gold_gain":0.0,"event_name":"Scrap Ooze","player_choice":"Success","floor":2.0,"gold_loss":0.0,"damage_taken":11.0,"relics_obtained":["Bag of Marbles"]},{"damage_healed":0.0,"max_hp_gain":5.0,"max_hp_loss":0.0,"gold_gain":0.0,"event_name":"Big Fish","player_choice":"Donut","floor":3.0,"gold_loss":0.0,"damage_taken":0.0},{"damage_healed":16.0,"max_hp_gain":0.0,"max_hp_loss":0.0,"gold_gain":0.0,"event_name":"Mushrooms","player_choice":"Healed and dodged fight","floor":12.0,"gold_loss":0.0,"damage_taken":0.0,"cards_obtained":["Parasite"]},{"cards_removed":["Strike_G"],"damage_healed":0.0,"max_hp_gain":0.0,"max_hp_loss":0.0,"gold_gain":0.0,"event_name":"Bonfire Elementals","player_choice":"Offered Basic","floor":14.0,"gold_loss":0.0,"damage_taken":0.0},{"damage_healed":40.0,"max_hp_gain":0.0,"max_hp_loss":0.0,"gold_gain":0.0,"event_name":"Wheel of Change","player_choice":"Full Heal","floor":21.0,"gold_loss":0.0,"damage_taken":0.0},{"damage_healed":0.0,"max_hp_gain":0.0,"max_hp_loss":0.0,"gold_gain":0.0,"event_name":"WeMeetAgain","player_choice":"Paid Gold","floor":30.0,"gold_loss":66.0,"damage_taken":0.0,"relics_obtained":["Smiling Mask"]},{"damage_healed":0,"gold_gain":0,"player_choice":"1 cards matched","damage_taken":0,"max_hp_gain":0,"max_hp_loss":0,"event_name":"Match and Keep!","floor":39,"gold_loss":0,"cards_obtained":["Neutralize"]}],"is_beta":false,"boss_relics":[{"not_picked":["Coffee Dripper","Astrolabe"],"picked":"Pandora\u0027s Box"},{"not_picked":["Runic Dome","Empty Cage"],"picked":"Runic Pyramid"}],"items_purged_floors":[20,37],"is_endless":false,"potions_floor_spawned":[1,10,13,19,22,28,33,38,42,45,46,48],"killed_by":"Donu and Deca","ascension_level":20}}