{"host":"vpaavrwbmey593fx","time":1611016049,"event":{"mods":["AchievementEnabler","BaseMod","Bestiary","Colored Map","Colored Powertips","DeckTracker","Minty Spire (QoL Compilation)","Relic Sorter"],"gold_per_floor":[119,119,132,150,198,198,232,249,249,249,249,267,284,300,300,403,403,421,439,107,107,122,142,158,158,158,158,186,186,205,220,220,319,319,329,342,355,242,257,257,289,216,216,216,241,261,280,280,280,280,280,280,76,102,102],"floor_reached":56,"language":"ENG","playtime":6544,"items_purged":["Well Laid Plans+1"],"score":1412,"play_id":"b8111e4c-2953-4052-813e-03787ed90932","local_time":"20210118162729","is_ascension_mode":true,"campfire_choices":[{"data":"Neutralize","floor":6.0,"key":"SMITH"},{"data":"Blur","floor":10.0,"key":"SMITH"},{"data":"Dash","floor":15.0,"key":"SMITH"},{"data":"Die Die Die","floor":27,"key":"SMITH"},{"data":"Prepared","floor":29,"key":"SMITH"},{"data":"Infinite Blades","floor":32,"key":"SMITH"},{"data":"Bullet Time","floor":40,"key":"SMITH"},{"floor":44,"key":"RECALL"},{"data":"Accuracy","floor":49,"key":"SMITH"},{"data":"Footwork","floor":52,"key":"SMITH"}],"circlet_count":0,"master_deck":["Strike_G","Strike_G","Defend_G","Defend_G","Defend_G","Defend_G","Defend_G","Survivor","Neutralize+1","Sucker Punch+1","Adrenaline+1","Finisher","Dash+1","Blur+1","Masterful Stab","Blade Dance","Backflip","Die Die Die+1","Footwork+1","Footwork","Prepared+1","Flying Knee","Infinite Blades+1","Bullet Time+1","Choke","Accuracy+1","Flechettes+1","Malaise","Adrenaline","Dash+1","Cloak And Dagger+1"],"relics":["Astrolabe","HornCleat","Nunchaku","InkBottle","Paper Crane","Darkstone Periapt","Runic Pyramid","Snake Skull","Pear","Coffee Dripper","Bag of Preparation","White Beast Statue","Vajra","Bottled Flame"],"acts_visited":["Exordium","TheCity","TheBeyond","TheEnding"],"potions_floor_usage":[33,35,39,41,41,41,46,50,50,55,55,55],"damage_taken":[{"damage":7.0,"enemies":"Jaw Worm","floor":1.0,"turns":5.0},{"damage":1.0,"enemies":"Small Slimes","floor":3.0,"turns":3.0},{"damage":0.0,"enemies":"2 Louse","floor":4.0,"turns":2.0},{"damage":25.0,"enemies":"3 Sentries","floor":7.0,"turns":12.0},{"damage":0.0,"enemies":"Looter","floor":8.0,"turns":3.0},{"damage":0.0,"enemies":"Exordium Wildlife","floor":12.0,"turns":3.0},{"damage":0.0,"enemies":"Red Slaver","floor":13.0,"turns":4.0},{"damage":0.0,"enemies":"3 Louse","floor":14.0,"turns":2.0},{"damage":3.0,"enemies":"Hexaghost","floor":16.0,"turns":11.0},{"damage":0.0,"enemies":"Chosen","floor":18.0,"turns":4.0},{"damage":31.0,"enemies":"3 Byrds","floor":19.0,"turns":8.0},{"damage":0,"enemies":"Cultist and Chosen","floor":22,"turns":6},{"damage":5,"enemies":"Snake Plant","floor":23,"turns":8},{"damage":0,"enemies":"Centurion and Healer","floor":24,"turns":6},{"damage":0,"enemies":"Book of Stabbing","floor":28,"turns":9},{"damage":5,"enemies":"Sentry and Sphere","floor":30,"turns":7},{"damage":11,"enemies":"Snake Plant","floor":31,"turns":7},{"damage":0,"enemies":"Automaton","floor":33,"turns":8},{"damage":8,"enemies":"3 Shapes","floor":35,"turns":3},{"damage":4,"enemies":"3 Darklings","floor":36,"turns":5},{"damage":18,"enemies":"Jaw Worm Horde","floor":37,"turns":5},{"damage":0,"enemies":"Transient","floor":39,"turns":5},{"damage":4,"enemies":"Reptomancer","floor":41,"turns":5},{"damage":0,"enemies":"Giant Head","floor":45,"turns":8},{"damage":14,"enemies":"Spire Growth","floor":46,"turns":4},{"damage":0,"enemies":"3 Darklings","floor":47,"turns":5},{"damage":10,"enemies":"Time Eater","floor":50,"turns":12},{"damage":11,"enemies":"Shield and Spear","floor":54,"turns":8},{"damage":57,"enemies":"The Heart","floor":55,"turns":11}],"seed_played":"-430557488009215902","potions_obtained":[{"floor":4.0,"key":"Ancient Potion"},{"floor":7.0,"key":"Ancient Potion"},{"floor":12.0,"key":"SneckoOil"},{"floor":14.0,"key":"Block Potion"},{"floor":16.0,"key":"EntropicBrew"},{"floor":19.0,"key":"CultistPotion"},{"floor":33,"key":"ColorlessPotion"},{"floor":35,"key":"LiquidMemories"},{"floor":45,"key":"AttackPotion"},{"floor":46,"key":"Strength Potion"},{"floor":47,"key":"CultistPotion"},{"floor":54,"key":"Weak Potion"}],"is_trial":false,"path_per_floor":["M","?","M","M","T","R","E","M","T","R","?","M","M","M","R","B",null,"M","M","$","?","M","M","M","?","T","R","E","R","M","M","R","B",null,"M","M","M","$","M","R","E","?","T","R","E","M","M","?","R","B",null,"R","$","E","B",null],"character_chosen":"THE_SILENT","items_purchased":["Footwork","InkBottle","Accuracy","Vajra","Strength Potion"],"campfire_rested":0,"item_purchase_floors":[20,20,38,53,53],"current_hp_per_floor":[63,63,62,62,62,62,37,37,37,37,34,34,34,34,34,31,70,70,39,39,39,39,34,34,34,34,34,44,44,39,28,28,28,80,72,68,50,50,50,50,46,46,46,46,46,32,32,32,32,22,80,80,80,69,12],"gold":102,"neow_bonus":"BOSS_RELIC","is_daily":false,"chose_seed":false,"campfire_upgraded":9,"win_rate":0.0,"timestamp":1611016049,"path_taken":["M","?","M","M","?","R","E","M","T","R","?","M","M","M","R","BOSS","M","M","$","?","M","M","M","?","T","R","E","R","M","M","R","BOSS","M","M","M","$","M","R","E","?","T","R","E","?","M","?","R","BOSS","R","$","E","BOSS"],"items_purchased_type":["Card","Relic","Card","Relic","Potion"],"build_version":"2020-12-22","purchased_purges":1,"victory":true,"max_hp_per_floor":[70,70,70,70,70,70,70,70,70,70,70,70,70,70,70,70,70,70,70,70,70,70,70,70,70,70,70,80,80,80,80,80,80,80,80,80,80,80,80,80,80,80,80,80,80,80,80,80,80,80,80,80,80,80,80],"card_choices":[{"not_picked":["Dagger Throw","Well Laid Plans"],"picked":"Finisher","floor":1.0},{"not_picked":["Blade Dance","Prepared"],"picked":"Dash","floor":3.0},{"not_picked":["Tactician","Doppelganger"],"picked":"Blur","floor":4.0},{"not_picked":["Predator","Calculated Gamble"],"picked":"Masterful Stab","floor":7.0},{"not_picked":["Deadly Poison","Deflect","Underhanded Strike"],"picked":"SKIP","floor":8.0},{"not_picked":["Escape Plan","Finisher","Predator"],"picked":"SKIP","floor":12.0},{"not_picked":["Sucker Punch","Flying Knee"],"picked":"Blade Dance","floor":13.0},{"not_picked":["Tactician","Unload"],"picked":"Backflip","floor":14.0},{"not_picked":["Adrenaline","Unload"],"picked":"Die Die Die","floor":16.0},{"not_picked":["Poisoned Stab","Deadly Poison","Backflip+1"],"picked":"SKIP","floor":18.0},{"not_picked":["Deadly Poison","Dash+1"],"picked":"Footwork","floor":19.0},{"not_picked":["Blur","Underhanded Strike+1","Tactician"],"picked":"SKIP","floor":22},{"not_picked":["Poisoned Stab","Skewer","Quick Slash"],"picked":"SKIP","floor":23},{"not_picked":["Night Terror","Sucker Punch+1"],"picked":"Prepared","floor":24},{"not_picked":["PiercingWail","Catalyst"],"picked":"Flying Knee","floor":28},{"not_picked":["Doppelganger","Flying Knee","Catalyst"],"picked":"SKIP","floor":30},{"not_picked":["Predator","Dash"],"picked":"Infinite Blades","floor":31},{"not_picked":["Night Terror","Die Die Die"],"picked":"Bullet Time","floor":33},{"not_picked":["PiercingWail","Quick Slash+1"],"picked":"Choke","floor":35},{"not_picked":["Slice+1","Poisoned Stab+1","Footwork"],"picked":"SKIP","floor":36},{"not_picked":["Predator","Dagger Spray","Cloak And Dagger+1"],"picked":"SKIP","floor":37},{"not_picked":["Expertise","Slice+1"],"picked":"Flechettes+1","floor":39},{"not_picked":["Acrobatics+1","Cloak And Dagger+1"],"picked":"Malaise","floor":41},{"not_picked":["Expertise","Dagger Spray"],"picked":"Adrenaline","floor":45},{"not_picked":["Noxious Fumes","Sucker Punch+1","Backstab+1"],"picked":"SKIP","floor":46},{"not_picked":["Skewer","Dagger Throw+1","Poisoned Stab"],"picked":"SKIP","floor":47},{"not_picked":["Poisoned Stab+1","Riddle With Holes"],"picked":"Cloak And Dagger+1","floor":54}],"player_experience":210651,"relics_obtained":[{"floor":7.0,"key":"Paper Crane"},{"floor":9.0,"key":"Darkstone Periapt"},{"floor":26,"key":"Snake Skull"},{"floor":28,"key":"Pear"},{"floor":41,"key":"Nunchaku"},{"floor":43,"key":"Bag of Preparation"},{"floor":45,"key":"White Beast Statue"},{"floor":54,"key":"Bottled Flame"}],"event_choices":[{"damage_healed":0.0,"max_hp_gain":0.0,"max_hp_loss":0.0,"gold_gain":0.0,"event_name":"Golden Wing","player_choice":"Ignored","floor":2.0,"gold_loss":0.0,"damage_taken":0.0},{"damage_healed":0.0,"max_hp_gain":0.0,"max_hp_loss":0.0,"gold_gain":0.0,"event_name":"Scrap Ooze","player_choice":"Fled","floor":11.0,"gold_loss":0.0,"damage_taken":3.0},{"damage_healed":0,"gold_gain":0,"player_choice":"Ignored","damage_taken":0,"max_hp_gain":0,"max_hp_loss":0,"event_name":"Beggar","floor":21,"gold_loss":0},{"damage_healed":0,"gold_gain":0,"player_choice":"Ignored","damage_taken":0,"max_hp_gain":0,"max_hp_loss":0,"event_name":"The Mausoleum","floor":25,"gold_loss":0},{"damage_healed":0,"gold_gain":0,"player_choice":"Paid Gold","damage_taken":0,"relics_obtained":["HornCleat"],"max_hp_gain":0,"max_hp_loss":0,"event_name":"WeMeetAgain","floor":42,"gold_loss":73},{"damage_healed":0,"gold_gain":0,"player_choice":"Copied","damage_taken":0,"max_hp_gain":0,"max_hp_loss":0,"event_name":"Duplicator","floor":48,"gold_loss":0,"cards_obtained":["Dash"]}],"is_beta":false,"boss_relics":[{"not_picked":["Calling Bell","Philosopher\u0027s Stone"],"picked":"Runic Pyramid"},{"not_picked":["Empty Cage","Snecko Eye"],"picked":"Coffee Dripper"}],"items_purged_floors":[38],"is_endless":false,"potions_floor_spawned":[4,7,12,14,16,19,24,30,31,33,35,36,45,46,47,54],"ascension_level":3}}