{"host":"i2ir6b55gxkcwpt4","time":1611072774,"event":{"mods":["BaseMod","Colored Map","Colored Powertips","Minty Spire (QoL Compilation)","StSLib","The Servant 0.9.4"],"gold_per_floor":[110,128,128,303,317,317,332,360,406,420,485,5,31,6,6,109,109,121,69,69,84,103,103,103],"floor_reached":23,"language":"ZHS","playtime":2431,"items_purged":["Regret"],"score":226,"play_id":"853db5b5-10fb-4e28-becc-8fa07f79e455","local_time":"20210120001254","is_ascension_mode":false,"campfire_choices":[{"data":"Revamp","floor":6,"key":"SMITH"},{"floor":15,"key":"REST"}],"circlet_count":0,"master_deck":["KidneyShot","Exchange","InstantArmor","Ricochet","Doubt","Revamp+1","GearUp","FloweringNight","Defy","Snipe","BestPractice","Gouge","Reset","FastForward","SoulSculpture","MoonPhase","Collapse","ForgedInTime","SurpressingFire","Dilation","Reset","Barrier","Luminosity","Spin","Unruled","Rearm","Luminosity"],"relics":["Uniform","NeowsBlessing","White Beast Statue","Omamori","Nunchaku","InkBottle","Pantograph","Sundial","Pandora\u0027s Box"],"acts_visited":["Exordium","TheCity"],"potions_floor_usage":[8,11,11,13,16,16,18,23,23,23],"damage_taken":[{"damage":0,"enemies":"Jaw Worm","floor":1,"turns":1},{"damage":0,"enemies":"Small Slimes","floor":2,"turns":1},{"damage":0,"enemies":"2 Louse","floor":5,"turns":2},{"damage":10,"enemies":"Blue Slaver","floor":7,"turns":4},{"damage":0,"enemies":"3 Sentries","floor":8,"turns":5},{"damage":8,"enemies":"Red Slaver","floor":10,"turns":6},{"damage":38,"enemies":"Lagavulin Event","floor":11,"turns":8},{"damage":13,"enemies":"Gremlin Nob","floor":13,"turns":6},{"damage":26,"enemies":"Slime Boss","floor":16,"turns":12},{"damage":7,"enemies":"3 Byrds","floor":18,"turns":5},{"damage":5,"enemies":"Spheric Guardian","floor":21,"turns":4},{"damage":3,"enemies":"Shelled Parasite and Fungi","floor":22,"turns":6},{"damage":56,"enemies":"Slavers","floor":23,"turns":5}],"seed_played":"-572700820700798091","potions_obtained":[{"floor":2,"key":"LiquidBronze"},{"floor":5,"key":"SpeedPotion"},{"floor":7,"key":"Regen Potion"},{"floor":8,"key":"Fire Potion"},{"floor":11,"key":"Explosive Potion"},{"floor":13,"key":"Regen Potion"},{"floor":16,"key":"GamblersBrew"},{"floor":18,"key":"GamblersBrew"},{"floor":21,"key":"LiquidMemories"},{"floor":22,"key":"SpeedPotion"}],"is_trial":false,"path_per_floor":["M","M","?","?","M","R","M","E","T","M","?","$","E","$","R","B",null,"M","$","?","M","M","E"],"character_chosen":"THE_SERVANT","items_purchased":["Pantograph","BestPractice","Gouge","FastForward","Unruled"],"campfire_rested":1,"item_purchase_floors":[12,12,12,14,19],"current_hp_per_floor":[65,65,65,65,65,65,55,55,55,47,24,24,11,11,30,44,65,58,58,58,53,50,0,0],"gold":103,"neow_bonus":"THREE_ENEMY_KILL","is_daily":false,"chose_seed":false,"campfire_upgraded":1,"win_rate":0.0,"timestamp":1611072774,"path_taken":["M","M","?","?","M","R","M","E","T","M","?","$","E","?","R","BOSS","M","$","?","M","M","E"],"items_purchased_type":["Relic","Card","Card","Card","Card"],"build_version":"2020-12-22","purchased_purges":1,"victory":false,"max_hp_per_floor":[65,65,65,65,65,65,65,65,65,65,65,65,65,65,65,65,65,65,65,65,65,65,65,65],"card_choices":[{"not_picked":["Revamp","FastForward"],"picked":"InstantArmor","floor":1},{"not_picked":["FanOfKnives","Collapse"],"picked":"Ricochet","floor":2},{"not_picked":["DoubleEdge","Ricochet"],"picked":"Revamp","floor":5},{"not_picked":["Rewind","SpecialFormula"],"picked":"GearUp","floor":7},{"not_picked":["Shuttle","StarChef"],"picked":"FloweringNight","floor":8},{"not_picked":["DoubleEdge","Rewind"],"picked":"Defy","floor":10},{"not_picked":["Defy","Hightail"],"picked":"Snipe","floor":11},{"not_picked":["TimeWarp","Snipe"],"picked":"Reset","floor":13},{"not_picked":["ForgedInTime","KillingDoll"],"picked":"SoulSculpture","floor":16},{"not_picked":["Shuttle","Potential"],"picked":"Spin","floor":18},{"not_picked":["ReturningBlade","Collapse"],"picked":"Rearm","floor":21},{"not_picked":["DoubleEdge","KillingDoll"],"picked":"Luminosity","floor":22}],"player_experience":62052,"relics_obtained":[{"floor":8,"key":"Omamori"},{"floor":9,"key":"Nunchaku"},{"floor":11,"key":"InkBottle"},{"floor":13,"key":"Sundial"}],"event_choices":[{"damage_healed":0,"gold_gain":0,"player_choice":"Box","damage_taken":0,"relics_obtained":["White Beast Statue"],"max_hp_gain":0,"max_hp_loss":0,"event_name":"Big Fish","floor":3,"gold_loss":0,"cards_obtained":["Regret"]},{"damage_healed":0,"gold_gain":175,"player_choice":"AGREE","damage_taken":0,"max_hp_gain":0,"max_hp_loss":0,"event_name":"Liars Game","floor":4,"gold_loss":0,"cards_obtained":["Doubt"]},{"damage_healed":0,"gold_gain":0,"player_choice":"Searched \u00271\u0027 times","damage_taken":0,"max_hp_gain":0,"max_hp_loss":0,"event_name":"Dead Adventurer","floor":11,"gold_loss":0},{"damage_healed":0,"gold_gain":0,"player_choice":"Ignored","damage_taken":0,"max_hp_gain":0,"max_hp_loss":0,"event_name":"Vampires","floor":20,"gold_loss":0}],"is_beta":false,"boss_relics":[{"not_picked":["Black Star","Empty Cage"],"picked":"Pandora\u0027s Box"}],"items_purged_floors":[12],"is_endless":false,"potions_floor_spawned":[2,5,7,8,10,11,13,16,18,21,22],"killed_by":"Slavers","ascension_level":0}}