{"host":"3zmssa4s99zhxek5","time":1611019559,"event":{"mods":["AchievementEnabler","BaseMod","Minty Spire (QoL Compilation)","Permanent Neow","Relic Stats"],"gold_per_floor":[116,133,148,18,18,48,67,67,67,67,67,84,116,116,116,195,195,209,224,234,47,65,65,65,65],"floor_reached":24,"language":"KOR","playtime":1203,"items_purged":["Strike_G"],"score":516,"play_id":"0d145728-071a-436c-b2c7-5a54ed944470","local_time":"20210119102559","is_ascension_mode":true,"campfire_choices":[{"floor":11,"key":"REST"},{"data":"Catalyst","floor":15,"key":"SMITH"},{"floor":23,"key":"REST"}],"circlet_count":0,"master_deck":["AscendersBane","Strike_G","Strike_G+1","Defend_G","Defend_G","Defend_G","Defend_G","Survivor+1","Neutralize","Catalyst+1","Deadly Poison","Dagger Throw","Deadly Poison","Bane","Catalyst","Leg Sweep","Venomology","Blur","Escape Plan","Leg Sweep","Deflect","Tools of the Trade"],"relics":["Ring of the Snake","StrikeDummy","Prayer Wheel","Happy Flower","SacredBark","Art of War"],"acts_visited":["Exordium","TheCity"],"potions_floor_usage":[6,13,16,18,19,20,20,22,22,24,24],"damage_taken":[{"damage":1,"enemies":"Small Slimes","floor":1,"turns":5},{"damage":14,"enemies":"Jaw Worm","floor":2,"turns":4},{"damage":0,"enemies":"2 Louse","floor":3,"turns":4},{"damage":0,"enemies":"Lagavulin","floor":6,"turns":5},{"damage":7,"enemies":"Gremlin Gang","floor":7,"turns":5},{"damage":2,"enemies":"Large Slime","floor":12,"turns":5},{"damage":0,"enemies":"Gremlin Nob","floor":13,"turns":3},{"damage":1,"enemies":"Hexaghost","floor":16,"turns":5},{"damage":4,"enemies":"Chosen","floor":18,"turns":5},{"damage":0,"enemies":"Shell Parasite","floor":19,"turns":5},{"damage":24,"enemies":"3 Cultists","floor":20,"turns":5},{"damage":17,"enemies":"Sentry and Sphere","floor":22,"turns":8},{"damage":41,"enemies":"Gremlin Leader","floor":24,"turns":5}],"seed_played":"-3679133243804741627","potions_obtained":[{"floor":3,"key":"LiquidMemories"},{"floor":7,"key":"DuplicationPotion"},{"floor":13,"key":"Poison Potion"},{"floor":16,"key":"Weak Potion"},{"floor":20,"key":"GamblersBrew"},{"floor":22,"key":"Ancient Potion"}],"is_trial":false,"path_per_floor":["M","M","M","$","?","E","M","?","T","?","R","M","E","T","R","B",null,"M","M","M","$","M","R","E"],"character_chosen":"THE_SILENT","items_purchased":["PowerPotion","Art of War","Deflect"],"campfire_rested":2,"item_purchase_floors":[4,21,21],"current_hp_per_floor":[58,44,44,44,49,49,42,22,22,15,34,32,32,32,32,31,57,53,53,29,29,12,31,0,0],"gold":65,"neow_bonus":"TRANSFORM_TWO_CARDS","is_daily":false,"chose_seed":false,"campfire_upgraded":1,"win_rate":0.0,"timestamp":1611019559,"path_taken":["M","M","M","$","?","E","M","?","T","?","R","M","E","?","R","BOSS","M","M","M","$","?","R","E"],"items_purchased_type":["Potion","Relic","Card"],"build_version":"2020-12-22","purchased_purges":1,"victory":false,"max_hp_per_floor":[60,60,60,60,65,65,65,65,65,65,65,65,65,65,65,65,65,65,65,65,65,65,65,65,65],"relic_stats":{"Happy Flower":[11],"counters":[13,64],"Prayer Wheel":5,"Art of War":[1],"obtain_stats":[{"Happy Flower":14,"SacredBark":17,"Prayer Wheel":9,"Art of War":21,"StrikeDummy":6,"Ring of the Snake":0},{"Happy Flower":7,"SacredBark":8,"Prayer Wheel":5,"Art of War":11,"StrikeDummy":4,"Ring of the Snake":0},{"Happy Flower":31,"SacredBark":36,"Prayer Wheel":23,"Art of War":51,"StrikeDummy":18,"Ring of the Snake":0}],"Ring of the Snake":[26]},"card_choices":[{"not_picked":["Acrobatics","Blade Dance","Expertise"],"picked":"SKIP","floor":1},{"not_picked":["Expertise","Dagger Spray"],"picked":"Dagger Throw","floor":2},{"not_picked":["Cloak And Dagger","Skewer"],"picked":"Deadly Poison","floor":3},{"not_picked":["Quick Slash","After Image"],"picked":"Bane","floor":6},{"not_picked":["PiercingWail","All Out Attack"],"picked":"Catalyst","floor":7},{"not_picked":["Sucker Punch","Cloak And Dagger"],"picked":"Leg Sweep","floor":12},{"not_picked":["Poisoned Stab","Riddle With Holes","Reflex"],"picked":"SKIP","floor":12},{"not_picked":["Poisoned Stab","Riddle With Holes","Reflex"],"picked":"SKIP","floor":12},{"not_picked":["Flying Knee","Outmaneuver","Expertise"],"picked":"SKIP","floor":13},{"not_picked":["Tools of the Trade","A Thousand Cuts"],"picked":"Venomology","floor":16},{"not_picked":["Eviscerate","Backflip"],"picked":"Blur","floor":18},{"not_picked":["Quick Slash","Cloak And Dagger+1","Heel Hook"],"picked":"SKIP","floor":18},{"not_picked":["Dagger Spray","Quick Slash+1"],"picked":"Escape Plan","floor":19},{"not_picked":["Poisoned Stab","Dagger Throw","Prepared"],"picked":"SKIP","floor":19},{"not_picked":["Outmaneuver","Quick Slash"],"picked":"Leg Sweep","floor":20},{"not_picked":["Acrobatics","Dagger Throw","All Out Attack"],"picked":"SKIP","floor":20},{"not_picked":["Expertise","Dagger Throw+1"],"picked":"Tools of the Trade","floor":22},{"not_picked":["Quick Slash","Dagger Throw","Outmaneuver"],"picked":"SKIP","floor":22}],"player_experience":1511825,"relics_obtained":[{"floor":6,"key":"StrikeDummy"},{"floor":9,"key":"Prayer Wheel"},{"floor":14,"key":"Happy Flower"}],"event_choices":[{"damage_healed":0,"gold_gain":0,"player_choice":"Donut","damage_taken":0,"max_hp_gain":5,"max_hp_loss":0,"event_name":"Big Fish","floor":5,"gold_loss":0},{"damage_healed":0,"gold_gain":0,"player_choice":"Entered Light","damage_taken":20,"max_hp_gain":0,"max_hp_loss":0,"event_name":"Shining Light","floor":8,"gold_loss":0,"cards_upgraded":["Survivor","Strike_G"]},{"cards_removed":["Strike_G"],"damage_healed":0,"gold_gain":0,"player_choice":"Card Removal","damage_taken":7,"max_hp_gain":0,"max_hp_loss":0,"event_name":"Golden Wing","floor":10,"gold_loss":0}],"is_beta":false,"boss_relics":[{"not_picked":["Tiny House","WristBlade"],"picked":"SacredBark"}],"items_purged_floors":[4],"is_endless":false,"potions_floor_spawned":[3,7,12,13,16,20,22],"killed_by":"Gremlin Leader","ascension_level":20}}