{"host":"wha9hktbkslqvblg","time":1611063671,"event":{"mods":["BaseMod","Colored Map","Minty Spire (QoL Compilation)","Relic Stats","SuperFastMode","everything is the same but u backflip on backflip"],"gold_per_floor":[112,132,132,57,17,17,45,45,45,75,85,85,103,118,118,194,194,208,208,123,123,134,134,151,151,151,151,76,92,119,139,139,217,217,229,229,239,251,251,282,282,232,259,279,279,308,308,323,323,323,323,323,323,30,64,64],"floor_reached":57,"language":"KOR","playtime":1809,"items_purged":["True Grit+1","Bash"],"score":3230,"play_id":"9c2bb61e-20c1-441a-9d4d-542081d8c584","local_time":"20210119224111","is_ascension_mode":true,"campfire_choices":[{"data":"Blood for Blood","floor":6.0,"key":"SMITH"},{"data":"Anger","floor":8.0,"key":"SMITH"},{"data":"Burning Pact","floor":12.0,"key":"SMITH"},{"data":"Fire Breathing","floor":15.0,"key":"SMITH"},{"data":"Offering","floor":23.0,"key":"SMITH"},{"floor":25.0,"key":"REST"},{"data":"Evolve","floor":32.0,"key":"SMITH"},{"data":"Barricade","floor":41.0,"key":"SMITH"},{"floor":47.0,"key":"RECALL"},{"data":"Power Through","floor":49.0,"key":"SMITH"},{"data":"Battle Trance","floor":53.0,"key":"SMITH"}],"circlet_count":0,"master_deck":["AscendersBane","Defend_R","Defend_R+1","Flame Barrier","Blood for Blood+1","Second Wind+1","Fire Breathing+1","Burning Pact+1","Offering+1","Inflame+1","Feel No Pain+1","Power Through+1","Battle Trance+1","Evolve+1","Barricade+1","Flash of Steel+1","Feel No Pain","Dual Wield"],"relics":["Burning Blood","NeowsBlessing","Anchor","Champion Belt","Pen Nib","Astrolabe","Oddly Smooth Stone","Bottled Lightning","Mummified Hand","Molten Egg 2","Empty Cage","Smiling Mask","StrikeDummy","Lee\u0027s Waffle","Self Forming Clay"],"acts_visited":["Exordium","TheCity","TheBeyond","TheEnding"],"potions_floor_usage":[56],"damage_taken":[{"damage":0.0,"enemies":"Cultist","floor":1.0,"turns":1.0},{"damage":0.0,"enemies":"Jaw Worm","floor":2.0,"turns":1.0},{"damage":0.0,"enemies":"3 Sentries","floor":7.0,"turns":1.0},{"damage":34.0,"enemies":"Lagavulin","floor":10.0,"turns":7.0},{"damage":0.0,"enemies":"2 Louse","floor":11.0,"turns":3.0},{"damage":4.0,"enemies":"Blue Slaver","floor":13.0,"turns":4.0},{"damage":5.0,"enemies":"Lots of Slimes","floor":14.0,"turns":3.0},{"damage":30.0,"enemies":"Slime Boss","floor":16.0,"turns":5.0},{"damage":11.0,"enemies":"3 Byrds","floor":18.0,"turns":4.0},{"damage":13.0,"enemies":"Spheric Guardian","floor":22.0,"turns":4.0},{"damage":6.0,"enemies":"Cultist and Chosen","floor":24.0,"turns":4.0},{"damage":31.0,"enemies":"Snecko","floor":29.0,"turns":7.0},{"damage":13.0,"enemies":"Book of Stabbing","floor":30.0,"turns":4.0},{"damage":6.0,"enemies":"Centurion and Healer","floor":31.0,"turns":4.0},{"damage":24.0,"enemies":"Collector","floor":33.0,"turns":8.0},{"damage":6.0,"enemies":"3 Shapes","floor":35.0,"turns":4.0},{"damage":6.0,"enemies":"Orb Walker","floor":37.0,"turns":4.0},{"damage":6.0,"enemies":"4 Shapes","floor":38.0,"turns":4.0},{"damage":6.0,"enemies":"Nemesis","floor":40.0,"turns":7.0},{"damage":6.0,"enemies":"Maw","floor":44.0,"turns":7.0},{"damage":6.0,"enemies":"Giant Head","floor":46.0,"turns":11.0},{"damage":6.0,"enemies":"3 Darklings","floor":48.0,"turns":4.0},{"damage":6.0,"enemies":"Awakened One","floor":50.0,"turns":15.0},{"damage":6.0,"enemies":"Donu and Deca","floor":51.0,"turns":10.0},{"damage":6.0,"enemies":"Shield and Spear","floor":55.0,"turns":6.0},{"damage":6,"enemies":"The Heart","floor":56,"turns":10}],"seed_played":"-1013888323617369672","potions_obtained":[{"floor":1.0,"key":"PowerPotion"},{"floor":7.0,"key":"Regen Potion"},{"floor":16.0,"key":"SteroidPotion"},{"floor":18.0,"key":"Ancient Potion"},{"floor":30.0,"key":"Regen Potion"},{"floor":35.0,"key":"LiquidMemories"}],"is_trial":false,"path_per_floor":["M","M","?","?","$","R","E","R","T","E","M","R","M","M","R","B",null,"M","?","?","T","M","R","M","R","T","?","?","M","E","M","R","B",null,"M","?","M","M","?","E","R","$","T","M","?","E","R","M","R","B","B",null,"R","$","E","B",null],"character_chosen":"IRONCLAD","items_purchased":["Blood for Blood","Lee\u0027s Waffle","Feel No Pain"],"campfire_rested":1,"item_purchase_floors":[5,54,54],"current_hp_per_floor":[74,75,52,52,52,52,58,58,58,30,36,36,38,39,39,29,64,59,38,38,38,31,31,31,55,55,55,55,30,23,23,23,20,65,65,55,55,55,55,55,55,55,55,55,55,55,55,55,55,55,55,71,71,83,83,83],"gold":64,"neow_bonus":"THREE_ENEMY_KILL","is_daily":false,"chose_seed":false,"campfire_upgraded":9,"win_rate":0.0,"timestamp":1611063671,"path_taken":["M","?","?","?","$","R","E","R","T","E","M","R","M","M","R","BOSS","M","?","?","?","?","R","M","R","T","?","?","M","E","M","R","BOSS","M","?","M","M","?","E","R","$","T","M","?","E","R","M","R","BOSS","BOSS","R","$","E","BOSS"],"items_purchased_type":["Card","Relic","Card"],"build_version":"2020-12-22","purchased_purges":2,"victory":true,"max_hp_per_floor":[75,75,75,75,75,75,75,75,75,75,75,75,75,75,75,75,75,75,80,80,80,80,80,80,80,80,80,80,80,80,80,80,80,80,80,80,80,80,76,76,76,76,76,76,76,76,76,76,76,76,76,76,76,83,83,83],"relic_stats":{"Lee\u0027s Waffle":12,"counters":[26,142],"Mummified Hand":[74],"Self Forming Clay":[3],"Astrolabe":["Inflame","Feel No Pain","True Grit"],"Pen Nib":[14],"Champion Belt":[11],"Smiling Mask":75,"obtain_stats":[{"Lee\u0027s Waffle":54,"NeowsBlessing":0,"Self Forming Clay":55,"Astrolabe":17,"Oddly Smooth Stone":20,"Pen Nib":10,"Empty Cage":34,"Smiling Mask":40,"Burning Blood":0,"Anchor":7,"Mummified Hand":26,"Molten Egg 2":30,"Champion Belt":9,"Bottled Lightning":21,"StrikeDummy":46},{"Lee\u0027s Waffle":24,"NeowsBlessing":0,"Self Forming Clay":25,"Astrolabe":8,"Oddly Smooth Stone":9,"Pen Nib":4,"Empty Cage":15,"Smiling Mask":19,"Burning Blood":0,"Anchor":3,"Mummified Hand":11,"Molten Egg 2":13,"Champion Belt":3,"Bottled Lightning":9,"StrikeDummy":21},{"Lee\u0027s Waffle":126,"NeowsBlessing":0,"Self Forming Clay":132,"Astrolabe":25,"Oddly Smooth Stone":29,"Pen Nib":10,"Empty Cage":60,"Smiling Mask":79,"Burning Blood":0,"Anchor":3,"Mummified Hand":37,"Molten Egg 2":48,"Champion Belt":3,"Bottled Lightning":29,"StrikeDummy":97}],"Burning Blood":151},"card_choices":[{"not_picked":["Clash","Thunderclap"],"picked":"Anger","floor":1.0},{"not_picked":["Sword Boomerang","Corruption"],"picked":"Flame Barrier","floor":2.0},{"not_picked":["Pummel","Fiend Fire"],"picked":"Second Wind","floor":7.0},{"not_picked":["Headbutt","Thunderclap"],"picked":"Fire Breathing","floor":10.0},{"not_picked":["Pommel Strike","Sever Soul"],"picked":"Burning Pact","floor":11.0},{"not_picked":["True Grit","Iron Wave","Perfected Strike"],"picked":"SKIP","floor":13.0},{"not_picked":["Wild Strike","Clash","True Grit"],"picked":"SKIP","floor":14.0},{"not_picked":["Immolate","Fiend Fire"],"picked":"Offering","floor":16.0},{"not_picked":["Entrench","Ghostly Armor","Perfected Strike"],"picked":"SKIP","floor":18.0},{"not_picked":["Sword Boomerang","Anger+1","Havoc"],"picked":"SKIP","floor":22.0},{"not_picked":["Flame Barrier","Fire Breathing+1","Sword Boomerang"],"picked":"SKIP","floor":24.0},{"not_picked":["Clash","Headbutt+1"],"picked":"Battle Trance","floor":29.0},{"not_picked":["Pommel Strike+1","Uppercut+1"],"picked":"Evolve","floor":30.0},{"not_picked":["Feel No Pain","Perfected Strike+1","Warcry"],"picked":"SKIP","floor":31.0},{"not_picked":["Corruption","Offering"],"picked":"Barricade","floor":33.0},{"not_picked":["Flame Barrier","Whirlwind+1","Clothesline+1"],"picked":"SKIP","floor":35.0},{"not_picked":["Violence","Magnetism"],"picked":"Flash of Steel+1","floor":36.0},{"not_picked":["Rampage+1","Clash+1","Rage"],"picked":"SKIP","floor":37.0},{"not_picked":["Clash+1","Ghostly Armor","Uppercut+1"],"picked":"SKIP","floor":38.0},{"not_picked":["Ghostly Armor","Corruption","Uppercut+1"],"picked":"SKIP","floor":40.0},{"not_picked":["Iron Wave+1","Havoc+1","Power Through"],"picked":"SKIP","floor":44.0},{"not_picked":["Carnage+1","Metallicize+1","Dark Embrace"],"picked":"SKIP","floor":46.0},{"not_picked":["True Grit+1","Clash+1","Havoc+1"],"picked":"SKIP","floor":48.0},{"not_picked":["Second Wind","Shrug It Off"],"picked":"Dual Wield","floor":55.0}],"player_experience":981786,"relics_obtained":[{"floor":7.0,"key":"Anchor"},{"floor":9.0,"key":"Champion Belt"},{"floor":10.0,"key":"Pen Nib"},{"floor":21.0,"key":"Bottled Lightning"},{"floor":26.0,"key":"Mummified Hand"},{"floor":30.0,"key":"Molten Egg 2"},{"floor":40.0,"key":"Smiling Mask"},{"floor":46.0,"key":"StrikeDummy"},{"floor":55.0,"key":"Self Forming Clay"}],"event_choices":[{"damage_healed":0.0,"max_hp_gain":0.0,"max_hp_loss":0.0,"gold_gain":0.0,"event_name":"Shining Light","player_choice":"Entered Light","floor":3.0,"gold_loss":0.0,"damage_taken":23.0,"cards_upgraded":["Defend_R","Strike_R"]},{"cards_removed":["Strike_R"],"damage_healed":0.0,"max_hp_gain":0.0,"max_hp_loss":0.0,"gold_gain":0.0,"event_name":"The Cleric","player_choice":"Card Removal","floor":4.0,"gold_loss":75.0,"damage_taken":0.0},{"damage_healed":0.0,"max_hp_gain":5.0,"max_hp_loss":0.0,"gold_gain":0.0,"event_name":"Forgotten Altar","player_choice":"Shed Blood","floor":19.0,"gold_loss":0.0,"damage_taken":26.0},{"damage_healed":0.0,"max_hp_gain":0.0,"max_hp_loss":0.0,"gold_gain":0.0,"event_name":"Addict","player_choice":"Obtained Relic","floor":20.0,"gold_loss":85.0,"damage_taken":0.0,"relics_obtained":["Oddly Smooth Stone"]},{"damage_healed":0.0,"max_hp_gain":0.0,"max_hp_loss":0.0,"gold_gain":0.0,"cards_transformed":["Strike_R","Defend_R"],"event_name":"Drug Dealer","player_choice":"Became Test Subject","floor":27.0,"gold_loss":0.0,"damage_taken":0.0,"cards_obtained":["Dropkick","Power Through"]},{"cards_removed":["Strike_R"],"damage_healed":0.0,"max_hp_gain":0.0,"max_hp_loss":0.0,"gold_gain":0.0,"event_name":"Beggar","player_choice":"Gave Gold","floor":28.0,"gold_loss":75.0,"damage_taken":0.0},{"damage_healed":0.0,"max_hp_gain":0.0,"max_hp_loss":0.0,"gold_gain":0.0,"event_name":"SensoryStone","player_choice":"Memory 3","floor":36.0,"gold_loss":0.0,"damage_taken":10.0},{"damage_healed":0.0,"max_hp_gain":0.0,"max_hp_loss":4.0,"gold_gain":0.0,"event_name":"Winding Halls","player_choice":"Max HP","floor":39.0,"gold_loss":0.0,"damage_taken":0.0},{"damage_healed":0.0,"max_hp_gain":0.0,"max_hp_loss":0.0,"gold_gain":0.0,"event_name":"Accursed Blacksmith","player_choice":"Forge","floor":45.0,"gold_loss":0.0,"damage_taken":0.0,"cards_upgraded":["Second Wind"]}],"is_beta":false,"boss_relics":[{"not_picked":["Philosopher\u0027s Stone","Runic Dome"],"picked":"Astrolabe"},{"not_picked":["Pandora\u0027s Box","Calling Bell"],"picked":"Empty Cage"}],"items_purged_floors":[42,54],"is_endless":false,"potions_floor_spawned":[1,7,13,16,18,24,30,31,35,37,44,46],"ascension_level":20}}