{"host":"sc0o2qwpf9j16a4i","time":1611076955,"event":{"mods":["AchievementEnabler","BaseMod","BetterRewards","Block Reminder","Colored Map","Colored Powertips","Custom Start","Highlight Path","Minty Spire (QoL Compilation)","Relic Stats"],"gold_per_floor":[109,126,137,137,156,156,166,166,193,203,231,3,39,55,55,127,127,146,171,171],"floor_reached":19,"language":"ENG","playtime":782,"items_purged":["Strike_P"],"score":546,"play_id":"dfa223f7-6105-4664-a04b-455f50ff8f43","local_time":"20210119192235","is_ascension_mode":true,"campfire_choices":[{"floor":6.0,"key":"REST"},{"data":"TalkToTheHand","floor":8.0,"key":"SMITH"},{"floor":15,"key":"REST"}],"circlet_count":0,"master_deck":["AscendersBane","Strike_P+1","Strike_P+1","Strike_P","Defend_P+1","Defend_P","Defend_P+1","Defend_P+1","Eruption","Vigilance","LessonLearned+1","Protect+1","WindmillStrike","DeceiveReality+1","FollowUp","TalkToTheHand+1","CutThroughFate","Wish","Ragnarok","Wallop","InnerPeace","DevaForm","ThirdEye"],"relics":["PureWater","Bag of Marbles","Peace Pipe","NlothsMask","Orichalcum","Runic Pyramid"],"acts_visited":["Exordium","TheCity"],"potions_floor_usage":[11,13],"damage_taken":[{"damage":0.0,"enemies":"Small Slimes","floor":1.0,"turns":3.0},{"damage":8.0,"enemies":"Cultist","floor":2.0,"turns":6.0},{"damage":0.0,"enemies":"2 Louse","floor":3.0,"turns":1.0},{"damage":0.0,"enemies":"Large Slime","floor":5.0,"turns":1.0},{"damage":0.0,"enemies":"Blue Slaver","floor":7.0,"turns":8.0},{"damage":31.0,"enemies":"Gremlin Gang","floor":10.0,"turns":5.0},{"damage":5,"enemies":"3 Sentries","floor":11,"turns":9},{"damage":16,"enemies":"Large Slime","floor":13,"turns":6},{"damage":0,"enemies":"3 Louse","floor":14,"turns":2},{"damage":25,"enemies":"The Guardian","floor":16,"turns":11},{"damage":27,"enemies":"Shell Parasite","floor":18,"turns":6},{"damage":32,"enemies":"Spheric Guardian","floor":19,"turns":7}],"seed_played":"6759325442074989238","potions_obtained":[{"floor":1.0,"key":"AttackPotion"},{"floor":3.0,"key":"SpeedPotion"},{"floor":7.0,"key":"Fruit Juice"},{"floor":11,"key":"Regen Potion"},{"floor":16,"key":"Ancient Potion"}],"is_trial":false,"path_per_floor":["M","M","M","?","M","R","M","R","T","M","E","$","M","M","R","B",null,"M","M"],"character_chosen":"WATCHER","items_purchased":["Bag of Marbles","Peace Pipe","LessonLearned","Wish","Ragnarok"],"campfire_rested":2,"item_purchase_floors":[0,0,0,12,12],"current_hp_per_floor":[35,27,27,27,27,47,47,47,47,16,16,16,15,15,36,11,58,31,0,0],"gold":171,"neow_bonus":"","is_daily":false,"chose_seed":false,"campfire_upgraded":1,"win_rate":0.0,"timestamp":1611076955,"path_taken":["M","M","M","?","M","R","M","R","T","?","E","$","M","M","R","BOSS","M","M"],"items_purchased_type":["Relic","Relic","Card","Card","Card"],"build_version":"2020-12-22","purchased_purges":1,"victory":false,"max_hp_per_floor":[68,68,68,68,68,68,68,68,68,68,73,73,73,73,73,73,73,73,73,73],"relic_stats":{"Peace Pipe":0,"counters":[45,227],"Orichalcum":[12],"obtain_stats":[{"Pear":30,"Gremlin Horn":31,"Golden Idol":8,"Oddly Smooth Stone":7,"PreservedInsect":9,"Whetstone":6,"Orichalcum":11,"Ancient Tea Set":0,"GoldenEye":8,"MawBank":26,"Smiling Mask":28,"WarpedTongs":2,"Old Coin":24,"Peace Pipe":31,"Dream Catcher":0,"Ornamental Fan":9,"Pantograph":9,"Snecko Eye":17,"MealTicket":7,"Bag of Marbles":0,"Membership Card":13,"PureWater":0,"NlothsMask":4,"Runic Pyramid":17},{"Pear":30,"Gremlin Horn":32,"Golden Idol":11,"Oddly Smooth Stone":11,"PreservedInsect":11,"Whetstone":4,"Orichalcum":40,"Ancient Tea Set":0,"GoldenEye":5,"MawBank":27,"Smiling Mask":29,"WarpedTongs":16,"Old Coin":26,"Peace Pipe":32,"Dream Catcher":7,"Ornamental Fan":20,"Pantograph":5,"Snecko Eye":23,"MealTicket":20,"Bag of Marbles":33,"Membership Card":21,"PureWater":0,"NlothsMask":36,"Runic Pyramid":43},{"Pear":147,"Gremlin Horn":154,"Golden Idol":57,"Oddly Smooth Stone":57,"PreservedInsect":57,"Whetstone":15,"Orichalcum":195,"Ancient Tea Set":0,"GoldenEye":22,"MawBank":135,"Smiling Mask":142,"WarpedTongs":84,"Old Coin":132,"Peace Pipe":154,"Dream Catcher":28,"Ornamental Fan":104,"Pantograph":22,"Snecko Eye":118,"MealTicket":104,"Bag of Marbles":162,"Membership Card":106,"PureWater":0,"NlothsMask":172,"Runic Pyramid":214}]},"card_choices":[{"not_picked":["JustLucky","PathToVictory"],"picked":"Protect","floor":1.0},{"not_picked":["Prostrate","Halt"],"picked":"WindmillStrike","floor":2.0},{"not_picked":["Worship","Indignation"],"picked":"DeceiveReality","floor":3.0},{"not_picked":["EmptyBody","Halt"],"picked":"FollowUp","floor":5.0},{"not_picked":["Evaluate","ClearTheMind"],"picked":"TalkToTheHand","floor":7.0},{"not_picked":["DeceiveReality","Crescendo"],"picked":"CutThroughFate","floor":10.0},{"not_picked":["CutThroughFate","Consecrate","PathToVictory"],"picked":"SKIP","floor":11},{"not_picked":["FlurryOfBlows","Perseverance"],"picked":"Wallop","floor":13},{"not_picked":["BowlingBash","Indignation"],"picked":"InnerPeace","floor":14},{"not_picked":["Ragnarok","Scrawl"],"picked":"DevaForm","floor":16},{"not_picked":["JustLucky","Evaluate"],"picked":"ThirdEye","floor":18}],"player_experience":760262,"relics_obtained":[{"floor":11,"key":"Orichalcum"}],"event_choices":[{"damage_healed":0.0,"max_hp_gain":0.0,"max_hp_loss":0.0,"gold_gain":0.0,"event_name":"FaceTrader","player_choice":"Trade","floor":4.0,"gold_loss":0.0,"damage_taken":0.0,"relics_obtained":["NlothsMask"]}],"is_beta":false,"boss_relics":[{"not_picked":["Pandora\u0027s Box","SlaversCollar"],"picked":"Runic Pyramid"}],"items_purged_floors":[0],"is_endless":false,"potions_floor_spawned":[1,3,7,11,16],"killed_by":"Spheric Guardian","ascension_level":20}}