{"host":"nptej036rrbiurf5","time":1611062364,"event":{"mods":["BaseMod","Colored Map","Colored Powertips","DeckTracker","Minty Spire (QoL Compilation)","StSLib","SuperFastMode"],"gold_per_floor":[112,131,142,160,160,160,160],"floor_reached":6,"language":"KOR","playtime":81,"items_purged":[],"score":76,"play_id":"aa769220-4fc1-4a8e-8f39-fad76c1f74b7","local_time":"20210119221924","is_ascension_mode":true,"campfire_choices":[],"circlet_count":0,"master_deck":["AscendersBane","Strike_G","Strike_G","Strike_G","Strike_G","Strike_G","Defend_G","Defend_G+1","Defend_G","Defend_G","Defend_G","Survivor","Neutralize","Infinite Blades","Acrobatics+1","Dagger Throw","Dagger Spray"],"relics":["Ring of the Snake","NeowsBlessing"],"acts_visited":["Exordium"],"potions_floor_usage":[4],"damage_taken":[{"damage":0.0,"enemies":"Small Slimes","floor":1.0,"turns":1.0},{"damage":0,"enemies":"Jaw Worm","floor":2,"turns":1},{"damage":0,"enemies":"2 Louse","floor":3,"turns":2},{"damage":0,"enemies":"Lots of Slimes","floor":4,"turns":2},{"damage":22,"enemies":"Lagavulin","floor":6,"turns":5}],"seed_played":"8399165113859773639","potions_obtained":[{"floor":3,"key":"Explosive Potion"},{"floor":4,"key":"Dexterity Potion"}],"is_trial":false,"path_per_floor":["M","M","M","M","?","E"],"character_chosen":"THE_SILENT","items_purchased":[],"campfire_rested":0,"item_purchase_floors":[],"current_hp_per_floor":[59,59,59,59,39,17,17],"gold":160,"neow_bonus":"THREE_ENEMY_KILL","is_daily":false,"chose_seed":false,"campfire_upgraded":0,"win_rate":0.0,"timestamp":1611062364,"path_taken":["M","M","M","M","?","E"],"items_purchased_type":[],"build_version":"2020-12-22","purchased_purges":0,"victory":false,"max_hp_per_floor":[66,66,66,66,66,66,66],"card_choices":[{"not_picked":["Cloak And Dagger","PiercingWail"],"picked":"Infinite Blades","floor":1},{"not_picked":["Slice","Sucker Punch"],"picked":"Acrobatics","floor":2},{"not_picked":["Underhanded Strike","PiercingWail"],"picked":"Dagger Throw","floor":3},{"not_picked":["Night Terror","Backflip"],"picked":"Dagger Spray","floor":4}],"player_experience":896721,"relics_obtained":[],"event_choices":[{"damage_healed":0,"gold_gain":0,"player_choice":"Entered Light","damage_taken":20,"max_hp_gain":0,"max_hp_loss":0,"event_name":"Shining Light","floor":5,"gold_loss":0,"cards_upgraded":["Acrobatics","Defend_G"]}],"is_beta":false,"boss_relics":[],"items_purged_floors":[],"is_endless":false,"potions_floor_spawned":[3,4],"killed_by":"Lagavulin","ascension_level":20}}