{"host":"m9i7qe3hvz6jihjh","time":1611067811,"event":{"mods":["BaseMod","Colored Powertips","Infinite Spire","Minty Spire (QoL Compilation)","Quick Restart","StSLib","The Animator","Waifu the Spire"],"gold_per_floor":[114,114,31,73,85,97,124,136,173,185,147,159,194,216,228,344,356,382,319,331,343,384,396,422,434,434],"floor_reached":25,"language":"ENG","playtime":817,"items_purged":[],"score":191,"play_id":"0b01664c-a155-4509-82c3-23ed36c5d3cb","local_time":"20210119155011","is_ascension_mode":false,"campfire_choices":[{"data":"animator:MamizouFutatsuiwa","floor":6,"key":"SMITH"},{"data":"animator:AcuraAkari","floor":10,"key":"SMITH"},{"data":"animator:Defend_MadokaMagica","floor":15,"key":"SMITH"},{"floor":23,"key":"REST"}],"circlet_count":0,"master_deck":["animator:Strike_MadokaMagica","animator:Defend_MadokaMagica+1","animator:IrohaTamaki","animator:YuiTsuruno","animator:Chung","animator:Strike_Elsword+1","animator:Defend_HitsugiNoChaika+1","animator:Defend_OwariNoSeraph","animator:AcuraAkari+1","animator:MamizouFutatsuiwa+1","animator:ChaikaBohdan","animator:KyokoSakura","animator:Boros","animator:OrikoMikuni+1","animator:YachiyoNanami+1","animator:SayakaMiki"],"relics":["animator:TheMissingPiece","animator:PurgingStone","Velvet Choker","MawBank","Akabeko","Cursed Key","GremlinMask"],"acts_visited":["Exordium","TheCity"],"potions_floor_usage":[16,16],"damage_taken":[{"damage":1,"enemies":"Small Slimes","floor":1,"turns":4},{"damage":3,"enemies":"2 Louse","floor":4,"turns":3},{"damage":0,"enemies":"Cultist","floor":7,"turns":2},{"damage":11,"enemies":"Exordium Wildlife","floor":13,"turns":6},{"damage":0,"enemies":"2 Fungi Beasts","floor":14,"turns":3},{"damage":6,"enemies":"Slime Boss","floor":16,"turns":7},{"damage":6,"enemies":"Spheric Guardian","floor":18,"turns":4},{"damage":22,"enemies":"3 Byrds","floor":22,"turns":7},{"damage":37,"enemies":"Sentry and Sphere","floor":24,"turns":8},{"damage":33,"enemies":"3 Cultists","floor":25,"turns":5}],"seed_played":"9068413122925926079","potions_obtained":[{"floor":4,"key":"infinitespire:BlackPotion"},{"floor":14,"key":"Explosive Potion"},{"floor":18,"key":"GamblersBrew"}],"is_trial":false,"path_per_floor":["M","?","?","M","?","R","M","T","T","R","?","?","M","M","R","B",null,"M","?","?","?","M","R","M","M"],"character_chosen":"THE_ANIMATOR","items_purchased":[],"campfire_rested":1,"item_purchase_floors":[],"current_hp_per_floor":[65,65,65,62,62,62,63,63,63,63,63,50,39,39,39,33,67,62,62,50,50,28,49,19,0,0],"gold":434,"neow_bonus":"BOSS_RELIC","is_daily":false,"chose_seed":false,"campfire_upgraded":3,"win_rate":0.0,"timestamp":1611067811,"path_taken":["M","?","?","M","?","R","?","?","T","R","?","?","M","M","R","BOSS","M","?","?","?","M","R","M","?"],"items_purchased_type":[],"build_version":"2020-12-22","purchased_purges":0,"victory":false,"max_hp_per_floor":[66,66,66,66,66,66,67,67,67,67,67,67,67,67,67,67,67,68,68,73,73,73,73,74,74,74],"card_choices":[{"not_picked":["animator:Vanir","animator:Verdia"],"picked":"animator:Chung","floor":1},{"not_picked":["animator:Sonic","animator:Arpeggio"],"picked":"animator:AcuraAkari","floor":4},{"not_picked":["animator:Shigure","animator:RoyMustang"],"picked":"animator:ChaikaBohdan","floor":7},{"not_picked":["animator:NagisaMomoe","animator:OrikoMikuni"],"picked":"animator:KyokoSakura","floor":13},{"not_picked":["animator:ChaikaBohdan","animator:Kaijin","animator:Shichika"],"picked":"SKIP","floor":14},{"not_picked":["animator:Saitama","animator:HigakiRinne"],"picked":"animator:Boros","floor":16},{"not_picked":["animator:KyokoSakura+1","animator:Sonic"],"picked":"animator:OrikoMikuni+1","floor":18},{"not_picked":["animator:Kaijin","animator:Illya"],"picked":"animator:YachiyoNanami+1","floor":22},{"not_picked":["animator:YuiTsuruno","animator:Walpurgisnacht"],"picked":"animator:SayakaMiki","floor":24}],"player_experience":910458,"relics_obtained":[{"floor":2,"key":"MawBank"},{"floor":9,"key":"Akabeko"}],"event_choices":[{"damage_healed":0,"gold_gain":0,"cards_transformed":["animator:Strike_GoblinSlayer"],"player_choice":"Transformed","damage_taken":0,"max_hp_gain":0,"max_hp_loss":0,"event_name":"Transmorgrifier","floor":5,"gold_loss":0,"cards_obtained":["animator:MamizouFutatsuiwa"]},{"cards_removed":["animator:Defend_OnePunchMan"],"damage_healed":0,"gold_gain":0,"player_choice":"Card Removal","damage_taken":0,"max_hp_gain":0,"max_hp_loss":0,"event_name":"The Cleric","floor":11,"gold_loss":50},{"damage_healed":0,"gold_gain":0,"player_choice":"Entered Light","damage_taken":13,"max_hp_gain":0,"max_hp_loss":0,"event_name":"Shining Light","floor":12,"gold_loss":0,"cards_upgraded":["animator:Defend_HitsugiNoChaika","animator:Strike_Elsword"]},{"cards_removed":["animator:Strike_HitsugiNoChaika"],"damage_healed":0,"gold_gain":0,"player_choice":"Gave Gold","damage_taken":0,"max_hp_gain":0,"max_hp_loss":0,"event_name":"Beggar","floor":19,"gold_loss":75},{"damage_healed":0,"gold_gain":0,"player_choice":"Shed Blood","damage_taken":17,"max_hp_gain":5,"max_hp_loss":0,"event_name":"Forgotten Altar","floor":20,"gold_loss":0},{"damage_healed":0,"gold_gain":0,"player_choice":"Trade","damage_taken":0,"relics_obtained":["GremlinMask"],"max_hp_gain":0,"max_hp_loss":0,"event_name":"FaceTrader","floor":21,"gold_loss":0}],"is_beta":false,"boss_relics":[{"not_picked":["Ectoplasm","Mark of Pain"],"picked":"Cursed Key"}],"items_purged_floors":[],"is_endless":false,"potions_floor_spawned":[4,14,18],"killed_by":"3 Cultists","ascension_level":0}}