{"host":"qxeepl7ydvsgmfdb","time":1611035354,"event":{"mods":["AchievementEnabler","BaseMod","Colored Powertips","Minty Spire (QoL Compilation)","Quick Restart","slay the spire mod where everything is the same but ironclad has a cowboy hat"],"gold_per_floor":[115,115,128,26,26,69,69,69,118,118,143,168,187,187,187,310,310,323,32,56,56,56,56,56,77,101,200,114,114,88,112,112,243,243,264,285,309,329,56,56,72,115,166,34,34,34,34],"floor_reached":46,"language":"ENG","playtime":1079,"items_purged":["Strike_G","Strike_G","Defend_G"],"score":743,"play_id":"463ca058-aea0-4223-b7ce-893d5cd21c14","local_time":"20210119004914","is_ascension_mode":true,"campfire_choices":[{"floor":8.0,"key":"REST"},{"floor":15.0,"key":"REST"},{"floor":24.0,"key":"REST"},{"floor":32.0,"key":"REST"},{"floor":40.0,"key":"REST"}],"circlet_count":0,"master_deck":["AscendersBane","Strike_G+1","Defend_G","Defend_G","Defend_G","Survivor","Neutralize","CurseOfTheBell","Blade Dance+1","Dagger Spray","Slice","Poisoned Stab+1","Die Die Die","Blade Dance+1","Corpse Explosion","Footwork","Noxious Fumes","Deflect","Backflip","Adrenaline","Blade Dance+1","Noxious Fumes+1","Cloak And Dagger+1","Deadly Poison","Prepared","Dramatic Entrance+1"],"relics":["Calling Bell","Smiling Mask","Letter Opener","Du-Vu Doll","Golden Idol","Ninja Scroll","Bag of Preparation","Omamori","TwistedFunnel","Bag of Marbles","Empty Cage","MealTicket","Molten Egg 2","Nunchaku","Orichalcum"],"acts_visited":["Exordium","TheCity","TheBeyond"],"potions_floor_usage":[],"damage_taken":[{"damage":6.0,"enemies":"2 Louse","floor":1.0,"turns":3.0},{"damage":3.0,"enemies":"Small Slimes","floor":3.0,"turns":3.0},{"damage":8.0,"enemies":"Gremlin Nob","floor":6.0,"turns":3.0},{"damage":0.0,"enemies":"Cultist","floor":11.0,"turns":1.0},{"damage":0.0,"enemies":"Blue Slaver","floor":12.0,"turns":2.0},{"damage":0.0,"enemies":"3 Louse","floor":13.0,"turns":1.0},{"damage":34.0,"enemies":"The Guardian","floor":16.0,"turns":12.0},{"damage":6.0,"enemies":"3 Byrds","floor":18.0,"turns":3.0},{"damage":11.0,"enemies":"2 Thieves","floor":20.0,"turns":2.0},{"damage":0.0,"enemies":"Snake Plant","floor":21.0,"turns":1.0},{"damage":0.0,"enemies":"Book of Stabbing","floor":23.0,"turns":1.0},{"damage":27.0,"enemies":"Centurion and Healer","floor":25.0,"turns":4.0},{"damage":1.0,"enemies":"Sentry and Sphere","floor":31.0,"turns":3.0},{"damage":33.0,"enemies":"Collector","floor":33.0,"turns":7.0},{"damage":0.0,"enemies":"Orb Walker","floor":35.0,"turns":3.0},{"damage":0.0,"enemies":"3 Darklings","floor":36.0,"turns":2.0},{"damage":22.0,"enemies":"Transient","floor":37.0,"turns":5.0},{"damage":33.0,"enemies":"Spire Growth","floor":38.0,"turns":4.0},{"damage":16.0,"enemies":"4 Shapes","floor":41.0,"turns":3.0},{"damage":0.0,"enemies":"Reptomancer","floor":42.0,"turns":3.0},{"damage":67,"enemies":"Giant Head","floor":46,"turns":6}],"seed_played":"2037087827584394100","potions_obtained":[{"floor":1.0,"key":"Swift Potion"},{"floor":6.0,"key":"Block Potion"},{"floor":11.0,"key":"SmokeBomb"},{"floor":12.0,"key":"Fire Potion"},{"floor":18.0,"key":"SmokeBomb"},{"floor":25.0,"key":"LiquidMemories"},{"floor":29.0,"key":"Strength Potion"},{"floor":29.0,"key":"GhostInAJar"},{"floor":29.0,"key":"LiquidBronze"},{"floor":33.0,"key":"Strength Potion"},{"floor":35.0,"key":"Block Potion"},{"floor":41.0,"key":"Regen Potion"}],"is_trial":false,"path_per_floor":["M","?","M","$","?","E","?","R","T","T","M","M","M","?","R","B",null,"M","$","M","M","?","E","R","M","T","?","$","?","$","M","R","B",null,"M","M","M","M","$","R","M","E","T","$","?","E"],"character_chosen":"THE_SILENT","items_purchased":["Dagger Spray","TwistedFunnel","Corpse Explosion","Noxious Fumes","Deflect","PowerPotion","Regen Potion","MealTicket","Dramatic Entrance+1"],"campfire_rested":5,"item_purchase_floors":[4,19,19,28,30,39,39,39,44],"current_hp_per_floor":[57,57,54,54,37,29,22,43,43,43,43,43,43,29,50,16,57,51,51,40,40,40,40,61,34,34,34,34,34,34,33,54,21,58,58,58,36,3,3,24,20,29,29,44,44,0,0],"gold":34,"neow_bonus":"BOSS_RELIC","is_daily":false,"chose_seed":false,"campfire_upgraded":0,"win_rate":0.0,"timestamp":1611035354,"path_taken":["M","?","M","$","?","E","?","R","T","?","M","?","M","?","R","BOSS","M","$","M","M","?","E","R","M","T","?","?","?","$","M","R","BOSS","M","M","?","?","$","R","M","E","T","$","?","E"],"items_purchased_type":["Card","Relic","Card","Card","Card","Potion","Potion","Relic","Card"],"build_version":"2020-12-22","purchased_purges":3,"victory":false,"max_hp_per_floor":[70,70,70,70,70,70,70,70,70,70,70,70,70,70,70,70,70,70,70,70,70,70,70,70,70,70,70,70,70,70,70,70,70,70,70,70,70,70,70,70,70,70,70,70,70,70,70],"card_choices":[{"not_picked":["Bane","Slice"],"picked":"Blade Dance","floor":1.0},{"not_picked":["Dodge and Roll","A Thousand Cuts","Outmaneuver"],"picked":"SKIP","floor":3.0},{"not_picked":["Outmaneuver","Flechettes"],"picked":"Slice","floor":6.0},{"not_picked":["Underhanded Strike","Dagger Throw"],"picked":"Poisoned Stab","floor":11.0},{"not_picked":["Well Laid Plans","Reflex","Flying Knee"],"picked":"SKIP","floor":12.0},{"not_picked":["Accuracy","Catalyst","Flechettes"],"picked":"SKIP","floor":13.0},{"not_picked":["Tools of the Trade","Adrenaline"],"picked":"Die Die Die","floor":16.0},{"not_picked":["Quick Slash","Dagger Spray"],"picked":"Blade Dance+1","floor":18.0},{"not_picked":["Blur","Deflect+1"],"picked":"Slice+1","floor":20.0},{"not_picked":["All Out Attack+1","Outmaneuver+1"],"picked":"Footwork","floor":25.0},{"not_picked":["Dodge and Roll","Finisher"],"picked":"Backflip","floor":31.0},{"not_picked":["Malaise","Burst"],"picked":"Adrenaline","floor":33.0},{"not_picked":["Sucker Punch","Heel Hook"],"picked":"Blade Dance+1","floor":35.0},{"not_picked":["Flying Knee+1","Bane+1"],"picked":"Noxious Fumes+1","floor":36.0},{"not_picked":["Poisoned Stab","Envenom"],"picked":"Cloak And Dagger+1","floor":37.0},{"not_picked":["Bane","Underhanded Strike"],"picked":"Deadly Poison","floor":38.0},{"not_picked":["Acrobatics","Deadly Poison"],"picked":"Prepared","floor":41.0},{"not_picked":["Deflect","Leg Sweep","Envenom"],"picked":"SKIP","floor":42.0}],"player_experience":172546,"relics_obtained":[{"floor":0.0,"key":"Smiling Mask"},{"floor":0.0,"key":"Letter Opener"},{"floor":0.0,"key":"Du-Vu Doll"},{"floor":6.0,"key":"Ninja Scroll"},{"floor":9.0,"key":"Bag of Preparation"},{"floor":10.0,"key":"Omamori"},{"floor":26.0,"key":"Bag of Marbles"},{"floor":42.0,"key":"Molten Egg 2"},{"floor":43.0,"key":"Nunchaku"}],"event_choices":[{"damage_healed":0.0,"max_hp_gain":0.0,"max_hp_loss":0.0,"gold_gain":0.0,"event_name":"Living Wall","player_choice":"Grow","floor":2.0,"gold_loss":0.0,"damage_taken":0.0,"cards_upgraded":["Blade Dance"]},{"damage_healed":0.0,"max_hp_gain":0.0,"max_hp_loss":0.0,"gold_gain":0.0,"event_name":"Golden Idol","player_choice":"Take Damage","floor":5.0,"gold_loss":0.0,"damage_taken":17.0,"relics_obtained":["Golden Idol"]},{"cards_removed":["Strike_G"],"damage_healed":0.0,"max_hp_gain":0.0,"max_hp_loss":0.0,"gold_gain":0.0,"event_name":"Golden Wing","player_choice":"Card Removal","floor":7.0,"gold_loss":0.0,"damage_taken":7.0},{"damage_healed":0.0,"max_hp_gain":0.0,"max_hp_loss":0.0,"gold_gain":0.0,"event_name":"Shining Light","player_choice":"Entered Light","floor":14.0,"gold_loss":0.0,"damage_taken":14.0,"cards_upgraded":["Poisoned Stab","Strike_G"]},{"damage_healed":0.0,"max_hp_gain":0.0,"max_hp_loss":0.0,"gold_gain":0.0,"event_name":"Vampires","player_choice":"Ignored","floor":22.0,"gold_loss":0.0,"damage_taken":0.0},{"damage_healed":0.0,"max_hp_gain":0.0,"max_hp_loss":0.0,"gold_gain":99.0,"event_name":"Nest","player_choice":"Stole From Cult","floor":27.0,"gold_loss":0.0,"damage_taken":0.0},{"damage_healed":0.0,"max_hp_gain":0.0,"max_hp_loss":0.0,"gold_gain":0.0,"event_name":"Lab","player_choice":"Got Potions","floor":29.0,"gold_loss":0.0,"damage_taken":0.0},{"cards_removed":["Slice"],"damage_healed":0.0,"max_hp_gain":0.0,"max_hp_loss":0.0,"gold_gain":0.0,"event_name":"WeMeetAgain","player_choice":"Gave Card","floor":45.0,"gold_loss":0.0,"damage_taken":0.0,"relics_obtained":["Orichalcum"]}],"is_beta":false,"boss_relics":[{"not_picked":["Runic Dome","Philosopher\u0027s Stone","Fusion Hammer"]},{"not_picked":["Tiny House","Busted Crown"],"picked":"Empty Cage"}],"items_purged_floors":[4,28,44],"is_endless":false,"potions_floor_spawned":[1,6,11,12,18,25,31,33,35,41],"killed_by":"Giant Head","ascension_level":10}}