{"host":"q0qnzbgdx8oqogg9","time":1611093998,"event":{"mods":["BaseMod","Minty Spire (QoL Compilation)","Slay-I","StSLib"],"gold_per_floor":[117,136,148,148,160,189,67,67,67,81,81,81,81,107,107,235,235,250,250,4,18,18,51,71,86,139,170,183,198,198,216,216,216,216],"floor_reached":33,"language":"ENG","playtime":1151,"items_purged":["Bash"],"score":405,"play_id":"dd2bbe57-e1fa-4001-a63f-72c7ec2ce16f","local_time":"20210119170638","is_ascension_mode":true,"campfire_choices":[{"data":"Uppercut","floor":8.0,"key":"SMITH"},{"data":"Wild Strike","floor":13.0,"key":"SMITH"},{"data":"Thunderclap","floor":15.0,"key":"SMITH"},{"data":"Shrug It Off","floor":30,"key":"SMITH"},{"floor":32,"key":"REST"}],"circlet_count":0,"master_deck":["Strike_R","Strike_R","Strike_R","Strike_R","Strike_R","Defend_R","Defend_R","Defend_R","Flex","Thunderclap+1","Uppercut+1","Flex","Sword Boomerang","Wild Strike+1","Pommel Strike","Metallicize","Immolate","Shrug It Off+1","PanicButton","Dropkick","Power Through"],"relics":["Burning Blood","StrikeDummy","Prayer Wheel","Golden Idol","Unceasing Top","Strawberry","Busted Crown","Orichalcum","Centennial Puzzle","PreservedInsect","Happy Flower"],"acts_visited":["Exordium","TheCity"],"potions_floor_usage":[28],"damage_taken":[{"damage":19.0,"enemies":"Jaw Worm","floor":1.0,"turns":6.0},{"damage":10.0,"enemies":"Small Slimes","floor":2.0,"turns":3.0},{"damage":5.0,"enemies":"2 Louse","floor":3.0,"turns":3.0},{"damage":9.0,"enemies":"Looter","floor":5.0,"turns":3.0},{"damage":25.0,"enemies":"3 Sentries","floor":6.0,"turns":6.0},{"damage":4.0,"enemies":"Blue Slaver","floor":10.0,"turns":3.0},{"damage":7.0,"enemies":"Slime Boss","floor":16.0,"turns":7.0},{"damage":17.0,"enemies":"2 Thieves","floor":18.0,"turns":3.0},{"damage":8.0,"enemies":"3 Byrds","floor":21.0,"turns":3.0},{"damage":33,"enemies":"Slavers","floor":23,"turns":4},{"damage":4,"enemies":"Snecko","floor":24,"turns":3},{"damage":6,"enemies":"Sentry and Sphere","floor":25,"turns":4},{"damage":5,"enemies":"Book of Stabbing","floor":27,"turns":3},{"damage":0,"enemies":"Centurion and Healer","floor":28,"turns":1},{"damage":8,"enemies":"Snake Plant","floor":29,"turns":2},{"damage":5,"enemies":"Snecko","floor":31,"turns":4},{"damage":65,"enemies":"Automaton","floor":33,"turns":10}],"seed_played":"-8136091361408444786","potions_obtained":[{"floor":2.0,"key":"ElixirPotion"},{"floor":3.0,"key":"Strength Potion"},{"floor":5.0,"key":"GamblersBrew"},{"floor":6.0,"key":"Energy Potion"},{"floor":18.0,"key":"PowerPotion"},{"floor":24,"key":"SneckoOil"},{"floor":28,"key":"ElixirPotion"}],"is_trial":false,"path_per_floor":["M","M","M","?","M","E","$","R","T","M","?","?","R","T","R","B",null,"M","?","$","M","?","E","M","M","T","E","M","M","R","M","R","B"],"character_chosen":"IRONCLAD","items_purchased":["Wild Strike","Orichalcum","PanicButton"],"campfire_rested":1,"item_purchase_floors":[7,20,20],"current_hp_per_floor":[59,55,56,56,53,34,34,34,34,36,36,29,29,36,36,35,70,59,59,59,57,57,30,32,32,32,33,39,37,37,38,62,0,0],"gold":216,"neow_bonus":"THREE_CARDS","is_daily":false,"chose_seed":false,"campfire_upgraded":4,"win_rate":0.0,"timestamp":1611093998,"path_taken":["M","M","M","?","M","E","$","R","T","M","?","?","R","?","R","BOSS","M","?","$","M","?","E","M","?","T","E","?","M","R","M","R","BOSS"],"items_purchased_type":["Card","Relic","Card"],"build_version":"2020-12-22","purchased_purges":1,"victory":false,"max_hp_per_floor":[80,80,80,80,80,80,80,80,80,80,74,74,74,81,81,81,81,81,81,81,81,81,81,81,81,81,81,81,81,81,81,81,81,81],"card_choices":[{"not_picked":["Body Slam","Intimidate"],"picked":"Flex","floor":0.0},{"not_picked":["Warcry","Flex"],"picked":"Thunderclap","floor":1.0},{"not_picked":["Second Wind","Body Slam"],"picked":"Uppercut","floor":2.0},{"not_picked":["Dual Wield","Clothesline"],"picked":"Flex","floor":3.0},{"not_picked":["Second Wind","Flame Barrier"],"picked":"Sword Boomerang","floor":5.0},{"not_picked":["Corruption","Body Slam","Sentinel"],"picked":"SKIP","floor":6.0},{"not_picked":["Shockwave","Body Slam"],"picked":"Pommel Strike","floor":10.0},{"not_picked":["Dual Wield","Anger"],"picked":"Metallicize","floor":10.0},{"not_picked":["Reaper","Juggernaut"],"picked":"Immolate","floor":16.0},{"not_picked":["Perfected Strike"],"picked":"SKIP","floor":18.0},{"not_picked":["Sword Boomerang+1"],"picked":"SKIP","floor":18.0},{"not_picked":["Body Slam"],"picked":"SKIP","floor":21.0},{"not_picked":["Dark Embrace+1"],"picked":"SKIP","floor":21.0},{"not_picked":["Cleave"],"picked":"SKIP","floor":23},{"not_picked":["Bloodletting"],"picked":"SKIP","floor":24},{"not_picked":["Dark Embrace"],"picked":"SKIP","floor":24},{"not_picked":["Dark Embrace+1"],"picked":"SKIP","floor":25},{"not_picked":["Cleave"],"picked":"SKIP","floor":25},{"not_picked":["Shrug It Off"],"picked":"SKIP","floor":27},{"not_picked":["Havoc"],"picked":"SKIP","floor":28},{"not_picked":["True Grit"],"picked":"SKIP","floor":28},{"not_picked":[],"picked":"Power Through","floor":29},{"not_picked":["Clash"],"picked":"SKIP","floor":29},{"not_picked":["Cleave"],"picked":"SKIP","floor":31},{"not_picked":["Armaments"],"picked":"SKIP","floor":31}],"player_experience":237442,"relics_obtained":[{"floor":6.0,"key":"StrikeDummy"},{"floor":9.0,"key":"Prayer Wheel"},{"floor":14.0,"key":"Strawberry"},{"floor":23,"key":"Centennial Puzzle"},{"floor":26,"key":"PreservedInsect"},{"floor":27,"key":"Happy Flower"}],"event_choices":[{"damage_healed":0.0,"max_hp_gain":0.0,"max_hp_loss":0.0,"gold_gain":0.0,"event_name":"Liars Game","player_choice":"Ignored","floor":4.0,"gold_loss":0.0,"damage_taken":0.0},{"damage_healed":0.0,"max_hp_gain":0.0,"max_hp_loss":6.0,"gold_gain":0.0,"event_name":"Golden Idol","player_choice":"Lose Max HP","floor":11.0,"gold_loss":0.0,"damage_taken":0.0,"relics_obtained":["Golden Idol"]},{"damage_healed":0.0,"max_hp_gain":0.0,"max_hp_loss":0.0,"gold_gain":0.0,"event_name":"Scrap Ooze","player_choice":"Success","floor":12.0,"gold_loss":0.0,"damage_taken":7.0,"relics_obtained":["Unceasing Top"]},{"damage_healed":0.0,"max_hp_gain":0.0,"max_hp_loss":0.0,"gold_gain":0.0,"event_name":"The Library","player_choice":"Read","floor":19.0,"gold_loss":0.0,"damage_taken":0.0,"cards_obtained":["Shrug It Off"]},{"damage_healed":0.0,"max_hp_gain":0.0,"max_hp_loss":0.0,"gold_gain":0.0,"cards_transformed":["Defend_R"],"event_name":"Transmorgrifier","player_choice":"Transformed","floor":22.0,"gold_loss":0.0,"damage_taken":0.0,"cards_obtained":["Dropkick"]}],"is_beta":false,"boss_relics":[{"not_picked":["SacredBark","Fusion Hammer"],"picked":"Busted Crown"}],"items_purged_floors":[7],"is_endless":false,"potions_floor_spawned":[2,3,5,6,18,24,28],"killed_by":"Automaton","ascension_level":8}}