{"host":"54xlm0u0x2o0rp4g","time":1611085874,"event":{"mods":["BaseMod","Bestiary","Minty Spire (QoL Compilation)","Relic Stats","StSLib"],"gold_per_floor":[110,125,144,154,229,258,21,21,21,54,54,54,84,110,110,213,213,231,248,0,0,11,46,46,46],"floor_reached":24,"language":"ENG","playtime":1217,"items_purged":[],"score":298,"play_id":"b5900fec-13bb-45cb-831c-01fd4d93d1f4","local_time":"20210119115114","is_ascension_mode":true,"campfire_choices":[{"floor":8,"key":"REST"},{"data":"Noxious Fumes","floor":12,"key":"SMITH"},{"data":"Glass Knife","floor":15,"key":"SMITH"}],"circlet_count":0,"master_deck":["Strike_G","Strike_G","Defend_G+1","Defend_G","Defend_G","Defend_G","Defend_G","Survivor","Neutralize","CurseOfTheBell","Riddle With Holes","Slice","Bouncing Flask","Noxious Fumes+1","Flash of Steel","Infinite Blades","PiercingWail","Dash","Blur","Glass Knife+1","Envenom","Acrobatics","Backflip+1","Blade Dance","Well Laid Plans"],"relics":["Calling Bell","Smiling Mask","Shuriken","Bird Faced Urn","Art of War","The Specimen","Eternal Feather","Odd Mushroom","PreservedInsect","Empty Cage","Membership Card","War Paint","Potion Belt"],"acts_visited":["Exordium","TheCity"],"potions_floor_usage":[10,16,16,18,18,22,23],"damage_taken":[{"damage":9.0,"enemies":"Jaw Worm","floor":1.0,"turns":6.0},{"damage":0.0,"enemies":"2 Louse","floor":2.0,"turns":3.0},{"damage":5,"enemies":"Small Slimes","floor":3,"turns":4},{"damage":2,"enemies":"Blue Slaver","floor":4,"turns":5},{"damage":27,"enemies":"Gremlin Nob","floor":6,"turns":4},{"damage":15,"enemies":"3 Sentries","floor":10,"turns":6},{"damage":7,"enemies":"The Mushroom Lair","floor":13,"turns":5},{"damage":18,"enemies":"Gremlin Nob","floor":14,"turns":4},{"damage":0,"enemies":"Hexaghost","floor":16,"turns":7},{"damage":8,"enemies":"2 Thieves","floor":18,"turns":4},{"damage":14,"enemies":"Chosen","floor":19,"turns":4},{"damage":8,"enemies":"Snake Plant","floor":22,"turns":4},{"damage":30,"enemies":"Book of Stabbing","floor":23,"turns":5},{"damage":37,"enemies":"Sentry and Sphere","floor":24,"turns":7}],"seed_played":"-8075958873622615551","potions_obtained":[{"floor":6,"key":"AttackPotion"},{"floor":13,"key":"EssenceOfSteel"},{"floor":14,"key":"CultistPotion"},{"floor":16,"key":"Fire Potion"},{"floor":19,"key":"EssenceOfSteel"},{"floor":22,"key":"Fire Potion"}],"is_trial":false,"path_per_floor":["M","M","M","M","?","E","$","R","T","E","?","R","?","E","R","B",null,"M","M","$","?","M","E","M"],"character_chosen":"THE_SILENT","items_purchased":["Flash of Steel","Infinite Blades","Fire Potion","PiercingWail","Membership Card","Backflip","War Paint"],"campfire_rested":1,"item_purchase_floors":[7,7,7,7,20,20,20],"current_hp_per_floor":[61,61,56,54,43,16,16,37,37,26,23,35,30,16,28,32,70,66,56,56,56,52,26,0,0],"gold":46,"neow_bonus":"BOSS_RELIC","is_daily":false,"chose_seed":false,"campfire_upgraded":2,"win_rate":0.0,"timestamp":1611085874,"path_taken":["M","M","M","M","?","E","$","R","T","E","?","R","?","E","R","BOSS","M","M","$","?","M","E","?"],"items_purchased_type":["Card","Card","Potion","Card","Relic","Card","Relic"],"build_version":"2020-12-22","purchased_purges":0,"victory":false,"max_hp_per_floor":[70,70,70,70,70,70,70,70,70,70,70,70,70,70,70,70,70,70,70,70,70,70,70,70,70],"relic_stats":{"counters":[14,68],"Shuriken":[22],"Bird Faced Urn":[36],"Eternal Feather":24,"PreservedInsect":41,"Art of War":[7],"War Paint":["Backflip","Defend_G"],"Smiling Mask":0,"obtain_stats":[{"Potion Belt":23,"The Specimen":10,"Eternal Feather":11,"PreservedInsect":14,"Odd Mushroom":13,"War Paint":20,"Smiling Mask":0,"Empty Cage":17,"Calling Bell":0,"Shuriken":0,"Bird Faced Urn":0,"Art of War":6,"Membership Card":20,"Ring of the Snake":0},{"Potion Belt":13,"The Specimen":6,"Eternal Feather":6,"PreservedInsect":8,"Odd Mushroom":7,"War Paint":11,"Smiling Mask":0,"Empty Cage":9,"Calling Bell":0,"Shuriken":0,"Bird Faced Urn":0,"Art of War":5,"Membership Card":11,"Ring of the Snake":0},{"Potion Belt":61,"The Specimen":28,"Eternal Feather":28,"PreservedInsect":37,"Odd Mushroom":33,"War Paint":52,"Smiling Mask":0,"Empty Cage":44,"Calling Bell":0,"Shuriken":0,"Bird Faced Urn":0,"Art of War":22,"Membership Card":52,"Ring of the Snake":0}]},"card_choices":[{"not_picked":["Prepared","Deflect"],"picked":"Riddle With Holes","floor":1.0},{"not_picked":["Riddle With Holes","Setup","Distraction"],"picked":"SKIP","floor":2.0},{"not_picked":["Backstab","Concentrate"],"picked":"Slice","floor":3},{"not_picked":["Acrobatics","Dodge and Roll"],"picked":"Bouncing Flask","floor":4},{"not_picked":["Underhanded Strike","Glass Knife"],"picked":"Noxious Fumes","floor":6},{"not_picked":["Poisoned Stab","Accuracy"],"picked":"Dash","floor":10},{"not_picked":["Setup","Deadly Poison"],"picked":"Blur","floor":13},{"not_picked":["Quick Slash","Tools of the Trade"],"picked":"Glass Knife","floor":14},{"not_picked":["Glass Knife","Phantasmal Killer"],"picked":"Envenom","floor":16},{"not_picked":["Underhanded Strike","Deadly Poison","Heel Hook+1"],"picked":"SKIP","floor":18},{"not_picked":["Prepared","PiercingWail+1"],"picked":"Acrobatics","floor":19},{"not_picked":["Deflect+1","Poisoned Stab"],"picked":"Blade Dance","floor":22},{"not_picked":["Quick Slash","Sucker Punch"],"picked":"Well Laid Plans","floor":23}],"player_experience":486935,"relics_obtained":[{"floor":0.0,"key":"Smiling Mask"},{"floor":0.0,"key":"Shuriken"},{"floor":0.0,"key":"Bird Faced Urn"},{"floor":6,"key":"Art of War"},{"floor":10,"key":"The Specimen"},{"floor":13,"key":"Odd Mushroom"},{"floor":14,"key":"PreservedInsect"},{"floor":23,"key":"Potion Belt"}],"event_choices":[{"damage_healed":0,"gold_gain":75,"player_choice":"Gather Gold","damage_taken":11,"max_hp_gain":0,"max_hp_loss":0,"event_name":"World of Goop","floor":5,"gold_loss":0},{"damage_healed":0,"gold_gain":0,"player_choice":"Success","damage_taken":3,"relics_obtained":["Eternal Feather"],"max_hp_gain":0,"max_hp_loss":0,"event_name":"Scrap Ooze","floor":11,"gold_loss":0},{"damage_healed":0,"gold_gain":0,"player_choice":"Fought Mushrooms","damage_taken":0,"max_hp_gain":0,"max_hp_loss":0,"event_name":"Mushrooms","floor":13,"gold_loss":0},{"cards_removed":["Strike_G"],"damage_healed":0,"gold_gain":0,"player_choice":"Offered Basic","damage_taken":0,"max_hp_gain":0,"max_hp_loss":0,"event_name":"Bonfire Elementals","floor":21,"gold_loss":0}],"is_beta":false,"boss_relics":[{"not_picked":["HoveringKite","Velvet Choker"],"picked":"Empty Cage"}],"items_purged_floors":[],"is_endless":false,"potions_floor_spawned":[6,13,14,16,19,22],"killed_by":"Sentry and Sphere","ascension_level":1}}