{"host":"sqxkzcqunxfsyaf0","time":1611089398,"event":{"mods":["BaseMod","Colored Map","Curses Come First","Downfall","Hermit","Hubris","Minty Spire (QoL Compilation)","StSLib","The Cursed","The Disciple","The Marked"],"gold_per_floor":[109,109,109,284,301,301,334,351,351,24,40,59,78,94,94,193,193,211,223,223,236,236,236],"floor_reached":22,"language":"ENG","playtime":2294,"items_purged":["Doubt"],"score":215,"play_id":"e8a81295-d42e-4d81-aff2-9ec6e69af48a","local_time":"20210119204958","is_ascension_mode":false,"campfire_choices":[{"floor":6.0,"key":"REST"},{"floor":15.0,"key":"REST"}],"circlet_count":0,"master_deck":["hermit:Strike_Hermit+1","hermit:Strike_Hermit","hermit:Strike_Hermit","hermit:Strike_Hermit+1","hermit:Defend_Hermit","hermit:Defend_Hermit","hermit:Defend_Hermit","hermit:Defend_Hermit","hermit:Snapshot","hermit:Covet","hermit:Roulette","hermit:Coalescence","hermit:FlashPowder","hermit:Headshot","hermit:Manifest","hermit:HighCaliber","hermit:TrackingShot","hermit:Gestalt","hermit:Reprieve","hermit:Vantage+1","hermit:Virtue+1","hermit:Coalescence"],"relics":["hermit:Momento","Strawberry","hubris:TinFlute","Pear","hubris:VirtuousBlindfold","hubris:Towel"],"acts_visited":["Exordium","TheCity"],"potions_floor_usage":[19,22],"damage_taken":[{"damage":1.0,"enemies":"2 Louse","floor":1.0,"turns":2.0},{"damage":8.0,"enemies":"Small Slimes","floor":5.0,"turns":2.0},{"damage":49.0,"enemies":"Gremlin Nob","floor":7.0,"turns":5.0},{"damage":0.0,"enemies":"Jaw Worm","floor":8.0,"turns":4.0},{"damage":2.0,"enemies":"Looter","floor":11.0,"turns":3.0},{"damage":3.0,"enemies":"Gremlin Gang","floor":12.0,"turns":4.0},{"damage":0.0,"enemies":"2 Fungi Beasts","floor":13.0,"turns":2.0},{"damage":2.0,"enemies":"Looter","floor":14.0,"turns":2.0},{"damage":36.0,"enemies":"Hexaghost","floor":16.0,"turns":13.0},{"damage":2.0,"enemies":"Chosen","floor":18.0,"turns":5.0},{"damage":8,"enemies":"Shell Parasite","floor":19,"turns":7},{"damage":53,"enemies":"Cultist and Chosen","floor":21,"turns":9},{"damage":42,"enemies":"Sentry and Sphere","floor":22,"turns":7}],"seed_played":"-3257321432229988031","potions_obtained":[{"floor":7.0,"key":"hermit:Tonic"},{"floor":8.0,"key":"Ancient Potion"},{"floor":12.0,"key":"Swift Potion"},{"floor":14.0,"key":"AttackPotion"},{"floor":16.0,"key":"Fire Potion"},{"floor":18.0,"key":"Dexterity Potion"}],"is_trial":false,"path_per_floor":["M","?","?","?","M","R","E","M","T","$","M","M","M","M","R","B",null,"M","M","?","M","M"],"character_chosen":"HERMIT","items_purchased":["Pear"],"campfire_rested":2,"item_purchase_floors":[10],"current_hp_per_floor":[81,81,65,65,57,81,39,39,39,49,47,44,44,42,71,35,99,97,89,89,40,0,0],"gold":236,"neow_bonus":"TEN_PERCENT_HP_BONUS","is_daily":false,"chose_seed":false,"campfire_upgraded":0,"win_rate":0.0,"timestamp":1611089398,"path_taken":["M","?","?","?","M","R","E","M","T","$","M","M","M","M","R","BOSS","M","M","?","M","M"],"items_purchased_type":["Relic"],"build_version":"2020-12-22","purchased_purges":1,"victory":false,"max_hp_per_floor":[82,82,82,82,82,82,89,89,89,99,99,99,99,99,99,99,99,99,99,99,99,99,99],"card_choices":[{"not_picked":["hermit:Feint","hermit:Spite"],"picked":"hermit:Roulette","floor":1.0},{"not_picked":["hermit:Glare","hermit:Roulette"],"picked":"hermit:Coalescence","floor":5.0},{"not_picked":["hermit:Deadeye","hermit:Spite"],"picked":"hermit:FlashPowder","floor":7.0},{"not_picked":["hermit:LuckOfTheDraw","hermit:Grudge"],"picked":"hermit:Headshot","floor":8.0},{"not_picked":["hermit:Combo","hermit:Coalescence"],"picked":"hermit:Manifest","floor":11.0},{"not_picked":["hermit:Roughhouse","hermit:Glare"],"picked":"hermit:HighCaliber","floor":12.0},{"not_picked":["hermit:HighCaliber","hermit:Dive"],"picked":"hermit:TrackingShot","floor":13.0},{"not_picked":["hermit:Midnight","hermit:BodyArmor"],"picked":"hermit:Gestalt","floor":14.0},{"not_picked":["hermit:FromBeyond","hermit:RoundhouseKick"],"picked":"hermit:Reprieve","floor":16.0},{"not_picked":["hermit:Combo","hermit:Maintenance"],"picked":"hermit:Vantage+1","floor":18.0},{"not_picked":["hermit:Feint","hermit:Quickdraw"],"picked":"hermit:Virtue+1","floor":19},{"not_picked":["hermit:HoleUp","hermit:Roulette"],"picked":"hermit:Coalescence","floor":21}],"player_experience":131678,"relics_obtained":[{"floor":7.0,"key":"Strawberry"},{"floor":9.0,"key":"hubris:TinFlute"}],"event_choices":[{"damage_healed":0.0,"max_hp_gain":0.0,"max_hp_loss":0.0,"gold_gain":0.0,"event_name":"The Cleric","player_choice":"Leave","floor":2.0,"gold_loss":0.0,"damage_taken":0.0},{"damage_healed":0.0,"max_hp_gain":0.0,"max_hp_loss":0.0,"gold_gain":0.0,"event_name":"Shining Light","player_choice":"Entered Light","floor":3.0,"gold_loss":0.0,"damage_taken":16.0,"cards_upgraded":["hermit:Strike_Hermit","hermit:Strike_Hermit"]},{"damage_healed":0.0,"max_hp_gain":0.0,"max_hp_loss":0.0,"gold_gain":175.0,"event_name":"Liars Game","player_choice":"AGREE","floor":4.0,"gold_loss":0.0,"damage_taken":0.0,"cards_obtained":["Doubt"]}],"is_beta":false,"boss_relics":[{"not_picked":["Empty Cage","hubris:CrackedHourglass"],"picked":"hubris:VirtuousBlindfold"}],"items_purged_floors":[10],"is_endless":false,"potions_floor_spawned":[7,8,12,13,14,16,18],"killed_by":"Sentry and Sphere","ascension_level":0}}