{"host":"s41rn2jhghpwfrvz","time":1611028928,"event":{"mods":["BaseMod","Minty Spire (QoL Compilation)","Quick Restart","Relic Stats","SuperFastMode"],"gold_per_floor":[109,109,109,123,139,139,164,164,164,164,181,210,210,228,228,302,302,321,336,336,336,350,378,328,360,434,434,461,168,196,211,211,289,289,301,312,206,206,556,591,591,621,621,567,582,582,611,622,622,622,622,622,622,91,119,119],"floor_reached":57,"language":"ENG","playtime":1578,"items_purged":["Heatsinks","Leap","Hologram+1"],"score":3777,"play_id":"f8e17661-0d3e-462f-9935-195b23acd10f","local_time":"20210119060208","daily_mods":["SealedDeck","Vintage","Diverse"],"is_ascension_mode":true,"campfire_choices":[{"data":"TalkToTheHand","floor":6,"key":"SMITH"},{"data":"Blade Dance","floor":8,"key":"SMITH"},{"data":"EmptyMind","floor":10,"key":"SMITH"},{"data":"Accuracy","floor":15,"key":"SMITH"},{"data":"Gash","floor":27,"key":"PURGE"},{"data":"Dark Embrace","floor":32,"key":"SMITH"},{"data":"Sweeping Beam","floor":41,"key":"PURGE"},{"floor":46,"key":"RECALL"},{"data":"Venomology","floor":49,"key":"SMITH"},{"data":"1","floor":53,"key":"LIFT"}],"circlet_count":0,"master_deck":["AscendersBane","ClearTheMind+1","EmptyMind+1","Blade Dance+1","TalkToTheHand+1","Accuracy+1","Venomology+1","Dark Embrace+1"],"relics":["Burning Blood","StoneCalendar","War Paint","InkBottle","Blood Vial","Calipers","Peace Pipe","Du-Vu Doll","Potion Belt","Ancient Tea Set","Busted Crown","Thread and Needle","Unceasing Top","Smiling Mask","Self Forming Clay","PreservedInsect","Girya","Medical Kit","Meat on the Bone","Bronze Scales","Runic Pyramid","Pear","HornCleat","Old Coin","White Beast Statue","Anchor","Ornamental Fan","Pocketwatch","Boot","Gremlin Horn","Shuriken","Centennial Puzzle","Oddly Smooth Stone"],"acts_visited":["Exordium","TheCity","TheBeyond","TheEnding"],"potions_floor_usage":[19,22,22,23,25,30,31,33,36,39,40,42,45,47,48,50,51,51,55,56,56,56,56],"damage_taken":[{"damage":4,"enemies":"2 Louse","floor":1,"turns":3},{"damage":5,"enemies":"Jaw Worm","floor":4,"turns":4},{"damage":7,"enemies":"Small Slimes","floor":5,"turns":2},{"damage":11,"enemies":"3 Sentries","floor":7,"turns":6},{"damage":0,"enemies":"3 Louse","floor":11,"turns":2},{"damage":0,"enemies":"Gremlin Nob","floor":12,"turns":3},{"damage":0,"enemies":"Exordium Wildlife","floor":14,"turns":3},{"damage":0,"enemies":"Slime Boss","floor":16,"turns":4},{"damage":0,"enemies":"Spheric Guardian","floor":18,"turns":2},{"damage":0,"enemies":"3 Byrds","floor":19,"turns":3},{"damage":0,"enemies":"Centurion and Healer","floor":22,"turns":3},{"damage":22,"enemies":"Slavers","floor":23,"turns":4},{"damage":3,"enemies":"Book of Stabbing","floor":25,"turns":2},{"damage":0,"enemies":"Gremlin Leader","floor":28,"turns":3},{"damage":0,"enemies":"Slavers","floor":30,"turns":2},{"damage":6,"enemies":"Shelled Parasite and Fungi","floor":31,"turns":3},{"damage":0,"enemies":"Champ","floor":33,"turns":3},{"damage":28,"enemies":"3 Shapes","floor":35,"turns":2},{"damage":0,"enemies":"Orb Walker","floor":36,"turns":2},{"damage":3,"enemies":"2 Orb Walkers","floor":39,"turns":2},{"damage":0,"enemies":"Reptomancer","floor":40,"turns":2},{"damage":0,"enemies":"Giant Head","floor":42,"turns":2},{"damage":45,"enemies":"Sphere and 2 Shapes","floor":45,"turns":2},{"damage":0,"enemies":"Nemesis","floor":47,"turns":3},{"damage":0,"enemies":"Jaw Worm Horde","floor":48,"turns":2},{"damage":0,"enemies":"Donu and Deca","floor":50,"turns":4},{"damage":0,"enemies":"Time Eater","floor":51,"turns":7},{"damage":0,"enemies":"Shield and Spear","floor":55,"turns":1},{"damage":0,"enemies":"The Heart","floor":56,"turns":5}],"seed_played":"-2808233129318870349","potions_obtained":[{"floor":5,"key":"Dexterity Potion"},{"floor":11,"key":"Strength Potion"},{"floor":16,"key":"PowerPotion"},{"floor":22,"key":"PowerPotion"},{"floor":31,"key":"SpeedPotion"},{"floor":48,"key":"DuplicationPotion"}],"is_trial":true,"path_per_floor":["M","?","?","M","M","R","E","R","T","R","M","E","?","M","R","B",null,"M","M","?","?","M","E","$","E","T","R","E","$","E","M","R","B",null,"M","M","$","?","?","E","R","E","T","$","M","R","E","M","R","B","B",null,"R","$","E","B",null],"character_chosen":"IRONCLAD","items_purchased":["Medical Kit","Dark Embrace","PowerPotion","PowerPotion","Shuriken","Centennial Puzzle","Ancient Potion"],"campfire_rested":0,"item_purchase_floors":[29,29,37,44,54,54,54],"current_hp_per_floor":[70,63,63,64,63,63,58,58,58,58,66,74,63,71,71,75,75,75,75,75,75,75,59,59,64,64,64,72,72,75,75,75,75,75,63,71,71,71,76,84,84,85,85,85,58,58,66,74,74,82,85,85,85,85,85,85],"gold":119,"neow_bonus":"","is_daily":false,"chose_seed":false,"campfire_upgraded":6,"win_rate":0.0,"timestamp":1611028928,"path_taken":["M","?","?","?","M","R","E","R","T","R","M","E","?","M","R","BOSS","M","M","?","?","M","E","$","E","T","R","E","?","E","M","R","BOSS","M","M","$","?","?","E","R","E","T","$","M","R","E","M","R","BOSS","BOSS","R","$","E","BOSS"],"items_purchased_type":["Relic","Card","Potion","Potion","Relic","Relic","Potion"],"build_version":"2020-12-22","purchased_purges":3,"victory":true,"max_hp_per_floor":[75,75,75,75,75,75,75,75,75,75,75,75,75,75,75,75,75,75,75,75,75,75,75,75,75,75,75,75,75,75,75,75,75,75,85,85,85,85,85,85,85,85,85,85,85,85,85,85,85,85,85,85,85,85,85,85],"relic_stats":{"Gremlin Horn":[1,2],"counters":[29,86],"Self Forming Clay":[9],"StoneCalendar":[50],"PreservedInsect":406,"War Paint":["Hologram","ClearTheMind"],"Smiling Mask":150,"Medical Kit":[12],"Boot":[16],"Burning Blood":118,"Blood Vial":29,"Peace Pipe":3,"Centennial Puzzle":[0],"Busted Crown":20,"Ornamental Fan":[292],"Shuriken":[22],"Bronze Scales":[123],"obtain_stats":[{"Calipers":9,"Gremlin Horn":48,"StoneCalendar":1,"Ancient Tea Set":14,"Smiling Mask":22,"Boot":47,"Burning Blood":0,"Old Coin":39,"Blood Vial":7,"Centennial Puzzle":54,"HornCleat":36,"InkBottle":5,"Runic Pyramid":34,"Potion Belt":13,"Girya":28,"Pear":35,"Self Forming Clay":23,"Oddly Smooth Stone":55,"Thread and Needle":18,"PreservedInsect":25,"War Paint":4,"Medical Kit":29,"White Beast Statue":40,"Peace Pipe":11,"Du-Vu Doll":12,"Anchor":42,"Busted Crown":17,"Ornamental Fan":43,"Shuriken":54,"Bronze Scales":31,"Unceasing Top":19,"Meat on the Bone":30,"Pocketwatch":45},{"Calipers":4,"Gremlin Horn":25,"StoneCalendar":1,"Ancient Tea Set":7,"Smiling Mask":11,"Boot":24,"Burning Blood":0,"Old Coin":20,"Blood Vial":4,"Centennial Puzzle":27,"HornCleat":19,"InkBottle":3,"Runic Pyramid":17,"Potion Belt":6,"Girya":14,"Pear":18,"Self Forming Clay":12,"Oddly Smooth Stone":28,"Thread and Needle":9,"PreservedInsect":13,"War Paint":2,"Medical Kit":14,"White Beast Statue":21,"Peace Pipe":5,"Du-Vu Doll":6,"Anchor":22,"Busted Crown":8,"Ornamental Fan":22,"Shuriken":27,"Bronze Scales":16,"Unceasing Top":10,"Meat on the Bone":15,"Pocketwatch":23},{"Calipers":15,"Gremlin Horn":69,"StoneCalendar":3,"Ancient Tea Set":23,"Smiling Mask":35,"Boot":67,"Burning Blood":0,"Old Coin":58,"Blood Vial":15,"Centennial Puzzle":80,"HornCleat":56,"InkBottle":9,"Runic Pyramid":52,"Potion Belt":20,"Girya":44,"Pear":54,"Self Forming Clay":39,"Oddly Smooth Stone":81,"Thread and Needle":29,"PreservedInsect":41,"War Paint":7,"Medical Kit":44,"White Beast Statue":60,"Peace Pipe":17,"Du-Vu Doll":20,"Anchor":62,"Busted Crown":27,"Ornamental Fan":62,"Shuriken":80,"Bronze Scales":49,"Unceasing Top":32,"Meat on the Bone":46,"Pocketwatch":64}],"InkBottle":[54],"Unceasing Top":[0],"Meat on the Bone":12,"Pocketwatch":[0]},"card_choices":[{"not_picked":["Leap","Fire Breathing","CrushJoints"],"picked":"SKIP","floor":7},{"not_picked":["Flex","Fasting2"],"picked":"Accuracy","floor":12},{"not_picked":["ConjureBlade","Impervious"],"picked":"Venomology","floor":16},{"not_picked":["Tantrum"],"picked":"SKIP","floor":23},{"not_picked":["Shrug It Off"],"picked":"SKIP","floor":25},{"not_picked":["Perfected Strike"],"picked":"SKIP","floor":28},{"not_picked":["Armaments"],"picked":"SKIP","floor":30},{"not_picked":["Anger"],"picked":"SKIP","floor":40},{"not_picked":["FollowUp"],"picked":"SKIP","floor":42},{"not_picked":["Hologram+1"],"picked":"SKIP","floor":47},{"not_picked":["SashWhip"],"picked":"SKIP","floor":55}],"player_experience":1805011,"relics_obtained":[{"floor":1,"key":"StoneCalendar"},{"floor":4,"key":"War Paint"},{"floor":5,"key":"InkBottle"},{"floor":7,"key":"Blood Vial"},{"floor":9,"key":"Calipers"},{"floor":11,"key":"Peace Pipe"},{"floor":12,"key":"Du-Vu Doll"},{"floor":14,"key":"Ancient Tea Set"},{"floor":18,"key":"Thread and Needle"},{"floor":19,"key":"Unceasing Top"},{"floor":22,"key":"Smiling Mask"},{"floor":23,"key":"Self Forming Clay"},{"floor":25,"key":"PreservedInsect"},{"floor":28,"key":"Girya"},{"floor":30,"key":"Meat on the Bone"},{"floor":31,"key":"Bronze Scales"},{"floor":35,"key":"Pear"},{"floor":36,"key":"HornCleat"},{"floor":39,"key":"Old Coin"},{"floor":40,"key":"White Beast Statue"},{"floor":42,"key":"Anchor"},{"floor":43,"key":"Ornamental Fan"},{"floor":45,"key":"Pocketwatch"},{"floor":47,"key":"Boot"},{"floor":48,"key":"Gremlin Horn"},{"floor":55,"key":"Oddly Smooth Stone"}],"event_choices":[{"cards_removed":["BootSequence"],"damage_healed":0,"gold_gain":0,"player_choice":"Card Removal","damage_taken":7,"max_hp_gain":0,"max_hp_loss":0,"event_name":"Golden Wing","floor":2,"gold_loss":0},{"damage_healed":0,"gold_gain":0,"player_choice":"Ignored","damage_taken":0,"max_hp_gain":0,"max_hp_loss":0,"event_name":"Liars Game","floor":3,"gold_loss":0},{"damage_healed":0,"gold_gain":0,"player_choice":"Success","damage_taken":11,"relics_obtained":["Potion Belt"],"max_hp_gain":0,"max_hp_loss":0,"event_name":"Scrap Ooze","floor":13,"gold_loss":0},{"damage_healed":0,"gold_gain":0,"player_choice":"Ignored","damage_taken":0,"max_hp_gain":0,"max_hp_loss":0,"event_name":"Vampires","floor":20,"gold_loss":0},{"damage_healed":0,"gold_gain":0,"cards_transformed":["Well Laid Plans","CutThroughFate"],"player_choice":"Became Test Subject","damage_taken":0,"max_hp_gain":0,"max_hp_loss":0,"event_name":"Drug Dealer","floor":21,"gold_loss":0,"cards_obtained":["Heatsinks","Sweeping Beam"]},{"damage_healed":0,"gold_gain":0,"player_choice":"Ignored","damage_taken":0,"max_hp_gain":0,"max_hp_loss":0,"event_name":"Tomb of Lord Red Mask","floor":38,"gold_loss":0},{"damage_healed":0,"gold_gain":0,"player_choice":"Fight","damage_taken":0,"max_hp_gain":0,"max_hp_loss":0,"event_name":"Mysterious Sphere","floor":39,"gold_loss":0}],"is_beta":false,"boss_relics":[{"not_picked":["SlaversCollar","Black Star"],"picked":"Busted Crown"},{"not_picked":["Velvet Choker","Empty Cage"],"picked":"Runic Pyramid"}],"items_purged_floors":[24,29,37],"is_endless":false,"potions_floor_spawned":[5,11,16,18,19,22,31,36,39,42,45,47,48,55],"ascension_level":20}}