{"host":"bpkhhmvsfrvlto2l","time":1611068892,"event":{"mods":["2.2 Compatiblity","AchievementEnabler","Act Like it!","AlwaysNeverKeys","Aspiration","BaseMod","Better Silent Start","Challenge The Spire","Colored Map","Colored Powertips","Custom Start","Energized Spire","Friendly Minions","GifTheSpireLib","Halation","Hubris","Infinite Spire","Ironclad Rager","Mimic Mod","Minty Spire (QoL Compilation)","Permanent Neow","Quick Restart","Random Character Button","Relic Sorter","Replay The Spire","Spikes Relics","StSLib","Stuff the Spire","Swap Starting Deck Mod","Trackpad"],"gold_per_floor":[111,111,121,136,136,136,148,10,79,79,136,136,166,176,176,281,281,294,340,358,215,229,229,241,87,87,122,138,138,138,154,154,253,253,273,273,285,304,304,304,304,304],"floor_reached":41,"language":"ENG","playtime":1332,"items_purged":[],"score":733,"play_id":"b77eb398-1293-4f47-a448-97f7d468a1fd","local_time":"20210119100812","is_ascension_mode":true,"campfire_choices":[{"data":"Pray","floor":6,"key":"SMITH"},{"data":"Alpha","floor":10,"key":"SMITH"},{"data":"ReachHeaven","floor":12,"key":"SMITH"},{"floor":15,"key":"REST"},{"data":"Brilliance","floor":23,"key":"SMITH"},{"floor":30,"key":"REST"},{"floor":32,"key":"REST"},{"data":"Prostrate","floor":40,"key":"SMITH"}],"circlet_count":0,"master_deck":["ReachHeaven","ReachHeaven","ReachHeaven","ReachHeaven+1","Prostrate","Prostrate","Prostrate","Prostrate","Prostrate+1","Pray+1","Alpha+1","Brilliance+1","Ragnarok+1"],"relics":["PureWater","halation:EternalFortune","Onion Ring","SpikesRelics:ToyHorsey","trackpad:SappingStone","MealTicket","hubris:EmptyBottle","Replay:Ringing Soul","Juzu Bracelet","hubris:ScarierMask"],"acts_visited":["Exordium","TheCity","TheBeyond"],"potions_floor_usage":[16,16,16,18,20,20,22,22,24,41],"damage_taken":[{"damage":0,"enemies":"Jaw Worm","floor":1,"turns":2},{"damage":0,"enemies":"Small Slimes","floor":3,"turns":2},{"damage":11,"enemies":"2 Louse","floor":4,"turns":3},{"damage":0,"enemies":"Large Slime","floor":7,"turns":2},{"damage":12,"enemies":"Lagavulin","floor":13,"turns":3},{"damage":8,"enemies":"Lots of Slimes","floor":14,"turns":3},{"damage":0,"enemies":"Slime Boss","floor":16,"turns":2},{"damage":18,"enemies":"2 Thieves","floor":18,"turns":2},{"damage":0,"enemies":"Spheric Guardian","floor":20,"turns":3},{"damage":0,"enemies":"Snake Plant","floor":22,"turns":2},{"damage":14,"enemies":"Chosen and Byrds","floor":24,"turns":4},{"damage":3,"enemies":"Gremlin Leader","floor":27,"turns":3},{"damage":4,"enemies":"Centurion and Healer","floor":28,"turns":3},{"damage":14,"enemies":"Snecko","floor":31,"turns":3},{"damage":24,"enemies":"Automaton","floor":33,"turns":4},{"damage":4,"enemies":"3 Shapes","floor":35,"turns":2},{"damage":9,"enemies":"Orb Walker","floor":37,"turns":2},{"damage":10,"enemies":"4 Shapes","floor":38,"turns":2},{"damage":76,"enemies":"Nemesis","floor":41,"turns":4}],"seed_played":"-8241896185900726190","potions_obtained":[{"floor":4,"key":"Strength Potion"},{"floor":7,"key":"Adrenaline Potion"},{"floor":13,"key":"Strength Potion"},{"floor":16,"key":"LiquidMemories"},{"floor":18,"key":"Dexterity Potion"},{"floor":19,"key":"EntropicBrew"},{"floor":33,"key":"SneckoOil"},{"floor":38,"key":"Dexterity Potion"}],"is_trial":false,"path_per_floor":["M","?","M","M","?","R","M","$","T","R","?","R","E","M","R","B",null,"M","?","M","$","M","R","M","$","T","E","M","?","R","M","R","B",null,"M","?","M","M","$","R","E"],"character_chosen":"WATCHER","items_purchased":["Alpha","MealTicket","hubris:EmptyBottle"],"campfire_rested":3,"item_purchase_floors":[8,21,25],"current_hp_per_floor":[54,54,54,43,46,46,46,46,46,46,46,46,34,26,43,43,54,36,22,22,22,22,22,8,23,23,20,19,19,37,23,41,20,52,48,48,42,32,47,47,0,0],"gold":304,"neow_bonus":"","is_daily":false,"chose_seed":false,"campfire_upgraded":5,"win_rate":0.0,"timestamp":1611068892,"path_taken":["M","?","M","M","?","R","M","$","T","R","?","R","E","?","R","BOSS","M","?","M","$","M","R","?","$","T","E","M","?","R","M","R","BOSS","M","?","M","M","$","R","E"],"items_purchased_type":["Card","Relic","Relic"],"build_version":"2020-12-22","purchased_purges":0,"victory":false,"max_hp_per_floor":[54,54,54,54,57,57,57,57,57,57,57,57,57,57,57,57,57,57,57,57,57,57,57,57,57,57,57,60,60,60,60,60,63,63,63,63,66,66,66,66,66,66],"card_choices":[{"not_picked":["Omniscience","Wish"],"picked":"Brilliance","floor":16},{"not_picked":["CutThroughFate","Evaluate"],"picked":"Ragnarok","floor":28}],"player_experience":84577,"relics_obtained":[{"floor":9,"key":"Onion Ring"},{"floor":13,"key":"SpikesRelics:ToyHorsey"},{"floor":19,"key":"trackpad:SappingStone"},{"floor":26,"key":"Replay:Ringing Soul"},{"floor":27,"key":"Juzu Bracelet"},{"floor":33,"key":"halation:EternalFortune"},{"floor":37,"key":"halation:EternalFortune"}],"event_choices":[{"damage_healed":0,"gold_gain":0,"player_choice":"Fled","damage_taken":0,"max_hp_gain":0,"max_hp_loss":0,"event_name":"Scrap Ooze","floor":2,"gold_loss":0},{"damage_healed":0,"gold_gain":57,"player_choice":"Gained Gold","damage_taken":0,"max_hp_gain":0,"max_hp_loss":0,"event_name":"Golden Wing","floor":11,"gold_loss":0},{"damage_healed":0,"gold_gain":0,"player_choice":"Forge","damage_taken":0,"max_hp_gain":0,"max_hp_loss":0,"event_name":"Accursed Blacksmith","floor":29,"gold_loss":0,"cards_upgraded":["Ragnarok"]},{"damage_healed":0,"gold_gain":0,"player_choice":"Ignored","damage_taken":0,"max_hp_gain":0,"max_hp_loss":0,"event_name":"Purifier","floor":36,"gold_loss":0}],"is_beta":false,"boss_relics":[{"not_picked":["halation:HeavySnake","StuffTheSpire:RunicConfusion","Coffee Dripper"]},{"not_picked":["energizedSpire:SpiderWeb","aspiration:DefectSkillbook"],"picked":"hubris:ScarierMask"}],"items_purged_floors":[],"is_endless":false,"potions_floor_spawned":[4,7,13,16,18,20,33,38],"killed_by":"Nemesis","ascension_level":8}}