{"host":"9jkzatiwan7o33sr","time":1611052346,"event":{"mods":["A Magickal Journey","AchievementEnabler","Act Like it!","BaseMod","Colored Map","Colored Powertips","Conspire","Downfall","GifTheSpireLib","Hallownest","Hermit","Hubris","Infinite Spire","Marisa????????","Mimic Mod","Minty Spire (QoL Compilation)","StSLib","Stuff the Spire","The Bug Knight","The Construct","The Cursed","The Disciple","The Elementalist","The Factory","The Hierophant","The Jungle","The Mystic","The Necromancer","The Runesmith","The Servant 0.9.4","[IsaacMod]????"],"gold_per_floor":[109,109,129,143,117,137,166,166,246,246,82,99,199,226,226,325,325,342,342,342],"floor_reached":19,"language":"ENG","playtime":1177,"items_purged":[],"score":204,"play_id":"b06c29d6-dd55-4b4a-8c27-25700d263607","local_time":"20210119113226","is_ascension_mode":true,"campfire_choices":[{"floor":8,"key":"REST"},{"data":"White Noise","floor":10,"key":"SMITH"},{"data":"Trip","floor":15,"key":"SMITH"}],"circlet_count":0,"master_deck":["Strike_B","Strike_B","Strike_B","Strike_B","Defend_B+1","Defend_B","Defend_B+1","Defend_B","Zap","Dualcast","DoctorFetus","Beam Cell","Pulse","Cold Snap","White Noise+1","Ball Lightning","Leap","Ball Lightning","Trip+1","Ball Lightning","Rip and Tear","Buffer","Reinforced Body"],"relics":["Cracked Core","HushsDoor","hubris:SlimyHat","TheBean","Ancient Tea Set","Pantograph","infinitespire:Beetle Shell","StuffTheSpire:ModemDavis"],"acts_visited":["Exordium","TheCity"],"potions_floor_usage":[16],"damage_taken":[{"damage":0,"enemies":"2 Louse","floor":1,"turns":2},{"damage":5,"enemies":"conspire:RoseBush","floor":3,"turns":2},{"damage":0,"enemies":"Cultist","floor":4,"turns":3},{"damage":4,"enemies":"Lots of Slimes","floor":6,"turns":3},{"damage":22,"enemies":"HollowMod:MossKnight","floor":7,"turns":6},{"damage":5,"enemies":"2 Fungi Beasts","floor":12,"turns":2},{"damage":10,"enemies":"Lagavulin","floor":14,"turns":3},{"damage":35,"enemies":"Hexaghost","floor":16,"turns":8},{"damage":34,"enemies":"3 Byrds","floor":18,"turns":4},{"damage":7,"enemies":"Chosen","floor":19,"turns":2}],"seed_played":"3322856090571616273","potions_obtained":[{"floor":4,"key":"ColorlessPotion"},{"floor":7,"key":"FearPotion"},{"floor":12,"key":"SkillPotion"}],"is_trial":false,"path_per_floor":["M","?","M","M","$","M","E","R","T","R","$","M","?","E","R","B",null,"M","M"],"character_chosen":"DEFECT","items_purchased":["Cold Snap","Leap","Ball Lightning","Trip"],"campfire_rested":1,"item_purchase_floors":[5,11,11,11],"current_hp_per_floor":[75,60,55,55,55,51,29,51,51,51,51,46,46,36,36,26,75,41,34,34],"gold":342,"neow_bonus":"RANDOM_COMMON_RELIC","is_daily":false,"chose_seed":false,"campfire_upgraded":2,"win_rate":0.0,"timestamp":1611052346,"path_taken":["M","?","M","M","$","M","E","R","T","R","$","M","?","E","R","BOSS","M","?"],"items_purchased_type":["Card","Card","Card","Card"],"build_version":"2020-12-22","purchased_purges":0,"victory":false,"max_hp_per_floor":[75,75,75,75,75,75,75,75,75,75,75,75,75,75,75,75,75,75,75,75],"card_choices":[{"not_picked":[],"picked":"DoctorFetus","floor":0},{"not_picked":["Sweeping Beam","FTL"],"picked":"Beam Cell","floor":1},{"not_picked":["Distribution","StuffTheSpire:LoadUp","Scrape"],"picked":"SKIP","floor":3},{"not_picked":["Steam","Darkness"],"picked":"Pulse","floor":4},{"not_picked":["Doom and Gloom","Static Discharge"],"picked":"White Noise","floor":6},{"not_picked":["hubris:Prefetch","Sweeping Beam"],"picked":"Ball Lightning","floor":7},{"not_picked":["Sweeping Beam","Recycle"],"picked":"Ball Lightning","floor":12},{"not_picked":["StuffTheSpire:NuclearReactor","StuffTheSpire:CleanHardDrive"],"picked":"Bomb","floor":13},{"not_picked":["White Noise","StuffTheSpire:GlassShard"],"picked":"Rip and Tear","floor":14},{"not_picked":["Seek","StuffTheSpire:Purify"],"picked":"Buffer","floor":16},{"not_picked":["Streamline","Stack+1"],"picked":"Reinforced Body","floor":18}],"player_experience":573266,"relics_obtained":[{"floor":7,"key":"Ancient Tea Set"},{"floor":9,"key":"Pantograph"},{"floor":14,"key":"infinitespire:Beetle Shell"}],"event_choices":[{"damage_healed":0,"gold_gain":0,"player_choice":"Entered Light","damage_taken":15,"max_hp_gain":0,"max_hp_loss":0,"event_name":"Shining Light","floor":2,"gold_loss":0,"cards_upgraded":["Defend_B","Defend_B"]}],"is_beta":false,"boss_relics":[{"not_picked":["Busted Crown","conspire:RunicOctahedron"],"picked":"StuffTheSpire:ModemDavis"},{"not_picked":[]}],"items_purged_floors":[],"is_endless":false,"potions_floor_spawned":[4,7,12],"killed_by":"Chosen","ascension_level":3}}