{"host":"6pgtslebjnyv5xmi","time":1611058591,"event":{"mods":["AchievementEnabler","BaseMod","Colored Map","Minty Spire (QoL Compilation)","Rare Cards Sparkle","StSLib","SuperFastMode","The Cursed","everything is the same but u backflip on backflip"],"gold_per_floor":[112,130,130,130,94,94,113,134,134,134,161,179,9,22,22,121,121,136,163,14,14,29,29,29,29,53,80,42,62,62,90,90,192,192,208,223,223,223],"floor_reached":37,"language":"KOR","playtime":1475,"items_purged":["Strike_B"],"score":587,"play_id":"3e3eff8a-0f73-4459-8fa2-ed6678c0ae04","local_time":"20210119211631","is_ascension_mode":true,"campfire_choices":[{"data":"Consume","floor":6,"key":"SMITH"},{"data":"Self Repair","floor":10,"key":"SMITH"},{"data":"Apotheosis","floor":15,"key":"SMITH"},{"data":"Double Energy","floor":23,"key":"SMITH"},{"floor":25,"key":"REST"},{"data":"Seek","floor":30,"key":"SMITH"},{"floor":32,"key":"REST"}],"circlet_count":0,"master_deck":["Zap+1","Dualcast+1","Ball Lightning","Melter","Consume+1","BootSequence","Self Repair+1","Seek+1","Glacier","Apotheosis+1","Electrodynamics","Double Energy+1","Capacitor","Go for the Eyes+1","Necronomicurse","Capacitor","Reinforced Body","Biased Cognition","Thunder Strike","Turbo","Hello World","Consume","Rip and Tear","Streamline","Steam"],"relics":["Cracked Core","NeowsBlessing","Odd Mushroom","Bottled Tornado","Shuriken","Velvet Choker","Red Mask","Necronomicon","Lantern","Bag of Preparation","Strawberry","Pandora\u0027s Box"],"acts_visited":["Exordium","TheCity","TheBeyond"],"potions_floor_usage":[8,11,16,19,22,33,33],"damage_taken":[{"damage":0,"enemies":"Cultist","floor":1,"turns":1},{"damage":0,"enemies":"Jaw Worm","floor":2,"turns":1},{"damage":0,"enemies":"Small Slimes","floor":7,"turns":1},{"damage":8,"enemies":"The Mushroom Lair","floor":8,"turns":2},{"damage":15,"enemies":"Lagavulin","floor":11,"turns":5},{"damage":3,"enemies":"Exordium Wildlife","floor":12,"turns":3},{"damage":18,"enemies":"Exordium Thugs","floor":14,"turns":3},{"damage":10,"enemies":"The Guardian","floor":16,"turns":9},{"damage":14,"enemies":"Shell Parasite","floor":18,"turns":4},{"damage":0,"enemies":"Masked Bandits","floor":19,"turns":2},{"damage":15,"enemies":"2 Thieves","floor":22,"turns":3},{"damage":17,"enemies":"Book of Stabbing","floor":27,"turns":5},{"damage":13,"enemies":"Centurion and Healer","floor":29,"turns":6},{"damage":29,"enemies":"Slavers","floor":31,"turns":6},{"damage":16,"enemies":"Champ","floor":33,"turns":9},{"damage":45,"enemies":"3 Shapes","floor":35,"turns":4},{"damage":22,"enemies":"3 Darklings","floor":36,"turns":3},{"damage":30,"enemies":"Jaw Worm Horde","floor":37,"turns":2}],"seed_played":"-1912155555753425551","potions_obtained":[{"floor":1,"key":"Explosive Potion"},{"floor":8,"key":"Block Potion"},{"floor":12,"key":"Strength Potion"},{"floor":14,"key":"SpeedPotion"},{"floor":16,"key":"GamblersBrew"},{"floor":18,"key":"DuplicationPotion"},{"floor":19,"key":"Strength Potion"},{"floor":35,"key":"BlessingOfTheForge"}],"is_trial":false,"path_per_floor":["M","M","?","?","$","R","M","?","T","R","E","M","$","M","R","B",null,"M","?","$","?","M","R","?","R","T","E","$","M","R","E","R","B",null,"M","M","M"],"character_chosen":"DEFECT","items_purchased":["Consume","Apotheosis","Capacitor","Capacitor"],"campfire_rested":2,"item_purchase_floors":[5,13,20,28],"current_hp_per_floor":[68,68,68,53,53,53,53,45,45,45,40,47,47,39,39,39,66,62,62,62,62,57,57,41,63,63,56,56,53,53,41,65,59,76,41,29,0,0],"gold":223,"neow_bonus":"THREE_ENEMY_KILL","is_daily":false,"chose_seed":false,"campfire_upgraded":5,"win_rate":0.0,"timestamp":1611058591,"path_taken":["M","?","?","?","?","R","?","?","T","R","E","M","$","M","R","BOSS","M","?","$","?","M","R","?","R","T","E","?","M","R","E","R","BOSS","M","?","M"],"items_purchased_type":["Card","Card","Card","Card"],"build_version":"2020-12-22","purchased_purges":1,"victory":false,"max_hp_per_floor":[75,75,75,75,75,75,75,75,75,75,75,75,75,75,75,75,75,75,75,75,75,75,75,75,75,75,75,75,75,75,82,82,82,82,82,82,82,82],"card_choices":[{"not_picked":["Cold Snap","Rebound"],"picked":"Ball Lightning","floor":1},{"not_picked":["Gash","Compile Driver"],"picked":"Melter","floor":2},{"not_picked":["Sweeping Beam","Leap"],"picked":"BootSequence","floor":7},{"not_picked":["Skim","Genetic Algorithm"],"picked":"Self Repair","floor":8},{"not_picked":["All For One","Go for the Eyes"],"picked":"Seek","floor":11},{"not_picked":["Reprogram","Cold Snap"],"picked":"Glacier","floor":12},{"not_picked":["Rebound","Streamline","Barrage"],"picked":"SKIP","floor":14},{"not_picked":["Rainbow","Amplify"],"picked":"Electrodynamics","floor":16},{"not_picked":["Gash","Coolheaded","Blizzard"],"picked":"SKIP","floor":18},{"not_picked":["Conserve Battery","Redo+1"],"picked":"Double Energy","floor":19},{"not_picked":["Gash+1","Glacier"],"picked":"Go for the Eyes+1","floor":22},{"not_picked":["Beam Cell","Doom and Gloom","FTL"],"picked":"SKIP","floor":27},{"not_picked":["Undo","Redo","Capacitor"],"picked":"SKIP","floor":29},{"not_picked":["Blizzard","Auto Shields"],"picked":"Reinforced Body","floor":31},{"not_picked":["Electrodynamics","Buffer"],"picked":"Biased Cognition","floor":33},{"not_picked":["Hello World","Turbo","Conserve Battery"],"picked":"SKIP","floor":35},{"not_picked":["Conserve Battery+1","Fusion+1","Undo+1"],"picked":"SKIP","floor":36}],"player_experience":997823,"relics_obtained":[{"floor":8,"key":"Odd Mushroom"},{"floor":9,"key":"Bottled Tornado"},{"floor":11,"key":"Shuriken"},{"floor":19,"key":"Red Mask"},{"floor":24,"key":"Necronomicon"},{"floor":26,"key":"Lantern"},{"floor":27,"key":"Bag of Preparation"},{"floor":31,"key":"Strawberry"}],"event_choices":[{"damage_healed":0,"gold_gain":0,"player_choice":"Grow","damage_taken":0,"max_hp_gain":0,"max_hp_loss":0,"event_name":"Living Wall","floor":3,"gold_loss":0,"cards_upgraded":["Zap"]},{"damage_healed":0,"gold_gain":0,"player_choice":"Entered Light","damage_taken":15,"max_hp_gain":0,"max_hp_loss":0,"event_name":"Shining Light","floor":4,"gold_loss":0,"cards_upgraded":["Dualcast","Defend_B"]},{"damage_healed":0,"gold_gain":0,"player_choice":"Fought Mushrooms","damage_taken":0,"max_hp_gain":0,"max_hp_loss":0,"event_name":"Mushrooms","floor":8,"gold_loss":0},{"damage_healed":0,"gold_gain":0,"player_choice":"Fought Bandits","damage_taken":0,"max_hp_gain":0,"max_hp_loss":0,"event_name":"Masked Bandits","floor":19,"gold_loss":0},{"damage_healed":0,"gold_gain":0,"player_choice":"Ignored","damage_taken":0,"max_hp_gain":0,"max_hp_loss":0,"event_name":"Vampires","floor":21,"gold_loss":0},{"damage_healed":0,"gold_gain":0,"player_choice":"Obtained Book","damage_taken":16,"max_hp_gain":0,"max_hp_loss":0,"event_name":"Cursed Tome","floor":24,"gold_loss":0}],"is_beta":false,"boss_relics":[{"not_picked":["Calling Bell","Coffee Dripper"],"picked":"Velvet Choker"},{"not_picked":["FrozenCore","Philosopher\u0027s Stone"],"picked":"Pandora\u0027s Box"}],"items_purged_floors":[20],"is_endless":false,"potions_floor_spawned":[1,8,12,14,16,18,19,35],"killed_by":"Jaw Worm Horde","ascension_level":9}}