{"host":"6wux4armhsntp4yb","time":1611094298,"event":{"mods":["BaseMod","Colored Map","DeckTracker","Minty Spire (QoL Compilation)","Relic Stats"],"gold_per_floor":[109,122,138,152,152,152,187,187,187,204,204,220,220,236,236,236,236],"floor_reached":16,"language":"JPN","playtime":659,"items_purged":[],"score":208,"play_id":"b58ce101-6758-45bf-83ee-b83b2c4d8306","local_time":"20210120071138","is_ascension_mode":true,"campfire_choices":[{"data":"Dash","floor":6.0,"key":"SMITH"},{"data":"Flechettes","floor":8.0,"key":"SMITH"},{"data":"Neutralize","floor":11.0,"key":"SMITH"},{"data":"Sucker Punch","floor":13.0,"key":"SMITH"},{"data":"Acrobatics","floor":15.0,"key":"SMITH"}],"circlet_count":0,"master_deck":["AscendersBane","Strike_G","Strike_G","Strike_G","Strike_G","Strike_G","Defend_G","Defend_G","Defend_G","Defend_G","Defend_G","Survivor","Neutralize+1","Flechettes+1","Sucker Punch+1","Predator","Dash+1","PiercingWail","Leg Sweep","Deflect","Acrobatics+1"],"relics":["Ring of the Snake","Calipers","Akabeko","Strawberry"],"acts_visited":["Exordium"],"potions_floor_usage":[16,16],"damage_taken":[{"damage":12.0,"enemies":"Cultist","floor":1.0,"turns":6.0},{"damage":1.0,"enemies":"Small Slimes","floor":2.0,"turns":3.0},{"damage":5.0,"enemies":"Jaw Worm","floor":3.0,"turns":4.0},{"damage":2.0,"enemies":"Exordium Wildlife","floor":4.0,"turns":5.0},{"damage":4.0,"enemies":"Gremlin Nob","floor":7.0,"turns":4.0},{"damage":0.0,"enemies":"Blue Slaver","floor":10.0,"turns":1.0},{"damage":0.0,"enemies":"Large Slime","floor":12.0,"turns":2.0},{"damage":5.0,"enemies":"Exordium Thugs","floor":14.0,"turns":7.0},{"damage":38,"enemies":"Slime Boss","floor":16,"turns":10}],"seed_played":"4632969437693861717","potions_obtained":[{"floor":1.0,"key":"Explosive Potion"},{"floor":4.0,"key":"EssenceOfSteel"},{"floor":10.0,"key":"Strength Potion"},{"floor":14.0,"key":"EssenceOfSteel"}],"is_trial":false,"path_per_floor":["M","M","M","M","?","R","E","R","T","M","R","M","R","M","R","B"],"character_chosen":"THE_SILENT","items_purchased":[],"campfire_rested":0,"item_purchase_floors":[],"current_hp_per_floor":[47,46,41,39,39,39,35,35,42,42,42,42,42,37,37,0,0],"gold":236,"neow_bonus":"ONE_RARE_RELIC","is_daily":false,"chose_seed":false,"campfire_upgraded":5,"win_rate":0.0,"timestamp":1611094298,"path_taken":["M","M","M","M","?","R","E","R","T","M","R","M","R","M","R","BOSS"],"items_purchased_type":[],"build_version":"2020-12-22","purchased_purges":0,"victory":false,"max_hp_per_floor":[60,60,60,60,60,60,60,60,67,67,67,67,67,67,67,67,67],"relic_stats":{"counters":[9,42],"obtain_stats":[{"Calipers":0,"Strawberry":9,"Akabeko":7,"Ring of the Snake":0},{"Calipers":0,"Strawberry":5,"Akabeko":5,"Ring of the Snake":0},{"Calipers":0,"Strawberry":22,"Akabeko":22,"Ring of the Snake":0}],"Ring of the Snake":[18]},"card_choices":[{"not_picked":["Finisher","Dagger Spray"],"picked":"Flechettes","floor":1.0},{"not_picked":["Quick Slash","Cloak And Dagger"],"picked":"Sucker Punch","floor":2.0},{"not_picked":["Escape Plan","Tactician"],"picked":"Predator","floor":3.0},{"not_picked":["Prepared","Infinite Blades"],"picked":"Dash","floor":4.0},{"not_picked":["Flying Knee","Underhanded Strike"],"picked":"Leg Sweep","floor":7.0},{"not_picked":["Blade Dance","Bouncing Flask","All Out Attack"],"picked":"SKIP","floor":10.0},{"not_picked":["Deadly Poison","Caltrops"],"picked":"Deflect","floor":12.0},{"not_picked":["Dash","Bane"],"picked":"Acrobatics","floor":14.0}],"player_experience":5813767,"relics_obtained":[{"floor":7.0,"key":"Akabeko"},{"floor":9.0,"key":"Strawberry"}],"event_choices":[{"damage_healed":0.0,"max_hp_gain":0.0,"max_hp_loss":0.0,"gold_gain":0.0,"event_name":"Match and Keep!","player_choice":"1 cards matched","floor":5.0,"gold_loss":0.0,"damage_taken":0.0,"cards_obtained":["PiercingWail"]}],"is_beta":false,"boss_relics":[],"items_purged_floors":[],"is_endless":false,"potions_floor_spawned":[1,4,10,14],"killed_by":"Slime Boss","ascension_level":20}}