{"host":"w9ajzzu5ci5rchgs","time":1611027581,"event":{"mods":["AchievementEnabler","Act Like it!","BaseMod","BetterRewards","Card Forge","Colored Map","Colored Powertips","Defuse TimeMaze Blight","Downfall","Faster Ascension Climbing","Gensokyo","Halation","Hubris","Infinite Spire","Minty Spire (QoL Compilation)","Permanent Neow","Remilia??????","SOS???????","Spikes Relics","StSLib","Td1madao Mod","The Hierophant","The Mystic","Youmu??????","vexMod"],"gold_per_floor":[112,125,142,152,162,189,189,223,249,249,259,259,293,305,305,401,401,416,416,428,283,300,333,333,351,378,378,184,199,199,213,213,309,309,345,44,55,55,105,155,175,175,269,281,293,320,378,390,402,535,547,573,585,612,624,811,823,841,853,935,960,995,977,977],"floor_reached":63,"language":"ENG","playtime":6777,"items_purged":["Normality"],"score":937,"play_id":"157798c8-d2f8-43e9-b717-12a2a1b17e24","local_time":"20210118223941","is_ascension_mode":false,"campfire_choices":[{"floor":7,"key":"REST"},{"data":"MastersStateliness","floor":15,"key":"SMITH"},{"data":"BombardNight","floor":24,"key":"SMITH"},{"floor":32,"key":"RECALL"},{"floor":42,"key":"DIG"},{"floor":44,"key":"DIG"},{"floor":49,"key":"REST"},{"floor":49,"key":"DIG"},{"floor":57,"key":"DIG"},{"floor":59,"key":"DIG"}],"circlet_count":0,"master_deck":["Strike_RM+1","Strike_RM+1","Strike_RM+1","Strike_RM+1","ScarletShoot+1","ScarletDevil+1","FitfulNightmare+1","BombardNight+1","Maim+1","Bite+1","Spot Weakness+1","Limit Break+1","Inflame+1","MastersStateliness+1","MastersStateliness+1","hubris:NaturalOne","EternalNight+1","BombardNight+1","CharismaGuard+1","QueenOfMidnight+1","BombardNight+1","HunterOfTheNight+1","BombardNight","LeisurelyOfLord","CharismaGuard"],"relics":["ScarletHat","Hammer of Thor","Seething Fire","Anvil of the Gods","Toy Ornithopter","BrokenLever","Smiling Mask","hubris:ToyBattleship","hubris:Icosahedron","hubris:FunFungus","SacredBark","TheAbacus","Oddly Smooth Stone","infinitespire:Lucky Rock","Whetstone","hubris:TerracottaHorce","TypeBBloodRedTea","infinitespire:Lychee Nut","vexMod:CursedCompass","hubris:MedicalManual","Question Card","Shovel","MawBank","infinitespire:BottledMercury","ScarletDevilRocket","infinitespire:Magic Flask","hubris:EvacipatedBox","infinitespire:Joker Card","hubris:Backtick","halation:Thesaurus","halation:PlatinumPhoenix","hubris:TenFootPole","hubris:Towel","Toxic Egg 2","Regal Pillow","Mercury Hourglass","Juzu Bracelet"],"acts_visited":["Exordium","TheCity","TheBeyond","Exordium"],"potions_floor_usage":[16,16,16,40,50,63],"damage_taken":[{"damage":0,"enemies":"Gensokyo:3_Fairies","floor":1,"turns":6},{"damage":2,"enemies":"Gensokyo:2_Kodama","floor":2,"turns":5},{"damage":0,"enemies":"Gensokyo:Python","floor":3,"turns":4},{"damage":1,"enemies":"Gensokyo:Gryphon_and_Rabbit","floor":4,"turns":7},{"damage":4,"enemies":"Gensokyo:Python_and_Kodama","floor":5,"turns":7},{"damage":10,"enemies":"Gensokyo:Cirno","floor":6,"turns":7},{"damage":0,"enemies":"Gensokyo:Mamizou","floor":8,"turns":8},{"damage":8,"enemies":"Gensokyo:CorruptedTreant","floor":11,"turns":3},{"damage":0,"enemies":"Gensokyo:Mamizou","floor":13,"turns":5},{"damage":8,"enemies":"Gensokyo:Kitsune","floor":14,"turns":3},{"damage":73,"enemies":"Gensokyo:Yukari","floor":16,"turns":13},{"damage":2,"enemies":"Chosen","floor":18,"turns":4},{"damage":5,"enemies":"3 Byrds","floor":20,"turns":3},{"damage":8,"enemies":"3 Cultists","floor":22,"turns":7},{"damage":30,"enemies":"Nightmare","floor":23,"turns":7},{"damage":18,"enemies":"Snake Plant","floor":25,"turns":4},{"damage":1,"enemies":"Centurion and Healer","floor":29,"turns":8},{"damage":0,"enemies":"Shelled Parasite and Fungi","floor":31,"turns":3},{"damage":20,"enemies":"Automaton","floor":33,"turns":6},{"damage":0,"enemies":"Orb Walker","floor":35,"turns":4},{"damage":0,"enemies":"3 Shapes","floor":37,"turns":2},{"damage":0,"enemies":"Mind Bloom Boss Battle","floor":39,"turns":5},{"damage":20,"enemies":"Giant Head","floor":40,"turns":5},{"damage":9,"enemies":"Writhing Mass","floor":41,"turns":4},{"damage":0,"enemies":"Maw","floor":46,"turns":1},{"damage":15,"enemies":"2 Orb Walkers","floor":47,"turns":3},{"damage":67,"enemies":"Donu and Deca","floor":50,"turns":7},{"damage":14,"enemies":"Jaw Worm","floor":52,"turns":2},{"damage":4,"enemies":"2 Louse","floor":54,"turns":1},{"damage":0,"enemies":"Cultist","floor":58,"turns":3},{"damage":0,"enemies":"2 Fungi Beasts","floor":61,"turns":1},{"damage":94,"enemies":"Nightmare","floor":63,"turns":6}],"seed_played":"2863401576640740648","potions_obtained":[{"floor":1,"key":"DistilledChaos"},{"floor":4,"key":"Dexterity Potion"},{"floor":11,"key":"infinitespire:BlackPotion"},{"floor":13,"key":"Block Potion"},{"floor":18,"key":"Guardian:BlockOnCardUsePotion"},{"floor":20,"key":"DistilledChaos"},{"floor":25,"key":"Strength Potion"},{"floor":41,"key":"SkillPotion"},{"floor":50,"key":"Swift Potion"},{"floor":50,"key":"EssenceOfSteel"}],"is_trial":false,"path_per_floor":["M","M","M","M","M","E","R","?","T","?","M","?","E","M","R","B",null,"M","?","M","$","M","NM","R","M","T","?","$","M","AVR","M","R","B",null,"M","$","M","AVR","?","E","M","R","T","R","?","M","?","$","R","B",null,"M","AVR","M","?","?","R","M","R","T","M","T","NM"],"character_chosen":"REMILIA","items_purchased":["TheAbacus","infinitespire:Lucky Rock","TypeBBloodRedTea","hubris:EvacipatedBox"],"campfire_rested":2,"item_purchase_floors":[21,28,36,48],"current_hp_per_floor":[75,74,75,75,74,64,75,75,75,75,74,74,75,75,75,52,75,75,75,71,71,75,75,75,75,75,75,75,75,75,75,75,75,75,75,75,75,56,56,56,56,56,56,56,42,45,56,37,53,56,56,52,52,52,52,52,52,56,56,56,53,53,0,0],"gold":977,"neow_bonus":"RANDOM_COMMON_RELIC","is_daily":false,"chose_seed":false,"campfire_upgraded":2,"win_rate":0.0,"timestamp":1611027581,"path_taken":["M","M","M","M","M","E","R","?","T","?","M","?","E","M","R","BOSS","M","?","M","$","?","NM","R","M","T","?","$","M","AVR","M","R","BOSS","M","$","M","AVR","?","E","M","R","T","R","?","?","?","?","R","BOSS","M","AVR","M","?","?","R","M","R","T","M","?","NM"],"items_purchased_type":["Relic","Relic","Relic","Relic"],"build_version":"2020-12-22","purchased_purges":1,"victory":false,"max_hp_per_floor":[75,75,75,75,75,75,75,75,75,75,75,75,75,75,75,75,75,75,75,75,75,75,75,75,75,75,75,75,75,75,75,75,75,75,75,75,75,56,56,56,56,56,56,56,56,56,56,56,56,56,56,56,56,56,56,56,56,56,56,56,53,53,53,53],"card_choices":[{"not_picked":["LeisurelyOfLord","StarOfDavid"],"picked":"ScarletDevil","floor":1},{"not_picked":["BlasphemousPunishment","FavorOfDestiny"],"picked":"VampireKiss","floor":2},{"not_picked":["DiffusionOfMisfortune","HunterOfTheNight"],"picked":"FitfulNightmare","floor":3},{"not_picked":["BloodRain","BlasphemousPunishment"],"picked":"BombardNight","floor":4},{"not_picked":["DevilSight","Septette"],"picked":"NightDance","floor":5},{"not_picked":["BloodAndWine","BlasphemousPunishment"],"picked":"Maim","floor":6},{"not_picked":["SuperhumanBloodyKnife","ChainGang"],"picked":"BloodHunter","floor":8},{"not_picked":["EmergencyRegeneration","DevilSight"],"picked":"MastersStateliness","floor":11},{"not_picked":["StarOfDavid","RedMagic"],"picked":"ScarletNetherworld","floor":13},{"not_picked":["BombardNight","FavorOfDestiny"],"picked":"MastersStateliness","floor":14},{"not_picked":["TransientEternity","BloodyHallows"],"picked":"BatForm","floor":16},{"not_picked":["StarOfDavid","CharismaGuard"],"picked":"EternalNight","floor":18},{"not_picked":["BadLadyScramble","Maim"],"picked":"VampireKiss","floor":20},{"not_picked":["UnderTheZenith","MastersStateliness"],"picked":"BombardNight","floor":22},{"not_picked":["FitfulNightmare","Stigmanizer","UltimateOffering"],"picked":"SKIP","floor":23},{"not_picked":["UnderTheZenith","DiffusionOfMisfortune"],"picked":"CharismaGuard","floor":25},{"not_picked":["NightDance","NightLord+1"],"picked":"FavorOfDestiny","floor":29},{"not_picked":["BloodHunter","UltimateOffering+1"],"picked":"TwelveNightmare+1","floor":31},{"not_picked":["DemonKingCradle","TricksterDevil"],"picked":"QueenOfMidnight","floor":33},{"not_picked":["UnderTheZenith+1","CharismaGuard"],"picked":"BombardNight+1","floor":35},{"not_picked":["VampireSweep","BloodHunter","BombardNight"],"picked":"SKIP","floor":37},{"not_picked":["ScarletNetherworld+1","LeisurelyOfLord","ScarletImprint"],"picked":"HunterOfTheNight+1","floor":40},{"not_picked":["BombardNight+1","RedRainbow+1","FavorOfDestiny+1","VampireKiss"],"picked":"SKIP","floor":41},{"not_picked":["infinitespire:FutureSight","infinitespire:Punishment"],"picked":"infinitespire:DeathsTouch","floor":45},{"not_picked":["UnderTheZenith","UnstableMagic","FavorOfDestiny","NightLord"],"picked":"SKIP","floor":46},{"not_picked":["HellCatastrophe","BloodySeventeenLaser","BloodyCatastrophe"],"picked":"DemonKingCradle","floor":50},{"not_picked":["ScarletDream","SuperhumanBloodyKnife","NightLord","ForbiddenFruit"],"picked":"SKIP","floor":52},{"not_picked":["MastersStateliness","ReincarnationDial","HunterOfTheNight"],"picked":"BombardNight","floor":54},{"not_picked":["BloodAndWine+1","VampireKiss","MastersStateliness"],"picked":"LeisurelyOfLord","floor":58},{"not_picked":["EndlessAdversity","VampireClaw","VampireKiss"],"picked":"CharismaGuard","floor":61}],"player_experience":162436,"relics_obtained":[{"floor":6,"key":"BrokenLever"},{"floor":8,"key":"Smiling Mask"},{"floor":9,"key":"hubris:ToyBattleship"},{"floor":13,"key":"hubris:FunFungus"},{"floor":23,"key":"Oddly Smooth Stone"},{"floor":39,"key":"hubris:MedicalManual"},{"floor":39,"key":"Question Card"},{"floor":40,"key":"Shovel"},{"floor":42,"key":"MawBank"},{"floor":43,"key":"infinitespire:BottledMercury"},{"floor":44,"key":"ScarletDevilRocket"},{"floor":47,"key":"infinitespire:Magic Flask"},{"floor":49,"key":"infinitespire:Joker Card"},{"floor":57,"key":"Toxic Egg 2"},{"floor":59,"key":"Regal Pillow"},{"floor":60,"key":"Mercury Hourglass"},{"floor":62,"key":"Juzu Bracelet"}],"event_choices":[{"damage_healed":0,"gold_gain":0,"player_choice":"Upgraded","damage_taken":0,"max_hp_gain":0,"max_hp_loss":0,"event_name":"Upgrade Shrine","floor":19,"gold_loss":0,"cards_upgraded":["BatForm"]},{"damage_healed":0,"gold_gain":0,"player_choice":"Fight","damage_taken":0,"max_hp_gain":0,"max_hp_loss":0,"event_name":"MindBloom","floor":39,"gold_loss":0},{"damage_healed":0,"gold_gain":0,"player_choice":"Fight","damage_taken":0,"max_hp_gain":0,"max_hp_loss":0,"event_name":"Mysterious Sphere","floor":47,"gold_loss":0},{"damage_healed":0,"gold_gain":175,"player_choice":"AGREE","damage_taken":0,"max_hp_gain":0,"max_hp_loss":0,"event_name":"Liars Game","floor":56,"gold_loss":0,"cards_obtained":["Doubt"]}],"is_beta":false,"boss_relics":[{"not_picked":["Astrolabe","Velvet Choker"],"picked":"SacredBark"},{"not_picked":["hubris:VirtuousBlindfold","SlaversCollar"],"picked":"hubris:TerracottaHorce"},{"not_picked":["halation:HeavySnake","vexMod:BigBerry","halation:CatFaceCupcake"],"picked":"hubris:Backtick"}],"items_purged_floors":[28],"is_endless":true,"potions_floor_spawned":[1,4,11,13,14,18,20,25,33,39,41,46,50,52,54,58],"killed_by":"Nightmare","ascension_level":0}}