{"host":"51fyd6gkml7xavq8","time":1611098904,"event":{"mods":["BaseMod","BetterRewards","Colored Map","Energized Spire","Infinite Spire","Minty Spire (QoL Compilation)","Replay The Spire","Shop Mod","Spicy Shops","StSLib","The Blue Laboratory","[IsaacMod]????"],"gold_per_floor":[111,111,125,50,70,104,104,130,130,405,405,108,108,108,108,212,212,228,228,245,245,245,273,273,284,284,284,313,392,403,403,403,501,501,517,536,555,565,437,437,437,457,457,90,117,147,165,465,465,480],"floor_reached":51,"language":"ENG","playtime":3978,"items_purged":["Dualcast","Strike_B","Amnesia","Looming Evil","Writhe","Injury","Parasite"],"score":1682,"play_id":"bab26f76-d410-4074-a947-6c4a7fd2fee9","local_time":"20210119202824","is_ascension_mode":true,"campfire_choices":[{"floor":7.0,"key":"REST"},{"data":"Defend_B","floor":15.0,"key":"SMITH"},{"data":"ReplayTheSpireMod:Chaos Vortex","floor":24.0,"key":"SMITH"},{"data":"Capacitor","floor":27.0,"key":"SMITH"},{"data":"Chill","floor":32.0,"key":"SMITH"},{"data":"Consume","floor":40,"key":"SMITH"},{"data":"Defragment","floor":49,"key":"SMITH"}],"circlet_count":0,"master_deck":["AscendersBane","Defend_B+1","Defend_B+1","Defend_B+1","Defend_B+1","Zap","EpicFetus+1","ReplayTheSpireMod:Chaos Vortex+1","Capacitor+1","FIFO Queue","Chill+1","Electrodynamics","Pulse+1","Infernal Blade+1","Gash+1","FIFO Queue","Parasite","Coolheaded+1","Consume+1","infinitespire:TheBestDefense","Cold Snap+1","Shame","FIFO Queue","Defragment+1"],"relics":["Replay:M_SmolderingBlood","HushsDoor","DoctorsRemote","Bronze Scales","Geode","White Beast Statue","infinitespire:CheckeredPen","MerchantsRug","infinitespire:SolderingIron","infinitespire:Cubic Diamond","Replay:Rubber Ducky","FossilizedHelix","Membership Card","ReplayTheSpireMod:Ring of Challenge","Ring of Shattering","SatanicBible","PillsDrop","SharpPlug","infinitespire:ShieldingShard","ReplayTheSpireMod:CursedCoin","Ornamental Fan","infinitespire:Satchel","Lizard Tail","infinitespire:Bottled Soul","Juzu Bracelet","Strawberry","Cauldron","Garlic","infinitespire:FocusingShard"],"acts_visited":["Exordium","TheCity","TheBeyond"],"potions_floor_usage":[38,38],"damage_taken":[{"damage":8.0,"enemies":"2 Louse","floor":1.0,"turns":2.0},{"damage":0.0,"enemies":"Cultist","floor":3.0,"turns":1.0},{"damage":9.0,"enemies":"Jaw Worm","floor":5.0,"turns":3.0},{"damage":18.0,"enemies":"Gremlin Nob","floor":6.0,"turns":3.0},{"damage":0.0,"enemies":"Lagavulin","floor":8.0,"turns":3.0},{"damage":25.0,"enemies":"Slime Boss","floor":16.0,"turns":7.0},{"damage":14.0,"enemies":"Shell Parasite","floor":18.0,"turns":4.0},{"damage":0.0,"enemies":"Spheric Guardian","floor":20.0,"turns":5.0},{"damage":0.0,"enemies":"Gremlin Leader","floor":23.0,"turns":6.0},{"damage":0.0,"enemies":"Snecko","floor":25.0,"turns":5.0},{"damage":0.0,"enemies":"Replay:Snechameleon","floor":28.0,"turns":6.0},{"damage":0.0,"enemies":"Cultist and Chosen","floor":30.0,"turns":5.0},{"damage":0.0,"enemies":"Automaton","floor":33.0,"turns":18.0},{"damage":0.0,"enemies":"Orb Walker","floor":35.0,"turns":5.0},{"damage":0.0,"enemies":"3 Darklings","floor":36.0,"turns":5.0},{"damage":0.0,"enemies":"Transient","floor":37.0,"turns":5.0},{"damage":0,"enemies":"Writhing Mass","floor":38,"turns":7},{"damage":0,"enemies":"Jaw Worm Horde","floor":42,"turns":4},{"damage":0,"enemies":"Nightmare","floor":45,"turns":7},{"damage":0,"enemies":"3 Darklings","floor":47,"turns":5},{"damage":0,"enemies":"Donu and Deca","floor":50,"turns":10}],"seed_played":"8339822338889649277","potions_obtained":[{"floor":1.0,"key":"Energy Potion"},{"floor":6.0,"key":"blueLaboratory:EmptyBottle"},{"floor":8.0,"key":"Elixir"},{"floor":16.0,"key":"Explosive Potion"},{"floor":18.0,"key":"blueLaboratory:HummingbirdPotion"},{"floor":20.0,"key":"Weak Potion"},{"floor":23.0,"key":"blueLaboratory:AbyssPotion"},{"floor":25.0,"key":"FocusPotion"},{"floor":28.0,"key":"SkillPotion"},{"floor":30.0,"key":"SteroidPotion"},{"floor":33.0,"key":"Fruit Juice"},{"floor":35.0,"key":"blueLaboratory:AbyssPotion"},{"floor":36.0,"key":"Adrenaline Potion"},{"floor":37.0,"key":"FearPotion"},{"floor":38,"key":"blueLaboratory:FrostheartPotion"},{"floor":42,"key":"blueLaboratory:PolymorphPotion"},{"floor":44,"key":"Venom Potion"},{"floor":44,"key":"Languid Potion"},{"floor":44,"key":"Languid Potion"},{"floor":45,"key":"blueLaboratory:SavagePotion"},{"floor":46,"key":"blueLaboratory:Moonshine"},{"floor":46,"key":"blueLaboratory:RecallPotion"},{"floor":46,"key":"Energy Potion"}],"is_trial":false,"path_per_floor":["M","?","M","$","M","E","R","E","T","?","?","$","T","?","R","B",null,"M","AVR","M","?","?","E","R","M","T","R","E","$","M","?","R","B",null,"M","M","M","M","$","R","?","M","T","$","NM","?","M","?","R","B",null],"character_chosen":"DEFECT","items_purchased":["Bronze Scales","MerchantsRug","HowToJump","Chill","infinitespire:ShieldingShard","Consume","ReplayTheSpireMod:CursedCoin","Ornamental Fan","infinitespire:Satchel","Lizard Tail","Juzu Bracelet","Strawberry","Cauldron","Garlic"],"campfire_rested":1,"item_purchase_floors":[0,12,12,29,29,39,39,39,39,39,44,44,44,44],"current_hp_per_floor":[55,55,55,55,46,28,50,50,50,50,43,43,43,43,43,18,61,47,47,47,47,47,47,47,47,47,47,47,47,47,33,33,33,68,73,73,73,73,73,73,52,52,52,59,59,37,37,37,37,37],"gold":480,"neow_bonus":"","is_daily":false,"chose_seed":false,"campfire_upgraded":6,"win_rate":0.0,"timestamp":1611098904,"path_taken":["M","?","M","$","M","E","R","E","T","?","?","$","?","?","R","BOSS","M","AVR","M","?","?","E","R","M","T","R","E","$","M","?","R","BOSS","M","M","M","M","$","R","?","M","T","$","NM","?","M","?","R","BOSS"],"items_purchased_type":["Relic","Relic","Relic","Card","Relic","Card","Relic","Relic","Relic","Relic","Relic","Relic","Relic","Relic"],"build_version":"2020-12-22","purchased_purges":7,"victory":true,"max_hp_per_floor":[75,75,75,75,75,75,75,75,75,75,75,75,75,75,75,75,75,75,75,75,75,75,75,75,75,75,75,75,75,75,80,80,80,80,85,85,85,85,85,85,85,85,85,89,89,89,89,89,89,89],"card_choices":[{"not_picked":[],"picked":"EpicFetus","floor":0.0},{"not_picked":["Compile Driver","Barrage","Turbo"],"picked":"SKIP","floor":1.0},{"not_picked":["Hyperbeam","Beam Cell"],"picked":"Bomb","floor":3.0},{"not_picked":["Crystallizer","Gash"],"picked":"Bomb","floor":5.0},{"not_picked":["Scrape","Hologram","Blizzard"],"picked":"SKIP","floor":6.0},{"not_picked":["Hologram","Ball Lightning","Steam"],"picked":"SKIP","floor":8.0},{"not_picked":["Regret","Replay:Hysterical Blindness"],"picked":"Writhe","floor":17.0},{"not_picked":["ReplayTheSpireMod:IOU","Doubt"],"picked":"Injury","floor":17.0},{"not_picked":["Regret","infinitespire:Pacifist"],"picked":"Amnesia","floor":17.0},{"not_picked":["Halt+1","FTL+1","Leap"],"picked":"SKIP","floor":18.0},{"not_picked":["Go for the Eyes","FlyingSleeves","ReplayTheSpireMod:Reroute Power"],"picked":"SKIP","floor":20.0},{"not_picked":["Stack+1","Searing Blow+1","Whirlwind"],"picked":"SKIP","floor":23.0},{"not_picked":["Stack+1","Searing Blow+1","Whirlwind"],"picked":"SKIP","floor":23.0},{"not_picked":["Ball Lightning","Stack"],"picked":"FIFO Queue","floor":25.0},{"not_picked":["Whirlwind","Redo","Hologram+1"],"picked":"SKIP","floor":28.0},{"not_picked":["Coolheaded+1","Steam","Fusion"],"picked":"SKIP","floor":30.0},{"not_picked":["Feed","ElectricPowerLearning"],"picked":"Electrodynamics","floor":33.0},{"not_picked":["ReplayTheSpireMod:Reroute Power","Go for the Eyes+1"],"picked":"FIFO Queue","floor":35.0},{"not_picked":["Reinforced Body","Rebound","Hello World"],"picked":"SKIP","floor":36.0},{"not_picked":["Leap","Streamline","Compile Driver+1"],"picked":"SKIP","floor":37.0},{"not_picked":["Rebound+1","Redo"],"picked":"Coolheaded+1","floor":38},{"not_picked":["infinitespire:FinalStrike","infinitespire:Gouge"],"picked":"infinitespire:TheBestDefense","floor":41},{"not_picked":["Redo+1","Consume"],"picked":"Cold Snap+1","floor":42},{"not_picked":["FIFO Queue","Skim+1","Turbo"],"picked":"SKIP","floor":45},{"not_picked":["Skim+1","Turbo"],"picked":"FIFO Queue","floor":45},{"not_picked":["Darkness+1","Mirror Shield"],"picked":"Defragment","floor":46},{"not_picked":["Go for the Eyes","Ball Lightning+1","BasicCrystalCard"],"picked":"SKIP","floor":47}],"player_experience":655975,"relics_obtained":[{"floor":6.0,"key":"Geode"},{"floor":8.0,"key":"White Beast Statue"},{"floor":9.0,"key":"infinitespire:CheckeredPen"},{"floor":13.0,"key":"infinitespire:SolderingIron"},{"floor":21.0,"key":"ReplayTheSpireMod:Ring of Challenge"},{"floor":21.0,"key":"Ring of Shattering"},{"floor":23.0,"key":"SatanicBible"},{"floor":26.0,"key":"PillsDrop"},{"floor":28.0,"key":"SharpPlug"},{"floor":43,"key":"infinitespire:Bottled Soul"},{"floor":45,"key":"infinitespire:FocusingShard"}],"event_choices":[{"damage_healed":0.0,"max_hp_gain":0.0,"max_hp_loss":0.0,"gold_gain":0.0,"event_name":"Upgrade Shrine","player_choice":"Upgraded","floor":2.0,"gold_loss":0.0,"damage_taken":0.0,"cards_upgraded":["EpicFetus"]},{"damage_healed":0.0,"max_hp_gain":0.0,"max_hp_loss":0.0,"gold_gain":275.0,"event_name":"Golden Shrine","player_choice":"Desecrate","floor":10.0,"gold_loss":0.0,"damage_taken":0.0,"cards_obtained":["Regret"]},{"cards_removed":["Regret"],"damage_healed":0.0,"max_hp_gain":0.0,"max_hp_loss":0.0,"gold_gain":0.0,"event_name":"Golden Wing","player_choice":"Card Removal","floor":11.0,"gold_loss":0.0,"damage_taken":7.0},{"damage_healed":0.0,"max_hp_gain":0.0,"max_hp_loss":0.0,"gold_gain":0.0,"event_name":"The Library","player_choice":"Read","floor":22.0,"gold_loss":0.0,"damage_taken":0.0,"cards_obtained":["Capacitor"]},{"damage_healed":0.0,"max_hp_gain":5.0,"max_hp_loss":0.0,"gold_gain":0.0,"event_name":"Forgotten Altar","player_choice":"Shed Blood","floor":31.0,"gold_loss":0.0,"damage_taken":19.0}],"is_beta":false,"boss_relics":[{"not_picked":["energizedSpire:EnergizedDie","energizedSpire:MagnifyingGlass"],"picked":"Replay:Ancient Bell"},{"not_picked":["Replay:Bandana","MealTicket"],"picked":"Replay:Rubber Ducky"},{"not_picked":["Eternal Feather","infinitespire:Eraser"],"picked":"Replay:Bottled Eggs"},{"not_picked":["EdensBlessing","Damocles"],"picked":"FossilizedHelix"},{"not_picked":[]},{"not_picked":["Velvet Choker","energizedSpire:UnstableMolecules"],"picked":"Astrolabe"},{"not_picked":[]}],"items_purged_floors":[4,12,19,29,39,44,44],"is_endless":false,"potions_floor_spawned":[1,6,8,16,18,20,23,25,28,30,33,35,36,37,38,42,45,47],"ascension_level":10}}