{"host":"9ndbo4kgsfoemf7y","time":1611062035,"event":{"mods":["AchievementEnabler","BaseMod","Colored Map","DeckTracker","Keyboard Shortcuts","Minty Spire (QoL Compilation)","Permanent Neow","Quick Restart","Relic Stats","StSLib","SuperFastMode"],"gold_per_floor":[114,131,148,98,98,123,123,123,123],"floor_reached":8,"language":"KOR","playtime":180,"items_purged":[],"score":78,"play_id":"8167d25d-8e39-44d6-8360-98694f82d30c","local_time":"20210119221355","is_ascension_mode":true,"campfire_choices":[{"data":"Hologram","floor":7,"key":"SMITH"}],"circlet_count":0,"master_deck":["Strike_B","Strike_B","Defend_B","Defend_B","Defend_B","Defend_B","Zap","Dualcast","Melter","Chill","Hologram+1","Cold Snap","Storm","Aggregate"],"relics":["Cracked Core","Centennial Puzzle"],"acts_visited":["Exordium"],"potions_floor_usage":[],"damage_taken":[{"damage":12,"enemies":"Jaw Worm","floor":1,"turns":2},{"damage":0,"enemies":"Cultist","floor":2,"turns":3},{"damage":4,"enemies":"2 Louse","floor":3,"turns":2},{"damage":26,"enemies":"Gremlin Nob","floor":6,"turns":4},{"damage":26,"enemies":"Lagavulin","floor":8,"turns":7}],"seed_played":"8474530232202542099","potions_obtained":[{"floor":2,"key":"FearPotion"},{"floor":6,"key":"Fire Potion"}],"is_trial":false,"path_per_floor":["M","M","M","?","?","E","R","E"],"character_chosen":"DEFECT","items_purchased":[],"campfire_rested":0,"item_purchase_floors":[],"current_hp_per_floor":[56,56,52,52,52,26,26,0,0],"gold":123,"neow_bonus":"THREE_CARDS","is_daily":false,"chose_seed":false,"campfire_upgraded":1,"win_rate":0.0,"timestamp":1611062035,"path_taken":["M","M","M","?","?","E","R","E"],"items_purchased_type":[],"build_version":"2020-12-22","purchased_purges":0,"victory":false,"max_hp_per_floor":[75,75,75,75,75,75,75,75,75],"relic_stats":{"Centennial Puzzle":[3],"counters":[5,18],"obtain_stats":[{"Centennial Puzzle":6,"Cracked Core":0},{"Centennial Puzzle":4,"Cracked Core":0},{"Centennial Puzzle":11,"Cracked Core":0}]},"card_choices":[{"not_picked":["Sweeping Beam","Redo"],"picked":"Melter","floor":0},{"not_picked":["Redo","Cold Snap"],"picked":"Chill","floor":1},{"not_picked":["FTL","Steam Power"],"picked":"Hologram","floor":2},{"not_picked":["Rebound","Streamline"],"picked":"Cold Snap","floor":3},{"not_picked":["Rebound","Gash"],"picked":"Aggregate","floor":6}],"player_experience":832479,"relics_obtained":[{"floor":6,"key":"Centennial Puzzle"}],"event_choices":[{"cards_removed":["Strike_B"],"damage_healed":0,"gold_gain":0,"player_choice":"Card Removal","damage_taken":0,"max_hp_gain":0,"max_hp_loss":0,"event_name":"The Cleric","floor":4,"gold_loss":50},{"damage_healed":0,"gold_gain":0,"cards_transformed":["Strike_B"],"player_choice":"Transformed","damage_taken":0,"max_hp_gain":0,"max_hp_loss":0,"event_name":"Transmorgrifier","floor":5,"gold_loss":0,"cards_obtained":["Storm"]}],"is_beta":false,"boss_relics":[],"items_purged_floors":[],"is_endless":false,"potions_floor_spawned":[2,6],"killed_by":"Lagavulin","ascension_level":8}}