{"host":"dcj2yvrgcvh5dl2s","time":1611035038,"event":{"mods":["BaseMod","Bestiary","Better Note","Block Reminder","Colored Powertips","Curses Come First","DeckTracker","Minty Spire (QoL Compilation)","Quick Restart","Rare Cards Sparkle","Relic Stats","StSLib"],"gold_per_floor":[113,113,113,113,133,133,177,20,98,98,98,112,147,147,147,272,272,297,322,363,363,379,379,379],"floor_reached":23,"language":"ENG","playtime":2218,"items_purged":["Strike_G"],"score":256,"play_id":"d24123cf-285b-4636-92c7-3e02c4a9c3c5","local_time":"20210119154358","is_ascension_mode":true,"campfire_choices":[{"data":"Neutralize","floor":6,"key":"SMITH"},{"floor":11,"key":"REST"},{"floor":15,"key":"REST"}],"circlet_count":0,"master_deck":["Strike_G","Strike_G","Strike_G","Defend_G","Defend_G","Defend_G","Defend_G","Defend_G","Survivor","Neutralize+1","Footwork","Infinite Blades","Wraith Form v2+1","Calculated Gamble","After Image+1","Cloak And Dagger","PiercingWail","Burst","Backstab","Dagger Spray","Infinite Blades"],"relics":["HoveringKite","Golden Idol","Oddly Smooth Stone","Mango","Gremlin Horn","Meat on the Bone","Cursed Key","Red Mask"],"acts_visited":["Exordium","TheCity"],"potions_floor_usage":[16,19,20,23],"damage_taken":[{"damage":7,"enemies":"Small Slimes","floor":1,"turns":4},{"damage":6,"enemies":"2 Louse","floor":5,"turns":3},{"damage":41,"enemies":"Gremlin Nob","floor":7,"turns":6},{"damage":0,"enemies":"Cultist","floor":12,"turns":5},{"damage":12,"enemies":"3 Sentries","floor":13,"turns":13},{"damage":28,"enemies":"The Guardian","floor":16,"turns":25},{"damage":5,"enemies":"Spheric Guardian","floor":18,"turns":13},{"damage":22,"enemies":"Chosen","floor":19,"turns":9},{"damage":2,"enemies":"Masked Bandits","floor":20,"turns":9},{"damage":9,"enemies":"Centurion and Healer","floor":22,"turns":18},{"damage":30,"enemies":"Gremlin Leader","floor":23,"turns":9}],"seed_played":"-2144497256986761904","potions_obtained":[{"floor":7,"key":"SneckoOil"},{"floor":13,"key":"SpeedPotion"},{"floor":18,"key":"Weak Potion"},{"floor":19,"key":"FearPotion"},{"floor":20,"key":"Weak Potion"}],"is_trial":false,"path_per_floor":["M","?","?","?","M","R","E","$","T","?","R","M","E","?","R","B",null,"M","M","?","?","M","E"],"character_chosen":"THE_SILENT","items_purchased":["Calculated Gamble"],"campfire_rested":2,"item_purchase_floors":[8],"current_hp_per_floor":[56,56,56,49,43,43,16,16,16,16,39,39,27,27,50,34,68,63,41,51,51,42,12,12],"gold":379,"neow_bonus":"BOSS_RELIC","is_daily":false,"chose_seed":false,"campfire_upgraded":1,"win_rate":0.0,"timestamp":1611035038,"path_taken":["M","?","?","?","M","R","E","$","T","?","R","?","E","?","R","BOSS","M","M","?","?","M","E"],"items_purchased_type":["Card"],"build_version":"2020-12-22","purchased_purges":1,"victory":false,"max_hp_per_floor":[70,65,65,65,65,65,79,79,79,79,79,79,79,79,79,79,79,79,79,79,79,79,79,79],"relic_stats":{"Gremlin Horn":[12,12],"counters":[11,114],"Golden Idol":69,"HoveringKite":[27],"Cursed Key":0,"obtain_stats":[{"Gremlin Horn":9,"Golden Idol":2,"HoveringKite":0,"Oddly Smooth Stone":3,"Mango":7,"Red Mask":20,"Cursed Key":17,"Ring of the Snake":0,"Meat on the Bone":13},{"Gremlin Horn":3,"Golden Idol":1,"HoveringKite":0,"Oddly Smooth Stone":1,"Mango":3,"Red Mask":9,"Cursed Key":6,"Ring of the Snake":0,"Meat on the Bone":5},{"Gremlin Horn":13,"Golden Idol":4,"HoveringKite":0,"Oddly Smooth Stone":4,"Mango":13,"Red Mask":87,"Cursed Key":56,"Ring of the Snake":0,"Meat on the Bone":31}],"Meat on the Bone":24},"card_choices":[{"not_picked":["Flying Knee","Bane"],"picked":"Footwork","floor":1},{"not_picked":["Finisher","Prepared"],"picked":"Infinite Blades","floor":5},{"not_picked":["Blur","Poisoned Stab"],"picked":"Wraith Form v2","floor":7},{"not_picked":["PiercingWail","Prepared"],"picked":"Cloak And Dagger","floor":12},{"not_picked":["Concentrate","Sucker Punch"],"picked":"PiercingWail","floor":13},{"not_picked":["Night Terror","Doppelganger"],"picked":"Burst","floor":16},{"not_picked":["Concentrate","Prepared"],"picked":"Backstab","floor":18},{"not_picked":["Dagger Throw","Bane","Deadly Poison"],"picked":"SKIP","floor":19},{"not_picked":["Dagger Throw","Flying Knee+1"],"picked":"Dagger Spray","floor":20},{"not_picked":["Dagger Throw","Poisoned Stab"],"picked":"Infinite Blades","floor":22}],"player_experience":2256756,"relics_obtained":[{"floor":7,"key":"Mango"},{"floor":9,"key":"Gremlin Horn"},{"floor":13,"key":"Meat on the Bone"},{"floor":20,"key":"Red Mask"}],"event_choices":[{"damage_healed":0,"gold_gain":0,"player_choice":"Lose Max HP","damage_taken":0,"relics_obtained":["Golden Idol"],"max_hp_gain":0,"max_hp_loss":5,"event_name":"Golden Idol","floor":2,"gold_loss":0},{"damage_healed":0,"gold_gain":0,"player_choice":"Box","damage_taken":0,"relics_obtained":["Oddly Smooth Stone"],"max_hp_gain":0,"max_hp_loss":0,"event_name":"Big Fish","floor":3,"gold_loss":0,"cards_obtained":["Regret"]},{"cards_removed":["Regret"],"damage_healed":0,"gold_gain":0,"player_choice":"Card Removal","damage_taken":7,"max_hp_gain":0,"max_hp_loss":0,"event_name":"Golden Wing","floor":4,"gold_loss":0},{"damage_healed":0,"gold_gain":0,"cards_transformed":["Strike_G"],"player_choice":"Transformed","damage_taken":0,"max_hp_gain":0,"max_hp_loss":0,"event_name":"Transmorgrifier","floor":10,"gold_loss":0,"cards_obtained":["After Image"]},{"damage_healed":0,"gold_gain":0,"player_choice":"Grow","damage_taken":0,"max_hp_gain":0,"max_hp_loss":0,"event_name":"Living Wall","floor":14,"gold_loss":0,"cards_upgraded":["After Image"]},{"damage_healed":0,"gold_gain":0,"player_choice":"Fought Bandits","damage_taken":0,"max_hp_gain":0,"max_hp_loss":0,"event_name":"Masked Bandits","floor":20,"gold_loss":0},{"damage_healed":0,"gold_gain":0,"player_choice":"Forge","damage_taken":0,"max_hp_gain":0,"max_hp_loss":0,"event_name":"Accursed Blacksmith","floor":21,"gold_loss":0,"cards_upgraded":["Wraith Form v2"]}],"is_beta":false,"boss_relics":[{"not_picked":["Snecko Eye","SacredBark"],"picked":"Cursed Key"}],"items_purged_floors":[8],"is_endless":false,"potions_floor_spawned":[7,13,18,19,20],"killed_by":"Gremlin Leader","ascension_level":6}}