{"host":"h4lp0eeso8a0ssq0","time":1611025969,"event":{"mods":["2.2 Compatiblity","AchievementEnabler","BaseMod","CapriCore","Colored Map","Minty Spire (QoL Compilation)","Replay The Spire","StSLib","SuperFastMode"],"gold_per_floor":[109,57,70,123,141,166,183,283,283,299,299,299,72,97,97,217,217,200,223,246,64,89,89,89,21,48,62,62,42,42,60,60,60,60],"floor_reached":33,"language":"KOR","playtime":963,"items_purged":["Strike_R"],"score":274,"play_id":"7d59c09d-a733-4f1d-9b75-2bac383c1d1a","local_time":"20210119121249","is_ascension_mode":false,"campfire_choices":[{"data":"Barricade","floor":11.0,"key":"SMITH"},{"data":"Seeing Red","floor":15.0,"key":"SMITH"},{"data":"Evolve","floor":23,"key":"SMITH"},{"data":"Body Slam","floor":30,"key":"SMITH"},{"data":"Body Slam","floor":32,"key":"SMITH"}],"circlet_count":0,"master_deck":["Strike_R","Strike_R","Strike_R","Strike_R","Defend_R","Defend_R","Defend_R","Defend_R","Bash","Barricade+1","Run Through","Power Through+1","Power Through","Body Slam+1","Havoc","Battle Trance","Seeing Red+1","Warcry+1","Evolve+1","Flame Barrier","Uppercut","Body Slam+1","Shockwave"],"relics":["Burning Blood","Art of War","Charon\u0027s Ashes","WingedGreaves","Golden Idol","Omamori","Calling Bell","Potion Belt","Garlic","Another Sword","Guide Book","Vajra","Blue Doll"],"acts_visited":["Exordium","TheCity"],"potions_floor_usage":[20,33],"damage_taken":[{"damage":6.0,"enemies":"Cultist","floor":1.0,"turns":3.0},{"damage":20.0,"enemies":"Jaw Worm","floor":3.0,"turns":5.0},{"damage":0.0,"enemies":"Small Slimes","floor":5.0,"turns":5.0},{"damage":0.0,"enemies":"Lagavulin","floor":6.0,"turns":6.0},{"damage":9.0,"enemies":"Exordium Thugs","floor":7.0,"turns":5.0},{"damage":1.0,"enemies":"3 Louse","floor":10.0,"turns":4.0},{"damage":1.0,"enemies":"Large Slime","floor":14.0,"turns":5.0},{"damage":17.0,"enemies":"The Guardian","floor":16.0,"turns":13.0},{"damage":21.0,"enemies":"2 Thieves","floor":18.0,"turns":4.0},{"damage":0.0,"enemies":"Chosen","floor":19.0,"turns":6.0},{"damage":31,"enemies":"3 Cultists","floor":20,"turns":8},{"damage":0,"enemies":"Snake Plant","floor":22,"turns":7},{"damage":0,"enemies":"Sentry and Sphere","floor":27,"turns":5},{"damage":18,"enemies":"Centurion and Healer","floor":31,"turns":6},{"damage":39,"enemies":"Pondfish","floor":33,"turns":5}],"seed_played":"3457238437854472582","potions_obtained":[{"floor":1.0,"key":"Reflective Coating"},{"floor":10.0,"key":"BlessingOfTheForge"},{"floor":14.0,"key":"Swift Potion"},{"floor":16.0,"key":"Explosive Potion"},{"floor":18.0,"key":"Languid Potion"},{"floor":20,"key":"Elixir"},{"floor":27,"key":"AttackPotion"}],"is_trial":false,"path_per_floor":["M","$","M","T","M","E","M","?","T","M","R","?","$","M","R","B",null,"M","M","M","$","M","R","?","$","T","M","?","?","R","M","R","B"],"character_chosen":"IRONCLAD","items_purchased":["Power Through","Omamori","Evolve","Guide Book","Uppercut"],"campfire_rested":0,"item_purchase_floors":[2,13,21,21,25],"current_hp_per_floor":[72,72,58,58,64,70,67,67,67,72,72,54,54,59,59,48,72,62,72,47,47,61,61,61,61,61,67,67,67,67,55,55,16,16],"gold":60,"neow_bonus":"THREE_RARE_CARDS","is_daily":false,"chose_seed":false,"campfire_upgraded":5,"win_rate":0.0,"timestamp":1611025969,"path_taken":["M","?","M","?","M","E","M","?","T","?","R","?","$","M","R","BOSS","M","M","M","$","M","R","?","?","T","M","?","?","R","?","R","BOSS"],"items_purchased_type":["Card","Relic","Card","Relic","Card"],"build_version":"2020-12-22","purchased_purges":1,"victory":false,"max_hp_per_floor":[72,72,72,72,72,72,72,72,72,72,72,72,72,72,72,72,72,72,72,72,72,72,72,72,72,72,72,72,72,72,72,72,72,72],"card_choices":[{"not_picked":["Juggernaut","Berserk"],"picked":"Barricade","floor":0.0},{"not_picked":["ReplayTheSpireMod:Corrosion Curse","Hemokinesis"],"picked":"Run Through","floor":1.0},{"not_picked":["Iron Wave","Warcry","Flex"],"picked":"SKIP","floor":3.0},{"not_picked":["Perfected Strike","Dual Wield"],"picked":"Body Slam","floor":5.0},{"not_picked":["Flex","Havoc","Replay:Undeath\u0027s Touch"],"picked":"SKIP","floor":6.0},{"not_picked":["Flex","Replay:Undeath\u0027s Touch"],"picked":"Havoc","floor":6.0},{"not_picked":["Dark Embrace","Twin Strike"],"picked":"Battle Trance","floor":7.0},{"not_picked":["Barricade","ReplayTheSpireMod:Muscle Training","Wild Strike"],"picked":"SKIP","floor":10.0},{"not_picked":["Pummel","Hemokinesis"],"picked":"Seeing Red","floor":14.0},{"not_picked":["Replay:Many Hands","Offering"],"picked":"Hemogenesis","floor":16.0},{"not_picked":["Intimidate","Spot Weakness"],"picked":"Warcry+1","floor":18.0},{"not_picked":["Dark Embrace+1","True Grit","Clash"],"picked":"SKIP","floor":19.0},{"not_picked":["Thunderclap","Battle Trance","Feel No Pain"],"picked":"SKIP","floor":20},{"not_picked":["Infernal Blade+1","Armaments"],"picked":"Flame Barrier","floor":22},{"not_picked":["Clothesline+1","Flex","Headbutt+1"],"picked":"SKIP","floor":27},{"not_picked":["Run Through+1","Battle Trance"],"picked":"Shockwave","floor":31}],"player_experience":178457,"relics_obtained":[{"floor":4.0,"key":"Art of War"},{"floor":6.0,"key":"Charon\u0027s Ashes"},{"floor":9.0,"key":"WingedGreaves"},{"floor":17.0,"key":"Potion Belt"},{"floor":17.0,"key":"Garlic"},{"floor":17.0,"key":"Another Sword"},{"floor":26,"key":"Blue Doll"}],"event_choices":[{"damage_healed":0.0,"max_hp_gain":0.0,"max_hp_loss":0.0,"gold_gain":100.0,"event_name":"Golden Shrine","player_choice":"Pray","floor":8.0,"gold_loss":0.0,"damage_taken":0.0},{"damage_healed":0.0,"max_hp_gain":0.0,"max_hp_loss":0.0,"gold_gain":0.0,"event_name":"Golden Idol","player_choice":"Take Damage","floor":12.0,"gold_loss":0.0,"damage_taken":18.0,"relics_obtained":["Golden Idol"]},{"cards_removed":["Hemogenesis"],"damage_healed":0,"gold_gain":0,"player_choice":"Gave Card","damage_taken":0,"relics_obtained":["Vajra"],"max_hp_gain":0,"max_hp_loss":0,"event_name":"WeMeetAgain","floor":24,"gold_loss":0},{"damage_healed":0,"gold_gain":0,"player_choice":"Read","damage_taken":0,"max_hp_gain":0,"max_hp_loss":0,"event_name":"The Library","floor":28,"gold_loss":0,"cards_obtained":["Body Slam"]},{"damage_healed":0,"gold_gain":0,"player_choice":"Bought 1 Potion","damage_taken":0,"max_hp_gain":0,"max_hp_loss":0,"event_name":"The Woman in Blue","floor":29,"gold_loss":0}],"is_beta":false,"boss_relics":[{"not_picked":["Replay:Bronze Core","Ectoplasm"],"picked":"Calling Bell"}],"items_purged_floors":[13],"is_endless":false,"potions_floor_spawned":[1,10,14,16,18,20,27],"killed_by":"Pondfish","ascension_level":0}}