{"host":"9tzam4717zt8ei1o","time":1611064734,"event":{"mods":["BaseMod","Colored Map","Keyboard Shortcuts","Minty Spire (QoL Compilation)","Quick Restart","StSLib","SuperFastMode"],"gold_per_floor":[114,114,131,20,38,38,73,73,100,111,111,143,12,28,28,99,99,109,109,124,138,63,63,93,93,93,111,68,68,68,98,98,175,175,192,33,51,0,13,13,13,13],"floor_reached":41,"language":"KOR","playtime":770,"items_purged":["Strike_R"],"score":928,"play_id":"d158ccc0-34da-400e-b692-e81fa3790a52","local_time":"20210119225854","is_ascension_mode":true,"campfire_choices":[{"data":"Fire Breathing","floor":6.0,"key":"SMITH"},{"data":"Juggernaut","floor":15.0,"key":"SMITH"},{"data":"Feel No Pain","floor":23.0,"key":"SMITH"},{"data":"Feel No Pain","floor":25.0,"key":"SMITH"},{"floor":32.0,"key":"REST"},{"data":"Barricade","floor":40.0,"key":"SMITH"}],"circlet_count":0,"master_deck":["AscendersBane","Defend_R","Defend_R","Defend_R","Defend_R","Bash","Pommel Strike","Reckless Charge","Fire Breathing+1","Juggernaut+1","Shockwave","Battle Trance","Feel No Pain+1","Seeing Red","Feel No Pain+1","Impervious","Reckless Charge+1","Havoc+1","Dropkick+1","Havoc+1","Battle Trance+1","Evolve","Barricade+1","CurseOfTheBell","Body Slam+1","Impervious","Second Wind"],"relics":["Burning Blood","NeowsBlessing","Red Skull","Happy Flower","Bronze Scales","Blood Vial","Astrolabe","Question Card","Calling Bell","Boot","InkBottle","Torii","Red Mask"],"acts_visited":["Exordium","TheCity","TheBeyond"],"potions_floor_usage":[41],"damage_taken":[{"damage":0.0,"enemies":"Cultist","floor":1.0,"turns":1.0},{"damage":0.0,"enemies":"Small Slimes","floor":3.0,"turns":1.0},{"damage":0.0,"enemies":"Jaw Worm","floor":5.0,"turns":1.0},{"damage":20.0,"enemies":"3 Sentries","floor":7.0,"turns":4.0},{"damage":19.0,"enemies":"3 Louse","floor":10.0,"turns":3.0},{"damage":20.0,"enemies":"Lagavulin","floor":12.0,"turns":6.0},{"damage":0.0,"enemies":"Large Slime","floor":14.0,"turns":3.0},{"damage":35.0,"enemies":"Hexaghost","floor":16.0,"turns":8.0},{"damage":22.0,"enemies":"2 Thieves","floor":18.0,"turns":3.0},{"damage":0.0,"enemies":"Chosen","floor":20.0,"turns":4.0},{"damage":31.0,"enemies":"Snake Plant","floor":21.0,"turns":4.0},{"damage":11.0,"enemies":"Book of Stabbing","floor":24.0,"turns":4.0},{"damage":27.0,"enemies":"3 Cultists","floor":27.0,"turns":5.0},{"damage":18.0,"enemies":"Gremlin Leader","floor":31.0,"turns":4.0},{"damage":14.0,"enemies":"Champ","floor":33.0,"turns":11.0},{"damage":25.0,"enemies":"3 Darklings","floor":35.0,"turns":5.0},{"damage":4.0,"enemies":"3 Shapes","floor":37.0,"turns":6.0},{"damage":24.0,"enemies":"Transient","floor":39.0,"turns":6.0},{"damage":42,"enemies":"Reptomancer","floor":41,"turns":2}],"seed_played":"-4773904805192530722","potions_obtained":[{"floor":7.0,"key":"BlessingOfTheForge"},{"floor":11.0,"key":"EntropicBrew"},{"floor":21.0,"key":"Dexterity Potion"},{"floor":24.0,"key":"EntropicBrew"},{"floor":27.0,"key":"LiquidMemories"},{"floor":31.0,"key":"Dexterity Potion"},{"floor":35.0,"key":"Ancient Potion"}],"is_trial":false,"path_per_floor":["M","?","M","$","M","R","E","$","T","M","?","E","$","M","R","B",null,"M","?","M","M","?","R","E","R","T","M","$","?","?","E","R","B",null,"M","$","M","?","M","R","E"],"character_chosen":"IRONCLAD","items_purchased":["Reckless Charge","Fire Breathing","Feel No Pain","Seeing Red","Evolve","Impervious"],"campfire_rested":1,"item_purchase_floors":[4,4,13,13,28,36],"current_hp_per_floor":[74,74,75,75,75,75,61,61,61,48,48,34,34,42,42,15,60,46,46,54,31,31,31,28,28,28,24,24,24,24,14,36,30,64,47,47,51,51,35,35,0,0],"gold":13,"neow_bonus":"THREE_ENEMY_KILL","is_daily":false,"chose_seed":false,"campfire_upgraded":5,"win_rate":0.0,"timestamp":1611064734,"path_taken":["M","?","M","$","?","R","E","$","T","M","?","E","$","M","R","BOSS","M","?","?","M","?","R","E","R","T","M","$","?","?","E","R","BOSS","M","$","M","?","M","R","E"],"items_purchased_type":["Card","Card","Card","Card","Card","Card"],"build_version":"2020-12-22","purchased_purges":1,"victory":false,"max_hp_per_floor":[75,75,75,75,75,75,75,75,75,75,75,75,75,75,75,75,75,75,75,75,75,75,75,75,75,75,75,75,75,75,75,75,75,75,75,75,75,75,75,75,75,75],"card_choices":[{"not_picked":["Pommel Strike","Armaments"],"picked":"Hemokinesis","floor":1.0},{"not_picked":["Clothesline","Dark Embrace"],"picked":"Pommel Strike","floor":3.0},{"not_picked":["Heavy Blade","Headbutt","Clothesline"],"picked":"SKIP","floor":5.0},{"not_picked":["Uppercut","Whirlwind"],"picked":"Juggernaut","floor":7.0},{"not_picked":["True Grit","Anger"],"picked":"Shockwave","floor":10.0},{"not_picked":["Wild Strike","Bloodletting"],"picked":"Battle Trance","floor":12.0},{"not_picked":["Ghostly Armor","Pommel Strike"],"picked":"Feel No Pain","floor":14.0},{"not_picked":["Juggernaut","Demon Form"],"picked":"Impervious","floor":16.0},{"not_picked":["Twin Strike","Dropkick","Armaments"],"picked":"SKIP","floor":18.0},{"not_picked":["Havoc","Heavy Blade","Double Tap"],"picked":"SKIP","floor":20.0},{"not_picked":["Rage","Fire Breathing","Clothesline"],"picked":"SKIP","floor":21.0},{"not_picked":["Iron Wave","Sword Boomerang"],"picked":"Battle Trance+1","floor":24.0},{"not_picked":["Headbutt","Bloodletting","Clothesline","Spot Weakness"],"picked":"SKIP","floor":27.0},{"not_picked":["Feel No Pain","Flex","Burning Pact"],"picked":"Barricade","floor":31.0},{"not_picked":["Iron Wave","Pommel Strike","Flex"],"picked":"Body Slam+1","floor":35.0},{"not_picked":["Body Slam","Clothesline+1","Perfected Strike+1","Infernal Blade"],"picked":"SKIP","floor":37.0},{"not_picked":["Clothesline","Bloodletting+1","Body Slam"],"picked":"Second Wind","floor":39.0}],"player_experience":84615,"relics_obtained":[{"floor":7.0,"key":"Happy Flower"},{"floor":9.0,"key":"Bronze Scales"},{"floor":12.0,"key":"Blood Vial"},{"floor":24.0,"key":"Question Card"},{"floor":34.0,"key":"Boot"},{"floor":34.0,"key":"InkBottle"},{"floor":34.0,"key":"Torii"}],"event_choices":[{"cards_removed":["Hemokinesis"],"damage_healed":0.0,"max_hp_gain":0.0,"max_hp_loss":0.0,"gold_gain":0.0,"event_name":"WeMeetAgain","player_choice":"Gave Card","floor":2.0,"gold_loss":0.0,"damage_taken":0.0,"relics_obtained":["Red Skull"]},{"damage_healed":0.0,"max_hp_gain":0.0,"max_hp_loss":0.0,"gold_gain":0.0,"event_name":"Lab","player_choice":"Got Potions","floor":11.0,"gold_loss":0.0,"damage_taken":0.0},{"damage_healed":0.0,"max_hp_gain":0.0,"max_hp_loss":0.0,"gold_gain":0.0,"event_name":"Duplicator","player_choice":"Copied","floor":19.0,"gold_loss":0.0,"damage_taken":0.0,"cards_obtained":["Havoc"]},{"cards_removed":["Strike_R"],"damage_healed":0.0,"max_hp_gain":0.0,"max_hp_loss":0.0,"gold_gain":0.0,"event_name":"Beggar","player_choice":"Gave Gold","floor":22.0,"gold_loss":75.0,"damage_taken":0.0},{"damage_healed":0.0,"max_hp_gain":0.0,"max_hp_loss":0.0,"gold_gain":0.0,"event_name":"The Mausoleum","player_choice":"Ignored","floor":29.0,"gold_loss":0.0,"damage_taken":0.0},{"damage_healed":0.0,"max_hp_gain":0.0,"max_hp_loss":0.0,"gold_gain":0.0,"event_name":"Ghosts","player_choice":"Ignored","floor":30.0,"gold_loss":0.0,"damage_taken":0.0},{"damage_healed":0.0,"max_hp_gain":0.0,"max_hp_loss":0.0,"gold_gain":0.0,"event_name":"Tomb of Lord Red Mask","player_choice":"Paid","floor":38.0,"gold_loss":51.0,"damage_taken":0.0,"relics_obtained":["Red Mask"]}],"is_beta":false,"boss_relics":[{"not_picked":["Black Star","Empty Cage"],"picked":"Astrolabe"},{"not_picked":["Runic Pyramid","Velvet Choker"],"picked":"Calling Bell"}],"items_purged_floors":[36],"is_endless":false,"potions_floor_spawned":[7,12,16,21,24,27,31,33,35],"killed_by":"Reptomancer","ascension_level":20}}