{"host":"kw4o7b3ro2ktmmbe","time":1611025961,"event":{"mods":["BaseMod","Evolution","Minty Spire (QoL Compilation)","StSLib","The Druid"],"gold_per_floor":[367,367,140,154,171,171,191,191,191,191,225,242,254,254,254,357,357,371,131,143,143,143,170,269,269,269,286,286,306,306,306,306,403,403,421,421,128,143,143,143,186,186,186,186,186,210,22,22,22,22],"floor_reached":51,"language":"ENG","playtime":5523,"items_purged":["Shame","theDruid:Defend_O"],"score":774,"play_id":"ac941fbc-71d6-446b-9a0c-469d3f0d335b","local_time":"20210119161241","is_ascension_mode":true,"campfire_choices":[{"data":"theDruid:TearOpen","floor":6.0,"key":"SMITH"},{"data":"theDruid:BriarArmor","floor":8.0,"key":"SMITH"},{"floor":10.0,"key":"DIG"},{"floor":15.0,"key":"DIG"},{"floor":25.0,"key":"DIG"},{"floor":28.0,"key":"DIG"},{"floor":30.0,"key":"DIG"},{"floor":32.0,"key":"DIG"},{"floor":40.0,"key":"DIG"},{"floor":42.0,"key":"DIG"},{"floor":44.0,"key":"DIG"},{"data":"theDruid:TearOpen","floor":49,"key":"SMITH"}],"circlet_count":0,"master_deck":["theDruid:Defend_O","theDruid:Defend_O","theDruid:Defend_O+1","theDruid:BriarArmor+1","theDruid:WildSlash","theDruid:TearOpen+1","theDruid:Rummage","theDruid:Forage+1","theDruid:ViralBites","theDruid:BristlingBulwark","theDruid:WallofRoots","theDruid:Recoil","theDruid:SurvivalInstincts","Bite","Bite","Bite","Bite","Bite","theDruid:FeralPlants","theDruid:SurvivalInstincts","theDruid:TearOpen+1","theDruid:HerbalismKit","theDruid:PlagueClaw+1","Flash of Steel"],"relics":["theDruid:CrownOfTheWilds","EVO:Axolotl","Omamori","Shovel","Ice Cream","Unceasing Top","theDruid:BoarsTusk","Busted Crown","Kunai","Anchor","FossilizedHelix","Gremlin Horn","Tiny Chest","Strawberry","theDruid:PetrifiedLog","Lizard Tail","Philosopher\u0027s Stone","OrangePellets","Bronze Scales","Dead Branch","CeramicFish","Meat on the Bone","theDruid:ArmillarySphere","Mercury Hourglass","Shuriken","Pantograph"],"acts_visited":["Exordium","TheCity","TheBeyond"],"potions_floor_usage":[50,50,50,50],"damage_taken":[{"damage":0.0,"enemies":"Jaw Worm","floor":1.0,"turns":3.0},{"damage":0.0,"enemies":"Cultist","floor":4.0,"turns":2.0},{"damage":0.0,"enemies":"2 Louse","floor":5.0,"turns":2.0},{"damage":0.0,"enemies":"Blue Slaver","floor":7.0,"turns":2.0},{"damage":19.0,"enemies":"Gremlin Nob","floor":11.0,"turns":4.0},{"damage":0.0,"enemies":"Looter","floor":12.0,"turns":2.0},{"damage":0.0,"enemies":"Large Slime","floor":13.0,"turns":3.0},{"damage":22.0,"enemies":"Hexaghost","floor":16.0,"turns":9.0},{"damage":10.0,"enemies":"Chosen","floor":18.0,"turns":5.0},{"damage":0.0,"enemies":"2 Thieves","floor":20.0,"turns":3.0},{"damage":1.0,"enemies":"Gremlin Leader","floor":23.0,"turns":8.0},{"damage":0.0,"enemies":"Centurion and Healer","floor":27.0,"turns":6.0},{"damage":0.0,"enemies":"Shelled Parasite and Fungi","floor":29.0,"turns":4.0},{"damage":39.0,"enemies":"Automaton","floor":33.0,"turns":7.0},{"damage":0.0,"enemies":"3 Darklings","floor":35.0,"turns":5.0},{"damage":0.0,"enemies":"Orb Walker","floor":38.0,"turns":2.0},{"damage":0.0,"enemies":"Reptomancer","floor":41.0,"turns":5.0},{"damage":0.0,"enemies":"Maw","floor":46.0,"turns":5.0},{"damage":40,"enemies":"Donu and Deca","floor":50,"turns":7}],"seed_played":"-5292300702207176053","potions_obtained":[{"floor":4.0,"key":"Block Potion"},{"floor":13.0,"key":"Regen Potion"},{"floor":20.0,"key":"CultistPotion"},{"floor":27.0,"key":"SpeedPotion"},{"floor":29.0,"key":"SpeedPotion"},{"floor":41.0,"key":"BlessingOfTheForge"},{"floor":46.0,"key":"PowerPotion"}],"is_trial":false,"path_per_floor":["M","?","$","M","M","R","M","R","T","R","E","M","M","?","R","B",null,"M","$","M","?","?","E","?","R","T","M","R","M","R","?","R","B",null,"M","?","$","M","T","R","E","R","T","R","$","M","$","T","R","B",null],"character_chosen":"DRUID","items_purchased":["Omamori","Kunai","OrangePellets","Bronze Scales","Flash of Steel"],"campfire_rested":0,"item_purchase_floors":[3,19,37,37,47],"current_hp_per_floor":[75,75,75,75,75,75,75,75,75,75,59,59,62,47,47,45,75,68,68,73,52,52,52,52,52,52,52,52,52,59,59,59,41,59,59,59,59,59,59,59,59,59,59,59,59,59,59,59,59,42],"gold":22,"neow_bonus":"TWO_FIFTY_GOLD","is_daily":false,"chose_seed":false,"campfire_upgraded":3,"win_rate":0.0,"timestamp":1611025961,"path_taken":["M","?","$","?","M","R","M","R","T","R","E","M","M","?","R","BOSS","M","$","M","?","?","E","?","R","T","M","R","M","R","?","R","BOSS","M","?","?","M","?","R","E","R","T","R","?","M","$","?","R","BOSS"],"items_purchased_type":["Relic","Relic","Relic","Relic","Card"],"build_version":"2020-12-22","purchased_purges":2,"victory":true,"max_hp_per_floor":[75,75,75,75,75,75,75,75,75,75,75,75,75,75,75,75,75,75,75,75,52,52,52,52,52,52,52,52,52,59,59,59,59,59,59,59,59,59,59,59,59,59,59,59,59,59,59,59,59,59],"card_choices":[{"not_picked":["theDruid:Resupply","theDruid:FuriousSlash","theDruid:Gore"],"picked":"SKIP","floor":1.0},{"not_picked":["theDruid:ExposingSlash","theDruid:Resourcefulness"],"picked":"theDruid:Forage","floor":4.0},{"not_picked":["theDruid:WallofRoots","theDruid:TakeShelter"],"picked":"theDruid:ViralBites","floor":5.0},{"not_picked":["theDruid:Guidance","theDruid:Rummage"],"picked":"theDruid:BristlingBulwark","floor":7.0},{"not_picked":["theDruid:Impale","theDruid:BrambleLash"],"picked":"theDruid:WallofRoots","floor":11.0},{"not_picked":["theDruid:BrambleLash","theDruid:FuriousSlash","theDruid:FaerieFire"],"picked":"SKIP","floor":12.0},{"not_picked":["theDruid:Moonbeam","theDruid:Starfall"],"picked":"theDruid:Recoil","floor":13.0},{"not_picked":["theDruid:CelestialSurge","theDruid:SpiritCall"],"picked":"theDruid:SurvivalInstincts","floor":16.0},{"not_picked":["theDruid:IronClaw"],"picked":"SKIP","floor":18.0},{"not_picked":["theDruid:Slingshot"],"picked":"SKIP","floor":20.0},{"not_picked":["theDruid:ExposingSlash"],"picked":"SKIP","floor":23.0},{"not_picked":["theDruid:Guidance"],"picked":"SKIP","floor":27.0},{"not_picked":["theDruid:Prowl"],"picked":"SKIP","floor":29.0},{"not_picked":[],"picked":"theDruid:SurvivalInstincts","floor":33.0},{"not_picked":["theDruid:Gore+1"],"picked":"SKIP","floor":35.0},{"not_picked":["theDruid:AstralShield"],"picked":"SKIP","floor":38.0},{"not_picked":[],"picked":"theDruid:HerbalismKit","floor":41.0},{"not_picked":[],"picked":"theDruid:PlagueClaw+1","floor":46.0}],"player_experience":1842048,"relics_obtained":[{"floor":9.0,"key":"Shovel"},{"floor":10.0,"key":"Ice Cream"},{"floor":11.0,"key":"Unceasing Top"},{"floor":15.0,"key":"theDruid:BoarsTusk"},{"floor":23.0,"key":"Anchor"},{"floor":25.0,"key":"FossilizedHelix"},{"floor":26.0,"key":"Gremlin Horn"},{"floor":28.0,"key":"Tiny Chest"},{"floor":30.0,"key":"Strawberry"},{"floor":32.0,"key":"Lizard Tail"},{"floor":39.0,"key":"Dead Branch"},{"floor":40.0,"key":"CeramicFish"},{"floor":41.0,"key":"Meat on the Bone"},{"floor":42.0,"key":"theDruid:ArmillarySphere"},{"floor":43.0,"key":"Mercury Hourglass"},{"floor":44.0,"key":"Shuriken"},{"floor":48.0,"key":"Pantograph"}],"event_choices":[{"damage_healed":0.0,"max_hp_gain":0.0,"max_hp_loss":0.0,"gold_gain":0.0,"event_name":"Match and Keep!","player_choice":"2 cards matched","floor":2.0,"gold_loss":0.0,"damage_taken":0.0,"cards_obtained":["theDruid:TearOpen","theDruid:Rummage"]},{"damage_healed":0.0,"max_hp_gain":0.0,"max_hp_loss":0.0,"gold_gain":0.0,"event_name":"Shining Light","player_choice":"Entered Light","floor":14.0,"gold_loss":0.0,"damage_taken":15.0,"cards_upgraded":["theDruid:Defend_O","theDruid:Forage"]},{"damage_healed":0.0,"max_hp_gain":0.0,"max_hp_loss":23.0,"gold_gain":0.0,"event_name":"Vampires","player_choice":"Became a vampire","floor":21.0,"gold_loss":0.0,"damage_taken":0.0,"cards_obtained":["Bite","Bite","Bite","Bite","Bite"]},{"damage_healed":0.0,"max_hp_gain":0.0,"max_hp_loss":0.0,"gold_gain":0.0,"event_name":"The Library","player_choice":"Read","floor":22.0,"gold_loss":0.0,"damage_taken":0.0,"cards_obtained":["theDruid:FeralPlants"]},{"damage_healed":0.0,"max_hp_gain":0.0,"max_hp_loss":0.0,"gold_gain":99.0,"event_name":"Nest","player_choice":"Stole From Cult","floor":24.0,"gold_loss":0.0,"damage_taken":0.0},{"damage_healed":0.0,"max_hp_gain":0.0,"max_hp_loss":0.0,"gold_gain":0.0,"event_name":"Addict","player_choice":"Stole Relic","floor":31.0,"gold_loss":0.0,"damage_taken":0.0,"relics_obtained":["theDruid:PetrifiedLog"],"cards_obtained":["Shame"]},{"damage_healed":0.0,"max_hp_gain":0.0,"max_hp_loss":0.0,"gold_gain":0.0,"event_name":"Match and Keep!","player_choice":"1 cards matched","floor":36.0,"gold_loss":0.0,"damage_taken":0.0,"cards_obtained":["theDruid:TearOpen"]}],"is_beta":false,"boss_relics":[{"not_picked":["Pandora\u0027s Box","SacredBark"],"picked":"Busted Crown"},{"not_picked":["Snecko Eye","Sozu"],"picked":"Philosopher\u0027s Stone"}],"items_purged_floors":[3,47],"is_endless":false,"potions_floor_spawned":[4,13,20,27,29,41,46],"ascension_level":1}}