{"host":"s2k2cf2d36evfy1t","time":1611077326,"event":{"mods":["BaseMod","Minty Spire (QoL Compilation)","Quick Restart","StSLib"],"gold_per_floor":[117,117,132,132,132,167,167,217,242,272,320,320,320,354,354,489,489,518,518,543,33,33,76,76,100,100,100,100,122,122,122,122,256,256,280,106,439,449,475,475,502,524,549,561,592,604,629,670,682,694],"floor_reached":51,"language":"ENG","playtime":2620,"items_purged":[],"score":860,"play_id":"71fb7868-c33d-498b-8cc1-aab956ac9076","local_time":"20210119202846","is_ascension_mode":true,"campfire_choices":[{"floor":7.0,"key":"REST"},{"floor":12.0,"key":"REST"},{"floor":15.0,"key":"REST"},{"data":"Fasting2","floor":24.0,"key":"SMITH"},{"data":"Adaptation","floor":27.0,"key":"SMITH"},{"floor":32.0,"key":"REST"},{"data":"Blasphemy","floor":40.0,"key":"SMITH"},{"floor":44.0,"key":"REST"},{"floor":49.0,"key":"REST"}],"circlet_count":0,"master_deck":["Strike_P","Strike_P","Strike_P","Strike_P","Defend_P+1","Defend_P+1","Defend_P","Defend_P","Eruption+1","Vigilance","FollowUp+1","SashWhip","SashWhip","EmptyBody","Adaptation+1","FlyingSleeves","Judgement","ClearTheMind","Fasting2+1","Crescendo","Brilliance","BowlingBash","Blasphemy+1","Trip","EmptyFist+1","PathToVictory","Eruption","Dramatic Entrance","Protect+1","Perseverance+1"],"relics":["PureWater","Omamori","InkBottle","Happy Flower","CeramicFish","Orichalcum","Calling Bell","Ice Cream","The Courier","Bag of Marbles","Lantern","Sling","StoneCalendar","Nunchaku","Pocketwatch","Strawberry","Torii","Nloth\u0027s Gift","Sozu","War Paint","MawBank"],"acts_visited":["Exordium","TheCity","TheBeyond"],"potions_floor_usage":[50],"damage_taken":[{"damage":0.0,"enemies":"Small Slimes","floor":1.0,"turns":3.0},{"damage":4.0,"enemies":"Cultist","floor":3.0,"turns":3.0},{"damage":47.0,"enemies":"Gremlin Nob","floor":6.0,"turns":6.0},{"damage":7.0,"enemies":"Lagavulin","floor":8.0,"turns":4.0},{"damage":0.0,"enemies":"2 Louse","floor":10.0,"turns":2.0},{"damage":25.0,"enemies":"3 Sentries","floor":11.0,"turns":8.0},{"damage":0.0,"enemies":"Large Slime","floor":14.0,"turns":3.0},{"damage":43.0,"enemies":"The Guardian","floor":16.0,"turns":14.0},{"damage":0.0,"enemies":"Spheric Guardian","floor":18.0,"turns":3.0},{"damage":16.0,"enemies":"Shell Parasite","floor":20.0,"turns":4.0},{"damage":27.0,"enemies":"Slavers","floor":23.0,"turns":4.0},{"damage":12.0,"enemies":"Snake Plant","floor":29.0,"turns":4.0},{"damage":29.0,"enemies":"Collector","floor":33.0,"turns":7.0},{"damage":2.0,"enemies":"3 Shapes","floor":35.0,"turns":3.0},{"damage":1.0,"enemies":"3 Darklings","floor":38.0,"turns":5.0},{"damage":24.0,"enemies":"Maw","floor":39.0,"turns":5.0},{"damage":9.0,"enemies":"4 Shapes","floor":42.0,"turns":4.0},{"damage":19.0,"enemies":"3 Darklings","floor":45.0,"turns":4.0},{"damage":24.0,"enemies":"Writhing Mass","floor":47.0,"turns":5.0},{"damage":4.0,"enemies":"4 Shapes","floor":48.0,"turns":3.0},{"damage":67,"enemies":"Time Eater","floor":50,"turns":8}],"seed_played":"-1771796571020775627","potions_obtained":[{"floor":1.0,"key":"Weak Potion"},{"floor":6.0,"key":"FearPotion"},{"floor":8.0,"key":"Fruit Juice"},{"floor":11.0,"key":"ColorlessPotion"},{"floor":20.0,"key":"Swift Potion"},{"floor":23.0,"key":"Dexterity Potion"},{"floor":29.0,"key":"StancePotion"}],"is_trial":false,"path_per_floor":["M","?","M","T","?","E","R","E","T","M","E","R","?","M","R","B",null,"M","?","M","$","?","E","R","T","T","R","?","M","$","?","R","B",null,"M","$","?","M","M","R","?","M","T","R","M","?","M","M","R","B",null],"character_chosen":"WATCHER","items_purchased":["Lantern","Sling","StoneCalendar","Crescendo","War Paint","Trip"],"campfire_rested":6,"item_purchase_floors":[21,21,21,21,36,36],"current_hp_per_floor":[72,72,68,68,68,21,42,40,40,40,15,38,23,23,46,3,77,77,77,61,61,61,34,34,41,41,41,41,29,29,29,54,25,84,82,82,82,81,57,57,57,48,48,73,54,54,30,26,51,19],"gold":706,"neow_bonus":"RANDOM_COMMON_RELIC","is_daily":false,"chose_seed":false,"campfire_upgraded":3,"win_rate":0.0,"timestamp":1611077326,"path_taken":["M","?","?","?","?","E","R","E","T","M","E","R","?","M","R","BOSS","M","?","M","$","?","E","R","?","T","R","?","?","$","?","R","BOSS","M","$","?","M","M","R","?","?","T","R","M","?","M","M","R","BOSS"],"items_purchased_type":["Relic","Relic","Relic","Card","Relic","Card"],"build_version":"2020-12-22","purchased_purges":0,"victory":true,"max_hp_per_floor":[72,72,72,72,72,72,72,77,77,77,77,77,77,77,77,77,77,77,77,77,77,77,77,77,84,84,84,84,84,84,84,84,84,84,84,84,84,84,84,84,84,84,84,84,84,84,84,84,84,84],"card_choices":[{"not_picked":["WindmillStrike","Worship"],"picked":"Indignation","floor":1.0},{"not_picked":["CutThroughFate","PathToVictory"],"picked":"FollowUp","floor":3.0},{"not_picked":["FlurryOfBlows","FlyingSleeves"],"picked":"SashWhip","floor":6.0},{"not_picked":["CutThroughFate","Evaluate"],"picked":"SashWhip","floor":8.0},{"not_picked":["SashWhip","FlyingSleeves"],"picked":"EmptyBody","floor":10.0},{"not_picked":["Ragnarok","CarveReality"],"picked":"Adaptation","floor":11.0},{"not_picked":["SashWhip","EmptyMind"],"picked":"FlyingSleeves","floor":14.0},{"not_picked":["Blasphemy","DevaForm"],"picked":"Judgement","floor":16.0},{"not_picked":["ThirdEye","JustLucky+1"],"picked":"ClearTheMind","floor":18.0},{"not_picked":["EmptyBody","Establishment"],"picked":"Fasting2","floor":20.0},{"not_picked":["Study","Weave"],"picked":"Brilliance","floor":23.0},{"not_picked":["CutThroughFate","Evaluate"],"picked":"BowlingBash","floor":29.0},{"not_picked":["MasterReality","Alpha"],"picked":"Blasphemy","floor":33.0},{"not_picked":["Worship","Consecrate","JustLucky"],"picked":"SKIP","floor":35.0},{"not_picked":["InnerPeace+1","Wallop+1","Swivel+1"],"picked":"SKIP","floor":38.0},{"not_picked":["ThirdEye","Halt+1"],"picked":"EmptyFist+1","floor":39.0},{"not_picked":["BattleHymn","Prostrate+1"],"picked":"Protect+1","floor":42.0},{"not_picked":["Halt","DeusExMachina","SignatureMove"],"picked":"SKIP","floor":45.0},{"not_picked":["TalkToTheHand","Wireheading","Crescendo"],"picked":"SKIP","floor":47.0},{"not_picked":["ThirdEye+1","TalkToTheHand"],"picked":"Perseverance+1","floor":48.0}],"player_experience":227662,"relics_obtained":[{"floor":4.0,"key":"InkBottle"},{"floor":6.0,"key":"Happy Flower"},{"floor":8.0,"key":"CeramicFish"},{"floor":9.0,"key":"Orichalcum"},{"floor":11.0,"key":"Ancient Tea Set"},{"floor":17.0,"key":"Ice Cream"},{"floor":17.0,"key":"The Courier"},{"floor":17.0,"key":"Bag of Marbles"},{"floor":23.0,"key":"Pocketwatch"},{"floor":25.0,"key":"Strawberry"},{"floor":26.0,"key":"Torii"},{"floor":43.0,"key":"MawBank"}],"event_choices":[{"cards_removed":["Indignation"],"damage_healed":0.0,"max_hp_gain":0.0,"max_hp_loss":0.0,"gold_gain":0.0,"event_name":"Bonfire Elementals","player_choice":"Offered Uncommon","floor":2.0,"gold_loss":0.0,"damage_taken":0.0},{"damage_healed":0.0,"max_hp_gain":0.0,"max_hp_loss":0.0,"gold_gain":0.0,"event_name":"Golden Idol","player_choice":"Take Wound","floor":5.0,"gold_loss":0.0,"damage_taken":0.0,"relics_obtained":["Golden Idol"],"cards_obtained":["Injury"]},{"damage_healed":0.0,"max_hp_gain":0.0,"max_hp_loss":0.0,"gold_gain":0.0,"event_name":"Shining Light","player_choice":"Entered Light","floor":13.0,"gold_loss":0.0,"damage_taken":15.0,"cards_upgraded":["FollowUp","Eruption"]},{"damage_healed":0.0,"max_hp_gain":0.0,"max_hp_loss":0.0,"gold_gain":0.0,"event_name":"Beggar","player_choice":"Ignored","floor":19.0,"gold_loss":0.0,"damage_taken":0.0},{"damage_healed":0.0,"max_hp_gain":0.0,"max_hp_loss":0.0,"gold_gain":0.0,"event_name":"The Mausoleum","player_choice":"Opened","floor":22.0,"gold_loss":0.0,"damage_taken":0.0,"relics_obtained":["Nunchaku"]},{"damage_healed":0.0,"max_hp_gain":0.0,"max_hp_loss":0.0,"gold_gain":0.0,"event_name":"N\u0027loth","player_choice":"Traded Relic","floor":28.0,"relics_lost":["Ancient Tea Set"],"gold_loss":0.0,"damage_taken":0.0,"relics_obtained":["Nloth\u0027s Gift"]},{"damage_healed":0.0,"max_hp_gain":0.0,"max_hp_loss":0.0,"gold_gain":0.0,"event_name":"Ghosts","player_choice":"Ignored","floor":31.0,"gold_loss":0.0,"damage_taken":0.0},{"damage_healed":0.0,"max_hp_gain":0.0,"max_hp_loss":0.0,"gold_gain":333.0,"event_name":"The Moai Head","player_choice":"Gave Idol","floor":37.0,"relics_lost":["Golden Idol"],"gold_loss":0.0,"damage_taken":0.0},{"damage_healed":0.0,"max_hp_gain":0.0,"max_hp_loss":0.0,"gold_gain":0.0,"event_name":"Match and Keep!","player_choice":"3 cards matched","floor":41.0,"gold_loss":0.0,"damage_taken":0.0,"cards_obtained":["PathToVictory","Eruption","Dramatic Entrance"]},{"damage_healed":0.0,"max_hp_gain":0.0,"max_hp_loss":0.0,"gold_gain":0.0,"event_name":"Mysterious Sphere","player_choice":"Ignored","floor":46.0,"gold_loss":0.0,"damage_taken":0.0}],"is_beta":false,"boss_relics":[{"not_picked":["Philosopher\u0027s Stone","Black Star"],"picked":"Calling Bell"},{"not_picked":["Velvet Choker","Empty Cage"],"picked":"Sozu"}],"items_purged_floors":[],"is_endless":false,"potions_floor_spawned":[1,6,8,11,20,23,29,38,47,48],"ascension_level":4}}