{"host":"c3lc60y5x60jlt1y","time":1611074200,"event":{"mods":["AchievementEnabler","BaseMod","Bestiary","Colored Map","Minty Spire (QoL Compilation)","Quick Restart","StSLib","ojb\u0027s Info Mod"],"gold_per_floor":[117,192,192,211,226,226,246,246,246,259,275,308,70,90,90,90,90],"floor_reached":16,"language":"ENG","playtime":1345,"items_purged":["Strike_B"],"score":168,"play_id":"2dd5cacd-6495-42f2-92bd-1895a98203c0","local_time":"20210119183640","is_ascension_mode":true,"campfire_choices":[{"data":"Undo","floor":6,"key":"SMITH"},{"data":"Chaos","floor":8,"key":"SMITH"},{"data":"Echo Form","floor":15,"key":"SMITH"}],"circlet_count":0,"master_deck":["AscendersBane","Strike_B","Strike_B","Strike_B","Defend_B","Defend_B","Defend_B","Zap","Dualcast","Machine Learning","Undo+1","Hologram","BootSequence","Chaos+1","Consume","Coolheaded","Echo Form+1","Core Surge"],"relics":["Cracked Core","Pear","InkBottle","Odd Mushroom"],"acts_visited":["Exordium"],"potions_floor_usage":[16],"damage_taken":[{"damage":0,"enemies":"Small Slimes","floor":1,"turns":3},{"damage":6,"enemies":"Jaw Worm","floor":4,"turns":4},{"damage":3,"enemies":"2 Louse","floor":5,"turns":3},{"damage":1,"enemies":"Looter","floor":7,"turns":4},{"damage":2,"enemies":"Large Slime","floor":10,"turns":5},{"damage":0,"enemies":"Exordium Wildlife","floor":11,"turns":3},{"damage":14,"enemies":"Lagavulin","floor":12,"turns":9},{"damage":18,"enemies":"The Mushroom Lair","floor":14,"turns":6},{"damage":23,"enemies":"Hexaghost","floor":16,"turns":14}],"seed_played":"-2755758121348675063","potions_obtained":[{"floor":1,"key":"SteroidPotion"},{"floor":4,"key":"FocusPotion"}],"is_trial":false,"path_per_floor":["M","?","?","M","M","R","M","R","T","M","M","E","$","?","R","B"],"character_chosen":"DEFECT","items_purchased":["Core Surge"],"campfire_rested":0,"item_purchase_floors":[13],"current_hp_per_floor":[68,57,50,44,41,41,40,40,50,48,48,34,34,16,16,0,0],"gold":90,"neow_bonus":"THREE_RARE_CARDS","is_daily":false,"chose_seed":false,"campfire_upgraded":3,"win_rate":0.0,"timestamp":1611074200,"path_taken":["M","?","?","?","M","R","M","R","T","M","M","E","$","?","R","BOSS"],"items_purchased_type":["Card"],"build_version":"2020-12-22","purchased_purges":1,"victory":false,"max_hp_per_floor":[68,68,68,68,68,68,68,68,78,78,78,78,78,78,78,78,78],"card_choices":[{"not_picked":["Meteor Strike","Rainbow"],"picked":"Machine Learning","floor":0},{"not_picked":["Coolheaded","Stack"],"picked":"Undo","floor":1},{"not_picked":["Chaos","Aggregate"],"picked":"Hologram","floor":4},{"not_picked":["Auto Shields","Coolheaded"],"picked":"BootSequence","floor":5},{"not_picked":["Tempest","Darkness"],"picked":"Chaos","floor":7},{"not_picked":["Hello World","Steam"],"picked":"Consume","floor":10},{"not_picked":["Barrage","Gash"],"picked":"Coolheaded","floor":11},{"not_picked":["Fusion","Sweeping Beam"],"picked":"Echo Form","floor":12}],"player_experience":8196454,"relics_obtained":[{"floor":9,"key":"Pear"},{"floor":12,"key":"InkBottle"},{"floor":14,"key":"Odd Mushroom"}],"event_choices":[{"damage_healed":0,"gold_gain":75,"player_choice":"Gather Gold","damage_taken":11,"max_hp_gain":0,"max_hp_loss":0,"event_name":"World of Goop","floor":2,"gold_loss":0},{"cards_removed":["Defend_B"],"damage_healed":0,"gold_gain":0,"player_choice":"Card Removal","damage_taken":7,"max_hp_gain":0,"max_hp_loss":0,"event_name":"Golden Wing","floor":3,"gold_loss":0},{"damage_healed":0,"gold_gain":0,"player_choice":"Fought Mushrooms","damage_taken":0,"max_hp_gain":0,"max_hp_loss":0,"event_name":"Mushrooms","floor":14,"gold_loss":0}],"is_beta":false,"boss_relics":[],"items_purged_floors":[13],"is_endless":false,"potions_floor_spawned":[1,4,14],"killed_by":"Hexaghost","ascension_level":13}}