{"host":"91qk9v3o49otpvon","time":1611019459,"event":{"mods":["A Magickal Journey","Act Like it!","Arknights The Spire","Astrologer","BaseMod","CapriCore","Downfall","Elementarium","Fireblade Mod","GungeonMod","Hallownest","Hermit","JesterMod","Luminous","Minty Spire (QoL Compilation)","Quick Restart","Remilia??????","SOS???????","StSLib","The Animator","The Bug Knight","The Exalted","The Immortal","The Judge","The Kombatant","The Marked","The Necromancer","The Servant 0.9.4","The Wild Card","TheHero","TheSwordswoman"],"gold_per_floor":[118,118,118,293,38,38,49,69,95,43,43,43,43],"floor_reached":12,"language":"ENG","playtime":739,"items_purged":[],"score":68,"play_id":"68d610a5-42c8-4e96-9f9a-d8b911e4cc2d","local_time":"20210119012419","is_ascension_mode":false,"campfire_choices":[{"floor":6,"key":"REST"},{"floor":11,"key":"REST"}],"circlet_count":0,"master_deck":["blazmod:Strike","blazmod:Strike","blazmod:Strike","blazmod:Strike","blazmod:Defend","blazmod:Defend","blazmod:Defend","blazmod:Defend","blazmod:ButterflyEffect","blazmod:Kyokasuigetsu","blazmod:Observant+1","blazmod:FleetingDawn","Doubt","Transmutation","blazmod:MentalFocus","blazmod:Crosscut","blazmod:Contingency","blazmod:FleetOfFoot","blazmod:Trasient"],"relics":["blazmod:Venustas","Orichalcum"],"acts_visited":["Exordium"],"potions_floor_usage":[],"damage_taken":[{"damage":6.0,"enemies":"Jaw Worm","floor":1.0,"turns":5.0},{"damage":18,"enemies":"Small Slimes","floor":2,"turns":4},{"damage":0,"enemies":"2 Louse","floor":7,"turns":4},{"damage":14,"enemies":"Blue Slaver","floor":8,"turns":4},{"damage":36,"enemies":"Lagavulin","floor":12,"turns":5}],"seed_played":"2569474203182341390","potions_obtained":[{"floor":1.0,"key":"Dexterity Potion"},{"floor":7,"key":"Explosive Potion"}],"is_trial":false,"path_per_floor":["M","M","?","?","$","R","M","M","T","$","R","E"],"character_chosen":"THE_SWORDSWOMAN","items_purchased":["Transmutation","blazmod:MentalFocus","blazmod:Crosscut","blazmod:Trasient"],"campfire_rested":2,"item_purchase_floors":[5,5,5,10],"current_hp_per_floor":[38,20,20,20,20,33,33,19,19,19,32,0,0],"gold":43,"neow_bonus":"TEN_PERCENT_HP_BONUS","is_daily":false,"chose_seed":false,"campfire_upgraded":0,"win_rate":0.0,"timestamp":1611019459,"path_taken":["M","M","?","?","?","R","M","M","T","$","R","E"],"items_purchased_type":["Card","Card","Card","Card"],"build_version":"2020-12-22","purchased_purges":0,"victory":false,"max_hp_per_floor":[44,44,44,44,44,44,44,44,44,44,44,44,44],"card_choices":[{"not_picked":["blazmod:FleetOfFoot","blazmod:Valiance"],"picked":"blazmod:Observant","floor":1.0},{"not_picked":["blazmod:FocusThroughFalls","blazmod:BoulderFlash"],"picked":"blazmod:FleetingDawn","floor":2},{"not_picked":["blazmod:LoveAndHonor","blazmod:Quickdraw"],"picked":"blazmod:Contingency","floor":7},{"not_picked":["blazmod:Crosscut","blazmod:FancifulFlutter"],"picked":"blazmod:FleetOfFoot","floor":8}],"player_experience":217818,"relics_obtained":[{"floor":9,"key":"Orichalcum"}],"event_choices":[{"damage_healed":0,"gold_gain":0,"player_choice":"Grow","damage_taken":0,"max_hp_gain":0,"max_hp_loss":0,"event_name":"Living Wall","floor":3,"gold_loss":0,"cards_upgraded":["blazmod:Observant"]},{"damage_healed":0,"gold_gain":175,"player_choice":"AGREE","damage_taken":0,"max_hp_gain":0,"max_hp_loss":0,"event_name":"Liars Game","floor":4,"gold_loss":0,"cards_obtained":["Doubt"]}],"is_beta":false,"boss_relics":[],"items_purged_floors":[],"is_endless":false,"potions_floor_spawned":[1,7],"killed_by":"Lagavulin","ascension_level":0}}