{"host":"sdjng9zhqonqi3uc","time":1611083029,"event":{"mods":["2.2 Compatiblity","AchievementEnabler","BaseMod","Better Third Choice","BetterRewards","Colored Powertips","Downfall","Hero for Fun","Minty Spire (QoL Compilation)","Quick Restart","Shop Mod","Spicy Shops","StSLib","Td1madao Mod","The Animator","The Cursed","The Servant 0.9.4"],"gold_per_floor":[19,36,47,47,63,63,63,78,78,105,135,152,152,165,165,268,268,286,299,299,224,224,224,259,273,297,297,497,527,544,563,563,663,663,678,688,702,755,772,772,804,822,822,852,852,869,869,869,869,869],"floor_reached":51,"language":"ENG","playtime":423,"items_purged":["Defend_Y"],"score":1571,"play_id":"cdd0dedc-b5a1-438c-be0d-3203a442ed7d","local_time":"20210119200349","is_ascension_mode":true,"campfire_choices":[{"data":"Strike_Y","floor":6,"key":"SMITH"},{"data":"Consecutive_Normal_Punch","floor":15,"key":"SMITH"},{"data":"Strike_Y","floor":23,"key":"SMITH"},{"data":"Strike_Y","floor":27,"key":"SMITH"},{"floor":32,"key":"REST"},{"floor":40,"key":"RECALL"},{"data":"Serious_Punch","floor":45,"key":"SMITH"},{"data":"Serious_Punch","floor":47,"key":"SMITH"},{"data":"Strike_Y","floor":49,"key":"SMITH"}],"circlet_count":0,"master_deck":["Strike_Y+1","Strike_Y+1","Strike_Y+1","Strike_Y+1","Strike_Y+1","Defend_Y","Defend_Y","Defend_Y","Consecutive_Normal_Punch+1","Serious_Punch+1","Serious_Punch+1"],"relics":["Cape","Darkstone Periapt","White Beast Statue","Dream Catcher","Odd Mushroom","Runic Dome","Mango","Bronze Scales","Frozen Egg 2","Velvet Choker","Dead Branch","Art of War","Singing Bowl","Lantern"],"acts_visited":["Exordium","TheCity","TheBeyond"],"potions_floor_usage":[18,41],"damage_taken":[{"damage":0,"enemies":"2 Louse","floor":1,"turns":1},{"damage":0,"enemies":"Cultist","floor":2,"turns":2},{"damage":0,"enemies":"Jaw Worm","floor":3,"turns":1},{"damage":0,"enemies":"Looter","floor":5,"turns":1},{"damage":0,"enemies":"Blue Slaver","floor":8,"turns":1},{"damage":0,"enemies":"Gremlin Nob","floor":10,"turns":1},{"damage":0,"enemies":"The Mushroom Lair","floor":11,"turns":1},{"damage":0,"enemies":"Exordium Thugs","floor":12,"turns":1},{"damage":0,"enemies":"2 Fungi Beasts","floor":14,"turns":2},{"damage":0,"enemies":"Hexaghost","floor":16,"turns":1},{"damage":0,"enemies":"Chosen","floor":18,"turns":1},{"damage":0,"enemies":"Shell Parasite","floor":19,"turns":1},{"damage":0,"enemies":"Book of Stabbing","floor":24,"turns":1},{"damage":0,"enemies":"Snake Plant","floor":25,"turns":1},{"damage":0,"enemies":"Slavers","floor":29,"turns":1},{"damage":0,"enemies":"Sentry and Sphere","floor":30,"turns":1},{"damage":0,"enemies":"Centurion and Healer","floor":31,"turns":1},{"damage":0,"enemies":"Automaton","floor":33,"turns":1},{"damage":0,"enemies":"3 Darklings","floor":35,"turns":1},{"damage":0,"enemies":"3 Shapes","floor":36,"turns":1},{"damage":0,"enemies":"Maw","floor":37,"turns":1},{"damage":0,"enemies":"2 Orb Walkers","floor":38,"turns":1},{"damage":0,"enemies":"Spire Growth","floor":39,"turns":1},{"damage":0,"enemies":"Nemesis","floor":41,"turns":1},{"damage":0,"enemies":"4 Shapes","floor":42,"turns":1},{"damage":0,"enemies":"Giant Head","floor":44,"turns":1},{"damage":0,"enemies":"3 Darklings","floor":46,"turns":1},{"damage":0,"enemies":"Time Eater","floor":50,"turns":1}],"seed_played":"-6485529384769955932","potions_obtained":[{"floor":10,"key":"Ancient Potion"},{"floor":11,"key":"Fruit Juice"},{"floor":12,"key":"sneckomod:MuddlingPotion"},{"floor":24,"key":"SkillPotion"},{"floor":41,"key":"Fruit Juice"},{"floor":44,"key":"champ:CounterPotion"}],"is_trial":false,"path_per_floor":["M","M","M","?","M","R","?","M","T","E","?","M","?","M","R","B",null,"M","M","?","$","?","R","E","M","T","R","?","E","M","M","R","B",null,"M","M","M","?","M","R","E","M","T","E","R","M","R","?","R","B",null],"character_chosen":"OPM","items_purchased":[],"campfire_rested":1,"item_purchase_floors":[],"current_hp_per_floor":[899,899,899,905,905,905,905,905,905,905,905,905,905,905,905,905,980,985,985,985,985,990,990,1004,1004,1004,1004,1004,1004,1004,1004,1029,1029,1029,1029,1029,1029,1029,1029,1029,1034,1034,1034,1036,1036,1036,1036,1036,1036,1036],"gold":869,"neow_bonus":"UPGRADE_CARD","is_daily":false,"chose_seed":false,"campfire_upgraded":7,"win_rate":0.0,"timestamp":1611083029,"path_taken":["M","M","M","?","M","R","?","?","T","E","?","M","?","M","R","BOSS","M","M","?","$","?","R","E","M","T","R","?","E","M","?","R","BOSS","M","M","M","?","M","R","E","M","T","E","R","M","R","?","R","BOSS"],"items_purchased_type":[],"build_version":"2020-12-22","purchased_purges":1,"victory":true,"max_hp_per_floor":[999,999,999,1005,1005,1005,1005,1005,1005,1005,1005,1005,1005,1005,1005,1005,1005,1010,1010,1010,1010,1015,1015,1029,1029,1029,1029,1029,1029,1029,1029,1029,1029,1029,1029,1029,1029,1029,1029,1029,1034,1034,1034,1036,1036,1036,1036,1036,1036,1036],"card_choices":[{"not_picked":["Yawn","Normal_Punch","Hop"],"picked":"SKIP","floor":1},{"not_picked":["Consecutive_Normal_Punch","Ignore","Yawn"],"picked":"SKIP","floor":2},{"not_picked":["Do_Nothing","Consecutive_Normal_Punch","Wear_Disguise"],"picked":"SKIP","floor":3},{"not_picked":["Hop","Side_Hop","Normal_Punch"],"picked":"SKIP","floor":5},{"not_picked":["Slap","Do_Nothing","Toss_Stone"],"picked":"SKIP","floor":8},{"not_picked":["Side_Hop","Hop","Slap"],"picked":"SKIP","floor":10},{"not_picked":["Ignore","Side_Hop","Slap"],"picked":"SKIP","floor":12},{"not_picked":["Wear_Disguise","Ignore","Consecutive_Normal_Punch"],"picked":"SKIP","floor":14},{"not_picked":["Yawn","Hop","Ignore+1"],"picked":"SKIP","floor":18},{"not_picked":["Wear_Disguise","Consecutive_Normal_Punch","Ignore"],"picked":"SKIP","floor":19},{"not_picked":["Yawn","Ignore+1","Hip_Strike"],"picked":"SKIP","floor":24},{"not_picked":["Wear_Disguise+1","Ignore","Consecutive_Normal_Punch"],"picked":"SKIP","floor":25},{"not_picked":["Consecutive_Normal_Punch+1","Slap"],"picked":"Serious_Punch","floor":29},{"not_picked":["Toss_Stone","Slap","Ignore+1"],"picked":"SKIP","floor":30},{"not_picked":["Wear_Disguise+1","Hop","Do_Nothing"],"picked":"SKIP","floor":31},{"not_picked":["Normal_Punch+1","Wear_Disguise+1","Do_Nothing+1"],"picked":"SKIP","floor":35},{"not_picked":["Hop+1","Toss_Stone+1","Side_Hop+1"],"picked":"SKIP","floor":36},{"not_picked":["Slap+1","Ignore","Side_Hop+1"],"picked":"SKIP","floor":37},{"not_picked":["Consecutive_Normal_Punch","Wear_Disguise+1","Yawn+1"],"picked":"SKIP","floor":39},{"not_picked":["Consecutive_Normal_Punch","Hop"],"picked":"Serious_Punch","floor":41},{"not_picked":["Hop+1","Ignore+1","Side_Hop+1"],"picked":"SKIP","floor":42},{"not_picked":["Toss_Stone","Slap+1","Side_Hop+1"],"picked":"Singing Bowl","floor":44},{"not_picked":["Hop+1","Do_Nothing","Normal_Punch+1"],"picked":"SKIP","floor":46}],"player_experience":344364,"relics_obtained":[{"floor":9,"key":"White Beast Statue"},{"floor":10,"key":"Dream Catcher"},{"floor":11,"key":"Odd Mushroom"},{"floor":24,"key":"Mango"},{"floor":26,"key":"Bronze Scales"},{"floor":29,"key":"Frozen Egg 2"},{"floor":38,"key":"Dead Branch"},{"floor":41,"key":"Art of War"},{"floor":43,"key":"Singing Bowl"},{"floor":44,"key":"Lantern"}],"event_choices":[{"damage_healed":0,"gold_gain":0,"player_choice":"Box","damage_taken":0,"relics_obtained":["Darkstone Periapt"],"max_hp_gain":0,"max_hp_loss":0,"event_name":"Big Fish","floor":4,"gold_loss":0,"cards_obtained":["Regret"]},{"damage_healed":0,"gold_gain":0,"cards_transformed":["Defend_Y"],"player_choice":"Transformed","damage_taken":0,"max_hp_gain":0,"max_hp_loss":0,"event_name":"Transmorgrifier","floor":7,"gold_loss":0,"cards_obtained":["Consecutive_Normal_Punch"]},{"damage_healed":0,"gold_gain":0,"player_choice":"Fought Mushrooms","damage_taken":0,"max_hp_gain":0,"max_hp_loss":0,"event_name":"Mushrooms","floor":11,"gold_loss":0},{"cards_removed":["Regret"],"damage_healed":0,"gold_gain":0,"player_choice":"Card Removal","damage_taken":7,"max_hp_gain":0,"max_hp_loss":0,"event_name":"Golden Wing","floor":13,"gold_loss":0},{"damage_healed":0,"gold_gain":0,"player_choice":"Ignored","damage_taken":0,"max_hp_gain":0,"max_hp_loss":0,"event_name":"Vampires","floor":20,"gold_loss":0},{"damage_healed":0,"gold_gain":0,"player_choice":"Shed Blood","damage_taken":253,"max_hp_gain":5,"max_hp_loss":0,"event_name":"Forgotten Altar","floor":22,"gold_loss":0},{"damage_healed":0,"gold_gain":200,"player_choice":"Gold","damage_taken":0,"max_hp_gain":0,"max_hp_loss":0,"event_name":"Wheel of Change","floor":28,"gold_loss":0},{"damage_healed":0,"gold_gain":0,"player_choice":"Fight","damage_taken":0,"max_hp_gain":0,"max_hp_loss":0,"event_name":"Mysterious Sphere","floor":38,"gold_loss":0},{"damage_healed":0,"gold_gain":0,"player_choice":"Ignored","damage_taken":0,"max_hp_gain":0,"max_hp_loss":0,"event_name":"Duplicator","floor":48,"gold_loss":0}],"is_beta":false,"boss_relics":[{"not_picked":["Calling Bell","SacredBark"],"picked":"Runic Dome"},{"not_picked":["Tiny House","Runic Pyramid"],"picked":"Velvet Choker"}],"items_purged_floors":[21],"is_endless":false,"potions_floor_spawned":[2,8,10,11,12,14,16,18,19,24,25,29,30,31,33,35,36,37,38,39,41,42,44,46],"ascension_level":8}}