{"host":"sc0o2qwpf9j16a4i","time":1611096484,"event":{"mods":["AchievementEnabler","BaseMod","BetterRewards","Block Reminder","Colored Map","Colored Powertips","Custom Start","Highlight Path","Minty Spire (QoL Compilation)","Relic Stats"],"gold_per_floor":[124,135,135,135,162,162,198,29,29,52,76,76,105,129,129,212,212,239,258,278,289,289,289,309,309,335,374,374,62,96,107,107,192,192,211,45,67,85,102,136,136,136,211,211,211,211,238,248,248,248,248,248],"floor_reached":51,"language":"ENG","playtime":2123,"items_purged":["Strike_B","Strike_B"],"score":1902,"play_id":"60158238-63ea-48c3-920e-8b8557640a33","local_time":"20210120004804","is_ascension_mode":true,"campfire_choices":[{"data":"Barrage","floor":6.0,"key":"SMITH"},{"floor":12.0,"key":"REST"},{"floor":15.0,"key":"REST"},{"floor":23.0,"key":"REST"},{"floor":25.0,"key":"REST"},{"floor":28.0,"key":"REST"},{"floor":32.0,"key":"REST"},{"floor":42.0,"key":"RECALL"},{"data":"Buffer","floor":44.0,"key":"SMITH"},{"data":"Defragment","floor":46,"key":"SMITH"},{"data":"Defragment","floor":49,"key":"SMITH"}],"circlet_count":0,"master_deck":["AscendersBane","Strike_B","Strike_B","Defend_B","Defend_B","Defend_B","Defend_B","Zap","Dualcast","Ball Lightning","Doom and Gloom","Cold Snap","Barrage+1","Coolheaded","Compile Driver","Leap","Defragment+1","Beam Cell","Reboot","Coolheaded","Go for the Eyes+1","Creative AI","Auto Shields+1","Core Surge","Defragment+1","Buffer+1","Force Field","Capacitor","Stack","Glacier"],"relics":["Cracked Core","Mummified Hand","CeramicFish","Peace Pipe","PreservedInsect","Gambling Chip","Velvet Choker","Boot","Pear","ClockworkSouvenir","Nunchaku","Sozu","Art of War","The Courier","StrikeDummy"],"acts_visited":["Exordium","TheCity","TheBeyond"],"potions_floor_usage":[51,51],"damage_taken":[{"damage":4.0,"enemies":"Small Slimes","floor":1.0,"turns":3.0},{"damage":7.0,"enemies":"Jaw Worm","floor":2.0,"turns":3.0},{"damage":0.0,"enemies":"Cultist","floor":5.0,"turns":3.0},{"damage":16.0,"enemies":"Lagavulin","floor":7.0,"turns":5.0},{"damage":18.0,"enemies":"Gremlin Gang","floor":10.0,"turns":4.0},{"damage":12.0,"enemies":"Exordium Thugs","floor":11.0,"turns":3.0},{"damage":10.0,"enemies":"2 Fungi Beasts","floor":13.0,"turns":3.0},{"damage":2.0,"enemies":"Large Slime","floor":14.0,"turns":5.0},{"damage":2.0,"enemies":"Slime Boss","floor":16.0,"turns":7.0},{"damage":3.0,"enemies":"Spheric Guardian","floor":18.0,"turns":3.0},{"damage":18.0,"enemies":"2 Thieves","floor":19.0,"turns":3.0},{"damage":18.0,"enemies":"Snake Plant","floor":20.0,"turns":4.0},{"damage":14.0,"enemies":"3 Cultists","floor":21.0,"turns":6.0},{"damage":10.0,"enemies":"Snecko","floor":24.0,"turns":5.0},{"damage":3.0,"enemies":"Book of Stabbing","floor":27.0,"turns":5.0},{"damage":23.0,"enemies":"Slavers","floor":30.0,"turns":6.0},{"damage":15.0,"enemies":"Centurion and Healer","floor":31.0,"turns":5.0},{"damage":34.0,"enemies":"Champ","floor":33.0,"turns":23.0},{"damage":5.0,"enemies":"Orb Walker","floor":35.0,"turns":4.0},{"damage":9.0,"enemies":"3 Shapes","floor":37.0,"turns":7.0},{"damage":0.0,"enemies":"Maw","floor":38.0,"turns":6.0},{"damage":0.0,"enemies":"Spire Growth","floor":39.0,"turns":6.0},{"damage":41.0,"enemies":"Giant Head","floor":40.0,"turns":8.0},{"damage":0,"enemies":"Nemesis","floor":47,"turns":7},{"damage":10,"enemies":"Jaw Worm Horde","floor":48,"turns":6},{"damage":7,"enemies":"Donu and Deca","floor":50,"turns":20},{"damage":51,"enemies":"Awakened One","floor":51,"turns":6}],"seed_played":"8777949869125397850","potions_obtained":[{"floor":1.0,"key":"Ancient Potion"},{"floor":4.0,"key":"FocusPotion"},{"floor":4.0,"key":"DistilledChaos"},{"floor":7.0,"key":"Ancient Potion"},{"floor":13.0,"key":"FearPotion"},{"floor":14.0,"key":"AttackPotion"},{"floor":18.0,"key":"Strength Potion"},{"floor":21.0,"key":"Weak Potion"},{"floor":27.0,"key":"LiquidMemories"},{"floor":33.0,"key":"SneckoOil"}],"is_trial":false,"path_per_floor":["M","M","?","?","M","R","E","$","T","M","M","R","M","M","R","B",null,"M","M","M","M","T","R","M","R","T","E","R","$","E","M","R","B",null,"M","$","M","M","M","E","?","R","T","R","?","R","E","M","R","B","B"],"character_chosen":"DEFECT","items_purchased":["Mummified Hand","Ball Lightning","CeramicFish","Doom and Gloom","PreservedInsect","ClockworkSouvenir","Defragment","Capacitor"],"campfire_rested":6,"item_purchase_floors":[0,0,0,0,8,29,29,36],"current_hp_per_floor":[41,34,57,57,57,57,41,41,41,23,11,32,22,20,41,39,63,60,42,24,10,10,31,21,42,42,49,73,73,50,35,59,25,67,62,62,53,53,53,12,66,66,66,66,66,66,66,56,56,49,0,0],"gold":248,"neow_bonus":"","is_daily":false,"chose_seed":false,"campfire_upgraded":4,"win_rate":0.0,"timestamp":1611096484,"path_taken":["M","M","?","?","M","R","E","$","T","M","M","R","M","M","R","BOSS","M","?","?","M","?","R","M","R","T","E","R","$","E","M","R","BOSS","M","$","M","M","M","E","?","R","T","R","?","R","E","M","R","BOSS","BOSS"],"items_purchased_type":["Relic","Card","Relic","Card","Relic","Relic","Card","Card"],"build_version":"2020-12-22","purchased_purges":2,"victory":false,"max_hp_per_floor":[71,71,71,71,71,71,71,71,71,71,71,71,71,71,71,71,71,71,71,71,71,71,71,71,71,71,81,81,81,81,81,81,81,81,81,81,81,81,81,81,66,66,66,66,66,66,66,66,66,66,66,66],"relic_stats":{"Peace Pipe":0,"Sozu":3,"Nunchaku":[13],"counters":[43,227],"Mummified Hand":[155],"CeramicFish":180,"Gambling Chip":[67],"PreservedInsect":358,"Art of War":[6],"Boot":[87],"obtain_stats":[{"CeramicFish":0,"Incense Burner":0,"Boot":24,"ClockworkSouvenir":10,"Sozu":34,"Centennial Puzzle":26,"Nunchaku":30,"Shovel":6,"Mummified Hand":0,"Gambling Chip":9,"Cracked Core":0,"InkBottle":9,"Runic Pyramid":17,"Pear":27,"Happy Flower":23,"Golden Idol":5,"Velvet Choker":17,"PreservedInsect":0,"The Courier":43,"Calling Bell":0,"Peace Pipe":7,"Molten Egg 2":0,"CultistMask":12,"Art of War":40,"Symbiotic Virus":8,"StrikeDummy":47},{"CeramicFish":16,"Incense Burner":0,"Boot":12,"ClockworkSouvenir":5,"Sozu":34,"Centennial Puzzle":12,"Nunchaku":32,"Shovel":4,"Mummified Hand":16,"Gambling Chip":20,"Cracked Core":0,"InkBottle":5,"Runic Pyramid":8,"Pear":31,"Happy Flower":12,"Golden Idol":3,"Velvet Choker":25,"PreservedInsect":0,"The Courier":39,"Calling Bell":0,"Peace Pipe":20,"Molten Egg 2":0,"CultistMask":6,"Art of War":39,"Symbiotic Virus":5,"StrikeDummy":40},{"CeramicFish":61,"Incense Burner":0,"Boot":48,"ClockworkSouvenir":21,"Sozu":157,"Centennial Puzzle":48,"Nunchaku":129,"Shovel":14,"Mummified Hand":61,"Gambling Chip":75,"Cracked Core":0,"InkBottle":21,"Runic Pyramid":35,"Pear":123,"Happy Flower":48,"Golden Idol":12,"Velvet Choker":97,"PreservedInsect":0,"The Courier":188,"Calling Bell":0,"Peace Pipe":75,"Molten Egg 2":0,"CultistMask":25,"Art of War":188,"Symbiotic Virus":21,"StrikeDummy":195}]},"card_choices":[{"not_picked":["Undo","Glacier"],"picked":"Cold Snap","floor":1.0},{"not_picked":["Steam","Skim","Coolheaded"],"picked":"SKIP","floor":2.0},{"not_picked":["Heatsinks","Go for the Eyes"],"picked":"Barrage","floor":5.0},{"not_picked":["Gash","Turbo"],"picked":"Coolheaded","floor":7.0},{"not_picked":["Hologram","Blizzard"],"picked":"Compile Driver","floor":10.0},{"not_picked":["Rainbow","Stack"],"picked":"Leap","floor":11.0},{"not_picked":["Heatsinks","Beam Cell"],"picked":"Defragment","floor":13.0},{"not_picked":["Melter","Stack"],"picked":"Beam Cell","floor":14.0},{"not_picked":["Thunder Strike","Rainbow"],"picked":"Reboot","floor":16.0},{"not_picked":["Barrage","Cold Snap"],"picked":"Coolheaded","floor":18.0},{"not_picked":["Conserve Battery+1","Streamline"],"picked":"Go for the Eyes+1","floor":19.0},{"not_picked":["Aggregate","Ball Lightning"],"picked":"Creative AI","floor":20.0},{"not_picked":["Reprogram","Darkness","Rebound"],"picked":"SKIP","floor":21.0},{"not_picked":["Force Field","Go for the Eyes"],"picked":"Auto Shields+1","floor":24.0},{"not_picked":["Hello World+1","Go for the Eyes"],"picked":"Core Surge","floor":27.0},{"not_picked":["Aggregate","Beam Cell","Scrape"],"picked":"SKIP","floor":30.0},{"not_picked":["Gash","Rip and Tear","Cold Snap"],"picked":"SKIP","floor":31.0},{"not_picked":["Multi-Cast","All For One"],"picked":"Buffer","floor":33.0},{"not_picked":["Steam","Barrage+1"],"picked":"Force Field","floor":35.0},{"not_picked":["Compile Driver+1","Lockon"],"picked":"Stack","floor":37.0},{"not_picked":["Barrage","Hologram","Rainbow"],"picked":"SKIP","floor":38.0},{"not_picked":["Rebound+1","Gash","Turbo"],"picked":"SKIP","floor":39.0},{"not_picked":["Coolheaded","Genetic Algorithm+1"],"picked":"Glacier","floor":40.0},{"not_picked":["BootSequence+1","Darkness","Rip and Tear"],"picked":"SKIP","floor":47},{"not_picked":["Streamline+1","Hello World","Doom and Gloom+1"],"picked":"SKIP","floor":48}],"player_experience":777854,"relics_obtained":[{"floor":7.0,"key":"Peace Pipe"},{"floor":9.0,"key":"Gambling Chip"},{"floor":26.0,"key":"Boot"},{"floor":27.0,"key":"Pear"},{"floor":30.0,"key":"Nunchaku"},{"floor":40.0,"key":"Art of War"},{"floor":43.0,"key":"The Courier"},{"floor":47,"key":"StrikeDummy"}],"event_choices":[{"damage_healed":23.0,"max_hp_gain":0.0,"max_hp_loss":0.0,"gold_gain":0.0,"event_name":"Big Fish","player_choice":"Banana","floor":3.0,"gold_loss":0.0,"damage_taken":0.0},{"damage_healed":0.0,"max_hp_gain":0.0,"max_hp_loss":0.0,"gold_gain":0.0,"event_name":"Lab","player_choice":"Got Potions","floor":4.0,"gold_loss":0.0,"damage_taken":0.0},{"damage_healed":66.0,"max_hp_gain":0.0,"max_hp_loss":15.0,"gold_gain":0.0,"event_name":"The Moai Head","player_choice":"Heal","floor":41.0,"gold_loss":0.0,"damage_taken":0.0},{"damage_healed":0,"gold_gain":0,"player_choice":"Ignored","damage_taken":0,"max_hp_gain":0,"max_hp_loss":0,"event_name":"Mysterious Sphere","floor":45,"gold_loss":0}],"is_beta":false,"boss_relics":[{"not_picked":["Calling Bell","Runic Pyramid"],"picked":"Velvet Choker"},{"not_picked":["Busted Crown","Runic Dome"],"picked":"Sozu"}],"items_purged_floors":[29,36],"is_endless":false,"potions_floor_spawned":[1,7,13,14,18,21,27,33,38,39,47],"killed_by":"Awakened One","ascension_level":20}}