{"host":"0vd2boh2oi7jm085","time":1611031019,"event":{"mods":["BaseMod","Colored Map","Colored Powertips","Highlight Path","Minty Spire (QoL Compilation)","Quick Restart","StSLib","The IronCluck"],"gold_per_floor":[115,115,115,115,40,72,72,103,155,169,169,181,181,193,193,267,267,287,287,304,56,106,106,117,117,117,117,117,117,0,16,16,89,89,102,377,377,377,377,377,104,122,122,122,137,151,151,151],"floor_reached":47,"language":"ENG","playtime":913,"items_purged":["Regret","Regret"],"score":959,"play_id":"e27ead7c-ef62-4240-a557-53d591fcefa8","local_time":"20210118203659","is_ascension_mode":true,"campfire_choices":[{"floor":7.0,"key":"REST"},{"data":"Wild Strike","floor":11.0,"key":"SMITH"},{"data":"Seeing Red","floor":15.0,"key":"SMITH"},{"floor":23.0,"key":"REST"},{"floor":25.0,"key":"REST"},{"data":"Feed","floor":28.0,"key":"SMITH"},{"data":"Limit Break","floor":32.0,"key":"SMITH"},{"data":"Heavy Blade","floor":40.0,"key":"SMITH"},{"floor":44.0,"key":"REST"}],"circlet_count":0,"master_deck":["AscendersBane","Defend_R","Defend_R","Defend_R","Defend_R","Bash","Wild Strike+1","Flex","Flex","Heavy Blade+1","Seeing Red+1","Inflame","Feed+1","Pummel","Bite","Bite","Bite","Bite","Bite","Limit Break+1","Immolate","Whirlwind+1"],"relics":["Burning Blood","NeowsBlessing","Mercury Hourglass","Ancient Tea Set","Oddly Smooth Stone","MealTicket","Red Skull","Mark of Pain","MutagenicStrength","Juzu Bracelet","Dead Branch","Nilry\u0027s Codex","SlaversCollar","Lee\u0027s Waffle","Anchor"],"acts_visited":["Exordium","TheCity","TheBeyond"],"potions_floor_usage":[],"damage_taken":[{"damage":0.0,"enemies":"Small Slimes","floor":1.0,"turns":1.0},{"damage":0.0,"enemies":"Gremlin Nob","floor":6.0,"turns":1.0},{"damage":0.0,"enemies":"Lagavulin","floor":8.0,"turns":1.0},{"damage":8.0,"enemies":"2 Louse","floor":10.0,"turns":3.0},{"damage":12.0,"enemies":"Jaw Worm","floor":12.0,"turns":2.0},{"damage":7.0,"enemies":"Exordium Wildlife","floor":14.0,"turns":4.0},{"damage":42.0,"enemies":"Slime Boss","floor":16.0,"turns":7.0},{"damage":32.0,"enemies":"3 Byrds","floor":18.0,"turns":5.0},{"damage":11.0,"enemies":"Spheric Guardian","floor":20.0,"turns":3.0},{"damage":48.0,"enemies":"Centurion and Healer","floor":24.0,"turns":4.0},{"damage":0.0,"enemies":"Snecko","floor":31.0,"turns":2.0},{"damage":31.0,"enemies":"Champ","floor":33.0,"turns":9.0},{"damage":39.0,"enemies":"3 Shapes","floor":35.0,"turns":5.0},{"damage":60.0,"enemies":"3 Darklings","floor":42.0,"turns":4.0},{"damage":0.0,"enemies":"Jaw Worm Horde","floor":45.0,"turns":2.0},{"damage":37.0,"enemies":"Spire Growth","floor":46.0,"turns":4.0},{"damage":3,"enemies":"Giant Head","floor":47,"turns":4}],"seed_played":"-2038743316608775674","potions_obtained":[{"floor":6.0,"key":"BlessingOfTheForge"},{"floor":14.0,"key":"BloodPotion"},{"floor":18.0,"key":"EssenceOfSteel"},{"floor":35.0,"key":"Strength Potion"},{"floor":42.0,"key":"ColorlessPotion"}],"is_trial":false,"path_per_floor":["M","?","?","?","$","E","R","E","T","M","R","M","?","M","R","B",null,"M","?","M","$","?","R","M","R","T","?","R","?","?","M","R","B",null,"M","?","?","?","?","R","$","M","T","R","M","M","E"],"character_chosen":"IRONCLAD","items_purchased":["Pummel","Juzu Bracelet","Lee\u0027s Waffle"],"campfire_rested":4,"item_purchase_floors":[21,21,41],"current_hp_per_floor":[74,74,74,48,48,54,75,75,75,73,73,67,67,66,66,30,64,41,41,36,51,51,74,32,55,55,54,54,33,33,41,41,34,49,26,26,48,48,48,48,55,18,18,35,47,24,29,29],"gold":151,"neow_bonus":"THREE_ENEMY_KILL","is_daily":false,"chose_seed":false,"campfire_upgraded":5,"win_rate":0.0,"timestamp":1611031019,"path_taken":["M","?","?","?","$","E","R","E","T","M","R","?","?","M","R","BOSS","M","?","M","$","?","R","M","R","T","?","R","?","?","M","R","BOSS","M","?","?","?","?","R","$","M","T","R","M","M","E"],"items_purchased_type":["Card","Relic","Relic"],"build_version":"2020-12-22","purchased_purges":2,"victory":false,"max_hp_per_floor":[75,75,75,75,75,75,75,75,75,75,75,75,75,75,75,75,75,78,78,78,78,78,78,78,78,78,54,54,54,54,54,54,54,54,58,58,48,48,48,48,55,59,59,59,63,63,63,63],"card_choices":[{"not_picked":["Armaments","Flame Barrier"],"picked":"Wild Strike","floor":1.0},{"not_picked":["Armaments","Body Slam"],"picked":"Flex","floor":6.0},{"not_picked":["True Grit","Brutality"],"picked":"Flex","floor":8.0},{"not_picked":["Cleave","Headbutt"],"picked":"Heavy Blade","floor":10.0},{"not_picked":["Wild Strike","Thunderclap"],"picked":"Seeing Red","floor":12.0},{"not_picked":["Pummel","Flex"],"picked":"Inflame","floor":14.0},{"not_picked":["Juggernaut","Berserk"],"picked":"Feed","floor":16.0},{"not_picked":["Fire Breathing","Sword Boomerang","Flex"],"picked":"SKIP","floor":18.0},{"not_picked":["Power Through+1","Body Slam","Metallicize"],"picked":"SKIP","floor":20.0},{"not_picked":["Ghostly Armor","Armaments","True Grit"],"picked":"SKIP","floor":24.0},{"not_picked":["Cleave+1","Perfected Strike"],"picked":"Limit Break","floor":31.0},{"not_picked":["Impervious","Double Tap"],"picked":"Immolate","floor":33.0},{"not_picked":["Warcry","Battle Trance+1","Burning Pact+1"],"picked":"SKIP","floor":35.0},{"not_picked":["Spot Weakness","Burning Pact+1","Warcry"],"picked":"SKIP","floor":42.0},{"not_picked":["Burning Pact","Entrench"],"picked":"Whirlwind+1","floor":45.0},{"not_picked":["Ghostly Armor","Havoc","Cleave"],"picked":"SKIP","floor":46.0}],"player_experience":108159,"relics_obtained":[{"floor":6.0,"key":"Oddly Smooth Stone"},{"floor":8.0,"key":"MealTicket"},{"floor":9.0,"key":"Red Skull"},{"floor":26.0,"key":"Dead Branch"},{"floor":29.0,"key":"Nilry\u0027s Codex"},{"floor":43.0,"key":"Anchor"}],"event_choices":[{"damage_healed":0.0,"max_hp_gain":0.0,"max_hp_loss":0.0,"gold_gain":0.0,"event_name":"Big Fish","player_choice":"Box","floor":2.0,"gold_loss":0.0,"damage_taken":0.0,"relics_obtained":["Mercury Hourglass"],"cards_obtained":["Regret"]},{"damage_healed":0.0,"max_hp_gain":0.0,"max_hp_loss":0.0,"gold_gain":0.0,"event_name":"The Cleric","player_choice":"Leave","floor":3.0,"gold_loss":0.0,"damage_taken":0.0},{"damage_healed":0.0,"max_hp_gain":0.0,"max_hp_loss":0.0,"gold_gain":0.0,"event_name":"Scrap Ooze","player_choice":"Success","floor":4.0,"gold_loss":0.0,"damage_taken":26.0,"relics_obtained":["Ancient Tea Set"]},{"damage_healed":0.0,"max_hp_gain":0.0,"max_hp_loss":0.0,"gold_gain":0.0,"event_name":"Shining Light","player_choice":"Ignored","floor":13.0,"gold_loss":0.0,"damage_taken":0.0},{"damage_healed":0.0,"max_hp_gain":0.0,"max_hp_loss":0.0,"gold_gain":0.0,"event_name":"Drug Dealer","player_choice":"Inject Mutagens","floor":19.0,"gold_loss":0.0,"damage_taken":0.0,"relics_obtained":["MutagenicStrength"]},{"damage_healed":0.0,"max_hp_gain":0.0,"max_hp_loss":0.0,"gold_gain":50.0,"event_name":"Nest","player_choice":"Stole From Cult","floor":22.0,"gold_loss":0.0,"damage_taken":0.0},{"damage_healed":0.0,"max_hp_gain":0.0,"max_hp_loss":24.0,"gold_gain":0.0,"event_name":"Vampires","player_choice":"Became a vampire","floor":27.0,"gold_loss":0.0,"damage_taken":0.0,"cards_obtained":["Bite","Bite","Bite","Bite","Bite"]},{"damage_healed":0.0,"max_hp_gain":0.0,"max_hp_loss":0.0,"gold_gain":0.0,"event_name":"Cursed Tome","player_choice":"Obtained Book","floor":29.0,"gold_loss":0.0,"damage_taken":21.0},{"damage_healed":0.0,"max_hp_gain":0.0,"max_hp_loss":0.0,"gold_gain":0.0,"event_name":"Masked Bandits","player_choice":"Paid Fearfully","floor":30.0,"gold_loss":117.0,"damage_taken":0.0},{"damage_healed":0.0,"max_hp_gain":0.0,"max_hp_loss":0.0,"gold_gain":275.0,"event_name":"Golden Shrine","player_choice":"Desecrate","floor":36.0,"gold_loss":0.0,"damage_taken":0.0,"cards_obtained":["Regret"]},{"damage_healed":48.0,"max_hp_gain":0.0,"max_hp_loss":10.0,"gold_gain":0.0,"event_name":"The Moai Head","player_choice":"Heal","floor":37.0,"gold_loss":0.0,"damage_taken":0.0},{"damage_healed":0.0,"max_hp_gain":0.0,"max_hp_loss":0.0,"gold_gain":0.0,"event_name":"Transmorgrifier","player_choice":"Ignored","floor":38.0,"gold_loss":0.0,"damage_taken":0.0},{"damage_healed":0.0,"max_hp_gain":0.0,"max_hp_loss":0.0,"gold_gain":0.0,"event_name":"Tomb of Lord Red Mask","player_choice":"Ignored","floor":39.0,"gold_loss":0.0,"damage_taken":0.0}],"is_beta":false,"boss_relics":[{"not_picked":["Calling Bell","Astrolabe"],"picked":"Mark of Pain"},{"not_picked":["Cursed Key","Runic Dome"],"picked":"SlaversCollar"}],"items_purged_floors":[5,41],"is_endless":false,"potions_floor_spawned":[6,14,18,31,35,42],"killed_by":"Giant Head","ascension_level":19}}