{"host":"2ica2wc1gg7guzbw","time":1611054571,"event":{"mods":["BaseMod","Colored Map","Minty Spire (QoL Compilation)","Replay The Spire","Shop Mod","StSLib"],"gold_per_floor":[109,109,109,124,135,168,168,201,224,236,271,271,285,80,80,154,154,173,188,188,113,132,132,148,148,148],"floor_reached":25,"language":"RUS","playtime":1193,"items_purged":["Strike_B"],"score":446,"play_id":"c169cc25-99f7-442b-9beb-052adb25a13c","local_time":"20210119150931","is_ascension_mode":true,"campfire_choices":[{"data":"Streamline","floor":7.0,"key":"SMITH"},{"floor":12.0,"key":"REST"},{"floor":15.0,"key":"REST"},{"data":"ReplayTheSpireMod:Calculation Training","floor":23.0,"key":"SMITH"}],"circlet_count":0,"master_deck":["AscendersBane","Defend_B","Defend_B","Defend_B","Defend_B","Zap+1","Dualcast","Conserve Battery","Cold Snap","Streamline+1","Melter","ReplayTheSpireMod:Calculation Training+1","White Noise","FIFO Queue","Glacier","ReplayTheSpireMod:Omega Cannon","Coolheaded","Hologram","Beam Cell","FIFO Queue","Coolheaded"],"relics":["Cracked Core","NeowsBlessing","Smiling Mask","Replay:Rubber Ducky","FossilizedHelix","ChewingGum"],"acts_visited":["Exordium","TheCity"],"potions_floor_usage":[],"damage_taken":[{"damage":0.0,"enemies":"2 Louse","floor":1.0,"turns":1.0},{"damage":0.0,"enemies":"Small Slimes","floor":4.0,"turns":1.0},{"damage":0.0,"enemies":"Cultist","floor":5.0,"turns":1.0},{"damage":18.0,"enemies":"3 Sentries","floor":6.0,"turns":9.0},{"damage":21.0,"enemies":"Gremlin Nob","floor":8.0,"turns":4.0},{"damage":6.0,"enemies":"Gremlin Gang","floor":10.0,"turns":5.0},{"damage":16.0,"enemies":"3 Sentries","floor":11.0,"turns":7.0},{"damage":8.0,"enemies":"Exordium Thugs","floor":13.0,"turns":4.0},{"damage":12.0,"enemies":"Fading Forest","floor":16.0,"turns":13.0},{"damage":0.0,"enemies":"Spheric Guardian","floor":18.0,"turns":3.0},{"damage":12.0,"enemies":"Shell Parasite","floor":19.0,"turns":5.0},{"damage":0.0,"enemies":"Cultist and Chosen","floor":22.0,"turns":11.0},{"damage":32,"enemies":"Shelled Parasite and Fungi","floor":24,"turns":5},{"damage":42,"enemies":"Gremlin Leader","floor":25,"turns":5}],"seed_played":"8049796402638911877","potions_obtained":[{"floor":6.0,"key":"Weak Potion"},{"floor":11.0,"key":"SneckoOil"},{"floor":16.0,"key":"FairyPotion"},{"floor":18.0,"key":"SneckoOil"}],"is_trial":false,"path_per_floor":["M","?","?","M","M","E","R","E","T","M","E","R","M","$","R","B",null,"M","M","?","?","M","R","M","E"],"character_chosen":"DEFECT","items_purchased":["FIFO Queue","Glacier"],"campfire_rested":2,"item_purchase_floors":[14,14],"current_hp_per_floor":[64,64,64,64,64,46,46,25,25,19,3,24,16,16,37,25,60,60,48,48,48,48,48,16,0,0],"gold":148,"neow_bonus":"THREE_ENEMY_KILL","is_daily":false,"chose_seed":false,"campfire_upgraded":2,"win_rate":0.0,"timestamp":1611054571,"path_taken":["M","?","?","M","?","E","R","E","T","M","E","R","?","$","R","BOSS","M","M","?","?","M","R","M","E"],"items_purchased_type":["Card","Card"],"build_version":"2020-12-22","purchased_purges":1,"victory":false,"max_hp_per_floor":[71,71,71,71,71,71,71,71,71,71,71,71,71,71,71,71,71,71,71,71,71,71,71,71,71,71],"card_choices":[{"not_picked":["Leap","Sweeping Beam"],"picked":"Conserve Battery","floor":1.0},{"not_picked":["Rebound","Redo"],"picked":"Cold Snap","floor":4.0},{"not_picked":["Self Repair","Reboot"],"picked":"Streamline","floor":5.0},{"not_picked":["Barrage","Force Field","ReplayTheSpireMod:GoodbyeWorld"],"picked":"SKIP","floor":6.0},{"not_picked":["Lockon","Darkness","Turbo"],"picked":"SKIP","floor":8.0},{"not_picked":["Gash","Consume"],"picked":"Melter","floor":10.0},{"not_picked":["Buffer","Conserve Battery"],"picked":"ReplayTheSpireMod:Calculation Training","floor":11.0},{"not_picked":["Leap","Stack"],"picked":"White Noise","floor":13.0},{"not_picked":["Core Surge","Meteor Strike"],"picked":"ReplayTheSpireMod:Omega Cannon","floor":16.0},{"not_picked":["Lockon","Blizzard"],"picked":"Coolheaded","floor":18.0},{"not_picked":["Rebound","Compile Driver"],"picked":"Hologram","floor":19.0},{"not_picked":["Barrage","Hologram"],"picked":"FIFO Queue","floor":22.0},{"not_picked":["Aggregate+1","Conserve Battery"],"picked":"Coolheaded","floor":24}],"player_experience":920398,"relics_obtained":[{"floor":6.0,"key":"Smiling Mask"},{"floor":8.0,"key":"Replay:Rubber Ducky"},{"floor":11.0,"key":"FossilizedHelix"}],"event_choices":[{"cards_removed":["Strike_B"],"damage_healed":0.0,"max_hp_gain":0.0,"max_hp_loss":0.0,"gold_gain":0.0,"event_name":"Bonfire Elementals","player_choice":"Offered Basic","floor":3.0,"gold_loss":0.0,"damage_taken":0.0},{"damage_healed":0.0,"max_hp_gain":0.0,"max_hp_loss":0.0,"gold_gain":0.0,"cards_transformed":["Strike_B","Strike_B"],"event_name":"Drug Dealer","player_choice":"Became Test Subject","floor":20.0,"gold_loss":0.0,"damage_taken":0.0,"cards_obtained":["ReplayTheSpireMod:GoodbyeWorld","Beam Cell"]},{"cards_removed":["ReplayTheSpireMod:GoodbyeWorld"],"damage_healed":0.0,"max_hp_gain":0.0,"max_hp_loss":0.0,"gold_gain":0.0,"event_name":"Beggar","player_choice":"Gave Gold","floor":21.0,"gold_loss":75.0,"damage_taken":0.0}],"is_beta":false,"boss_relics":[{"not_picked":["Ectoplasm","Calling Bell"],"picked":"ChewingGum"}],"items_purged_floors":[14],"is_endless":false,"potions_floor_spawned":[6,11,16,18],"killed_by":"Gremlin Leader","ascension_level":20}}