{"host":"8i4doyxqctgl5qb0","time":1611076959,"event":{"mods":["AchievementEnabler","BaseMod","Block Reminder","Colored Powertips","Downfall","Minty Spire (QoL Compilation)","Permanent Neow","Potion Indicator Mod","Rare Cards Sparkle","StSLib","SuperFastMode","The Jungle"],"gold_per_floor":[99,99,99,24,24,24,77,91,91,191,37,212,12,26,38,134,134,134,147,147,147,159,187,187,213,113,123,123,123,142,142,162,257,257,257,273,273,292,306,322,322,137,154,182,182,8,26,26,39,39,39,66,17,17,17,17],"floor_reached":57,"language":"ZHS","playtime":2611,"items_purged":["bronze:Strike","Doubt","downfall:Malfunctioning"],"score":1085,"play_id":"eb631cfc-5a0b-4e07-a295-467bb49d187d","local_time":"20210120012239","is_ascension_mode":false,"campfire_choices":[{"floor":1.0,"key":"RECALL"},{"data":"bronze:Terminator","floor":6.0,"key":"SMITH"},{"data":"bronze:DelayedSlice","floor":9.0,"key":"SMITH"},{"data":"bronze:Format","floor":13.0,"key":"SMITH"},{"data":"bronze:RecursiveStrike","floor":18.0,"key":"SMITH"},{"floor":26.0,"key":"REST"},{"data":"bronze:GetLatest","floor":29.0,"key":"SMITH"},{"data":"bronze:SpaghettiCode","floor":35.0,"key":"SMITH"},{"floor":54.0,"key":"REST"}],"circlet_count":0,"master_deck":["bronze:Strike","bronze:Strike","bronze:Strike","bronze:Defend","bronze:Defend","bronze:Defend+1","bronze:Defend","bronze:Replicate","bronze:Goto+1","bronze:DelayedSlice+1","bronze:ForceShield","bronze:Terminator+1","bronze:DarkDash","Decay","Doubt","bronze:ShipIt","Injury","bronze:DelayedSlice","bronze:Format+1","bronze:BronzeOrb","bronze:Branch","bronze:RecursiveStrike+1","bronze:GetLatest+1","bronze:Boost","bronze:Iterate","bronze:BurnOut","bronze:Branch+1","bronze:DelayedSlice","bronze:SpaghettiCode+1","RitualDagger+1","bronze:Boost+1","bronze:HyperBeam","bronze:FineTuning+1","bronze:MaxOutput","bronze:AlphaBuild","bronze:DelayedGuard+1","bronze:Frontload+1","bronze:Turbo","bronze:DarkDash","bronze:Optimize","bronze:Frontload+1","bronze:ItsAFeature","bronze:Repair","bronze:FindAndReplace","bronze:BuggyMess","bronze:GetLatest"],"relics":["bronze:BronzeCore","downfall:HeartsMalice","Du-Vu Doll","downfall:HeartBlessingRed","downfall:HeartBlessingBlue","bronze:MakeshiftBattery","Blood Vial","Matryoshka","War Paint","downfall:HeartBlessingGreen","Busted Crown","Smiling Mask","Kunai","Pen Nib","bronze:BottledCode","Chemical X","Strawberry","Orichalcum"],"acts_visited":["Exordium","TheCity","TheBeyond","TheEnding"],"potions_floor_usage":[],"damage_taken":[{"damage":0.0,"enemies":"Cultist","floor":2.0,"turns":1.0},{"damage":0.0,"enemies":"Jaw Worm","floor":3.0,"turns":1.0},{"damage":0.0,"enemies":"downfall:FleeingMerchant","floor":4.0,"turns":1.0},{"damage":10.0,"enemies":"Small Slimes","floor":8.0,"turns":4.0},{"damage":10.0,"enemies":"downfall:FleeingMerchant","floor":11.0,"turns":4.0},{"damage":3.0,"enemies":"3 Louse","floor":14.0,"turns":2.0},{"damage":0.0,"enemies":"Lots of Slimes","floor":15.0,"turns":3.0},{"damage":55.0,"enemies":"DF_ARCHETYPE_STREAMLINE","floor":16.0,"turns":8.0},{"damage":6.0,"enemies":"Shell Parasite","floor":19.0,"turns":3.0},{"damage":0.0,"enemies":"Chosen","floor":21.0,"turns":1.0},{"damage":1.0,"enemies":"Shelled Parasite and Fungi","floor":22.0,"turns":3.0},{"damage":1.0,"enemies":"Gremlin Leader","floor":23.0,"turns":3.0},{"damage":9.0,"enemies":"Slavers","floor":25.0,"turns":3.0},{"damage":4.0,"enemies":"Centurion and Healer","floor":27.0,"turns":4.0},{"damage":0.0,"enemies":"3 Cultists","floor":30.0,"turns":4.0},{"damage":0.0,"enemies":"Snake Plant","floor":32.0,"turns":2.0},{"damage":70.0,"enemies":"IC_MUSHROOM_ARCHETYPE","floor":33.0,"turns":6.0},{"damage":0.0,"enemies":"Orb Walker","floor":36.0,"turns":2.0},{"damage":0.0,"enemies":"3 Shapes","floor":38.0,"turns":1.0},{"damage":0.0,"enemies":"Transient","floor":39.0,"turns":5.0},{"damage":0.0,"enemies":"Spire Growth","floor":40.0,"turns":2.0},{"damage":2.0,"enemies":"downfall:FleeingMerchant","floor":42.0,"turns":4.0},{"damage":0.0,"enemies":"Jaw Worm Horde","floor":43.0,"turns":3.0},{"damage":22.0,"enemies":"Reptomancer","floor":44.0,"turns":4.0},{"damage":0.0,"enemies":"downfall:FleeingMerchant","floor":46.0,"turns":1.0},{"damage":0.0,"enemies":"Writhing Mass","floor":47.0,"turns":5.0},{"damage":0.0,"enemies":"Transient","floor":49.0,"turns":5.0},{"damage":19.0,"enemies":"SI_POISON_ARCHETYPE","floor":50.0,"turns":8.0},{"damage":20.0,"enemies":"downfall:CharBossMerchant","floor":52.0,"turns":8.0},{"damage":60.0,"enemies":"downfall:NeowBoss","floor":55.0,"turns":13.0},{"damage":15,"enemies":"downfall:NeowBoss","floor":56,"turns":15}],"seed_played":"2073370016871384263","potions_obtained":[{"floor":8.0,"key":"Swift Potion"},{"floor":14.0,"key":"Energy Potion"},{"floor":15.0,"key":"Weak Potion"},{"floor":16.0,"key":"SneckoOil"},{"floor":22.0,"key":"FearPotion"},{"floor":25.0,"key":"GamblersBrew"},{"floor":30.0,"key":"FearPotion"},{"floor":31.0,"key":"CultistPotion"},{"floor":32.0,"key":"bronze:CleanCodePotion"},{"floor":38.0,"key":"EntropicBrew"},{"floor":39.0,"key":"LiquidMemories"},{"floor":40.0,"key":"Dexterity Potion"},{"floor":49.0,"key":"Energy Potion"}],"is_trial":false,"path_per_floor":["R","M","M","$","?","R","T","M","R","?","$","?","R","M","M","B",null,"R","M","?","M","M","E","T","E","R","M","?","R","M","?","M","B",null,"R","M","?","M","M","M","T","$","M","E","?","$","M","?","M","B",null,"E","$","R","B","B",null],"character_chosen":"THE_AUTOMATON","items_purchased":["bronze:Format","bronze:DarkDash","bronze:Optimize","bronze:ItsAFeature","Chemical X","Strawberry","bronze:Repair","PowerPotion"],"campfire_rested":2,"item_purchase_floors":[11,42,42,46,46,46,46,53],"current_hp_per_floor":[70,70,70,70,70,70,70,60,60,65,55,55,65,62,62,7,85,85,79,63,63,62,61,61,54,81,79,79,79,81,81,83,15,90,90,90,90,90,90,90,90,88,90,68,68,77,79,79,81,74,87,67,67,87,34,28],"gold":17,"neow_bonus":"THREE_ENEMY_KILL","is_daily":false,"chose_seed":false,"campfire_upgraded":6,"win_rate":0.0,"timestamp":1611076959,"path_taken":["R","M","M","$","?","R","T","M","R","?","$","?","R","M","M","BOSS","R","M","?","M","M","E","T","E","R","M","?","R","M","?","M","BOSS","R","M","?","M","?","M","T","$","M","E","?","$","M","?","M","BOSS","E","$","R","BOSS","BOSS"],"items_purchased_type":["Card","Card","Card","Card","Relic","Relic","Card","Potion"],"build_version":"2020-12-22","purchased_purges":3,"victory":true,"max_hp_per_floor":[70,70,70,70,70,70,70,70,70,75,75,75,85,85,85,85,85,85,85,90,90,90,90,90,90,90,90,90,90,90,90,90,90,90,90,90,90,90,90,90,90,90,90,90,80,87,87,87,87,87,87,87,87,87,87,87],"card_choices":[{"not_picked":["bronze:Allocate","bronze:DelayedGuard"],"picked":"bronze:DelayedSlice","floor":2.0},{"not_picked":["bronze:Return","bronze:Invalidate"],"picked":"bronze:ForceShield","floor":3.0},{"not_picked":["bronze:Invalidate","bronze:DigitalCarnage"],"picked":"bronze:Terminator","floor":4.0},{"not_picked":["bronze:Deprecate","bronze:Shield"],"picked":"bronze:DarkDash","floor":8.0},{"not_picked":["bronze:Shell","bronze:Shield"],"picked":"bronze:DelayedSlice","floor":11.0},{"not_picked":["bronze:Fortify","bronze:Frontload"],"picked":"bronze:BronzeOrb","floor":14.0},{"not_picked":["bronze:Shield","bronze:Overheat"],"picked":"bronze:Branch","floor":15.0},{"not_picked":["bronze:Assembly","bronze:Verify"],"picked":"bronze:RecursiveStrike","floor":16.0},{"not_picked":["bronze:BuggyMess","bronze:DelayedSlice"],"picked":"bronze:GetLatest","floor":19.0},{"not_picked":["bronze:Separator","bronze:BugBarrage+1"],"picked":"bronze:Boost","floor":21.0},{"not_picked":["bronze:CutThrough+1","bronze:OilSpill"],"picked":"bronze:Iterate","floor":22.0},{"not_picked":["bronze:BitShift","bronze:Shield"],"picked":"bronze:BurnOut","floor":23.0},{"not_picked":["bronze:BuggyMess+1","bronze:Deprecate"],"picked":"bronze:Branch+1","floor":25.0},{"not_picked":["bronze:Deprecate","bronze:Turbo"],"picked":"bronze:DelayedSlice","floor":27.0},{"not_picked":["bronze:WildBeam","bronze:OilSpill"],"picked":"bronze:SpaghettiCode","floor":30.0},{"not_picked":["bronze:Frontload","bronze:BronzeArmor"],"picked":"bronze:Boost+1","floor":32.0},{"not_picked":["bronze:Verify","bronze:ThunderWave"],"picked":"bronze:HyperBeam","floor":33.0},{"not_picked":[],"picked":"bronze:FineTuning+1","floor":36.0},{"not_picked":[],"picked":"bronze:DelayedGuard+1","floor":38.0},{"not_picked":[],"picked":"bronze:Frontload+1","floor":39.0},{"not_picked":["bronze:Backtrace"],"picked":"SKIP","floor":40.0},{"not_picked":[],"picked":"bronze:Turbo","floor":42.0},{"not_picked":[],"picked":"bronze:Frontload+1","floor":43.0},{"not_picked":["bronze:Fortify"],"picked":"SKIP","floor":44.0},{"not_picked":[],"picked":"bronze:FindAndReplace","floor":47.0},{"not_picked":[],"picked":"bronze:BuggyMess","floor":49.0},{"not_picked":[],"picked":"bronze:GetLatest","floor":52.0}],"player_experience":224168,"relics_obtained":[{"floor":23.0,"key":"Blood Vial"},{"floor":24.0,"key":"Matryoshka"},{"floor":25.0,"key":"War Paint"},{"floor":41.0,"key":"Smiling Mask"},{"floor":41.0,"key":"Kunai"},{"floor":44.0,"key":"Pen Nib"},{"floor":52.0,"key":"Orichalcum"}],"event_choices":[{"damage_healed":0.0,"max_hp_gain":0.0,"max_hp_loss":0.0,"gold_gain":0.0,"event_name":"NoteForYourself","player_choice":"Ignored","floor":48.0,"gold_loss":0.0,"damage_taken":0.0}],"is_beta":false,"boss_relics":[{"not_picked":["Astrolabe","Tiny House"],"picked":"bronze:MakeshiftBattery"},{"not_picked":["Black Star","SlaversCollar"],"picked":"Busted Crown"}],"items_purged_floors":[4,42,46],"is_endless":false,"potions_floor_spawned":[8,14,15,16,22,25,30,32,38,39,40,49],"ascension_level":0}}