{"host":"df48i9djcn92c5sx","time":1611062782,"event":{"mods":["BaseMod","Downfall","Marisa£®ÏF”Í°°ƒß¿Ì…≥£©","Minty Spire (QoL Compilation)","READ ME - Guardian Mod","READ ME - Snecko Mod","Reimu£®≤©¿ˆ¡È√Œ£©","Remilia£®¿Ÿ√◊¿Ú—«£©","Shop Mod","StSLib","The Jungle","The Servant 0.9.4"],"gold_per_floor":[99,99,99,199,199,226,277,277,295,295,295,295,295,324,343,441,441,441,451,468,480,497,509,509,509,509,521,550,560,560,560,560],"floor_reached":31,"language":"ZHS","playtime":1289,"items_purged":[],"score":327,"play_id":"e0600f3c-2353-4300-bdc7-1d86db5de3ca","local_time":"20210119212622","is_ascension_mode":true,"campfire_choices":[{"data":"bronze:Replicate","floor":1.0,"key":"SMITH"},{"data":"bronze:DigitalCarnage","floor":8.0,"key":"SMITH"},{"data":"bronze:Backtrace","floor":10.0,"key":"SMITH"},{"data":"bronze:Boost","floor":12.0,"key":"SMITH"},{"data":"bronze:MaxOutput","floor":18.0,"key":"SMITH"},{"floor":30,"key":"REST"}],"circlet_count":0,"master_deck":["bronze:Strike+1","bronze:Strike","bronze:Strike","bronze:Strike","bronze:Replicate+1","bronze:Goto+1","bronze:Boost+1","bronze:Backtrace+1","bronze:DigitalCarnage+1","bronze:DelayedGuard","downfall:Malfunctioning","bronze:MaxOutput+1","bronze:Format","bronze:Verify","bronze:Branch+1","bronze:OilSpill","bronze:Iterate","bronze:BurnOut","theJungle:Gourd","theJungle:Gourd","theJungle:Gourd","theJungle:Gourd","theJungle:Gourd","bronze:Philosophize","bronze:Constructor+1","bronze:DelayedSlice+1"],"relics":["bronze:BronzeCore","downfall:HeartsMalice","Mastiff:ReiMu","Dream Catcher","sneckomod:SneckoTalon","White Beast Statue","ScarletDevilRocket"],"acts_visited":["Exordium","theJungle:Jungle"],"potions_floor_usage":[27,28,28,31,31],"damage_taken":[{"damage":0.0,"enemies":"2 Louse","floor":2.0,"turns":1.0},{"damage":0.0,"enemies":"Cultist","floor":3.0,"turns":1.0},{"damage":0.0,"enemies":"Jaw Worm","floor":5.0,"turns":1.0},{"damage":30.0,"enemies":"3 Sentries","floor":6.0,"turns":10.0},{"damage":0.0,"enemies":"3 Louse","floor":9.0,"turns":3.0},{"damage":0.0,"enemies":"Gremlin Nob","floor":14.0,"turns":1.0},{"damage":8.0,"enemies":"Large Slime","floor":15.0,"turns":4.0},{"damage":24.0,"enemies":"SI_SHIV_ARCHETYPE","floor":16.0,"turns":10.0},{"damage":6.0,"enemies":"theJungle:Flameango_and_Byrd","floor":19.0,"turns":5.0},{"damage":1,"enemies":"theJungle:GiantWrat","floor":20,"turns":5},{"damage":13,"enemies":"theJungle:Snecko_Cultist_And_Trap","floor":21,"turns":5},{"damage":2,"enemies":"theJungle:2_Snecko_Cultists","floor":22,"turns":4},{"damage":12,"enemies":"theJungle:Lyon","floor":23,"turns":5},{"damage":2,"enemies":"theJungle:JungleHuntersEncounter","floor":27,"turns":6},{"damage":8,"enemies":"theJungle:2_Phrogs","floor":28,"turns":7},{"damage":28,"enemies":"Snake Plant","floor":29,"turns":3},{"damage":42,"enemies":"DF_ARCHETYPE_CLAW","floor":31,"turns":5}],"seed_played":"5439406335039006894","potions_obtained":[{"floor":6.0,"key":"SteroidPotion"},{"floor":9.0,"key":"Block Potion"},{"floor":15.0,"key":"EssenceOfSteel"},{"floor":16.0,"key":"Block Potion"},{"floor":19.0,"key":"champ:CounterPotion"},{"floor":21,"key":"SteroidPotion"},{"floor":27,"key":"Fire Potion"},{"floor":28,"key":"BlessingOfTheForge"},{"floor":29,"key":"Strength Potion"}],"is_trial":false,"path_per_floor":["R","M","M","?","M","E","T","R","M","R","?","R","?","E","M","B",null,"R","M","M","M","M","M","T","?","?","M","E","M","R","B"],"character_chosen":"THE_AUTOMATON","items_purchased":[],"campfire_rested":1,"item_purchase_floors":[],"current_hp_per_floor":[70,70,70,70,70,40,40,40,40,40,40,40,45,45,37,13,75,75,69,68,55,53,41,41,41,41,39,31,3,25,0,0],"gold":560,"neow_bonus":"THREE_ENEMY_KILL","is_daily":false,"chose_seed":false,"campfire_upgraded":5,"win_rate":0.0,"timestamp":1611062782,"path_taken":["R","M","M","?","?","E","T","R","M","R","?","R","?","E","M","BOSS","R","M","M","M","M","M","T","?","?","M","E","M","R","BOSS"],"items_purchased_type":[],"build_version":"2020-12-22","purchased_purges":0,"victory":false,"max_hp_per_floor":[70,70,70,70,70,70,70,70,70,70,70,70,75,75,75,75,75,75,75,75,75,75,75,75,75,75,75,75,75,75,75,75],"card_choices":[{"not_picked":["bronze:Safeguard","bronze:Invalidate"],"picked":"bronze:Boost","floor":2.0},{"not_picked":["bronze:Overheat","bronze:BitShift","bronze:Separator"],"picked":"SKIP","floor":3.0},{"not_picked":["bronze:Separator","bronze:Branch"],"picked":"bronze:Backtrace","floor":5.0},{"not_picked":["bronze:Branch","bronze:Allocate"],"picked":"bronze:DigitalCarnage","floor":6.0},{"not_picked":["bronze:ClassDefault","bronze:BuggyMess"],"picked":"bronze:DelayedGuard","floor":9.0},{"not_picked":["bronze:NullPointer","bronze:Terminator"],"picked":"bronze:MaxOutput","floor":14.0},{"not_picked":["bronze:Deprecate","bronze:Frontload"],"picked":"bronze:Format","floor":15.0},{"not_picked":["bronze:FindAndReplace","bronze:RecursiveStrike"],"picked":"bronze:Verify","floor":16.0},{"not_picked":["bronze:Terminator+1","bronze:Refactor+1"],"picked":"bronze:Branch+1","floor":19.0},{"not_picked":["bronze:DelayedGuard","bronze:WildBeam"],"picked":"bronze:OilSpill","floor":20},{"not_picked":["bronze:Turbo","bronze:DelayedSlice"],"picked":"bronze:Iterate","floor":21},{"not_picked":["bronze:BronzeArmor","bronze:BitShift","bronze:DelayedGuard+1"],"picked":"SKIP","floor":22},{"not_picked":["bronze:Iterate","bronze:Refactor"],"picked":"bronze:BurnOut","floor":23},{"not_picked":["bronze:BitShift","bronze:MaxOutput+1"],"picked":"bronze:Philosophize","floor":27},{"not_picked":["bronze:Deprecate","bronze:Repulsor","bronze:Invalidate"],"picked":"SKIP","floor":28},{"not_picked":["bronze:Frontload","bronze:WildBeam"],"picked":"bronze:Constructor+1","floor":29},{"not_picked":["bronze:WildBeam","bronze:ItsAFeature"],"picked":"bronze:DelayedSlice+1","floor":30}],"player_experience":1438668,"relics_obtained":[{"floor":6.0,"key":"Mastiff:ReiMu"},{"floor":14.0,"key":"Dream Catcher"},{"floor":24,"key":"White Beast Statue"},{"floor":28,"key":"ScarletDevilRocket"}],"event_choices":[{"damage_healed":0.0,"max_hp_gain":5.0,"max_hp_loss":0.0,"gold_gain":0.0,"event_name":"Big Fish","player_choice":"Donut","floor":13.0,"gold_loss":0.0,"damage_taken":0.0}],"is_beta":false,"boss_relics":[{"not_picked":["bronze:PlatinumCore","Empty Cage"],"picked":"sneckomod:SneckoTalon"}],"items_purged_floors":[],"is_endless":false,"potions_floor_spawned":[6,9,15,16,19,21,23,27,28,29],"killed_by":"DF_ARCHETYPE_CLAW","ascension_level":1}}