{"host":"chv1qanoipyt46jc","time":1611034366,"event":{"mods":["2.2 Compatiblity","AchievementEnabler","BaseMod","BetterRewards","CapriCore","Card Filter","Evolution","Gold Saver","Grow up Mod","Kratos Character Expansion","Minty Spire (QoL Compilation)","Rare Cards Sparkle","Relic Filter","Remove Card Discount Mod","Reorder Act Four","StSLib"],"gold_per_floor":[958,976,976,994,1008,1037,1037,1053,1053,1082,1082,1101,1111,1125,1125,1226,1226,1240,1258,1269,1283,1283,1315,1327,1359,1383,1414,1414,1427,1445,1445,1445,1550,1550,1566,1583,1602,1620,1637,1637,1647,1674,1674,1674,1685,1700,1713,1731,1731,1731,1731,1729,1729,1755,1755],"floor_reached":56,"language":"ENG","playtime":1353,"items_purged":["KratosMod:ShieldBash","KratosMod:Defend_K","KratosMod:Defend_K","KratosMod:Defend_K","KratosMod:Defend_K","KratosMod:ShieldBash","KratosMod:ShieldBash","KratosMod:ShieldBash","KratosMod:Tempor+1"],"score":1715,"play_id":"c37f5e84-5a6f-45aa-8eeb-9ebc191b348d","local_time":"20210118233246","is_ascension_mode":false,"campfire_choices":[{"data":"KratosMod:BladeWhip","floor":7,"key":"SMITH"},{"data":"KratosMod:BladeWhip","floor":11,"key":"SMITH"},{"data":"KratosMod:Tempor","floor":15,"key":"SMITH"},{"floor":28,"key":"RECALL"},{"floor":32,"key":"REST"},{"data":"KratosMod:Revenge","floor":40,"key":"SMITH"}],"circlet_count":0,"master_deck":["KratosMod:cyclone+1","KratosMod:AthenaBane","KratosMod:BladeWhip+1","KratosMod:BladeWhip+1","KratosMod:Revenge+1"],"relics":["KratosMod:eagle","EVO:Axolotl","Membership Card","Gremlin Horn","Medical Kit","Shuriken","Potion Belt","Orichalcum","Runic Dome","Oddly Smooth Stone","Calipers","Whetstone","HornCleat","Meat on the Bone","Coffee Dripper","Question Card","Bag of Preparation","InkBottle"],"acts_visited":["Exordium","TheCity","TheBeyond","TheEnding"],"potions_floor_usage":[55,55,55,55],"damage_taken":[{"damage":11,"enemies":"Jaw Worm","floor":1,"turns":2},{"damage":0,"enemies":"Cultist","floor":2,"turns":2},{"damage":0,"enemies":"2 Louse","floor":4,"turns":1},{"damage":0,"enemies":"Exordium Wildlife","floor":5,"turns":1},{"damage":18,"enemies":"Lagavulin","floor":6,"turns":3},{"damage":0,"enemies":"Lots of Slimes","floor":8,"turns":1},{"damage":0,"enemies":"Gremlin Nob","floor":10,"turns":2},{"damage":0,"enemies":"Looter","floor":12,"turns":1},{"damage":0,"enemies":"Large Slime","floor":13,"turns":2},{"damage":0,"enemies":"3 Louse","floor":14,"turns":1},{"damage":18,"enemies":"The Guardian","floor":16,"turns":3},{"damage":4,"enemies":"Chosen","floor":18,"turns":2},{"damage":0,"enemies":"Spheric Guardian","floor":19,"turns":2},{"damage":0,"enemies":"3 Cultists","floor":20,"turns":2},{"damage":0,"enemies":"Sentry and Sphere","floor":21,"turns":2},{"damage":6,"enemies":"Book of Stabbing","floor":23,"turns":2},{"damage":4,"enemies":"Cultist and Chosen","floor":24,"turns":2},{"damage":14,"enemies":"Slavers","floor":25,"turns":2},{"damage":0,"enemies":"Gremlin Leader","floor":27,"turns":2},{"damage":0,"enemies":"Centurion and Healer","floor":29,"turns":1},{"damage":0,"enemies":"Snake Plant","floor":30,"turns":2},{"damage":0,"enemies":"Automaton","floor":33,"turns":2},{"damage":12,"enemies":"3 Darklings","floor":35,"turns":2},{"damage":4,"enemies":"Orb Walker","floor":36,"turns":2},{"damage":14,"enemies":"3 Darklings","floor":37,"turns":2},{"damage":22,"enemies":"4 Shapes","floor":38,"turns":2},{"damage":0,"enemies":"Spire Growth","floor":39,"turns":2},{"damage":0,"enemies":"Sphere and 2 Shapes","floor":41,"turns":1},{"damage":0,"enemies":"Reptomancer","floor":42,"turns":2},{"damage":0,"enemies":"Transient","floor":45,"turns":3},{"damage":0,"enemies":"3 Darklings","floor":46,"turns":1},{"damage":12,"enemies":"4 Shapes","floor":47,"turns":1},{"damage":0,"enemies":"Jaw Worm Horde","floor":48,"turns":1},{"damage":15,"enemies":"Time Eater","floor":50,"turns":2},{"damage":0,"enemies":"Shield and Spear","floor":54,"turns":2},{"damage":89,"enemies":"The Heart","floor":55,"turns":4}],"seed_played":"4555531995034272942","potions_obtained":[{"floor":8,"key":"Energy Potion"},{"floor":10,"key":"Regen Potion"},{"floor":20,"key":"SkillPotion"},{"floor":21,"key":"SpeedPotion"},{"floor":29,"key":"SkillPotion"},{"floor":36,"key":"Dexterity Potion"}],"is_trial":false,"path_per_floor":["M","M","?","M","M","E","R","M","T","E","R","M","M","M","R","B",null,"M","M","M","M","?","E","M","E","T","E","R","M","M","?","R","B",null,"M","M","M","M","M","R","M","E","T","R","M","M","M","M","R","B",null,"$","R","E","B",null],"character_chosen":"KRATOS","items_purchased":["KratosMod:BladeWhip","KratosMod:BladeWhip","Membership Card","Gremlin Horn","Medical Kit","Shuriken","KratosMod:Tempor"],"campfire_rested":1,"item_purchase_floors":[0,0,0,0,0,0,0],"current_hp_per_floor":[36,46,56,66,76,68,78,88,98,108,118,128,138,148,158,150,244,250,260,270,280,290,294,300,296,306,316,326,336,346,356,394,404,414,412,418,414,402,412,422,432,442,452,462,472,482,480,490,500,495,584,594,604,614,542],"gold":1755,"neow_bonus":"","is_daily":false,"chose_seed":false,"campfire_upgraded":4,"win_rate":0.0,"timestamp":1611034366,"path_taken":["M","M","?","M","M","E","R","?","T","E","R","M","M","?","R","BOSS","M","M","M","M","?","E","M","E","T","E","R","M","M","?","R","BOSS","M","M","M","M","M","R","M","E","T","R","M","M","M","M","R","BOSS","$","R","E","BOSS"],"items_purchased_type":["Card","Card","Relic","Relic","Relic","Relic","Card"],"build_version":"2020-12-22","purchased_purges":9,"victory":true,"max_hp_per_floor":[84,94,104,114,124,134,144,154,164,174,184,194,204,214,224,234,244,254,264,274,284,294,304,314,324,334,344,354,364,374,384,394,404,414,424,434,444,454,464,474,484,494,504,514,524,534,544,554,564,574,584,594,604,614,624],"card_choices":[{"not_picked":["KratosMod:Roll","KratosMod:settle","KratosMod:Tempor"],"picked":"SKIP","floor":1},{"not_picked":["KratosMod:conjuresoul","KratosMod:ShieldBash","KratosMod:SmashStone"],"picked":"SKIP","floor":2},{"not_picked":["KratosMod:Tempor","KratosMod:BladeWhip","KratosMod:Endure"],"picked":"SKIP","floor":4},{"not_picked":["KratosMod:SmashStone","KratosMod:Tempor","KratosMod:conjuresoul"],"picked":"SKIP","floor":5},{"not_picked":["KratosMod:SmashStone","KratosMod:Endure","KratosMod:ShieldBash"],"picked":"SKIP","floor":6},{"not_picked":["KratosMod:Endure","KratosMod:blades","KratosMod:Tempor"],"picked":"SKIP","floor":8},{"not_picked":["KratosMod:BladeWhip","KratosMod:Tempor","KratosMod:blades"],"picked":"SKIP","floor":10},{"not_picked":["KratosMod:rattle","KratosMod:BladeWhip","KratosMod:Roll"],"picked":"SKIP","floor":12},{"not_picked":["KratosMod:Endure","KratosMod:Roll","KratosMod:ShieldBash"],"picked":"SKIP","floor":13},{"not_picked":["KratosMod:ShieldBash","KratosMod:styx","KratosMod:Endure"],"picked":"SKIP","floor":14},{"not_picked":["KratosMod:settle","KratosMod:ShieldBash","KratosMod:Endure"],"picked":"SKIP","floor":18},{"not_picked":["KratosMod:settle","KratosMod:Endure","KratosMod:SmashStone"],"picked":"SKIP","floor":19},{"not_picked":["KratosMod:Tempor","KratosMod:Endure","KratosMod:conjuresoul"],"picked":"SKIP","floor":20},{"not_picked":["KratosMod:Endure","KratosMod:conjuresoul+1","KratosMod:ShieldBash"],"picked":"SKIP","floor":21},{"not_picked":["KratosMod:blades","KratosMod:clawsofhades+1","KratosMod:SmashStone"],"picked":"SKIP","floor":23},{"not_picked":["KratosMod:BladeWhip","KratosMod:Endure","KratosMod:Roll"],"picked":"SKIP","floor":24},{"not_picked":["KratosMod:Endure","KratosMod:Roll+1","KratosMod:styx"],"picked":"SKIP","floor":25},{"not_picked":["KratosMod:Endure","KratosMod:Roll+1","KratosMod:Tempor"],"picked":"SKIP","floor":27},{"not_picked":["KratosMod:Roll","KratosMod:BladeWhip","KratosMod:Endure"],"picked":"SKIP","floor":29},{"not_picked":["KratosMod:Tempor","KratosMod:Roll","KratosMod:ShieldBash"],"picked":"SKIP","floor":30},{"not_picked":["KratosMod:tartarusrage","KratosMod:kBerserk"],"picked":"KratosMod:Revenge","floor":33},{"not_picked":["KratosMod:Endure","KratosMod:ShieldBash","KratosMod:BladeWhip"],"picked":"SKIP","floor":35},{"not_picked":["KratosMod:conjuresoul","KratosMod:BladeWhip+1","KratosMod:Roll"],"picked":"SKIP","floor":36},{"not_picked":["KratosMod:Endure","KratosMod:clawsofhades+1","KratosMod:Roll"],"picked":"SKIP","floor":37},{"not_picked":["KratosMod:ShieldBash+1","KratosMod:BladeWhip","KratosMod:conjuresoul"],"picked":"SKIP","floor":38},{"not_picked":["KratosMod:rattle+1","KratosMod:Tempor","KratosMod:conjuresoul"],"picked":"SKIP","floor":39},{"not_picked":["KratosMod:clawsofhades","KratosMod:kBerserk","KratosMod:ShieldBash"],"picked":"SKIP","floor":41},{"not_picked":["KratosMod:BladeWhip+1","KratosMod:rattle+1","KratosMod:clawsofhades"],"picked":"SKIP","floor":42},{"not_picked":["KratosMod:ShieldBash","KratosMod:SmashStone+1","KratosMod:Tempor+1","KratosMod:Roll"],"picked":"SKIP","floor":45},{"not_picked":["KratosMod:SmashStone+1","KratosMod:clawsofhades","KratosMod:Roll+1","KratosMod:BladeWhip"],"picked":"SKIP","floor":46},{"not_picked":["KratosMod:SmashStone+1","KratosMod:conjuresoul+1","KratosMod:rattle","KratosMod:Tempor+1"],"picked":"SKIP","floor":47},{"not_picked":["KratosMod:ShieldBash","KratosMod:rattle+1","KratosMod:conjuresoul+1","KratosMod:SmashStone"],"picked":"SKIP","floor":48},{"not_picked":["KratosMod:SmashStone+1","KratosMod:conjuresoul+1","KratosMod:ablockalypse","KratosMod:rattle+1"],"picked":"SKIP","floor":54}],"player_experience":347377,"relics_obtained":[{"floor":6,"key":"Potion Belt"},{"floor":10,"key":"Orichalcum"},{"floor":23,"key":"Oddly Smooth Stone"},{"floor":25,"key":"Calipers"},{"floor":26,"key":"Whetstone"},{"floor":27,"key":"HornCleat"},{"floor":42,"key":"Question Card"},{"floor":43,"key":"Bag of Preparation"},{"floor":54,"key":"InkBottle"}],"event_choices":[{"damage_healed":0,"gold_gain":0,"player_choice":"Bought 0 Potions","damage_taken":0,"max_hp_gain":0,"max_hp_loss":0,"event_name":"The Woman in Blue","floor":3,"gold_loss":0},{"damage_healed":0,"gold_gain":0,"player_choice":"Ignored","damage_taken":0,"max_hp_gain":0,"max_hp_loss":0,"event_name":"Ghosts","floor":22,"gold_loss":0},{"damage_healed":0,"gold_gain":0,"player_choice":"Gave Potion","damage_taken":0,"relics_obtained":["Meat on the Bone"],"max_hp_gain":0,"max_hp_loss":0,"event_name":"WeMeetAgain","floor":31,"gold_loss":0}],"is_beta":false,"boss_relics":[{"not_picked":["Busted Crown","Cursed Key"],"picked":"Runic Dome"},{"not_picked":["Astrolabe","Empty Cage"],"picked":"Coffee Dripper"}],"items_purged_floors":[0,0,0,0,0,0,0,0,52],"is_endless":false,"potions_floor_spawned":[4,8,10,13,20,21,24,29,30,36,39,45,46],"ascension_level":0}}