{"host":"mydft8i2zzydgggw","time":1611071961,"event":{"mods":["AchievementEnabler","BaseMod","BetterRewards","Colored Map","Colored Powertips","DeckTracker","Keyboard Shortcuts","Minty Spire (QoL Compilation)","Rare Cards Sparkle","StSLib","SuperFastMode","everything is the same but u backflip on backflip"],"gold_per_floor":[116,116,116,133,152,167,342,360,360,360,360,386,398,417,417,417,417],"floor_reached":16,"language":"KOR","playtime":230,"items_purged":[],"score":146,"play_id":"f0a25b05-6846-4d87-9388-15360fd988b5","local_time":"20210120005921","is_ascension_mode":true,"campfire_choices":[{"data":"Coolheaded","floor":11,"key":"SMITH"},{"floor":15,"key":"REST"}],"circlet_count":0,"master_deck":["AscendersBane","Strike_B","Strike_B","Strike_B","Defend_B","Defend_B","Defend_B","Defend_B","Zap","Dualcast","Coolheaded","Coolheaded+1","Conserve Battery","Doom and Gloom","Doubt","Streamline","Echo Form"],"relics":["Cracked Core","Du-Vu Doll","Torii","Girya","Art of War"],"acts_visited":["Exordium"],"potions_floor_usage":[6,13,16],"damage_taken":[{"damage":4,"enemies":"Jaw Worm","floor":1,"turns":3},{"damage":0,"enemies":"Small Slimes","floor":4,"turns":2},{"damage":0,"enemies":"Cultist","floor":5,"turns":3},{"damage":19,"enemies":"Exordium Wildlife","floor":6,"turns":5},{"damage":1,"enemies":"Looter","floor":8,"turns":3},{"damage":8,"enemies":"Large Slime","floor":13,"turns":6},{"damage":6,"enemies":"2 Fungi Beasts","floor":14,"turns":3},{"damage":27,"enemies":"The Guardian","floor":16,"turns":2}],"seed_played":"6705985780875338424","potions_obtained":[{"floor":1,"key":"SmokeBomb"},{"floor":3,"key":"LiquidMemories"},{"floor":3,"key":"CultistPotion"},{"floor":5,"key":"Swift Potion"},{"floor":8,"key":"Dexterity Potion"}],"is_trial":false,"path_per_floor":["M","?","?","M","M","M","?","M","T","?","R","T","M","M","R","B"],"character_chosen":"DEFECT","items_purchased":[],"campfire_rested":1,"item_purchase_floors":[],"current_hp_per_floor":[46,39,39,39,39,20,20,19,19,19,19,19,11,5,27,0,0],"gold":417,"neow_bonus":"ONE_RARE_RELIC","is_daily":false,"chose_seed":false,"campfire_upgraded":1,"win_rate":0.0,"timestamp":1611071961,"path_taken":["M","?","?","?","M","M","?","M","T","?","R","?","M","M","R","BOSS"],"items_purchased_type":[],"build_version":"2020-12-22","purchased_purges":0,"victory":false,"max_hp_per_floor":[75,75,75,75,75,75,75,75,75,75,75,75,75,75,75,75,75],"card_choices":[{"not_picked":["Static Discharge","Aggregate"],"picked":"Coolheaded","floor":1},{"not_picked":["Heatsinks","Genetic Algorithm"],"picked":"Coolheaded","floor":4},{"not_picked":["Ball Lightning","Rebound"],"picked":"Conserve Battery","floor":5},{"not_picked":["Streamline","Ball Lightning"],"picked":"Doom and Gloom","floor":6},{"not_picked":["Ball Lightning","Coolheaded"],"picked":"Streamline","floor":8},{"not_picked":["Streamline","Reprogram","Chaos"],"picked":"SKIP","floor":13},{"not_picked":["Turbo","Lockon"],"picked":"Echo Form","floor":14}],"player_experience":185211,"relics_obtained":[{"floor":9,"key":"Girya"},{"floor":12,"key":"Art of War"}],"event_choices":[{"damage_healed":0,"gold_gain":0,"player_choice":"Success","damage_taken":7,"relics_obtained":["Torii"],"max_hp_gain":0,"max_hp_loss":0,"event_name":"Scrap Ooze","floor":2,"gold_loss":0},{"damage_healed":0,"gold_gain":0,"player_choice":"Got Potions","damage_taken":0,"max_hp_gain":0,"max_hp_loss":0,"event_name":"Lab","floor":3,"gold_loss":0},{"damage_healed":0,"gold_gain":175,"player_choice":"AGREE","damage_taken":0,"max_hp_gain":0,"max_hp_loss":0,"event_name":"Liars Game","floor":7,"gold_loss":0,"cards_obtained":["Doubt"]},{"cards_removed":["Strike_B"],"damage_healed":0,"gold_gain":0,"player_choice":"Forget","damage_taken":0,"max_hp_gain":0,"max_hp_loss":0,"event_name":"Living Wall","floor":10,"gold_loss":0}],"is_beta":false,"boss_relics":[],"items_purged_floors":[],"is_endless":false,"potions_floor_spawned":[1,5,8],"killed_by":"The Guardian","ascension_level":11}}