{"host":"kda2p2afd6bvz6qo","time":1611017756,"event":{"mods":["BaseMod","Colored Map","Minty Spire (QoL Compilation)","Relic Stats"],"gold_per_floor":[109,34,34,34,48,48,73,73,73,73,86,117,140,63,63,159,159,159,159,173,173,186,186,101,101,128,163,187,19,39,52,52,52,52],"floor_reached":33,"language":"ENG","playtime":1597,"items_purged":[],"score":534,"play_id":"1a7d5934-6df9-4a94-ade8-7d5285880dc2","local_time":"20210119005556","is_ascension_mode":true,"campfire_choices":[{"data":"Cloak And Dagger","floor":6,"key":"SMITH"},{"floor":10,"key":"REST"},{"data":"Bouncing Flask","floor":15,"key":"SMITH"},{"data":"Wraith Form v2","floor":23,"key":"SMITH"},{"data":"Footwork","floor":25,"key":"SMITH"},{"data":"Catalyst","floor":32,"key":"SMITH"}],"circlet_count":0,"master_deck":["AscendersBane","Strike_G","Strike_G","Strike_G","Defend_G","Defend_G","Defend_G","Defend_G","Survivor","Neutralize","Cloak And Dagger","Cloak And Dagger+1","Caltrops","Escape Plan","Wraith Form v2+1","Acrobatics","Bouncing Flask+1","After Image","Footwork+1","Dagger Spray+1","Catalyst+1","Burst","Outmaneuver+1","Wraith Form v2+1","Deadly Poison+1"],"relics":["HoveringKite","Golden Idol","MealTicket","Letter Opener","Ninja Scroll","Coffee Dripper","Tiny Chest","Toy Ornithopter","Torii","DollysMirror"],"acts_visited":["Exordium","TheCity"],"potions_floor_usage":[12,16,18,30,31],"damage_taken":[{"damage":2,"enemies":"Jaw Worm","floor":1,"turns":6},{"damage":4,"enemies":"Small Slimes","floor":5,"turns":4},{"damage":0,"enemies":"2 Louse","floor":7,"turns":3},{"damage":5,"enemies":"Red Slaver","floor":11,"turns":5},{"damage":4,"enemies":"3 Sentries","floor":12,"turns":8},{"damage":1,"enemies":"2 Fungi Beasts","floor":13,"turns":3},{"damage":9,"enemies":"The Guardian","floor":16,"turns":7},{"damage":0,"enemies":"Chosen","floor":18,"turns":3},{"damage":6,"enemies":"Shell Parasite","floor":20,"turns":5},{"damage":2,"enemies":"Chosen and Byrds","floor":22,"turns":6},{"damage":14,"enemies":"Book of Stabbing","floor":27,"turns":4},{"damage":22,"enemies":"Sentry and Sphere","floor":28,"turns":6},{"damage":10,"enemies":"Snake Plant","floor":30,"turns":5},{"damage":9,"enemies":"Cultist and Chosen","floor":31,"turns":9},{"damage":29,"enemies":"Champ","floor":33,"turns":3}],"seed_played":"8037838997766691812","potions_obtained":[{"floor":7,"key":"DistilledChaos"},{"floor":11,"key":"Poison Potion"},{"floor":13,"key":"SmokeBomb"},{"floor":28,"key":"SpeedPotion"},{"floor":30,"key":"SpeedPotion"}],"is_trial":false,"path_per_floor":["M","?","?","?","M","R","M","?","T","R","M","E","M","$","R","B",null,"M","?","M","?","M","R","?","R","T","E","M","$","M","M","R","B"],"character_chosen":"THE_SILENT","items_purchased":["Bouncing Flask","DollysMirror"],"campfire_rested":1,"item_purchase_floors":[14,29],"current_hp_per_floor":[57,57,34,34,30,30,30,25,25,44,39,35,34,49,49,40,60,60,60,54,48,46,46,46,46,46,32,10,25,20,16,16,0,0],"gold":52,"neow_bonus":"BOSS_RELIC","is_daily":false,"chose_seed":false,"campfire_upgraded":5,"win_rate":0.0,"timestamp":1611017756,"path_taken":["M","?","?","?","?","R","M","?","T","R","M","E","M","$","R","BOSS","M","?","?","?","?","R","?","R","T","E","M","$","M","M","R","BOSS"],"items_purchased_type":["Card","Relic"],"build_version":"2020-12-22","purchased_purges":0,"victory":false,"max_hp_per_floor":[66,66,66,66,66,66,66,66,66,66,66,66,66,66,66,66,66,66,66,66,66,66,66,66,66,66,66,66,66,66,66,66,66,66],"relic_stats":{"Torii":10,"counters":[15,77],"Golden Idol":70,"HoveringKite":[23],"MealTicket":30,"Tiny Chest":0,"Letter Opener":[133],"obtain_stats":[{"Torii":27,"Golden Idol":3,"Ninja Scroll":12,"DollysMirror":29,"HoveringKite":0,"MealTicket":8,"Tiny Chest":24,"Coffee Dripper":17,"Letter Opener":9,"Toy Ornithopter":26,"Ring of the Snake":0},{"Torii":11,"Golden Idol":1,"Ninja Scroll":5,"DollysMirror":12,"HoveringKite":0,"MealTicket":3,"Tiny Chest":10,"Coffee Dripper":7,"Letter Opener":3,"Toy Ornithopter":10,"Ring of the Snake":0},{"Torii":54,"Golden Idol":6,"Ninja Scroll":26,"DollysMirror":60,"HoveringKite":0,"MealTicket":13,"Tiny Chest":50,"Coffee Dripper":36,"Letter Opener":13,"Toy Ornithopter":50,"Ring of the Snake":0}],"Toy Ornithopter":10},"card_choices":[{"not_picked":["Outmaneuver","Bane"],"picked":"Cloak And Dagger","floor":1},{"not_picked":["Dodge and Roll","Deflect"],"picked":"Cloak And Dagger","floor":5},{"not_picked":["Dodge and Roll","Quick Slash"],"picked":"Caltrops","floor":7},{"not_picked":["Endless Agony","Dodge and Roll"],"picked":"Escape Plan","floor":11},{"not_picked":["Deflect","Underhanded Strike"],"picked":"Wraith Form v2","floor":12},{"not_picked":["Backflip","Prepared"],"picked":"Acrobatics","floor":13},{"not_picked":["Storm of Steel","Bullet Time"],"picked":"After Image","floor":16},{"not_picked":["Escape Plan","Predator"],"picked":"Dagger Spray+1","floor":20},{"not_picked":["Outmaneuver","Sucker Punch+1"],"picked":"Catalyst","floor":22},{"not_picked":["Poisoned Stab","Cloak And Dagger"],"picked":"Burst","floor":27},{"not_picked":["Flechettes","Dodge and Roll"],"picked":"Outmaneuver+1","floor":28},{"not_picked":["Slice+1","Outmaneuver+1","Sucker Punch"],"picked":"SKIP","floor":30},{"not_picked":["Sucker Punch","Poisoned Stab"],"picked":"Deadly Poison+1","floor":31}],"player_experience":144655,"relics_obtained":[{"floor":9,"key":"Letter Opener"},{"floor":12,"key":"Ninja Scroll"},{"floor":26,"key":"Toy Ornithopter"},{"floor":27,"key":"Torii"}],"event_choices":[{"cards_removed":["Strike_G"],"damage_healed":0,"gold_gain":0,"player_choice":"Card Removal","damage_taken":0,"max_hp_gain":0,"max_hp_loss":0,"event_name":"The Cleric","floor":2,"gold_loss":75},{"damage_healed":0,"gold_gain":0,"player_choice":"Take Damage","damage_taken":23,"relics_obtained":["Golden Idol"],"max_hp_gain":0,"max_hp_loss":0,"event_name":"Golden Idol","floor":3,"gold_loss":0},{"cards_removed":["Defend_G"],"damage_healed":0,"gold_gain":0,"player_choice":"Purged","damage_taken":0,"max_hp_gain":0,"max_hp_loss":0,"event_name":"Purifier","floor":4,"gold_loss":0},{"damage_healed":0,"gold_gain":0,"player_choice":"Success","damage_taken":5,"relics_obtained":["MealTicket"],"max_hp_gain":0,"max_hp_loss":0,"event_name":"Scrap Ooze","floor":8,"gold_loss":0},{"damage_healed":0,"gold_gain":0,"cards_transformed":["Strike_G"],"player_choice":"Transformed","damage_taken":0,"max_hp_gain":0,"max_hp_loss":0,"event_name":"Transmorgrifier","floor":19,"gold_loss":0,"cards_obtained":["Footwork"]},{"damage_healed":0,"gold_gain":0,"player_choice":"","damage_taken":6,"max_hp_gain":0,"max_hp_loss":0,"event_name":"Knowing Skull","floor":21,"potions_obtained":[],"gold_loss":0,"cards_obtained":[]},{"damage_healed":0,"gold_gain":0,"player_choice":"Obtained Relic","damage_taken":0,"relics_obtained":["Tiny Chest"],"max_hp_gain":0,"max_hp_loss":0,"event_name":"Addict","floor":24,"gold_loss":85}],"is_beta":false,"boss_relics":[{"not_picked":["Fusion Hammer","Calling Bell"],"picked":"Coffee Dripper"}],"items_purged_floors":[],"is_endless":false,"potions_floor_spawned":[7,11,13,28,30],"killed_by":"Champ","ascension_level":20}}