{"host":"vyjryxuuuxkt43k4","time":1611070348,"event":{"mods":["AchievementEnabler","BaseMod","Colored Map","DeckTracker","Keyboard Shortcuts","Minty Spire (QoL Compilation)","Permanent Neow","Quick Restart","Rare Cards Sparkle","StSLib","SuperFastMode","everything is the same but u backflip on backflip"],"gold_per_floor":[115,115,125,142,155,155,155,189,213,248,259,259,275,51,51,150,150,165,178,188,188,39,39,70,84,84,84,98,131,145,173,173,270,270,280,298,308,308,358,358,358,358,383,139,154,180,195,195,195,195,195],"floor_reached":50,"language":"KOR","playtime":2146,"items_purged":["Strike_G","Strike_G"],"score":768,"play_id":"cc1ead30-457c-4ac2-9021-d732a333866b","local_time":"20210120003228","is_ascension_mode":true,"campfire_choices":[{"data":"Blade Dance","floor":6.0,"key":"SMITH"},{"floor":12.0,"key":"REST"},{"data":"Accuracy","floor":15.0,"key":"SMITH"},{"data":"Envenom","floor":23.0,"key":"SMITH"},{"data":"Storm of Steel","floor":27.0,"key":"SMITH"},{"floor":32.0,"key":"REST"},{"data":"Crippling Poison","floor":40.0,"key":"SMITH"},{"data":"A Thousand Cuts","floor":42.0,"key":"SMITH"},{"floor":49.0,"key":"RECALL"}],"circlet_count":0,"master_deck":["Strike_G","Defend_G","Defend_G","Defend_G","Defend_G","Defend_G","Survivor","Neutralize+1","Dagger Throw","Blade Dance+1","PiercingWail","Blade Dance","Dodge and Roll","Envenom+1","Accuracy+1","Finisher","Storm of Steel+1","Dagger Spray","Noxious Fumes","Outmaneuver+1","PiercingWail","Backflip","Dash+1","A Thousand Cuts+1","Dodge and Roll+1","Acrobatics","Tactician+1","Crippling Poison+1","Well Laid Plans","Footwork+1","Concentrate","Footwork+1","Thinking Ahead"],"relics":["Ring of the Snake","Centennial Puzzle","PreservedInsect","MealTicket","Snake Skull","TwistedFunnel","Empty Cage","Happy Flower","Bag of Marbles","Turnip","Tiny Chest","Letter Opener","WristBlade","Girya","Akabeko","Smiling Mask"],"acts_visited":["Exordium","TheCity","TheBeyond"],"potions_floor_usage":[],"damage_taken":[{"damage":11.0,"enemies":"Jaw Worm","floor":1.0,"turns":10.0},{"damage":0.0,"enemies":"2 Louse","floor":3.0,"turns":3.0},{"damage":0.0,"enemies":"Small Slimes","floor":4.0,"turns":3.0},{"damage":25.0,"enemies":"Exordium Thugs","floor":5.0,"turns":5.0},{"damage":9.0,"enemies":"Lagavulin","floor":8.0,"turns":6.0},{"damage":6.0,"enemies":"3 Sentries","floor":10.0,"turns":5.0},{"damage":11.0,"enemies":"Looter","floor":11.0,"turns":3.0},{"damage":5.0,"enemies":"2 Fungi Beasts","floor":13.0,"turns":3.0},{"damage":8.0,"enemies":"Hexaghost","floor":16.0,"turns":6.0},{"damage":8.0,"enemies":"Chosen","floor":18.0,"turns":3.0},{"damage":2.0,"enemies":"3 Byrds","floor":19.0,"turns":3.0},{"damage":1.0,"enemies":"Cultist and Chosen","floor":20.0,"turns":3.0},{"damage":9.0,"enemies":"Gremlin Leader","floor":24.0,"turns":5.0},{"damage":0.0,"enemies":"3 Cultists","floor":25.0,"turns":2.0},{"damage":2.0,"enemies":"Snake Plant","floor":28.0,"turns":3.0},{"damage":0.0,"enemies":"Book of Stabbing","floor":29.0,"turns":3.0},{"damage":21.0,"enemies":"Shelled Parasite and Fungi","floor":30.0,"turns":4.0},{"damage":27.0,"enemies":"Slavers","floor":31.0,"turns":4.0},{"damage":7.0,"enemies":"Collector","floor":33.0,"turns":6.0},{"damage":32.0,"enemies":"3 Darklings","floor":35.0,"turns":5.0},{"damage":14.0,"enemies":"Orb Walker","floor":36.0,"turns":3.0},{"damage":1.0,"enemies":"Maw","floor":37.0,"turns":7.0},{"damage":0.0,"enemies":"Mind Bloom Boss Battle","floor":39.0,"turns":4.0},{"damage":15.0,"enemies":"Writhing Mass","floor":45.0,"turns":3.0},{"damage":6.0,"enemies":"Reptomancer","floor":46.0,"turns":2.0},{"damage":9.0,"enemies":"Spire Growth","floor":47.0,"turns":5.0},{"damage":16,"enemies":"Donu and Deca","floor":50,"turns":1}],"seed_played":"4817432248106381126","potions_obtained":[{"floor":3.0,"key":"PowerPotion"},{"floor":5.0,"key":"SpeedPotion"},{"floor":8.0,"key":"ColorlessPotion"},{"floor":16.0,"key":"CunningPotion"},{"floor":20.0,"key":"Strength Potion"},{"floor":24.0,"key":"SkillPotion"},{"floor":25.0,"key":"SpeedPotion"},{"floor":30.0,"key":"Dexterity Potion"},{"floor":31.0,"key":"SteroidPotion"},{"floor":33.0,"key":"Regen Potion"},{"floor":35.0,"key":"FearPotion"},{"floor":39.0,"key":"ColorlessPotion"},{"floor":46.0,"key":"LiquidMemories"},{"floor":47.0,"key":"DistilledChaos"}],"is_trial":false,"path_per_floor":["M","?","M","M","M","R","?","E","T","E","M","R","M","$","R","B",null,"M","M","M","?","$","R","E","M","T","R","M","E","M","E","R","B",null,"M","M","M","?","?","R","T","R","T","$","M","E","M","?","R","B"],"character_chosen":"THE_SILENT","items_purchased":["TwistedFunnel","Happy Flower","Well Laid Plans","Ancient Potion"],"campfire_rested":2,"item_purchase_floors":[14,22,44,44],"current_hp_per_floor":[52,57,57,57,32,32,32,23,23,17,6,28,23,38,38,30,64,56,54,53,53,68,68,59,59,59,59,57,57,36,9,31,24,62,42,28,27,27,27,27,27,27,27,42,27,21,12,12,12,0,0],"gold":195,"neow_bonus":"RANDOM_COMMON_RELIC","is_daily":false,"chose_seed":false,"campfire_upgraded":6,"win_rate":0.0,"timestamp":1611070348,"path_taken":["M","?","M","M","M","R","?","E","T","E","M","R","M","$","R","BOSS","M","M","M","?","$","R","E","M","T","R","M","E","M","E","R","BOSS","M","M","?","?","?","R","?","R","T","$","M","E","?","?","R","BOSS"],"items_purchased_type":["Relic","Relic","Card","Potion"],"build_version":"2020-12-22","purchased_purges":2,"victory":false,"max_hp_per_floor":[70,75,75,75,75,75,75,75,75,75,75,75,75,75,75,75,75,75,75,75,75,75,75,75,75,75,75,75,75,75,75,75,75,75,75,75,75,71,71,71,71,71,71,71,71,71,71,71,71,71,71],"card_choices":[{"not_picked":["Finisher","Dodge and Roll"],"picked":"Dagger Throw","floor":1.0},{"not_picked":["Concentrate","Acrobatics"],"picked":"Blade Dance","floor":3.0},{"not_picked":["Quick Slash","Tactician"],"picked":"PiercingWail","floor":4.0},{"not_picked":["All Out Attack","Underhanded Strike"],"picked":"Blade Dance","floor":5.0},{"not_picked":["All Out Attack","Setup"],"picked":"Dodge and Roll","floor":8.0},{"not_picked":["Dagger Throw","Poisoned Stab"],"picked":"Envenom","floor":10.0},{"not_picked":["Dagger Spray","Heel Hook"],"picked":"Accuracy","floor":11.0},{"not_picked":["Flechettes","Terror"],"picked":"Finisher","floor":13.0},{"not_picked":["Bullet Time","Envenom"],"picked":"Storm of Steel","floor":16.0},{"not_picked":["Deadly Poison","Dagger Throw"],"picked":"Dagger Spray","floor":18.0},{"not_picked":["Quick Slash","Expertise+1"],"picked":"Noxious Fumes","floor":19.0},{"not_picked":["Dash","Poisoned Stab"],"picked":"Outmaneuver+1","floor":20.0},{"not_picked":["Quick Slash","Masterful Stab"],"picked":"PiercingWail","floor":24.0},{"not_picked":["Skewer","Deadly Poison+1","Slice"],"picked":"SKIP","floor":25.0},{"not_picked":["All Out Attack","PiercingWail"],"picked":"Backflip","floor":28.0},{"not_picked":["Blade Dance","Cloak And Dagger","Night Terror"],"picked":"SKIP","floor":29.0},{"not_picked":["Backflip","Outmaneuver+1","Dodge and Roll"],"picked":"SKIP","floor":30.0},{"not_picked":["Bane","Distraction+1"],"picked":"Dash+1","floor":31.0},{"not_picked":["Wraith Form v2","Corpse Explosion"],"picked":"A Thousand Cuts","floor":33.0},{"not_picked":["Deadly Poison","Backstab+1"],"picked":"Dodge and Roll+1","floor":35.0},{"not_picked":["Backflip+1","Dagger Spray"],"picked":"Acrobatics","floor":36.0},{"not_picked":["Calculated Gamble","Dagger Spray"],"picked":"Tactician+1","floor":37.0},{"not_picked":["Cloak And Dagger+1","Poisoned Stab+1"],"picked":"Crippling Poison","floor":39.0},{"not_picked":["PiercingWail+1","Quick Slash"],"picked":"Footwork+1","floor":45.0},{"not_picked":["Eviscerate+1","Dash"],"picked":"Concentrate","floor":46.0},{"not_picked":["Sucker Punch","Storm of Steel"],"picked":"Footwork+1","floor":47.0},{"not_picked":["Mayhem","Violence"],"picked":"Thinking Ahead","floor":48.0}],"player_experience":356917,"relics_obtained":[{"floor":8.0,"key":"PreservedInsect"},{"floor":9.0,"key":"MealTicket"},{"floor":10.0,"key":"Snake Skull"},{"floor":24.0,"key":"Bag of Marbles"},{"floor":26.0,"key":"Turnip"},{"floor":29.0,"key":"Tiny Chest"},{"floor":31.0,"key":"Letter Opener"},{"floor":39.0,"key":"Girya"},{"floor":43.0,"key":"Akabeko"},{"floor":46.0,"key":"Smiling Mask"}],"event_choices":[{"damage_healed":0.0,"max_hp_gain":5.0,"max_hp_loss":0.0,"gold_gain":0.0,"event_name":"Big Fish","player_choice":"Donut","floor":2.0,"gold_loss":0.0,"damage_taken":0.0},{"damage_healed":0.0,"max_hp_gain":0.0,"max_hp_loss":0.0,"gold_gain":0.0,"event_name":"Living Wall","player_choice":"Grow","floor":7.0,"gold_loss":0.0,"damage_taken":0.0,"cards_upgraded":["Neutralize"]},{"damage_healed":0.0,"max_hp_gain":0.0,"max_hp_loss":0.0,"gold_gain":0.0,"event_name":"N\u0027loth","player_choice":"Ignored","floor":21.0,"gold_loss":0.0,"damage_taken":0.0},{"damage_healed":0.0,"max_hp_gain":0.0,"max_hp_loss":4.0,"gold_gain":0.0,"event_name":"Winding Halls","player_choice":"Max HP","floor":38.0,"gold_loss":0.0,"damage_taken":0.0},{"damage_healed":0.0,"max_hp_gain":0.0,"max_hp_loss":0.0,"gold_gain":0.0,"event_name":"MindBloom","player_choice":"Fight","floor":39.0,"gold_loss":0.0,"damage_taken":0.0},{"damage_healed":0.0,"max_hp_gain":0.0,"max_hp_loss":0.0,"gold_gain":0.0,"event_name":"SensoryStone","player_choice":"Memory 1","floor":48.0,"gold_loss":0.0,"damage_taken":0.0}],"is_beta":false,"boss_relics":[{"not_picked":["Tiny House","Runic Dome"],"picked":"Empty Cage"},{"not_picked":["Runic Pyramid","Velvet Choker"],"picked":"WristBlade"}],"items_purged_floors":[14,44],"is_endless":false,"potions_floor_spawned":[3,5,8,16,20,24,25,30,31,33,35,39,46,47],"killed_by":"Donu and Deca","ascension_level":7}}