{"host":"h4lp0eeso8a0ssq0","time":1611028337,"event":{"mods":["2.2 Compatiblity","AchievementEnabler","BaseMod","CapriCore","Colored Map","Minty Spire (QoL Compilation)","Replay The Spire","StSLib","SuperFastMode"],"gold_per_floor":[115,130,141,141,155,155,190,204,204,215,215,226,21,56,56,159,159,171,191,29,39,39,39,53,53,80,80,80],"floor_reached":27,"language":"KOR","playtime":679,"items_purged":["Strike_R"],"score":227,"play_id":"ab005370-db7a-44a1-9159-0bca7e32355b","local_time":"20210119125217","is_ascension_mode":false,"campfire_choices":[{"data":"Shrug It Off","floor":6,"key":"SMITH"},{"data":"Shockwave","floor":15,"key":"SMITH"},{"data":"Juggernaut","floor":23,"key":"SMITH"}],"circlet_count":0,"master_deck":["Strike_R","Strike_R","Defend_R","Defend_R","Defend_R","Defend_R","Bash+1","Shrug It Off+1","Cleave","Disarm","Twin Strike","Clothesline","Disarm","Shockwave+1","Juggernaut+1","Run Through","Body Slam+1","Shrug It Off+1"],"relics":["Burning Blood","Mango","Anchor","The Courier","Snack Pack","Replay:Wax Seal","Empty Cage","Membership Card","PreservedInsect"],"acts_visited":["Exordium","TheCity"],"potions_floor_usage":[],"damage_taken":[{"damage":6,"enemies":"Cultist","floor":1,"turns":3},{"damage":4,"enemies":"2 Louse","floor":2,"turns":3},{"damage":0,"enemies":"Small Slimes","floor":3,"turns":2},{"damage":11,"enemies":"2 Fungi Beasts","floor":5,"turns":3},{"damage":34,"enemies":"3 Sentries","floor":7,"turns":9},{"damage":5,"enemies":"Looter","floor":8,"turns":3},{"damage":10,"enemies":"Lots of Slimes","floor":10,"turns":3},{"damage":5,"enemies":"Blue Slaver","floor":12,"turns":4},{"damage":33,"enemies":"Lagavulin","floor":14,"turns":8},{"damage":2,"enemies":"The Guardian","floor":16,"turns":16},{"damage":14,"enemies":"Chosen","floor":18,"turns":5},{"damage":31,"enemies":"3 Byrds","floor":19,"turns":7},{"damage":38,"enemies":"Cultist and Chosen","floor":21,"turns":8},{"damage":10,"enemies":"Snake Plant","floor":24,"turns":5},{"damage":0,"enemies":"Centurion and Healer","floor":27,"turns":2}],"seed_played":"-256462703266045147","potions_obtained":[{"floor":8,"key":"FearPotion"},{"floor":10,"key":"Languid Potion"},{"floor":12,"key":"Swift Potion"},{"floor":19,"key":"Adrenaline Potion"},{"floor":21,"key":"CultistPotion"}],"is_trial":false,"path_per_floor":["M","M","M","T","M","R","E","M","T","M","?","M","$","E","R","B",null,"M","M","$","M","?","R","M","?","T","M"],"character_chosen":"IRONCLAD","items_purchased":["Snack Pack","Membership Card"],"campfire_rested":0,"item_purchase_floors":[13,20],"current_hp_per_floor":[80,80,80,94,89,89,61,62,62,58,58,59,59,32,32,38,94,86,65,65,33,33,33,31,31,31,31,31],"gold":80,"neow_bonus":"RANDOM_EVENT","is_daily":false,"chose_seed":false,"campfire_upgraded":3,"win_rate":0.0,"timestamp":1611028337,"path_taken":["M","?","M","?","M","R","E","M","T","M","?","M","$","E","R","BOSS","M","M","$","M","?","R","M","?","T","M"],"items_purchased_type":["Relic","Relic"],"build_version":"2020-12-22","purchased_purges":1,"victory":false,"max_hp_per_floor":[80,80,80,94,94,94,94,94,94,94,94,94,94,94,94,94,94,94,94,94,94,94,94,94,94,94,94,94],"card_choices":[{"not_picked":["Clothesline","ReplayTheSpireMod:Strike From Hell"],"picked":"Shrug It Off","floor":1},{"not_picked":["Anger","Iron Wave"],"picked":"Cleave","floor":2},{"not_picked":["Headbutt","ReplayTheSpireMod:Strike From Hell","Warcry"],"picked":"SKIP","floor":3},{"not_picked":["Wild Strike","ReplayTheSpireMod:Corrosion Curse"],"picked":"Disarm","floor":5},{"not_picked":["Intimidate","Abandon","Armaments"],"picked":"SKIP","floor":7},{"not_picked":["Exhume","Flex"],"picked":"Twin Strike","floor":8},{"not_picked":["True Grit","Rupture"],"picked":"Clothesline","floor":10},{"not_picked":["Wild Strike","Replay:Undeath\u0027s Touch"],"picked":"Disarm","floor":12},{"not_picked":["Eclipse","Wild Strike"],"picked":"Shockwave","floor":14},{"not_picked":["Bludgeon","Replay:Many Hands"],"picked":"Juggernaut","floor":16},{"not_picked":["Defy Death","Hemokinesis"],"picked":"Run Through","floor":18},{"not_picked":["ReplayTheSpireMod:Limb From Limb","Clash"],"picked":"Body Slam+1","floor":19},{"not_picked":["Searing Blow","Perfected Strike+1","Flex"],"picked":"SKIP","floor":21},{"not_picked":["Searing Blow","Perfected Strike+1","Flex"],"picked":"SKIP","floor":21},{"not_picked":["Body Slam","Carnage+1"],"picked":"Shrug It Off+1","floor":24}],"player_experience":180884,"relics_obtained":[{"floor":4,"key":"Mango"},{"floor":7,"key":"Anchor"},{"floor":9,"key":"The Courier"},{"floor":14,"key":"Replay:Wax Seal"},{"floor":26,"key":"PreservedInsect"}],"event_choices":[{"damage_healed":0,"gold_gain":0,"player_choice":"Ignored","damage_taken":0,"max_hp_gain":0,"max_hp_loss":0,"event_name":"Liars Game","floor":11,"gold_loss":0},{"damage_healed":0,"gold_gain":0,"player_choice":"Ignored","damage_taken":0,"max_hp_gain":0,"max_hp_loss":0,"event_name":"Ghosts","floor":22,"gold_loss":0},{"damage_healed":0,"gold_gain":0,"player_choice":"Ignored","damage_taken":0,"max_hp_gain":0,"max_hp_loss":0,"event_name":"Vampires","floor":25,"gold_loss":0}],"is_beta":false,"boss_relics":[{"not_picked":["Black Star","Snecko Eye"],"picked":"Empty Cage"}],"items_purged_floors":[20],"is_endless":false,"potions_floor_spawned":[8,10,12,14,16,19,21],"killed_by":"Centurion and Healer","ascension_level":0}}