{"host":"dwyzfvnzfcqffr30","time":1611078781,"event":{"mods":["2.2 Compatiblity","Act Like it!","Aspiration","BaseMod","Beaked The Cultist","Better Altar","Better Match","Better Note","Better Sensory Stone","Better Skull","Better Third Choice","Clockwork Mod","Colored Map","Colored Powertips","Conspire","Elementarium","GifTheSpireLib","Halation","Hermit","Hubris","Infinite Spire","Ironclad Rager","Jedi Mod","Menagerie","Mimic Mod","Minty Spire (QoL Compilation)","Permanent Neow","Random Character Button","Replay The Spire","Spicy Shops","Spikes Relics","StSLib","Stuff the Spire","The Construct","The Disciple","The Druid","The Marked","TheFirefly","Trackpad","Wandering Minibosses","vexMod"],"gold_per_floor":[117,117,117,137,17,17,17,17,17,17,17,17,17,17,17,17,17,0,0,0,0,0,0,0,0,0,0,24,24,38,38,38,117,117,833,833,833,902,983,983,983,983,1053,531,599,39,76,100,100,110,110,110,39,83,122,122],"floor_reached":55,"language":"ENG","playtime":4305,"items_purged":["ShadowRift+1","InfectiousVector+1","Strike_G+1","Strike_G+1"],"score":1513,"play_id":"70a6ac7d-bf73-4e9d-b28c-92563d111896","local_time":"20210119095301","is_ascension_mode":true,"campfire_choices":[{"floor":7,"key":"REST"},{"floor":12,"key":"RECALL"},{"floor":15,"key":"REST"},{"floor":27,"key":"REST"},{"floor":32,"key":"REST"},{"data":"StuffTheSpire:BrainWave","floor":40,"key":"SMITH"},{"data":"infinitespire:UltimateForm+1","floor":42,"key":"SMITH"},{"data":"StuffTheSpire:BrainWave+1","floor":49,"key":"SMITH"},{"data":"StuffTheSpire:BrainWave+2","floor":52,"key":"SMITH"}],"circlet_count":0,"master_deck":["AscendersBane","Strike_G+1","Strike_G+1","Strike_G+1","Defend_G+1","Defend_G+1","Defend_G+1","Defend_G+1","Defend_G+1","Survivor+1","Apotheosis+1","MasterReality+1","Draining Mist+1","Toxin Wave+1","Flying Knee+1","StuffTheSpire:Python+1","Adrenaline+1","StuffTheSpire:Python+1","Necronomicurse","hubris:NaturalOne","infinitespire:UltimateForm+2","jedi:studyshivs+1","hubris:DuctTapeCard+3","infinitespire:Execution+1","StuffTheSpire:BrainWave+3","Dagger Spray+1","Bane+1","Terror+1"],"relics":["Ring of the Snake","aspiration:Nostalgia","Sizzling Blood","Frozen Egg 2","Toxic Egg 2","Molten Egg 2","Quantum Egg","infinitespire:EvilPickle","conspire:InfiniteJournal","Bottled Tornado","halation:EternalFortune","Tiny Chest","Durian","jedi:ominousloannote","halation:IllGainedPizza","StuffTheSpire:Mouthbags","StuffTheSpire:BottledEssence","jedi:matchstick","Dream Catcher","hubris:Towel","hubris:TinFlute","Replay:Bronze Core","hubris:Icosahedron","Dead Branch","Happy Flower","Replay:Bottled Eggs","aspiration:FetidBarrel","jedi:angrymask","Necronomicon","Replay:Wax Seal","wanderingMiniBosses:MasterThiefsPresence","hubris:DuctTape","Ornamental Fan","GiantMaggot","SpikesRelics:DaevaFist","PreservedInsect","ClockworkSouvenir","Gremlin Food","Sling","vexMod:RetaliationKit","hubris:TenFootPole","aspiration:VileToxins"],"acts_visited":["Menagerie:Menagerie","TheCity","TheBeyond","TheEnding"],"potions_floor_usage":[8,14,16,19,24,35,45,50,54],"damage_taken":[{"damage":0,"enemies":"Menagerie:MonstrousExperiment","floor":1,"turns":4},{"damage":0,"enemies":"Menagerie:2_RABBITS","floor":4,"turns":3},{"damage":36,"enemies":"Menagerie:MaskedSummoner","floor":6,"turns":14},{"damage":0,"enemies":"Menagerie:VoidReaper","floor":8,"turns":5},{"damage":0,"enemies":"Menagerie:StygianBoar","floor":10,"turns":2},{"damage":3,"enemies":"Menagerie:Hydra","floor":11,"turns":4},{"damage":6,"enemies":"Menagerie:MaskedSummoner","floor":14,"turns":7},{"damage":0,"enemies":"Menagerie:AVATARS","floor":16,"turns":6},{"damage":13,"enemies":"2 Thieves","floor":18,"turns":4},{"damage":6,"enemies":"Shell Parasite","floor":19,"turns":6},{"damage":13,"enemies":"Centurion and Healer","floor":20,"turns":6},{"damage":6,"enemies":"Snake Plant","floor":22,"turns":4},{"damage":44,"enemies":"Slavers","floor":23,"turns":8},{"damage":10,"enemies":"Snecko","floor":24,"turns":7},{"damage":6,"enemies":"Gremlin Leader","floor":25,"turns":7},{"damage":0,"enemies":"3 Cultists","floor":28,"turns":7},{"damage":9,"enemies":"3 Cultists","floor":30,"turns":4},{"damage":20,"enemies":"Automaton","floor":33,"turns":10},{"damage":0,"enemies":"3 Darklings","floor":35,"turns":6},{"damage":0,"enemies":"3 Shapes","floor":39,"turns":5},{"damage":18,"enemies":"Reptomancer","floor":45,"turns":3},{"damage":5,"enemies":"Giant Head","floor":47,"turns":4},{"damage":0,"enemies":"Jaw Worm Horde","floor":48,"turns":4},{"damage":18,"enemies":"Donu and Deca","floor":50,"turns":6},{"damage":20,"enemies":"Shield and Spear","floor":54,"turns":4},{"damage":66,"enemies":"The Heart","floor":55,"turns":5}],"seed_played":"3794676049684970642","potions_obtained":[{"floor":8,"key":"EntropicBrew"},{"floor":16,"key":"EntropicBrew"},{"floor":18,"key":"Venom Potion"},{"floor":20,"key":"FearPotion"},{"floor":30,"key":"Ancient Potion"},{"floor":39,"key":"Energy Potion"},{"floor":48,"key":"Venom Potion"},{"floor":54,"key":"Ancient Potion"}],"is_trial":false,"path_per_floor":["M","?","?","M","$","E","R","E","T","M","E","R","?","E","R","B",null,"M","M","M","?","M","E","M","E","T","R","MIM","?","M","AVR","R","B",null,"M","AVR","?","T","M","R","?","R","T","$","E","$","E","M","R","B",null,"R","$","E","B"],"character_chosen":"THE_SILENT","items_purchased":["Durian","jedi:ominousloannote","halation:IllGainedPizza","StuffTheSpire:Mouthbags","StuffTheSpire:BottledEssence","SpikesRelics:DaevaFist","PreservedInsect","ClockworkSouvenir","Sling","vexMod:RetaliationKit","Toxic Potion"],"campfire_rested":4,"item_purchase_floors":[5,5,5,5,5,44,44,44,46,46,53],"current_hp_per_floor":[67,70,52,56,61,29,52,56,56,60,64,64,64,62,81,81,81,72,70,61,61,62,22,16,17,17,43,47,26,21,21,47,31,73,80,80,77,77,77,77,77,77,77,77,69,69,68,72,72,58,72,72,72,56,0,0],"gold":122,"neow_bonus":"NOSTALGIA","is_daily":false,"chose_seed":false,"campfire_upgraded":4,"win_rate":0.0,"timestamp":1611078781,"path_taken":["M","?","?","?","$","E","R","E","T","M","E","R","?","E","R","BOSS","M","M","M","?","M","E","M","E","T","R","?","?","?","AVR","R","BOSS","M","AVR","?","?","?","R","?","R","T","$","E","$","E","M","R","BOSS","R","$","E","BOSS"],"items_purchased_type":["Relic","Relic","Relic","Relic","Relic","Relic","Relic","Relic","Relic","Relic","Potion"],"build_version":"2020-12-22","purchased_purges":4,"victory":false,"max_hp_per_floor":[70,73,73,73,78,78,78,78,78,78,81,81,81,81,81,81,81,81,81,81,81,84,84,84,87,87,87,87,87,87,87,87,87,87,90,90,77,77,77,77,77,77,77,77,77,77,77,77,77,77,77,77,77,77,77,77],"card_choices":[{"not_picked":["Slice+1","Dodge and Roll+1"],"picked":"Draining Mist+1","floor":1},{"not_picked":["StuffTheSpire:BumpUp+1","All Out Attack+1","Slice+1"],"picked":"SKIP","floor":4},{"not_picked":["Quick Slash+1","Skewer+1"],"picked":"Toxin Wave+1","floor":6},{"not_picked":["Quick Slash+1","Prepared+1"],"picked":"Flying Knee+1","floor":8},{"not_picked":["StuffTheSpire:Injection+1","StuffTheSpire:ReptileScales+1"],"picked":"InfectiousVector+1","floor":10},{"not_picked":["Prepared+1","Underhanded Strike+1"],"picked":"StuffTheSpire:ReptileScales+1","floor":11},{"not_picked":["Expertise+1","Sucker Punch+1"],"picked":"ShadowRift+1","floor":14},{"not_picked":["Cloak And Dagger+1","Sneak Up+1","Sucker Punch+1"],"picked":"SKIP","floor":18},{"not_picked":["Prepared+1","Acrobatics+1","Sucker Punch+1"],"picked":"SKIP","floor":19},{"not_picked":["Blade Dance+1","jedi:pocketpoison+1"],"picked":"StuffTheSpire:Python+1","floor":20},{"not_picked":["Cloak And Dagger+1","ReplayTheSpireMod:Exploit Weakness+1","Riddle With Holes+1"],"picked":"SKIP","floor":22},{"not_picked":["Choke+1","Blur+1"],"picked":"Adrenaline+1","floor":23},{"not_picked":["StuffTheSpire:Shiver+1","Predator+1","StuffTheSpire:Injection+1"],"picked":"SKIP","floor":24},{"not_picked":["All Out Attack+1","conspire:DoublingDagger+1","Choke+1"],"picked":"SKIP","floor":25},{"not_picked":["Deflect+1","ReplayTheSpireMod:From All Sides+1"],"picked":"StuffTheSpire:Python+1","floor":28},{"not_picked":["StuffTheSpire:Incursion+1","Quick Slash+1","Expertise+1"],"picked":"SKIP","floor":30},{"not_picked":["Wraith Form v2+1","Glass Knife+1"],"picked":"jedi:studyshivs+1","floor":33},{"not_picked":["Deflect+1","Quick Slash+1","Flying Knee+1"],"picked":"SKIP","floor":35},{"not_picked":["Doppelganger+1","Bane+1"],"picked":"Dagger Spray+1","floor":39},{"not_picked":["Acrobatics+1","Deflect+1"],"picked":"Bane+1","floor":45},{"not_picked":["StuffTheSpire:ClusterCrunch+1","ReplayTheSpireMod:Scrap Shanks+1"],"picked":"Terror+1","floor":47},{"not_picked":["Draining Mist+1","Sucker Punch+1","Slice+1"],"picked":"SKIP","floor":48},{"not_picked":["jedi:acidrain+1","Cloak And Dagger+1","ReplayTheSpireMod:The Works+1"],"picked":"SKIP","floor":54}],"player_experience":2184058,"relics_obtained":[{"floor":6,"key":"jedi:matchstick"},{"floor":11,"key":"halation:EternalFortune"},{"floor":11,"key":"Dream Catcher"},{"floor":14,"key":"hubris:TinFlute"},{"floor":22,"key":"halation:EternalFortune"},{"floor":23,"key":"Dead Branch"},{"floor":25,"key":"halation:EternalFortune"},{"floor":25,"key":"Happy Flower"},{"floor":26,"key":"Replay:Bottled Eggs"},{"floor":28,"key":"aspiration:FetidBarrel"},{"floor":28,"key":"jedi:angrymask"},{"floor":29,"key":"Necronomicon"},{"floor":35,"key":"wanderingMiniBosses:MasterThiefsPresence"},{"floor":35,"key":"halation:EternalFortune"},{"floor":38,"key":"Ornamental Fan"},{"floor":43,"key":"GiantMaggot"},{"floor":45,"key":"Gremlin Food"},{"floor":47,"key":"hubris:TenFootPole"},{"floor":54,"key":"aspiration:VileToxins"}],"event_choices":[{"damage_healed":0,"gold_gain":0,"player_choice":"Simplicity","damage_taken":0,"max_hp_gain":0,"max_hp_loss":10,"event_name":"betterThird:BetterWriting","floor":0,"gold_loss":0},{"damage_healed":0,"gold_gain":0,"player_choice":"RE ","damage_taken":20,"relics_obtained":["Tiny Chest"],"max_hp_gain":0,"max_hp_loss":0,"event_name":"betterSkull:BetterSkull","floor":3,"gold_loss":0,"cards_upgraded":[]},{"damage_healed":0,"gold_gain":0,"player_choice":"Obtained Book","damage_taken":21,"max_hp_gain":0,"max_hp_loss":0,"event_name":"Cursed Tome","floor":29,"gold_loss":0},{"damage_healed":0,"gold_gain":0,"player_choice":"Ignored","damage_taken":0,"max_hp_gain":0,"max_hp_loss":0,"event_name":"Tomb of Lord Red Mask","floor":41,"gold_loss":0}],"is_beta":false,"boss_relics":[{"not_picked":["Snecko Scales","hubris:BlackHole"],"picked":"Replay:Bronze Core"},{"not_picked":["Coffee Dripper","aspiration:RitualDagger","hubris:RunicObelisk"]}],"items_purged_floors":[31,36,44,46],"is_endless":false,"potions_floor_spawned":[8,16,18,20,22,23,30,33,39,48,54],"killed_by":"The Heart","ascension_level":15}}