{"host":"jbw470l122a0du6q","time":1611034338,"event":{"mods":["BaseMod","Better Altar","Better Match","Better Note","Better Sensory Stone","Better Skull","Better Third Choice","Dark Map","Downfall","Duelist Mod","GifTheSpireLib","Hermit","MarisaÅiñ∂âJÅ@ñÇóùçπÅj","Minty Spire (QoL Compilation)","StSLib","The Construct","The Cursed","The Disciple","The Marked","The Runesmith","The Servant 0.9.4"],"gold_per_floor":[135,153,164,1,16,16,16,33,33,52,52,52,52,72,72,174,174,184,184,200,252,267,267,294,294,294,294,321,341,273,287,287,386,386,397,268,248,260,6,6,41,41,89,89,89,105,122,138,138,138],"floor_reached":51,"language":"ENG","playtime":8687,"items_purged":[],"score":714,"play_id":"69b45037-7fcd-4739-a8f4-7450ce4948f8","local_time":"20210119003218","is_ascension_mode":false,"campfire_choices":[{"data":"theDuelist:LavaDragon","floor":6,"key":"SMITH"},{"data":"theDuelist:FireDarts+1","floor":13,"key":"SMITH"},{"data":"theDuelist:TyrantWing","floor":15,"key":"SMITH"},{"floor":23,"key":"REST"},{"floor":27,"key":"REST"},{"floor":32,"key":"REST"},{"floor":40,"key":"REST"},{"floor":42,"key":"REST"},{"floor":44,"key":"REST"},{"floor":49,"key":"REST"}],"circlet_count":0,"master_deck":["theDuelist:CyberDragonVier+1","theDuelist:CastleWalls","theDuelist:GravityLash+1","theDuelist:HarpieFeather","theDuelist:HazyFlameHydra","theDuelist:Mountain","theDuelist:TyrantWing+1","theDuelist:LavaDragon+1","CurseOfTheBell","theDuelist:CoralDragon","theDuelist:MoltenDestruction","Parasite","theDuelist:FireDarts+2","Purity","theDuelist:StormSparks","theDuelist:LordD","theDuelist:BarrelDragon+1","theDuelist:LesserDragon","theDuelist:PreventRat+1","theDuelist:BerserkScales+1","theDuelist:CaveDragon","theDuelist:WingedDragonRa","theDuelist:SilverWing","theDuelist:CastleWalls","theDuelist:ArmedDragon5+1","theDuelist:ReinforcementsArmy","theDuelist:Raigeki+1","theDuelist:Sparks","theDuelist:CaveDragon","theDuelist:BoosterDragon","theDuelist:EvilMind","theDuelist:RainbowOverdragon+1","theDuelist:ArmedDragon3","theDuelist:ArmageddonDragonEmp","theDuelist:LesserDragon","theDuelist:YamataDragon","theDuelist:BabyDragon","theDuelist:DragonMirror","theDuelist:FrostflameDragon"],"relics":["theDuelist:MillenniumPuzzle","theDuelist:CardPoolRelic","theDuelist:CardPoolBasicRelic","theDuelist:BoosterPackPoolRelic","theDuelist:CardPoolAddRelic","theDuelist:CardPoolMinusRelic","theDuelist:CardPoolSaveRelic","theDuelist:CardPoolOptionsRelic","NeowsBlessing","theDuelist:GoldenScale","Fusion Hammer","FossilizedHelix","Incense Burner","theDuelist:ResummonBranch","Red Mask","Bird Faced Urn","Torii","Calling Bell","theDuelist:MetronomeRelicB","theDuelist:MerchantNecklace","WingedGreaves","theDuelist:BoosterPackSpellEgg","Vajra","theDuelist:ZoneToken"],"acts_visited":["Exordium","TheCity","TheBeyond"],"potions_floor_usage":[16,22,28,29,29,41,47,50],"damage_taken":[{"damage":0,"enemies":"Cultist","floor":1,"turns":1},{"damage":0,"enemies":"Small Slimes","floor":2,"turns":1},{"damage":0,"enemies":"Jaw Worm","floor":3,"turns":1},{"damage":0,"enemies":"Looter","floor":5,"turns":3},{"damage":6,"enemies":"3 Louse","floor":8,"turns":3},{"damage":0,"enemies":"Blue Slaver","floor":10,"turns":5},{"damage":8,"enemies":"Red Slaver","floor":14,"turns":4},{"damage":16,"enemies":"Slime Boss","floor":16,"turns":14},{"damage":4,"enemies":"Shell Parasite","floor":18,"turns":9},{"damage":0,"enemies":"3 Byrds","floor":20,"turns":5},{"damage":0,"enemies":"3 Byrds","floor":21,"turns":11},{"damage":14,"enemies":"Snake Plant","floor":22,"turns":7},{"damage":19,"enemies":"Masked Bandits","floor":24,"turns":6},{"damage":45,"enemies":"Slavers","floor":28,"turns":6},{"damage":10,"enemies":"Centurion and Healer","floor":29,"turns":8},{"damage":0,"enemies":"Cultist and Chosen","floor":31,"turns":6},{"damage":18,"enemies":"Automaton","floor":33,"turns":10},{"damage":19,"enemies":"Orb Walker","floor":35,"turns":5},{"damage":24,"enemies":"3 Darklings","floor":38,"turns":4},{"damage":88,"enemies":"Giant Head","floor":41,"turns":13},{"damage":31,"enemies":"Maw","floor":46,"turns":8},{"damage":4,"enemies":"Writhing Mass","floor":47,"turns":6},{"damage":21,"enemies":"Sphere and 2 Shapes","floor":48,"turns":4},{"damage":35,"enemies":"Time Eater","floor":50,"turns":10}],"seed_played":"3947976230583064406","potions_obtained":[{"floor":2,"key":"theDuelist:DestructPotionPot"},{"floor":5,"key":"theDuelist:BurningPotion"},{"floor":10,"key":"theDuelist:LavaBottle"},{"floor":18,"key":"theDuelist:CoolBottle"},{"floor":28,"key":"Fruit Juice"},{"floor":33,"key":"theDuelist:FlamingBottle"},{"floor":37,"key":"theDuelist:MegaupgradePotion"},{"floor":38,"key":"theDuelist:SealedPack"},{"floor":48,"key":"theDuelist:ExtraOrbsBottle"}],"is_trial":false,"path_per_floor":["M","M","M","$","M","R","$","M","T","M","?","?","R","M","R","B",null,"M","?","M","?","M","R","?","$","T","R","E","M","$","M","R","B",null,"M","$","?","M","$","R","E","R","T","R","?","M","M","M","R","B",null],"character_chosen":"THE_DUELIST","items_purchased":["theDuelist:ArmedDragon3","theDuelist:SilverWing","theDuelist:EvilMind","theDuelist:HarpieFeather","theDuelist:LordD","theDuelist:BoosterPackSpellEgg"],"campfire_rested":7,"item_purchase_floors":[4,4,30,36,36,39],"current_hp_per_floor":[80,80,80,80,80,80,80,74,74,74,74,74,74,66,66,50,80,76,76,76,76,62,80,61,61,61,80,46,52,52,60,88,80,95,76,76,76,60,60,88,9,37,37,65,65,44,46,29,57,30],"gold":138,"neow_bonus":"THREE_ENEMY_KILL","is_daily":false,"chose_seed":false,"campfire_upgraded":3,"win_rate":0.0,"timestamp":1611034338,"path_taken":["M","?","M","?","M","R","$","?","T","M","?","?","R","M","R","BOSS","M","?","M","?","M","R","?","$","T","R","E","M","$","M","R","BOSS","M","$","?","?","$","R","E","R","T","R","?","M","M","M","R","BOSS"],"items_purchased_type":["Card","Card","Card","Card","Card","Relic"],"build_version":"2020-12-22","purchased_purges":0,"victory":true,"max_hp_per_floor":[80,80,80,80,80,80,80,80,80,80,80,80,80,80,80,80,80,80,80,80,80,80,80,80,80,80,80,85,95,95,95,95,95,95,95,95,95,95,95,95,95,95,95,95,95,95,95,95,95,95],"card_choices":[{"not_picked":["theDuelist:DefenseDraw","theDuelist:SafeZone","theDuelist:SpiralSpearStrike+1","theDuelist:DragonShield+1"],"picked":"theDuelist:TyrantWing","floor":1},{"not_picked":["theDuelist:BlackBrutdrago","theDuelist:CurseDragon","theDuelist:CaveDragon","theDuelist:BlueEyesUltimate"],"picked":"theDuelist:LavaDragon","floor":2},{"not_picked":["theDuelist:MadSwordBeast","theDuelist:ViceDragon","theDuelist:FrostflameDragon","theDuelist:HymnOfLight"],"picked":"theDuelist:HazyFlameHydra","floor":3},{"not_picked":["theDuelist:DarkHorus","theDuelist:MadSwordBeast","theDuelist:AquaDolphin","theDuelist:RedEyesZombie"],"picked":"theDuelist:FrostflameDragon","floor":5},{"not_picked":["theDuelist:DefenseDraw","theDuelist:DragonCaptureJar","theDuelist:DragonShield+1","theDuelist:SafeZone"],"picked":"theDuelist:FireDarts","floor":8},{"not_picked":["theDuelist:GalaxySoldier","theDuelist:TyrantWing","theDuelist:WhiteHowling","theDuelist:CyberLaserDragon"],"picked":"theDuelist:BoosterDragon","floor":10},{"not_picked":["theDuelist:Hinotama","theDuelist:DarkCreator","theDuelist:HaneHane","theDuelist:RainbowBridge"],"picked":"theDuelist:ReinforcementsArmy","floor":14},{"not_picked":["theDuelist:CyberDragonInfinity","theDuelist:OceanDragonLord","theDuelist:Scapegoat","theDuelist:SurvivalFittest"],"picked":"theDuelist:ArmageddonDragonEmp","floor":16},{"not_picked":["theDuelist:CyberRevsystem","theDuelist:LeviaDragon","theDuelist:SilverDragon","theDuelist:RedDragonArchfiend"],"picked":"theDuelist:CyberDragonVier+1","floor":18},{"not_picked":["theDuelist:BattleguardKing","theDuelist:Reload","theDuelist:BlueBloodedOni","theDuelist:Mausoleum"],"picked":"theDuelist:PreventRat+1","floor":20},{"not_picked":["theDuelist:BlackPtera","theDuelist:MirageDragon","theDuelist:MoltenDestruction","theDuelist:ScrapIronScarecrow"],"picked":"theDuelist:DragonMirror","floor":21},{"not_picked":["theDuelist:SpiralSpearStrike","theDuelist:StampingDestruction","theDuelist:DefenseZone","theDuelist:UltraEvolutionPill"],"picked":"theDuelist:MoltenDestruction","floor":22},{"not_picked":["theDuelist:CyberDragonSieger+1","theDuelist:MiraculousDescent","theDuelist:SilverWing+1","theDuelist:SliferSky+1"],"picked":"theDuelist:Mountain","floor":24},{"not_picked":["theDuelist:TailSwipe","theDuelist:ArmedDragon3","theDuelist:BeserkDragon","theDuelist:GravityLash"],"picked":"theDuelist:ArmedDragon5+1","floor":28},{"not_picked":["theDuelist:BigFire","theDuelist:Hinotama","theDuelist:LightningDarts","theDuelist:ForbiddenLance"],"picked":"theDuelist:RainbowOverdragon+1","floor":29},{"not_picked":["theDuelist:BlackPtera+1","theDuelist:MoltenDestruction","theDuelist:RedEyesZombie+1","theDuelist:ClawHermos","theDuelist:InfernityDoomDragon"],"picked":"SKIP","floor":31},{"not_picked":["theDuelist:FiveHeaded","theDuelist:GaiaDragonChamp","theDuelist:QueenDragunDjinn","theDuelist:VoidOgreDragon+1"],"picked":"theDuelist:WingedDragonRa","floor":33},{"not_picked":["theDuelist:BigFire+1","theDuelist:LightningDarts","theDuelist:RainbowOverdragon+1","theDuelist:SmashingGround+1"],"picked":"theDuelist:Raigeki+1","floor":35},{"not_picked":["theDuelist:ArmageddonDragonEmp","theDuelist:BlueDuston+1","theDuelist:DefensiveTactics+1","theDuelist:TailSwipe+1"],"picked":"theDuelist:GravityLash+1","floor":38},{"not_picked":["Secret Technique+1","The Bomb","Violence"],"picked":"Purity","floor":41},{"not_picked":["theDuelist:ArmedProtectorDragon+1","theDuelist:BlueDuston+1","theDuelist:VoidOgreDragon+1","theDuelist:WaterDragon"],"picked":"theDuelist:BerserkScales+1","floor":46},{"not_picked":["theDuelist:CyberDinosaur+1","theDuelist:MirageDragon+1","theDuelist:SilverDragon","theDuelist:SuperancientDinobeast"],"picked":"theDuelist:CoralDragon","floor":47},{"not_picked":["theDuelist:DoomkaiserDragon+1","theDuelist:SnowdustDragon+1"],"picked":"theDuelist:BarrelDragon+1","floor":48}],"player_experience":22629,"relics_obtained":[{"floor":9,"key":"theDuelist:GoldenScale"},{"floor":21,"key":"FossilizedHelix"},{"floor":21,"key":"Incense Burner"},{"floor":21,"key":"theDuelist:ResummonBranch"},{"floor":24,"key":"Red Mask"},{"floor":26,"key":"Bird Faced Urn"},{"floor":28,"key":"Torii"},{"floor":34,"key":"theDuelist:MetronomeRelicB"},{"floor":34,"key":"theDuelist:MerchantNecklace"},{"floor":34,"key":"WingedGreaves"},{"floor":41,"key":"Vajra"},{"floor":43,"key":"theDuelist:ZoneToken"}],"event_choices":[{"damage_healed":0,"gold_gain":0,"player_choice":"Grow","damage_taken":0,"max_hp_gain":0,"max_hp_loss":0,"event_name":"Living Wall","floor":11,"gold_loss":0,"cards_upgraded":["theDuelist:FireDarts"]},{"damage_healed":0,"gold_gain":0,"player_choice":"Leave","duelist":true,"damage_taken":0,"max_hp_gain":0,"max_hp_loss":0,"event_name":"Relic Duplicator","floor":12,"gold_loss":0},{"damage_healed":0,"gold_gain":0,"player_choice":"Ignored","damage_taken":0,"max_hp_gain":0,"max_hp_loss":0,"event_name":"betterNote:BetterNote","floor":19,"gold_loss":0,"cards_obtained":["construct:Enhance"]},{"damage_healed":0,"gold_gain":0,"player_choice":"Fight","duelist":true,"damage_taken":0,"max_hp_gain":0,"max_hp_loss":0,"event_name":"Battle City","floor":21,"gold_loss":0},{"damage_healed":0,"gold_gain":0,"player_choice":"Fought Bandits","damage_taken":0,"max_hp_gain":0,"max_hp_loss":0,"event_name":"Masked Bandits","floor":24,"gold_loss":0},{"damage_healed":0,"gold_gain":0,"player_choice":"Bought 1 Potion","damage_taken":0,"max_hp_gain":0,"max_hp_loss":0,"event_name":"The Woman in Blue","floor":37,"gold_loss":0},{"damage_healed":0,"gold_gain":0,"player_choice":"Leave","duelist":true,"damage_taken":0,"max_hp_gain":0,"max_hp_loss":0,"event_name":"Egyptian Village","floor":45,"gold_loss":0}],"is_beta":false,"boss_relics":[{"not_picked":["Metronome","Runic Pyramid"],"picked":"Fusion Hammer"},{"not_picked":["bronze:MakeshiftBattery","HoveringKite"],"picked":"Calling Bell"}],"items_purged_floors":[],"is_endless":false,"potions_floor_spawned":[2,5,10,18,20,28,33,38,48],"ascension_level":0}}