{"host":"y7sd46uq4xlni546","time":1611083694,"event":{"mods":["AchievementEnabler","BaseMod","Colored Map","Colored Powertips","Curses Come First","Filter the Spire","Minty Spire (QoL Compilation)","Quick Restart","Random Character Button","Rare Cards Sparkle","StSLib"],"gold_per_floor":[109,123,398,418,435,435,460,470,470,470,470,470,498,509,509,608,608,622,636,312,323,169,200,210,210,237,256,284,284,310,329,329,432,432,449,449,15,15,15,15,45,45,45,45,73,83,103,116,116,116],"floor_reached":51,"language":"ENG","playtime":2510,"items_purged":["Regret"],"score":957,"play_id":"ab5be440-d3cb-40af-a1eb-4fc893dece45","local_time":"20210119201454","is_ascension_mode":false,"campfire_choices":[{"data":"Blade Dance","floor":6,"key":"SMITH"},{"floor":10,"key":"REST"},{"data":"Blade Dance","floor":12,"key":"SMITH"},{"data":"Cloak And Dagger","floor":15,"key":"SMITH"},{"floor":25,"key":"REST"},{"floor":32,"key":"REST"},{"data":"Defend_G","floor":40,"key":"PURGE"},{"data":"Strike_G","floor":42,"key":"PURGE"},{"floor":49,"key":"REST"}],"circlet_count":0,"master_deck":["Strike_G","Strike_G","Defend_G","Defend_G","Defend_G","Survivor","Neutralize","Venomology+1","Adrenaline+1","Caltrops+1","Blade Dance+1","Blade Dance+1","Cloak And Dagger+1","Backstab+1","Phantasmal Killer+1","Prepared+1","Backflip+1","Terror+1","A Thousand Cuts","CurseOfTheBell","Deflect+1","Burst+1","Panache","Phantasmal Killer+1","Accuracy","Outmaneuver+1","Tactician+1","Malaise+1","Adrenaline+1","Apotheosis+1","A Thousand Cuts","Madness+1","Madness+1","Dash+1","Backflip+1","Infinite Blades+1"],"relics":["Astrolabe","Toxic Egg 2","The Courier","Kunai","Calling Bell","Orichalcum","Paper Crane","Peace Pipe","DollysMirror","Nunchaku","Art of War","Juzu Bracelet","Oddly Smooth Stone","Red Mask","WristBlade","Potion Belt","Mummified Hand","Regal Pillow","Ornamental Fan","Mango","Calipers"],"acts_visited":["Exordium","TheCity","TheBeyond"],"potions_floor_usage":[1,2,5,7,7,13,13,13,14,16,16,19,19,21,24,27,28,30,30,30,33,45,46,47,48,50,50,50,50,50],"damage_taken":[{"damage":3,"enemies":"Jaw Worm","floor":1,"turns":4},{"damage":0,"enemies":"Cultist","floor":2,"turns":3},{"damage":7,"enemies":"Small Slimes","floor":4,"turns":3},{"damage":4,"enemies":"2 Fungi Beasts","floor":5,"turns":3},{"damage":8,"enemies":"Lagavulin","floor":7,"turns":6},{"damage":0,"enemies":"Looter","floor":8,"turns":2},{"damage":16,"enemies":"3 Sentries","floor":13,"turns":4},{"damage":1,"enemies":"Large Slime","floor":14,"turns":2},{"damage":1,"enemies":"The Guardian","floor":16,"turns":7},{"damage":3,"enemies":"3 Byrds","floor":18,"turns":4},{"damage":6,"enemies":"2 Thieves","floor":19,"turns":3},{"damage":9,"enemies":"Snecko","floor":21,"turns":3},{"damage":1,"enemies":"Gremlin Leader","floor":23,"turns":4},{"damage":7,"enemies":"Centurion and Healer","floor":24,"turns":4},{"damage":7,"enemies":"Cultist and Chosen","floor":27,"turns":5},{"damage":18,"enemies":"Book of Stabbing","floor":28,"turns":4},{"damage":9,"enemies":"Masked Bandits","floor":30,"turns":3},{"damage":0,"enemies":"Chosen and Byrds","floor":31,"turns":4},{"damage":0,"enemies":"Champ","floor":33,"turns":10},{"damage":0,"enemies":"3 Shapes","floor":35,"turns":3},{"damage":0,"enemies":"Nemesis","floor":41,"turns":5},{"damage":1,"enemies":"Giant Head","floor":45,"turns":5},{"damage":10,"enemies":"3 Darklings","floor":46,"turns":4},{"damage":5,"enemies":"Sphere and 2 Shapes","floor":47,"turns":4},{"damage":0,"enemies":"Transient","floor":48,"turns":5},{"damage":14,"enemies":"Time Eater","floor":50,"turns":7}],"seed_played":"1093618916950173625","potions_obtained":[{"floor":1,"key":"Poison Potion"},{"floor":13,"key":"Fruit Juice"},{"floor":14,"key":"Swift Potion"},{"floor":18,"key":"CultistPotion"},{"floor":23,"key":"Dexterity Potion"},{"floor":24,"key":"Strength Potion"},{"floor":28,"key":"EssenceOfSteel"},{"floor":31,"key":"PowerPotion"},{"floor":46,"key":"ColorlessPotion"},{"floor":47,"key":"Block Potion"},{"floor":48,"key":"PowerPotion"}],"is_trial":false,"path_per_floor":["M","M","?","M","M","R","E","M","T","R","?","R","E","M","R","B",null,"M","M","$","M","$","E","M","R","T","M","E","?","?","M","R","B",null,"M","?","$","?","?","R","E","R","T","?","E","M","M","M","R","B",null],"character_chosen":"THE_SILENT","items_purchased":["Panache","DollysMirror","Accuracy","Nunchaku","Potion Belt","Mummified Hand","Regal Pillow"],"campfire_rested":4,"item_purchase_floors":[20,20,22,22,37,37,37],"current_hp_per_floor":[67,67,67,60,56,56,48,48,48,69,74,74,58,62,62,61,80,77,71,71,62,62,61,54,78,78,71,53,53,44,44,68,68,80,80,80,80,80,80,80,80,80,94,82,81,71,66,66,94,80],"gold":116,"neow_bonus":"BOSS_RELIC","is_daily":false,"chose_seed":false,"campfire_upgraded":3,"win_rate":0.0,"timestamp":1611083694,"path_taken":["M","M","?","?","M","R","E","M","T","R","?","R","E","M","R","BOSS","M","M","$","M","$","E","M","R","T","M","E","?","?","M","R","BOSS","M","?","$","?","?","R","E","R","T","?","E","M","M","M","R","BOSS"],"items_purchased_type":["Card","Relic","Card","Relic","Relic","Relic","Relic"],"build_version":"2020-12-22","purchased_purges":1,"victory":true,"max_hp_per_floor":[70,70,70,70,70,70,70,70,70,70,75,75,75,80,80,80,80,80,80,80,80,80,80,80,80,80,80,80,80,80,80,80,80,80,80,80,80,80,80,80,80,80,94,94,94,94,94,94,94,94],"card_choices":[{"not_picked":["Footwork","Crippling Poison"],"picked":"Blade Dance","floor":1},{"not_picked":["Deflect","Dagger Spray"],"picked":"Blade Dance","floor":2},{"not_picked":["Blur","Dagger Throw"],"picked":"Cloak And Dagger","floor":4},{"not_picked":["Concentrate","Infinite Blades"],"picked":"Backstab","floor":5},{"not_picked":["Expertise+1","Bane"],"picked":"Phantasmal Killer+1","floor":7},{"not_picked":["Deadly Poison+1","Flechettes"],"picked":"Prepared+1","floor":8},{"not_picked":["Concentrate+1","Prepared+1"],"picked":"Backflip+1","floor":13},{"not_picked":["Flechettes","Dodge and Roll+1"],"picked":"Terror+1","floor":14},{"not_picked":["Storm of Steel+1","Tools of the Trade"],"picked":"A Thousand Cuts","floor":16},{"not_picked":["Deadly Poison+1","Underhanded Strike"],"picked":"Deflect+1","floor":18},{"not_picked":["Distraction+1","Quick Slash"],"picked":"Burst+1","floor":19},{"not_picked":["Skewer","Poisoned Stab","Bane"],"picked":"SKIP","floor":21},{"not_picked":["Dagger Throw","Glass Knife"],"picked":"Outmaneuver+1","floor":23},{"not_picked":["Heel Hook","Underhanded Strike"],"picked":"Tactician+1","floor":24},{"not_picked":["Bouncing Flask+1","Deadly Poison+1","Riddle With Holes"],"picked":"SKIP","floor":27},{"not_picked":["Dodge and Roll+1","Tactician+1","Dagger Spray"],"picked":"SKIP","floor":28},{"not_picked":["Outmaneuver+1","Bane"],"picked":"Malaise+1","floor":31},{"not_picked":["Night Terror+1","Envenom"],"picked":"Adrenaline+1","floor":33},{"not_picked":["Deadly Poison+1","PiercingWail+1","Backflip+1"],"picked":"SKIP","floor":35},{"not_picked":["Madness+1","Discovery+1"],"picked":"Apotheosis+1","floor":36},{"not_picked":["Poisoned Stab","Dodge and Roll+1"],"picked":"A Thousand Cuts","floor":41},{"not_picked":["PiercingWail+1","Acrobatics+1","Endless Agony+1"],"picked":"SKIP","floor":45},{"not_picked":["Underhanded Strike","Quick Slash"],"picked":"Dash+1","floor":46},{"not_picked":["Die Die Die","Sucker Punch+1"],"picked":"Backflip+1","floor":47},{"not_picked":["Tactician+1","Deadly Poison+1"],"picked":"Infinite Blades+1","floor":48}],"player_experience":666743,"relics_obtained":[{"floor":7,"key":"Toxic Egg 2"},{"floor":9,"key":"The Courier"},{"floor":13,"key":"Kunai"},{"floor":17,"key":"Orichalcum"},{"floor":17,"key":"Paper Crane"},{"floor":17,"key":"Peace Pipe"},{"floor":23,"key":"Art of War"},{"floor":26,"key":"Juzu Bracelet"},{"floor":28,"key":"Oddly Smooth Stone"},{"floor":30,"key":"Red Mask"},{"floor":41,"key":"Ornamental Fan"},{"floor":43,"key":"Mango"},{"floor":45,"key":"Calipers"}],"event_choices":[{"damage_healed":0,"gold_gain":275,"player_choice":"Desecrate","damage_taken":0,"max_hp_gain":0,"max_hp_loss":0,"event_name":"Golden Shrine","floor":3,"gold_loss":0,"cards_obtained":["Regret"]},{"damage_healed":0,"gold_gain":0,"player_choice":"Donut","damage_taken":0,"max_hp_gain":5,"max_hp_loss":0,"event_name":"Big Fish","floor":11,"gold_loss":0},{"damage_healed":0,"gold_gain":0,"player_choice":"Ignored","damage_taken":0,"max_hp_gain":0,"max_hp_loss":0,"event_name":"Vampires","floor":29,"gold_loss":0},{"damage_healed":0,"gold_gain":0,"player_choice":"Fought Bandits","damage_taken":0,"max_hp_gain":0,"max_hp_loss":0,"event_name":"Masked Bandits","floor":30,"gold_loss":0},{"damage_healed":0,"gold_gain":0,"player_choice":"Memory 1","damage_taken":0,"max_hp_gain":0,"max_hp_loss":0,"event_name":"SensoryStone","floor":36,"gold_loss":0},{"damage_healed":0,"gold_gain":0,"player_choice":"Forge","damage_taken":0,"max_hp_gain":0,"max_hp_loss":0,"event_name":"Accursed Blacksmith","floor":38,"gold_loss":0,"cards_upgraded":["Backstab"]},{"damage_healed":0,"gold_gain":0,"player_choice":"Ignored","damage_taken":0,"max_hp_gain":0,"max_hp_loss":0,"event_name":"SecretPortal","floor":39,"gold_loss":0},{"damage_healed":0,"gold_gain":0,"player_choice":"Embrace Madness","damage_taken":12,"max_hp_gain":0,"max_hp_loss":0,"event_name":"Winding Halls","floor":44,"gold_loss":0,"cards_obtained":["Madness","Madness"]}],"is_beta":false,"boss_relics":[{"not_picked":["Tiny House","Runic Pyramid"],"picked":"Calling Bell"},{"not_picked":["Coffee Dripper","Busted Crown"],"picked":"WristBlade"}],"items_purged_floors":[20],"is_endless":false,"potions_floor_spawned":[1,13,14,18,23,24,28,31,46,47,48],"ascension_level":0}}