{"host":"skr63qsdfgeey3it","time":1611039038,"event":{"mods":["BaseMod","Colored Map","Hubris","Minty Spire (QoL Compilation)","Replay The Spire","Spicy Shops","StSLib"],"gold_per_floor":[114,132,132,144,144,69,97,97,97,172,172,199,210,16,16,88,88,104,104,115,128,128,128],"floor_reached":22,"language":"ENG","playtime":490,"items_purged":["Pain","Amnesia"],"score":304,"play_id":"c7bb119e-db5c-4abf-8e09-e55c8dca3b02","local_time":"20210119005038","is_ascension_mode":true,"campfire_choices":[{"data":"Armaments","floor":8,"key":"SMITH"},{"data":"Combust","floor":8,"key":"SMITH"},{"floor":11,"key":"REST"},{"data":"Whirlwind","floor":15,"key":"SMITH"},{"data":"Berserk","floor":15,"key":"SMITH"}],"circlet_count":0,"master_deck":["AscendersBane","Strike_R","Strike_R","Strike_R","Strike_R","Defend_R","Defend_R","Defend_R","Defend_R","Bash","Combust+1","Armaments+1","Spot Weakness","Whirlwind+1","Berserk+1","Good Instincts","Flex","Bloodletting+1"],"relics":["Burning Blood","NeowsBlessing","WarpedTongs","Mirror","Replay:Arrowhead","hubris:TinFlute","Bag of Marbles","ReplayTheSpireMod:CursedCoin"],"acts_visited":["Exordium","TheCity"],"potions_floor_usage":[18,21],"damage_taken":[{"damage":0,"enemies":"2 Louse","floor":1,"turns":1},{"damage":0,"enemies":"Cultist","floor":2,"turns":1},{"damage":0,"enemies":"Jaw Worm","floor":4,"turns":1},{"damage":53,"enemies":"3 Sentries","floor":7,"turns":7},{"damage":11,"enemies":"3 Louse","floor":13,"turns":2},{"damage":25,"enemies":"Fading Forest","floor":16,"turns":11},{"damage":20,"enemies":"Spheric Guardian","floor":18,"turns":5},{"damage":33,"enemies":"2 Thieves","floor":20,"turns":4},{"damage":24,"enemies":"3 Cultists","floor":21,"turns":5},{"damage":0,"enemies":"Shelled Parasite and Fungi","floor":22,"turns":1}],"seed_played":"-5354913917566480290","potions_obtained":[{"floor":2,"key":"Elixir"},{"floor":4,"key":"Weak Potion"},{"floor":20,"key":"Milkshake"},{"floor":21,"key":"Venom Potion"}],"is_trial":false,"path_per_floor":["M","M","?","M","T","$","E","R","T","?","R","T","M","$","R","B",null,"M","?","M","M","M"],"character_chosen":"IRONCLAD","items_purchased":["ReplayTheSpireMod:CursedCoin","Berserk","Good Instincts"],"campfire_rested":1,"item_purchase_floors":[14,14,14],"current_hp_per_floor":[78,80,80,80,80,80,33,33,33,22,46,46,41,41,41,44,71,57,57,30,12,12,12],"gold":128,"neow_bonus":"THREE_ENEMY_KILL","is_daily":false,"chose_seed":false,"campfire_upgraded":4,"win_rate":0.0,"timestamp":1611039038,"path_taken":["M","M","?","?","?","$","E","R","T","?","R","?","M","$","R","BOSS","M","?","M","M","?"],"items_purchased_type":["Relic","Card","Card"],"build_version":"2020-12-22","purchased_purges":2,"victory":false,"max_hp_per_floor":[80,80,80,80,80,80,80,80,80,80,80,80,80,80,80,80,80,80,80,80,80,80,80],"card_choices":[{"not_picked":["True Grit","Clash","Replay:Undeath\u0027s Touch"],"picked":"SKIP","floor":1},{"not_picked":["Cleave","Wild Strike"],"picked":"Combust","floor":2},{"not_picked":["True Grit","Heavy Blade"],"picked":"Armaments","floor":4},{"not_picked":["Cleave","Heavy Blade"],"picked":"Spot Weakness","floor":7},{"not_picked":["Rage","hubris:ReadiedAction"],"picked":"Whirlwind","floor":13},{"not_picked":["Thunderclap","Warcry"],"picked":"Flex","floor":18},{"not_picked":["Heavy Blade","Clothesline"],"picked":"Bloodletting+1","floor":20},{"not_picked":["Run Through","ReplayReversal","Havoc+1"],"picked":"SKIP","floor":21}],"player_experience":751883,"relics_obtained":[{"floor":5,"key":"Mirror"},{"floor":7,"key":"Replay:Arrowhead"},{"floor":9,"key":"hubris:TinFlute"},{"floor":12,"key":"Bag of Marbles"}],"event_choices":[{"damage_healed":0,"gold_gain":0,"player_choice":"Rummage","damage_taken":0,"relics_obtained":["WarpedTongs"],"max_hp_gain":0,"max_hp_loss":0,"event_name":"Accursed Blacksmith","floor":3,"gold_loss":0,"cards_obtained":["Pain"]},{"damage_healed":0,"gold_gain":75,"player_choice":"Gather Gold","damage_taken":11,"max_hp_gain":0,"max_hp_loss":0,"event_name":"World of Goop","floor":10,"gold_loss":0},{"cards_removed":["Strike_R"],"damage_healed":0,"gold_gain":0,"player_choice":"Purged","damage_taken":0,"max_hp_gain":0,"max_hp_loss":0,"event_name":"Purifier","floor":19,"gold_loss":0}],"is_beta":false,"boss_relics":[{"not_picked":["Replay:Bronze Core","Runic Dome","hubris:GrandSneckoEye"]}],"items_purged_floors":[6,14],"is_endless":false,"potions_floor_spawned":[2,4,7,20,21],"killed_by":"Shelled Parasite and Fungi","ascension_level":13}}