{"host":"7zdktqb5xjtif29d","time":1611094066,"event":{"mods":["AchievementEnabler","BaseMod","Colored Map","Colored Powertips","Dark Map","Highlight Path","Minty Spire (QoL Compilation)","Rare Cards Sparkle","SuperFastMode","Waifu the Spire","everything is the same but u backflip on backflip"],"gold_per_floor":[109,126,142,161,177,208,218,218,296,471,486,486,499,499,499],"floor_reached":14,"language":"ENG","playtime":556,"items_purged":[],"score":135,"play_id":"d1ab2894-a702-4409-bfad-143a6914135d","local_time":"20210119220746","is_ascension_mode":true,"campfire_choices":[{"floor":8,"key":"REST"},{"data":"Pommel Strike","floor":12,"key":"SMITH"}],"circlet_count":0,"master_deck":["Strike_R","Strike_R","Strike_R","Strike_R","Strike_R","Defend_R","Defend_R","Defend_R","Twin Strike","Twin Strike","Twin Strike","Pommel Strike+1","Doubt","Twin Strike","Pommel Strike"],"relics":["Burning Blood","Magic Flower","The Courier"],"acts_visited":["Exordium"],"potions_floor_usage":[5,6,14],"damage_taken":[{"damage":9,"enemies":"Cultist","floor":1,"turns":5},{"damage":1,"enemies":"2 Louse","floor":2,"turns":2},{"damage":6,"enemies":"Jaw Worm","floor":3,"turns":6},{"damage":2,"enemies":"Looter","floor":4,"turns":4},{"damage":22,"enemies":"Exordium Thugs","floor":5,"turns":5},{"damage":18,"enemies":"Gremlin Nob","floor":6,"turns":4},{"damage":5,"enemies":"2 Fungi Beasts","floor":7,"turns":4},{"damage":18,"enemies":"Large Slime","floor":11,"turns":4},{"damage":29,"enemies":"Exordium Wildlife","floor":13,"turns":4},{"damage":45,"enemies":"Lagavulin","floor":14,"turns":5}],"seed_played":"6328993522586105544","potions_obtained":[{"floor":2,"key":"Swift Potion"},{"floor":3,"key":"DistilledChaos"},{"floor":5,"key":"Dexterity Potion"},{"floor":6,"key":"Dexterity Potion"},{"floor":11,"key":"AttackPotion"}],"is_trial":false,"path_per_floor":["M","M","M","M","M","E","M","R","T","?","M","R","M","E"],"character_chosen":"IRONCLAD","items_purchased":[],"campfire_rested":1,"item_purchase_floors":[],"current_hp_per_floor":[53,58,58,62,46,34,38,62,62,62,53,53,33,0,0],"gold":499,"neow_bonus":"REMOVE_TWO","is_daily":false,"chose_seed":false,"campfire_upgraded":1,"win_rate":0.0,"timestamp":1611094066,"path_taken":["M","M","M","M","M","E","M","R","T","?","M","R","M","E"],"items_purchased_type":[],"build_version":"2020-12-22","purchased_purges":0,"victory":false,"max_hp_per_floor":[80,80,80,80,80,80,80,80,80,80,80,80,80,80,80],"card_choices":[{"not_picked":["Iron Wave","Second Wind","Shockwave"],"picked":"SKIP","floor":1},{"not_picked":["Warcry","Dropkick","Shockwave"],"picked":"SKIP","floor":2},{"not_picked":["Carnage","Body Slam"],"picked":"Twin Strike","floor":3},{"not_picked":["Flex","Iron Wave"],"picked":"Twin Strike","floor":4},{"not_picked":["Clothesline","Sentinel"],"picked":"Twin Strike","floor":5},{"not_picked":["Shockwave","Whirlwind","Fiend Fire"],"picked":"SKIP","floor":6},{"not_picked":["Flex","Heavy Blade"],"picked":"Pommel Strike","floor":7},{"not_picked":["Headbutt","Burning Pact"],"picked":"Twin Strike","floor":11},{"not_picked":["Shockwave","Clothesline"],"picked":"Pommel Strike","floor":13}],"player_experience":245455,"relics_obtained":[{"floor":6,"key":"Magic Flower"},{"floor":9,"key":"The Courier"}],"event_choices":[{"damage_healed":0,"gold_gain":175,"player_choice":"AGREE","damage_taken":0,"max_hp_gain":0,"max_hp_loss":0,"event_name":"Liars Game","floor":10,"gold_loss":0,"cards_obtained":["Doubt"]}],"is_beta":false,"boss_relics":[],"items_purged_floors":[],"is_endless":false,"potions_floor_spawned":[2,3,5,6,11],"killed_by":"Lagavulin","ascension_level":3}}