{"host":"w4b7hmige5bnqipq","time":1611053720,"event":{"mods":["2.2 Compatiblity","BaseMod","Colored Map","DeckTracker","Keyboard Shortcuts","Minty Spire (QoL Compilation)","Permanent Neow","Rare Cards Sparkle","SuperFastMode","everything is the same but u backflip on backflip","slay the spire mod where everything is the same but ironclad has a cowboy hat"],"gold_per_floor":[118,118,43,43,43,43,56,56,56,74,95,95,111,127,127,127,127],"floor_reached":16,"language":"KOR","playtime":318,"items_purged":[],"score":184,"play_id":"2ee0cf71-e174-4a32-8c71-1e1794fff651","local_time":"20210119195520","is_ascension_mode":true,"campfire_choices":[{"data":"Survivor","floor":6,"key":"SMITH"},{"data":"Noxious Fumes","floor":8,"key":"SMITH"},{"floor":15,"key":"REST"}],"circlet_count":0,"master_deck":["AscendersBane","Strike_G","Strike_G","Strike_G","Defend_G","Defend_G","Defend_G","Defend_G","Survivor+1","Neutralize","Noxious Fumes+1","Footwork","Venomology","Dash","Poisoned Stab"],"relics":["Ring of the Snake","Golden Idol","Bag of Preparation","WingedGreaves"],"acts_visited":["Exordium"],"potions_floor_usage":[13,14,14,16,16],"damage_taken":[{"damage":1,"enemies":"Cultist","floor":1,"turns":4},{"damage":2,"enemies":"Small Slimes","floor":7,"turns":5},{"damage":3,"enemies":"2 Louse","floor":10,"turns":3},{"damage":19,"enemies":"Exordium Wildlife","floor":11,"turns":7},{"damage":18,"enemies":"Large Slime","floor":13,"turns":8},{"damage":0,"enemies":"3 Louse","floor":14,"turns":3},{"damage":26,"enemies":"Slime Boss","floor":16,"turns":8}],"seed_played":"-3880835323488466496","potions_obtained":[{"floor":10,"key":"CunningPotion"},{"floor":11,"key":"SpeedPotion"},{"floor":13,"key":"Energy Potion"}],"is_trial":false,"path_per_floor":["M","?","?","?","?","R","M","R","T","M","M","?","M","M","R","B"],"character_chosen":"THE_SILENT","items_purchased":[],"campfire_rested":1,"item_purchase_floors":[],"current_hp_per_floor":[58,58,58,54,54,54,52,52,52,49,30,19,1,1,17,0,0],"gold":127,"neow_bonus":"REMOVE_TWO","is_daily":false,"chose_seed":false,"campfire_upgraded":2,"win_rate":0.0,"timestamp":1611053720,"path_taken":["M","?","?","?","?","R","M","R","T","M","M","?","M","?","R","BOSS"],"items_purchased_type":[],"build_version":"2020-12-22","purchased_purges":0,"victory":false,"max_hp_per_floor":[60,60,60,54,54,54,54,54,54,54,54,54,54,54,54,54,54],"card_choices":[{"not_picked":["Slice","Infinite Blades","PiercingWail"],"picked":"SKIP","floor":1},{"not_picked":["Prepared","Sucker Punch"],"picked":"Noxious Fumes","floor":7},{"not_picked":["Sucker Punch","Choke"],"picked":"Footwork","floor":10},{"not_picked":["Slice","Cloak And Dagger"],"picked":"Venomology","floor":11},{"not_picked":["All Out Attack","Catalyst"],"picked":"Dash","floor":13},{"not_picked":["All Out Attack","Prepared"],"picked":"Poisoned Stab","floor":14}],"player_experience":523368,"relics_obtained":[{"floor":9,"key":"Bag of Preparation"}],"event_choices":[{"damage_healed":0,"gold_gain":0,"player_choice":"Ignored","damage_taken":0,"max_hp_gain":0,"max_hp_loss":0,"event_name":"Liars Game","floor":2,"gold_loss":0},{"cards_removed":["Strike_G"],"damage_healed":0,"gold_gain":0,"player_choice":"Card Removal","damage_taken":0,"max_hp_gain":0,"max_hp_loss":0,"event_name":"The Cleric","floor":3,"gold_loss":75},{"damage_healed":0,"gold_gain":0,"player_choice":"Lose Max HP","damage_taken":0,"relics_obtained":["Golden Idol"],"max_hp_gain":0,"max_hp_loss":6,"event_name":"Golden Idol","floor":4,"gold_loss":0},{"damage_healed":0,"gold_gain":0,"player_choice":"Ignored","damage_taken":0,"max_hp_gain":0,"max_hp_loss":0,"event_name":"Shining Light","floor":5,"gold_loss":0},{"damage_healed":0,"gold_gain":0,"player_choice":"Success","damage_taken":11,"relics_obtained":["WingedGreaves"],"max_hp_gain":0,"max_hp_loss":0,"event_name":"Scrap Ooze","floor":12,"gold_loss":0}],"is_beta":false,"boss_relics":[],"items_purged_floors":[],"is_endless":false,"potions_floor_spawned":[10,11,13],"killed_by":"Slime Boss","ascension_level":20}}