{"host":"61r95uy0hn86b9iu","time":1611023826,"event":{"mods":["AchievementEnabler","BaseMod","Better Vampires","BetterRewards","Colored Powertips","Hubris","Minty Spire (QoL Compilation)","Shop Mod","StSLib"],"gold_per_floor":[110,120,120,131,306,335,335,361,415,447,53,53,53,53,53,129,129,144,76,76,76,95,95,121,138,208,220,220,233,333,368,368,442,442,462,462,462,482,482,482,482,502,529,541,571,583,595,232,232,232,232,232,11,36,36],"floor_reached":56,"language":"ENG","playtime":2818,"items_purged":["Doubt","Strike_B","Parasite"],"score":2360,"play_id":"7da91847-be9e-476b-a2f0-a1aea1cceaa7","local_time":"20210118203706","is_ascension_mode":true,"campfire_choices":[{"data":"Apotheosis","floor":7.0,"key":"SMITH"},{"data":"Double Energy","floor":13.0,"key":"SMITH"},{"floor":15.0,"key":"REST"},{"data":"Tempest","floor":23.0,"key":"SMITH"},{"data":"Dualcast","floor":28.0,"key":"SMITH"},{"floor":32.0,"key":"REST"},{"data":"Defragment","floor":41.0,"key":"SMITH"},{"data":"Madness","floor":47.0,"key":"SMITH"},{"floor":49.0,"key":"RECALL"},{"data":"Echo Form","floor":52,"key":"SMITH"}],"circlet_count":0,"master_deck":["AscendersBane","Strike_B+1","Strike_B+1","Defend_B","Defend_B","Zap","Dualcast+1","Apotheosis+1","Glacier","Static Discharge","Tempest+1","Coolheaded","Conserve Battery","Streamline","Double Energy+1","Defragment+1","Blind","Multi-Cast","CurseOfTheBell","Conserve Battery+1","Glacier+1","Loop","Buffer","Echo Form+1","Thunder Strike","Rebound","Madness","Madness+1","Capacitor"],"relics":["Cracked Core","Chemical X","Happy Flower","hubris:Zylophone","Medical Kit","MerchantsRug","White Beast Statue","HornCleat","hubris:Metronome","hubris:PeanutButter","Ice Cream","hubris:RGBLights","Oddly Smooth Stone","Nuclear Battery","Runic Capacitor","Pantograph","DataDisk","War Paint"],"acts_visited":["Exordium","TheCity","TheBeyond","TheEnding"],"potions_floor_usage":[50,50,54,55],"damage_taken":[{"damage":14.0,"enemies":"2 Louse","floor":1.0,"turns":3.0},{"damage":0.0,"enemies":"Small Slimes","floor":2.0,"turns":3.0},{"damage":0.0,"enemies":"Jaw Worm","floor":4.0,"turns":4.0},{"damage":8.0,"enemies":"3 Sentries","floor":6.0,"turns":7.0},{"damage":0.0,"enemies":"Gremlin Nob","floor":8.0,"turns":3.0},{"damage":0.0,"enemies":"3 Sentries","floor":10.0,"turns":6.0},{"damage":10.0,"enemies":"The Guardian","floor":16.0,"turns":9.0},{"damage":0.0,"enemies":"Spheric Guardian","floor":18.0,"turns":3.0},{"damage":2.0,"enemies":"Shell Parasite","floor":22.0,"turns":4.0},{"damage":22.0,"enemies":"Slavers","floor":24.0,"turns":3.0},{"damage":14.0,"enemies":"Centurion and Healer","floor":27.0,"turns":4.0},{"damage":0.0,"enemies":"Shelled Parasite and Fungi","floor":29.0,"turns":5.0},{"damage":5.0,"enemies":"Colosseum Slavers","floor":30.0,"turns":4.0},{"damage":0.0,"enemies":"Colosseum Nobs","floor":30.0,"turns":3.0},{"damage":0.0,"enemies":"Gremlin Leader","floor":31.0,"turns":4.0},{"damage":13.0,"enemies":"Champ","floor":33.0,"turns":15.0},{"damage":0.0,"enemies":"Orb Walker","floor":35.0,"turns":4.0},{"damage":11.0,"enemies":"3 Darklings","floor":38.0,"turns":6.0},{"damage":27.0,"enemies":"Transient","floor":42.0,"turns":5.0},{"damage":0.0,"enemies":"Writhing Mass","floor":45.0,"turns":4.0},{"damage":57,"enemies":"hubris:GrandSnecko","floor":50,"turns":10},{"damage":57,"enemies":"Shield and Spear","floor":54,"turns":7},{"damage":41,"enemies":"The Heart","floor":55,"turns":12}],"seed_played":"5885666267526249834","potions_obtained":[{"floor":2.0,"key":"Block Potion"},{"floor":8.0,"key":"Strength Potion"},{"floor":16.0,"key":"ColorlessPotion"},{"floor":18.0,"key":"SteroidPotion"},{"floor":22.0,"key":"Swift Potion"},{"floor":24.0,"key":"SpeedPotion"},{"floor":27.0,"key":"Strength Potion"},{"floor":29.0,"key":"BlessingOfTheForge"},{"floor":30.0,"key":"AttackPotion"},{"floor":31.0,"key":"Dexterity Potion"},{"floor":33.0,"key":"Swift Potion"},{"floor":38.0,"key":"Explosive Potion"},{"floor":42.0,"key":"SkillPotion"},{"floor":54,"key":"SteroidPotion"}],"is_trial":false,"path_per_floor":["M","M","?","M","?","E","R","E","T","E","$","?","R","$","R","B",null,"M","$","?","$","M","R","E","$","T","M","R","M","?","E","R","B",null,"M","?","?","M","T","?","R","M","T","$","M","?","R","$","R","B",null,"R","$","E","B",null],"character_chosen":"DEFECT","items_purchased":["Apotheosis","Lee\u0027s Waffle","Mummified Hand","Glacier","Static Discharge","Chemical X","Tempest","Coolheaded","Medical Kit","MerchantsRug","Blind","Runic Capacitor","Pantograph","FocusPotion","Capacitor","DataDisk","DuplicationPotion","Explosive Potion"],"campfire_rested":2,"item_purchase_floors":[0,0,0,0,0,0,0,0,11,11,11,48,48,48,53,53,53,53],"current_hp_per_floor":[64,64,57,57,57,49,49,49,49,49,49,46,46,46,69,59,73,73,78,78,78,76,76,54,69,69,55,55,55,50,50,73,60,74,74,74,78,67,67,67,67,40,40,55,55,45,45,60,60,18,61,61,75,18,2],"gold":36,"neow_bonus":"","is_daily":false,"chose_seed":false,"campfire_upgraded":7,"win_rate":0.0,"timestamp":1611023826,"path_taken":["M","M","?","M","?","E","R","E","T","E","$","?","R","$","R","BOSS","M","$","?","$","?","R","E","$","T","?","R","?","?","E","R","BOSS","M","?","?","?","?","?","R","?","T","?","M","?","R","$","R","BOSS","R","$","E","BOSS"],"items_purchased_type":["Card","Relic","Relic","Card","Card","Relic","Card","Card","Relic","Relic","Card","Relic","Relic","Potion","Card","Relic","Potion","Potion"],"build_version":"2020-12-22","purchased_purges":3,"victory":true,"max_hp_per_floor":[78,78,78,78,78,78,78,78,78,78,78,78,78,78,78,78,78,78,78,78,78,78,78,78,78,78,78,78,78,78,78,78,78,78,78,78,78,78,78,78,78,78,78,78,78,78,78,75,75,75,75,75,75,75,75],"card_choices":[{"not_picked":["Skim","Sweeping Beam"],"picked":"Conserve Battery","floor":1.0},{"not_picked":["Force Field","Barrage","Rebound"],"picked":"SKIP","floor":2.0},{"not_picked":["Barrage","Sweeping Beam"],"picked":"hubris:PowerSurge","floor":4.0},{"not_picked":["Coolheaded","Steam Power"],"picked":"Streamline","floor":6.0},{"not_picked":["Skim","Undo"],"picked":"Double Energy","floor":8.0},{"not_picked":["Compile Driver","Self Repair"],"picked":"Defragment","floor":10.0},{"not_picked":["hubris:Prefetch","hubris:SpecializedCircuitry"],"picked":"Multi-Cast","floor":16.0},{"not_picked":["Scrape","Coolheaded"],"picked":"Conserve Battery","floor":18.0},{"not_picked":["Force Field","Leap"],"picked":"Glacier","floor":22.0},{"not_picked":["Hyperbeam","Amplify","Auto Shields+1"],"picked":"SKIP","floor":24.0},{"not_picked":["Sweeping Beam","Turbo"],"picked":"Loop","floor":27.0},{"not_picked":["Cold Snap","Storm","Compile Driver+1"],"picked":"SKIP","floor":29.0},{"not_picked":["Static Discharge","Chaos"],"picked":"Buffer","floor":30.0},{"not_picked":["Ball Lightning","Go for the Eyes"],"picked":"Echo Form","floor":31.0},{"not_picked":["Echo Form","Buffer"],"picked":"Thunder Strike","floor":33.0},{"not_picked":["Sweeping Beam","Sunder","Barrage"],"picked":"SKIP","floor":35.0},{"not_picked":["Leap","Hologram","Sweeping Beam+1"],"picked":"SKIP","floor":38.0},{"not_picked":["Hyperbeam","Darkness","Coolheaded"],"picked":"SKIP","floor":42.0},{"not_picked":["Stack","Conserve Battery","Loop"],"picked":"SKIP","floor":45.0},{"not_picked":["hubris:SpecializedCircuitry","Melter+1","Rebound"],"picked":"SKIP","floor":54}],"player_experience":3284870,"relics_obtained":[{"floor":6.0,"key":"StrikeDummy"},{"floor":8.0,"key":"Whetstone"},{"floor":9.0,"key":"Happy Flower"},{"floor":10.0,"key":"hubris:Zylophone"},{"floor":17.0,"key":"MealTicket"},{"floor":17.0,"key":"HornCleat"},{"floor":17.0,"key":"WingedGreaves"},{"floor":24.0,"key":"Matryoshka"},{"floor":26.0,"key":"hubris:Metronome"},{"floor":26.0,"key":"hubris:PeanutButter"},{"floor":30.0,"key":"Ice Cream"},{"floor":30.0,"key":"hubris:RGBLights"},{"floor":31.0,"key":"Oddly Smooth Stone"},{"floor":39.0,"key":"Dream Catcher"},{"floor":43.0,"key":"MawBank"},{"floor":54,"key":"War Paint"}],"event_choices":[{"cards_removed":["Strike_B"],"damage_healed":0.0,"max_hp_gain":0.0,"max_hp_loss":0.0,"gold_gain":0.0,"event_name":"Golden Wing","player_choice":"Card Removal","floor":3.0,"gold_loss":0.0,"damage_taken":7.0},{"damage_healed":0.0,"max_hp_gain":0.0,"max_hp_loss":0.0,"gold_gain":175.0,"event_name":"Liars Game","player_choice":"AGREE","floor":5.0,"gold_loss":0.0,"damage_taken":0.0,"cards_obtained":["Doubt"]},{"damage_healed":0.0,"max_hp_gain":0.0,"max_hp_loss":0.0,"gold_gain":0.0,"event_name":"Scrap Ooze","player_choice":"Success","floor":12.0,"gold_loss":0.0,"damage_taken":3.0,"relics_obtained":["White Beast Statue"]},{"damage_healed":0.0,"max_hp_gain":0.0,"max_hp_loss":0.0,"gold_gain":0.0,"event_name":"N\u0027loth","player_choice":"Traded Relic","floor":20.0,"relics_lost":["Mummified Hand"],"gold_loss":0.0,"damage_taken":0.0,"relics_obtained":["Nloth\u0027s Gift"]},{"damage_healed":0.0,"max_hp_gain":0.0,"max_hp_loss":0.0,"gold_gain":0.0,"event_name":"Colosseum","player_choice":"Fight","floor":30.0,"gold_loss":0.0,"damage_taken":0.0},{"damage_healed":0.0,"max_hp_gain":0.0,"max_hp_loss":0.0,"gold_gain":0.0,"event_name":"Colosseum","player_choice":"Fought Nobs","floor":30.0,"gold_loss":0.0,"damage_taken":0.0},{"cards_removed":["Defend_B"],"damage_healed":0.0,"max_hp_gain":0.0,"max_hp_loss":0.0,"gold_gain":0.0,"event_name":"Falling","player_choice":"Removed Skill","floor":36.0,"gold_loss":0.0,"damage_taken":0.0},{"cards_removed":["hubris:PowerSurge"],"damage_healed":4.0,"max_hp_gain":0.0,"max_hp_loss":0.0,"gold_gain":0.0,"event_name":"Bonfire Elementals","player_choice":"Offered Uncommon","floor":37.0,"gold_loss":0.0,"damage_taken":0.0},{"damage_healed":0.0,"max_hp_gain":0.0,"max_hp_loss":0.0,"gold_gain":0.0,"cards_transformed":["Defend_B"],"event_name":"Transmorgrifier","player_choice":"Transformed","floor":40.0,"gold_loss":0.0,"damage_taken":0.0,"cards_obtained":["Rebound"]},{"damage_healed":0.0,"max_hp_gain":0.0,"max_hp_loss":0.0,"gold_gain":0.0,"event_name":"Winding Halls","player_choice":"Embrace Madness","floor":46.0,"gold_loss":0.0,"damage_taken":10.0,"cards_obtained":["Madness","Madness"]}],"is_beta":false,"boss_relics":[{"not_picked":["Tiny House","Empty Cage"],"picked":"Calling Bell"},{"not_picked":["SlaversCollar","Pandora\u0027s Box"],"picked":"Nuclear Battery"}],"items_purged_floors":[11,19,48],"is_endless":false,"potions_floor_spawned":[2,8,16,18,22,24,27,29,30,30,31,33,35,38,42,45,54],"ascension_level":14}}