{"host":"684z1xpuwaoqmmh1","time":1611042852,"event":{"mods":["Bard","BaseMod","Downfall","Hermit","Jorbs\u0027s Wanderer Trilogy","Marisa????????","Minty Spire (QoL Compilation)","Robot Space Explorer","Shade Mod","StSLib","The Bug Knight","The Cursed","The Hayseed","The Hierophant","The Marked","The Mystic","The Runesmith","The Senshi","The Spell Scribe"],"gold_per_floor":[114,114,127,77,91,91,120,120,120,156,176,217,317,317,317],"floor_reached":14,"language":"ENG","playtime":758,"items_purged":[],"score":135,"play_id":"436b1821-482b-462e-9037-d55513a87203","local_time":"20210119095412","is_ascension_mode":true,"campfire_choices":[{"data":"Runesmith:Firestorm","floor":6.0,"key":"SMITH"}],"circlet_count":0,"master_deck":["Runesmith:Strike_RS","Runesmith:Strike_RS","Runesmith:Strike_RS","Runesmith:Defend_RS","Runesmith:Defend_RS","Runesmith:Defend_RS","Runesmith:Defend_RS","Runesmith:CraftFirestone","Runesmith:Fortify","Runesmith:Superposition","Runesmith:CraftIncendium","Runesmith:Firestorm+1","Runesmith:Reinforce","Runesmith:CraftProtectio","Runesmith:LithiumIon","Runesmith:CraftVitae","Runesmith:ChiselStab"],"relics":["Runesmith:BrokenRuby","hexamod:CandleOfCauterizing","Golden Idol","MealTicket","Oddly Smooth Stone","Smiling Mask"],"acts_visited":["Exordium"],"potions_floor_usage":[10,12],"damage_taken":[{"damage":2.0,"enemies":"Small Slimes","floor":1.0,"turns":4.0},{"damage":2.0,"enemies":"Jaw Worm","floor":3.0,"turns":3.0},{"damage":0.0,"enemies":"2 Louse","floor":5.0,"turns":3.0},{"damage":6.0,"enemies":"HollowMod:MossKnight","floor":7.0,"turns":9.0},{"damage":2,"enemies":"Lagavulin","floor":10,"turns":7},{"damage":35,"enemies":"Gremlin Gang","floor":11,"turns":4},{"damage":19,"enemies":"Gremlin Nob","floor":12,"turns":4},{"damage":4,"enemies":"HollowMod:MossKnight","floor":14,"turns":2}],"seed_played":"-7067064729178425329","potions_obtained":[{"floor":1.0,"key":"Weak Potion"},{"floor":5.0,"key":"Swift Potion"}],"is_trial":false,"path_per_floor":["M","?","M","?","M","R","E","?","T","E","M","E","?","E"],"character_chosen":"RUNESMITH_CLASS","items_purchased":[],"campfire_rested":0,"item_purchase_floors":[],"current_hp_per_floor":[68,68,66,66,66,66,60,60,60,58,23,4,4,0,0],"gold":317,"neow_bonus":"THREE_CARDS","is_daily":false,"chose_seed":false,"campfire_upgraded":1,"win_rate":0.0,"timestamp":1611042852,"path_taken":["M","?","M","?","M","R","E","?","T","E","M","E","?","E"],"items_purchased_type":[],"build_version":"2020-12-22","purchased_purges":0,"victory":false,"max_hp_per_floor":[70,70,70,70,70,70,70,65,65,65,65,65,65,65,65],"card_choices":[{"not_picked":["Runesmith:Reinforce","Runesmith:NegativeSpace"],"picked":"Runesmith:Superposition","floor":0.0},{"not_picked":["Runesmith:Superposition","Runesmith:LithiumIon"],"picked":"Runesmith:CraftIncendium","floor":1.0},{"not_picked":["Runesmith:RuneHurl","Runesmith:Grindstone"],"picked":"Runesmith:Firestorm","floor":3.0},{"not_picked":["Runesmith:Firestorm","Runesmith:ShiftingStrike"],"picked":"Runesmith:Reinforce","floor":5.0},{"not_picked":["Runesmith:DoubleUp","Runesmith:MakeshiftArmor"],"picked":"Runesmith:CraftProtectio","floor":7.0},{"not_picked":["Runesmith:Grindstone","Runesmith:StaticCage"],"picked":"Runesmith:LithiumIon","floor":10},{"not_picked":["Runesmith:Retool","Runesmith:Grindstone"],"picked":"Runesmith:CraftVitae","floor":11},{"not_picked":["Runesmith:Overpower","Runesmith:EarthShield"],"picked":"Runesmith:ChiselStab","floor":12}],"player_experience":2915834,"relics_obtained":[{"floor":7.0,"key":"hexamod:CandleOfCauterizing"},{"floor":9.0,"key":"MealTicket"},{"floor":10,"key":"Oddly Smooth Stone"},{"floor":12,"key":"Smiling Mask"}],"event_choices":[{"cards_removed":["Runesmith:Strike_RS"],"damage_healed":0.0,"max_hp_gain":0.0,"max_hp_loss":0.0,"gold_gain":0.0,"event_name":"The Cleric","player_choice":"Card Removal","floor":4.0,"gold_loss":50.0,"damage_taken":0.0},{"damage_healed":0.0,"max_hp_gain":0.0,"max_hp_loss":5.0,"gold_gain":0.0,"event_name":"Golden Idol","player_choice":"Lose Max HP","floor":8.0,"gold_loss":0.0,"damage_taken":0.0,"relics_obtained":["Golden Idol"]},{"damage_healed":0,"gold_gain":100,"player_choice":"Pray","damage_taken":0,"max_hp_gain":0,"max_hp_loss":0,"event_name":"Golden Shrine","floor":13,"gold_loss":0}],"is_beta":false,"boss_relics":[],"items_purged_floors":[],"is_endless":false,"potions_floor_spawned":[1,5],"killed_by":"HollowMod:MossKnight","ascension_level":5}}