{"host":"w9ajzzu5ci5rchgs","time":1611032891,"event":{"mods":["AchievementEnabler","Act Like it!","BaseMod","BetterRewards","Card Forge","Colored Map","Colored Powertips","Defuse TimeMaze Blight","Downfall","Faster Ascension Climbing","Gensokyo","Halation","Hallownest","Hubris","Infinite Spire","Minty Spire (QoL Compilation)","Permanent Neow","Quick Restart","Remilia??????","Spikes Relics","StSLib","The Bug Knight","vexMod"],"gold_per_floor":[112,112,112,122,132,132,161,177,177,192,208,208,233,246,246,351,351,367,384,384,359,379,408,408,418,468,480,494,524,524,539,539,636,636,656,816,829,529,529,529,541,541,541,541,541],"floor_reached":44,"language":"ENG","playtime":2650,"items_purged":[],"score":639,"play_id":"dfe6b7c6-2532-4d36-85ca-15dce2fd9747","local_time":"20210119000811","is_ascension_mode":false,"campfire_choices":[{"floor":6,"key":"RECALL"},{"floor":15,"key":"REST"},{"floor":24,"key":"REST"},{"floor":30,"key":"REST"},{"data":"RedRainbow","floor":32,"key":"SMITH"},{"data":"Stigmanizer","floor":40,"key":"SMITH"},{"floor":42,"key":"REST"}],"circlet_count":0,"master_deck":["HollowMod:NailStrikeStart+1","HollowMod:NailStrikeStart+1","HollowMod:NailStrikeStart+1","HollowMod:NailStrikeStart+1","HollowMod:QuickDashStart+1","HollowMod:QuickDashStart+1","HollowMod:QuickDashStart+1","HollowMod:QuickDashStart+1","HollowMod:FocusHealStart+1","HollowMod:PogoStrike+1","HollowMod:MantisMark+1","Feed+1","Limit Break+1","Spot Weakness+1","Inflame+1","Inflame+1","Anger+1","Inflame+1","Demon Form+1","Inflame+1","BombardNight+1","BombardNight+1","CharismaGuard+1","CharismaGuard+1","BombardNight+1","HollowMod:Weaversong+1","HollowMod:SharpenedNail+1","Bandage Up+1","Bite+1","Bite+1","Bandage Up+1","HollowMod:CloakDash+1","RedRainbow+1","Stigmanizer+1","HollowMod:GoodIntentions+1","HollowMod:NewLastStag"],"relics":["HollowMod:VesselMask","Hammer of Thor","Seething Fire","Anvil of the Gods","Ancient Tea Set","infinitespire:BottledMercury","hubris:RunicObelisk","hubris:FunFungus","Pantograph","hubris:DisguiseKit","vexMod:CursedCompass","Hallownest:GodTamersBeastRelic","halation:EternalFortune","halation:QuantumPhysicsTextbook"],"acts_visited":["Exordium","TheCity","TheCity"],"potions_floor_usage":[],"damage_taken":[{"damage":0,"enemies":"Cultist","floor":1,"turns":3},{"damage":0,"enemies":"Small Slimes","floor":4,"turns":3},{"damage":0,"enemies":"2 Louse","floor":5,"turns":2},{"damage":8,"enemies":"Lagavulin","floor":7,"turns":4},{"damage":9,"enemies":"Blue Slaver","floor":8,"turns":6},{"damage":0,"enemies":"Looter","floor":10,"turns":5},{"damage":16,"enemies":"Large Slime","floor":11,"turns":7},{"damage":36,"enemies":"Gremlin Nob","floor":13,"turns":5},{"damage":29,"enemies":"Gremlin Gang","floor":14,"turns":3},{"damage":0,"enemies":"Hexaghost","floor":16,"turns":6},{"damage":5,"enemies":"3 Byrds","floor":18,"turns":2},{"damage":17,"enemies":"Shell Parasite","floor":19,"turns":4},{"damage":30,"enemies":"3 Cultists","floor":22,"turns":4},{"damage":65,"enemies":"Book of Stabbing","floor":23,"turns":6},{"damage":10,"enemies":"Snecko","floor":25,"turns":3},{"damage":0,"enemies":"Sentry and Sphere","floor":27,"turns":1},{"damage":21,"enemies":"Shelled Parasite and Fungi","floor":28,"turns":4},{"damage":13,"enemies":"Gremlin Leader","floor":29,"turns":6},{"damage":0,"enemies":"Centurion and Healer","floor":31,"turns":4},{"damage":49,"enemies":"HollowMod:NKGrimm","floor":33,"turns":6},{"damage":21,"enemies":"Hallownest:2_Littles","floor":35,"turns":5},{"damage":10,"enemies":"Hallownest:2_Littles","floor":36,"turns":7},{"damage":1,"enemies":"Hallownest:2_Littles","floor":36,"turns":3},{"damage":93,"enemies":"Hallownest:2_Littles","floor":36,"turns":5},{"damage":0,"enemies":"Hallownest:2_Littles","floor":36,"turns":2},{"damage":14,"enemies":"Hallownest:3_Siblings","floor":37,"turns":4},{"damage":25,"enemies":"Hallownest:monsterPrimalAspid","floor":41,"turns":2},{"damage":136,"enemies":"Nightmare","floor":44,"turns":5}],"seed_played":"-4954685262952848059","potions_obtained":[{"floor":1,"key":"Energy Potion"},{"floor":4,"key":"Regen Potion"},{"floor":10,"key":"GamblersBrew"},{"floor":13,"key":"PowerPotion"}],"is_trial":false,"path_per_floor":["M","$","?","M","M","R","E","M","T","M","M","?","E","M","R","B",null,"M","M","T","?","M","E","R","M","T","M","M","E","R","M","R","B",null,"M","?","M","?","?","R","M","R","T","NM"],"character_chosen":"THE_BUGKNIGHT","items_purchased":[],"campfire_rested":4,"item_purchase_floors":[],"current_hp_per_floor":[82,82,92,92,92,92,88,83,83,83,72,72,45,16,49,55,110,105,98,98,98,72,14,48,44,44,44,40,48,83,105,105,80,122,108,81,90,90,93,93,74,113,113,0,0],"gold":541,"neow_bonus":"TEN_PERCENT_HP_BONUS","is_daily":false,"chose_seed":false,"campfire_upgraded":2,"win_rate":0.0,"timestamp":1611032891,"path_taken":["M","$","?","M","?","R","E","M","T","M","M","?","E","M","R","BOSS","M","M","?","?","M","E","R","M","T","M","M","E","R","M","R","BOSS","M","?","M","?","?","R","M","R","T","NM"],"items_purchased_type":[],"build_version":"2020-12-22","purchased_purges":0,"victory":false,"max_hp_per_floor":[82,82,92,92,92,92,96,100,100,100,104,104,110,110,110,110,110,110,114,114,114,114,114,114,118,118,118,118,118,118,122,122,122,122,126,130,130,130,133,133,133,133,133,133,133],"card_choices":[{"not_picked":["HollowMod:DreamGate","HollowMod:GoodIntentions"],"picked":"HollowMod:MantisMark","floor":1},{"not_picked":["HollowMod:InfectedAttack","HollowMod:HowlingWraiths","HollowMod:CycloneSlash"],"picked":"SKIP","floor":4},{"not_picked":["HollowMod:SoulEater","HollowMod:SiblingsShadow","HollowMod:PerfectDash"],"picked":"SKIP","floor":5},{"not_picked":["HollowMod:SoulStrike","HollowMod:NewInfectedGuardian","HollowMod:PureNailStrike"],"picked":"SKIP","floor":7},{"not_picked":["HollowMod:InfectionAssault","HollowMod:HowlingWraiths","HollowMod:CornifersMapStart"],"picked":"SKIP","floor":8},{"not_picked":["HollowMod:DoubleDash","HollowMod:SiblingsShadow","HollowMod:RecoilStrike"],"picked":"SKIP","floor":10},{"not_picked":["HollowMod:ShadowDash","HollowMod:SiblingsSouls","HollowMod:CycloneSlash"],"picked":"SKIP","floor":11},{"not_picked":["HollowMod:SiblingsSouls","HollowMod:TaintedHusks","HollowMod:SoulMaster"],"picked":"SKIP","floor":13},{"not_picked":["HollowMod:LifebloodCocoon","HollowMod:InfectedCysts","HollowMod:ShadowDash"],"picked":"SKIP","floor":14},{"not_picked":["HollowMod:VoidDash","HollowMod:LifebloodCore"],"picked":"HollowMod:Weaversong","floor":16},{"not_picked":["HollowMod:SoulShaman","HollowMod:DoubleDash","HollowMod:HeavyBlow"],"picked":"SKIP","floor":18},{"not_picked":["HollowMod:VengefulVoid","HollowMod:ChannelNail","HollowMod:VoidDash"],"picked":"SKIP","floor":19},{"not_picked":["HollowMod:GoodIntentions","HollowMod:LifebloodCocoon","HollowMod:MothsMistake"],"picked":"SKIP","floor":22},{"not_picked":["HollowMod:DoubleDash+1","HollowMod:CrystalDash+1","HollowMod:NewJinnsSoul"],"picked":"SKIP","floor":23},{"not_picked":["HollowMod:WraithStrike","HollowMod:CloakDash"],"picked":"HollowMod:SharpenedNail+1","floor":25},{"not_picked":["HollowMod:LifebloodCocoon","HollowMod:SiblingsSouls","HollowMod:PureNailStrike"],"picked":"SKIP","floor":27},{"not_picked":["HollowMod:TaintedHusks","HollowMod:DoubleDash+1"],"picked":"HollowMod:CloakDash+1","floor":28},{"not_picked":["HollowMod:FastStrike","HollowMod:CornifersMapStart","HollowMod:NewInfectedGuardian"],"picked":"SKIP","floor":29},{"not_picked":["HollowMod:BaldurShell+1","HollowMod:SiblingsSouls","HollowMod:MawleksShell"],"picked":"RedRainbow","floor":31},{"not_picked":["HollowMod:LifebloodCocoon+1","HollowMod:SiblingsSouls","HollowMod:NewLittleFool+1"],"picked":"Stigmanizer","floor":35},{"not_picked":["HollowMod:InfectedAttack+1","HollowMod:SiblingsShadow","FavorOfDestiny"],"picked":"HollowMod:GoodIntentions+1","floor":37},{"not_picked":["HollowMod:GoodIntentions","HollowMod:ShapeofUnn+1","HollowMod:ElderbugsWisdom","NightDance"],"picked":"SKIP","floor":41}],"player_experience":165938,"relics_obtained":[{"floor":7,"key":"Ancient Tea Set"},{"floor":9,"key":"infinitespire:BottledMercury"},{"floor":13,"key":"vexMod:BerryBomb"},{"floor":20,"key":"hubris:FunFungus"},{"floor":23,"key":"Pantograph"},{"floor":29,"key":"hubris:DisguiseKit"},{"floor":43,"key":"halation:QuantumPhysicsTextbook"}],"event_choices":[{"cards_removed":["Demon Form"],"damage_healed":0,"gold_gain":0,"player_choice":"Offered Rare","damage_taken":0,"max_hp_gain":10,"max_hp_loss":0,"event_name":"Bonfire Elementals","floor":3,"gold_loss":0},{"damage_healed":0,"gold_gain":0,"player_choice":"0 cards matched","damage_taken":0,"max_hp_gain":0,"max_hp_loss":0,"event_name":"Match and Keep!","floor":12,"gold_loss":0,"cards_obtained":[]}],"is_beta":false,"boss_relics":[{"not_picked":["SacredBark","infinitespire:Cupcake"],"picked":"hubris:RunicObelisk"},{"not_picked":["halation:PinkAlligatorPlush","Runic Pyramid"],"picked":"vexMod:CursedCompass"}],"items_purged_floors":[],"is_endless":false,"potions_floor_spawned":[1,4,10,13,18,25,27,28,33,35,36,41],"killed_by":"Nightmare","ascension_level":0}}