{"host":"ln76an1o32p2wxtf","time":1611046626,"event":{"mods":["AchievementEnabler","Act Like it!","BaseMod","BetterRewards","Colored Powertips","Energized Spire","GifTheSpireLib","Infinite Spire","Minty Spire (QoL Compilation)","Shop Mod","StSLib"],"gold_per_floor":[69,69,69,84,49,82,14,40,40,40,72,147,161,161,161,161,161],"floor_reached":16,"language":"ENG","playtime":852,"items_purged":[],"score":122,"play_id":"00814c7c-b904-42b3-a55d-9062afb368ac","local_time":"20210119165706","is_ascension_mode":true,"campfire_choices":[{"floor":10,"key":"REST"},{"floor":15,"key":"REST"}],"circlet_count":0,"master_deck":["Strike_R","Strike_R","Strike_R","Strike_R","Defend_R","Defend_R","Defend_R","Defend_R","Bash","Entrench+1","Body Slam+1","Spot Weakness","Juggernaut"],"relics":["energizedSpire:HugeHouse","Peace Pipe","Bag of Preparation","Art of War"],"acts_visited":["Exordium"],"potions_floor_usage":[6,11],"damage_taken":[{"damage":6,"enemies":"Jaw Worm","floor":1,"turns":4},{"damage":5,"enemies":"2 Louse","floor":4,"turns":3},{"damage":38,"enemies":"3 Sentries","floor":6,"turns":15},{"damage":22,"enemies":"Lagavulin","floor":8,"turns":6},{"damage":14,"enemies":"Gremlin Nob","floor":11,"turns":3},{"damage":0,"enemies":"Small Slimes","floor":13,"turns":3},{"damage":26,"enemies":"Slime Boss","floor":16,"turns":9}],"seed_played":"-4619472452280246717","potions_obtained":[{"floor":1,"key":"Swift Potion"},{"floor":8,"key":"PowerPotion"},{"floor":11,"key":"SpeedPotion"}],"is_trial":false,"path_per_floor":["M","?","$","M","?","E","$","E","T","R","E","?","M","?","R","B"],"character_chosen":"IRONCLAD","items_purchased":["Spot Weakness"],"campfire_rested":2,"item_purchase_floors":[7],"current_hp_per_floor":[69,54,54,49,67,29,29,7,7,29,15,4,4,4,26,0,0],"gold":161,"neow_bonus":"BOSS_RELIC","is_daily":false,"chose_seed":false,"campfire_upgraded":0,"win_rate":0.0,"timestamp":1611046626,"path_taken":["M","?","$","M","?","E","$","E","T","R","E","?","M","?","R","BOSS"],"items_purchased_type":["Card"],"build_version":"2020-12-22","purchased_purges":0,"victory":false,"max_hp_per_floor":[75,75,75,75,75,75,75,75,75,75,75,75,75,75,75,75,75],"card_choices":[{"not_picked":["Iron Wave","Pommel Strike"],"picked":"Body Slam","floor":1},{"not_picked":["Warcry","Perfected Strike","Sword Boomerang"],"picked":"SKIP","floor":4},{"not_picked":["Anger","Bloodletting","Heavy Blade"],"picked":"SKIP","floor":6},{"not_picked":["Sever Soul","Pommel Strike"],"picked":"Juggernaut","floor":8},{"not_picked":["Uppercut","Immolate","Carnage"],"picked":"SKIP","floor":11},{"not_picked":["Thunderclap","Sentinel","Wild Strike"],"picked":"SKIP","floor":13}],"player_experience":738382,"relics_obtained":[{"floor":6,"key":"Peace Pipe"},{"floor":8,"key":"Bag of Preparation"},{"floor":11,"key":"Art of War"}],"event_choices":[{"damage_healed":0,"gold_gain":0,"player_choice":"Entered Light","damage_taken":15,"max_hp_gain":0,"max_hp_loss":0,"event_name":"Shining Light","floor":2,"gold_loss":0,"cards_upgraded":["Body Slam","Entrench"]},{"damage_healed":18,"gold_gain":0,"player_choice":"Healed","damage_taken":0,"max_hp_gain":0,"max_hp_loss":0,"event_name":"The Cleric","floor":5,"gold_loss":35},{"damage_healed":0,"gold_gain":75,"player_choice":"Gather Gold","damage_taken":11,"max_hp_gain":0,"max_hp_loss":0,"event_name":"World of Goop","floor":12,"gold_loss":0},{"cards_removed":["Strike_R"],"damage_healed":0,"gold_gain":0,"player_choice":"Forget","damage_taken":0,"max_hp_gain":0,"max_hp_loss":0,"event_name":"Living Wall","floor":14,"gold_loss":0}],"is_beta":false,"boss_relics":[],"items_purged_floors":[],"is_endless":false,"potions_floor_spawned":[1,8,11],"killed_by":"Slime Boss","ascension_level":1}}