{"host":"udyc8f81k2jocuhg","time":1611068438,"event":{"mods":["2.2 Compatiblity","BaseMod","Better Third Choice","Colored Powertips","Conspire","Custom Start","GifTheSpireLib","Hermit","Minty Spire (QoL Compilation)","Permanent Neow","Quick Restart","Relic Filter","Relic Stats","Replay The Spire","Shop Mod","Spikes Relics","StSLib","Stuff the Spire"],"gold_per_floor":[116,134,134,29,40,74,74,104,104,121,149,23,23,35,35,35,35],"floor_reached":16,"language":"ENG","playtime":525,"items_purged":["Regret","Strike_B"],"score":234,"play_id":"ec81f3f1-751b-4ff4-ab77-58daa0d373ea","local_time":"20210119160038","is_ascension_mode":true,"campfire_choices":[{"data":"Seek","floor":7.0,"key":"SMITH"},{"data":"Zap","floor":13,"key":"SMITH"},{"data":"Conserve Battery","floor":15,"key":"SMITH"}],"circlet_count":0,"master_deck":["AscendersBane","Strike_B","Strike_B","Strike_B","Defend_B","Defend_B","Defend_B","Defend_B","Zap+1","Dualcast","Ball Lightning","Seek+1","Cold Snap","Conserve Battery","Conserve Battery+1","Cold Snap","Cold Snap","Electrodynamics"],"relics":["Coffee Dripper","Ice Cream","StuffTheSpire:Tea","WizardHat","Boot"],"acts_visited":["Exordium"],"potions_floor_usage":[8],"damage_taken":[{"damage":5.0,"enemies":"conspire:RoseBush","floor":1.0,"turns":5.0},{"damage":0.0,"enemies":"Small Slimes","floor":2.0,"turns":3.0},{"damage":0.0,"enemies":"Cultist","floor":5.0,"turns":3.0},{"damage":15.0,"enemies":"Lagavulin","floor":6.0,"turns":7.0},{"damage":22,"enemies":"Gremlin Nob","floor":8,"turns":4},{"damage":10,"enemies":"Large Slime","floor":10,"turns":3},{"damage":1,"enemies":"Replay:BlueRogue","floor":11,"turns":6},{"damage":0,"enemies":"Looter","floor":14,"turns":2},{"damage":11,"enemies":"Hexaghost","floor":16,"turns":7}],"seed_played":"-1210590090484706942","potions_obtained":[{"floor":6.0,"key":"DistilledChaos"},{"floor":8,"key":"SpeedPotion"},{"floor":10,"key":"FearPotion"}],"is_trial":false,"path_per_floor":["M","M","?","$","M","E","R","E","T","M","E","$","R","M","R","B"],"character_chosen":"DEFECT","items_purchased":["Cold Snap","Cold Snap"],"campfire_rested":0,"item_purchase_floors":[4,12],"current_hp_per_floor":[59,59,59,59,59,44,44,22,22,12,11,11,11,11,11,0,0],"gold":35,"neow_bonus":"BOSS_RELIC","is_daily":false,"chose_seed":false,"campfire_upgraded":3,"win_rate":0.0,"timestamp":1611068438,"path_taken":["M","M","?","$","M","E","R","E","T","M","E","$","R","M","R","BOSS"],"items_purchased_type":["Card","Card"],"build_version":"2020-12-22","purchased_purges":2,"victory":false,"max_hp_per_floor":[71,71,71,71,71,71,71,71,71,71,71,71,71,71,71,71,71],"relic_stats":{"counters":[9,40],"Boot":[4],"obtain_stats":[{"Ice Cream":3,"WizardHat":8,"Coffee Dripper":0,"Cracked Core":0,"Boot":11,"StuffTheSpire:Tea":6},{"Ice Cream":2,"WizardHat":5,"Coffee Dripper":0,"Cracked Core":0,"Boot":7,"StuffTheSpire:Tea":4},{"Ice Cream":8,"WizardHat":22,"Coffee Dripper":0,"Cracked Core":0,"Boot":31,"StuffTheSpire:Tea":18}]},"card_choices":[{"not_picked":["Beam Cell","Leap"],"picked":"Ball Lightning","floor":1.0},{"not_picked":["Streamline","Self Repair"],"picked":"Seek","floor":2.0},{"not_picked":["Compile Driver","Melter"],"picked":"Conserve Battery","floor":5.0},{"not_picked":["BasicCrystalCard","Reprogram","Redo"],"picked":"SKIP","floor":6.0},{"not_picked":["Redo","Hologram","Reprogram"],"picked":"SKIP","floor":8},{"not_picked":["Go for the Eyes","Redo"],"picked":"Conserve Battery","floor":10},{"not_picked":["Rainbow","StuffTheSpire:LoadUp"],"picked":"Cold Snap","floor":11},{"not_picked":["BasicCrystalCard","StuffTheSpire:Plugnplay"],"picked":"Electrodynamics","floor":14}],"player_experience":2006373,"relics_obtained":[{"floor":6.0,"key":"StuffTheSpire:Tea"},{"floor":8,"key":"WizardHat"},{"floor":11,"key":"Boot"}],"event_choices":[{"damage_healed":0.0,"max_hp_gain":0.0,"max_hp_loss":0.0,"gold_gain":0.0,"event_name":"Big Fish","player_choice":"Box","floor":3.0,"gold_loss":0.0,"damage_taken":0.0,"relics_obtained":["Ice Cream"],"cards_obtained":["Regret"]}],"is_beta":false,"boss_relics":[],"items_purged_floors":[4,12],"is_endless":false,"potions_floor_spawned":[6,8,10,14],"killed_by":"Hexaghost","ascension_level":19}}