{"host":"gjfulft9y42c2y2c","time":1611047526,"event":{"mods":["BaseMod","Colored Map","DeckTracker","Keyboard Shortcuts","Minty Spire (QoL Compilation)","Permanent Neow","StSLib","SuperFastMode","everything is the same but u backflip on backflip"],"gold_per_floor":[118,137,148,168,183,211,211,228,228,228,240,74,74,34,34,135,135,149,161,172,172,192,192,212,212,236,236,16,26,36,36,36],"floor_reached":31,"language":"KOR","playtime":1353,"items_purged":["Tools of the Trade"],"score":352,"play_id":"fa16b92a-a0d5-4c5f-a0cb-b2297d42dea8","local_time":"20210119181206","is_ascension_mode":true,"campfire_choices":[{"floor":7.0,"key":"REST"},{"floor":10.0,"key":"REST"},{"data":"Apotheosis","floor":15.0,"key":"SMITH"},{"floor":23,"key":"REST"},{"floor":25,"key":"REST"},{"data":"Envenom","floor":27,"key":"SMITH"}],"circlet_count":0,"master_deck":["Survivor","Neutralize+1","Outmaneuver","Leg Sweep","Crippling Poison","Blade Dance","Caltrops","Choke+1","Corpse Explosion","Apotheosis+1","Well Laid Plans","Underhanded Strike+1","Flechettes+1","PiercingWail","Catalyst","Poisoned Stab+1","Eviscerate+1","Flechettes+1","Cloak And Dagger","Backflip","Envenom+1","Infinite Blades","Prepared+1","Escape Plan","Backflip","Footwork","Footwork"],"relics":["Ring of the Snake","White Beast Statue","Molten Egg 2","Pandora\u0027s Box","Whetstone","Membership Card"],"acts_visited":["Exordium","TheCity"],"potions_floor_usage":[20,24,24,29],"damage_taken":[{"damage":7.0,"enemies":"Cultist","floor":1.0,"turns":6.0},{"damage":2.0,"enemies":"Small Slimes","floor":2.0,"turns":6.0},{"damage":11.0,"enemies":"Jaw Worm","floor":3.0,"turns":8.0},{"damage":0.0,"enemies":"2 Fungi Beasts","floor":4.0,"turns":5.0},{"damage":13.0,"enemies":"Lots of Slimes","floor":5.0,"turns":5.0},{"damage":23.0,"enemies":"3 Sentries","floor":6.0,"turns":8.0},{"damage":2.0,"enemies":"Blue Slaver","floor":8.0,"turns":5.0},{"damage":13.0,"enemies":"Exordium Thugs","floor":11.0,"turns":7.0},{"damage":1.0,"enemies":"Hexaghost","floor":16.0,"turns":8.0},{"damage":12,"enemies":"Chosen","floor":18,"turns":4},{"damage":6,"enemies":"3 Byrds","floor":19,"turns":2},{"damage":22,"enemies":"Snake Plant","floor":20,"turns":4},{"damage":13,"enemies":"Snecko","floor":22,"turns":4},{"damage":19,"enemies":"Centurion and Healer","floor":24,"turns":4},{"damage":18,"enemies":"Snake Plant","floor":29,"turns":4},{"damage":12,"enemies":"3 Cultists","floor":30,"turns":4},{"damage":3,"enemies":"Snecko","floor":31,"turns":2}],"seed_played":"-7057189367110777057","potions_obtained":[{"floor":1.0,"key":"CultistPotion"},{"floor":4.0,"key":"Weak Potion"},{"floor":6.0,"key":"Poison Potion"},{"floor":8.0,"key":"GhostInAJar"},{"floor":11.0,"key":"PowerPotion"},{"floor":16.0,"key":"GamblersBrew"},{"floor":20,"key":"CunningPotion"},{"floor":24,"key":"Block Potion"},{"floor":29,"key":"SteroidPotion"},{"floor":30,"key":"BlessingOfTheForge"}],"is_trial":false,"path_per_floor":["M","M","M","M","M","E","R","M","T","R","M","$","?","$","R","B",null,"M","M","M","?","M","R","M","R","T","R","$","M","M","M"],"character_chosen":"THE_SILENT","items_purchased":["Apotheosis","Well Laid Plans","Membership Card","Backflip"],"campfire_rested":4,"item_purchase_floors":[12,14,28,28],"current_hp_per_floor":[56,54,43,43,30,7,28,26,26,47,34,34,34,34,34,33,61,49,43,21,21,8,29,10,31,31,31,31,13,1,0,0],"gold":36,"neow_bonus":"TRANSFORM_CARD","is_daily":false,"chose_seed":false,"campfire_upgraded":2,"win_rate":0.0,"timestamp":1611047526,"path_taken":["M","M","M","?","M","E","R","M","T","R","?","?","?","?","R","BOSS","M","M","M","?","?","R","M","R","T","R","$","M","M","M"],"items_purchased_type":["Card","Card","Relic","Card"],"build_version":"2020-12-22","purchased_purges":1,"victory":false,"max_hp_per_floor":[70,70,70,70,70,70,70,70,70,70,70,70,70,70,70,70,70,70,70,70,70,70,70,70,70,70,70,70,70,70,70,70],"card_choices":[{"not_picked":["Reflex","Riddle With Holes","Prepared"],"picked":"SKIP","floor":1.0},{"not_picked":["Prepared","Riddle With Holes"],"picked":"Leg Sweep","floor":2.0},{"not_picked":["Calculated Gamble","Catalyst"],"picked":"Crippling Poison","floor":3.0},{"not_picked":["Predator","Flying Knee"],"picked":"Blade Dance","floor":4.0},{"not_picked":["Quick Slash","Endless Agony"],"picked":"Caltrops","floor":5.0},{"not_picked":["Outmaneuver","Quick Slash"],"picked":"Choke","floor":6.0},{"not_picked":["Quick Slash","Deflect","Dagger Throw"],"picked":"SKIP","floor":8.0},{"not_picked":["Dagger Throw+1","Caltrops"],"picked":"Corpse Explosion","floor":11.0},{"not_picked":["Flying Knee+1","Acrobatics","Outmaneuver+1"],"picked":"SKIP","floor":18},{"not_picked":["Dagger Throw+1","Masterful Stab+1"],"picked":"Backflip","floor":19},{"not_picked":["Flying Knee+1","Prepared"],"picked":"Envenom","floor":20},{"not_picked":["Reflex","Endless Agony+1"],"picked":"Prepared+1","floor":22},{"not_picked":["Bane+1","Deadly Poison"],"picked":"Escape Plan","floor":24},{"not_picked":["Deflect","Well Laid Plans+1"],"picked":"Footwork","floor":29},{"not_picked":["Envenom","Dagger Spray+1"],"picked":"Footwork","floor":30}],"player_experience":260935,"relics_obtained":[{"floor":6.0,"key":"White Beast Statue"},{"floor":9.0,"key":"Molten Egg 2"},{"floor":26,"key":"Whetstone"}],"event_choices":[{"damage_healed":0.0,"max_hp_gain":0.0,"max_hp_loss":0.0,"gold_gain":0.0,"event_name":"Golden Idol","player_choice":"Ignored","floor":13.0,"gold_loss":0.0,"damage_taken":0.0},{"damage_healed":0,"gold_gain":0,"player_choice":"1 cards matched","damage_taken":0,"max_hp_gain":0,"max_hp_loss":0,"event_name":"Match and Keep!","floor":21,"gold_loss":0,"cards_obtained":["Infinite Blades"]}],"is_beta":false,"boss_relics":[{"not_picked":["HoveringKite","Astrolabe"],"picked":"Pandora\u0027s Box"}],"items_purged_floors":[28],"is_endless":false,"potions_floor_spawned":[1,4,6,8,11,16,18,19,20,22,24,29,30],"killed_by":"Snecko","ascension_level":9}}