{"host":"h1ba9qculgt1zycs","time":1611048883,"event":{"mods":["BaseMod","Hermit","Minty Spire (QoL Compilation)","Remove Card Discount Mod","StSLib","The Cursed"],"gold_per_floor":[112,112,127,127,141,141,214,225,250,13,13,4,20,20,20,122,122,133,133,144,23,40,54,89,89,89,117,134,152,247,272,272,376,376,392,392,405,405,342,367,367,367,393,393,330,316,316,327,327,327,327,327,269,296,296],"floor_reached":56,"language":"ENG","playtime":2535,"items_purged":["TheCursedMod:Mangle+1","TheCursedMod:Mangle+1","TheCursedMod:Stigma+1","TheCursedMod:TacticalStrike+1","TheCursedMod:Stigma+1","TheCursedMod:StingEye+1","TheCursedMod:HellsGateOpen+1","TheCursedMod:CircleOfFlame+1","TheCursedMod:CircleOfWindfury+1","TheCursedMod:Stretching+1","TheCursedMod:Hemoplague+1","TheCursedMod:Strike_TheCursed","TheCursedMod:Strike_TheCursed","TheCursedMod:Strike_TheCursed","TheCursedMod:Strike_TheCursed","TheCursedMod:Defend_TheCursed","TheCursedMod:Defend_TheCursed","TheCursedMod:Defend_TheCursed"],"score":1408,"play_id":"e05f56ad-6b64-4460-88c2-82f58db8db40","local_time":"20210119103443","is_ascension_mode":true,"campfire_choices":[{"data":"TheCursedMod:SurpriseAttack","floor":6,"key":"SMITH"},{"data":"TheCursedMod:CleanUpWorkshop","floor":11,"key":"SMITH"},{"floor":15,"key":"REST"},{"floor":25,"key":"RECALL"},{"data":"TheCursedMod:CursedWand","floor":32,"key":"SMITH"},{"floor":41,"key":"REST"},{"floor":44,"key":"REST"},{"floor":49,"key":"REST"},{"floor":52,"key":"REST"}],"circlet_count":1,"master_deck":["TheCursedMod:CursedWand+1","TheCursedMod:CleanUpWorkshop+1","TheCursedMod:Dregs","TheCursedMod:SurpriseAttack+1","TheCursedMod:SurpriseAttack+1","TheCursedMod:SurpriseAttack+1","TheCursedMod:ForbiddenAlchemy+1","Jack Of All Trades+1","TheCursedMod:SurpriseAttack+1","TheCursedMod:PrepareRite+1","TheCursedMod:SurpriseAttack+1","TheCursedMod:HellsGateOpen+1","TheCursedMod:VitalStrike+1","TheCursedMod:SoulCrush+1","TheCursedMod:SurpriseAttack+1","TheCursedMod:SpitefulStrike+1","TheCursedMod:SurpriseAttack+1","TheCursedMod:SurpriseAttack+1","TheCursedMod:Neurasthenia+1","TheCursedMod:CursedStaff+1","TheCursedMod:CursedWand+1","TheCursedMod:ShockAndAwe+1","TheCursedMod:CursedMace+1","TheCursedMod:SpitefulStrike+1","TheCursedMod:ManaBullet+1","TheCursedMod:BlessingInDisguise+1","TheCursedMod:CursedSpellbook+1","TheCursedMod:SurpriseAttack+1","TheCursedMod:TacticalStrike+1","TheCursedMod:DemonSword+1","TheCursedMod:CollectTribute+1","TheCursedMod:SpitefulStrike+1","TheCursedMod:HellfireBreathing+1","Panache+1","TheCursedMod:CursedBlade+1","TheCursedMod:SurpriseAttack+1","TheCursedMod:CollectTribute+1"],"relics":["TheCursedMod:BlackMagic101","Toxic Egg 2","Frozen Egg 2","Molten Egg 2","The Courier","Membership Card","Blood Vial","Regal Pillow","Bag of Marbles","Bag of Preparation","Membership Card","Lantern","Art of War","TheCursedMod:FourLeafCloverCharm","The Courier","PreservedInsect","Incense Burner","Dream Catcher","Vajra","DollysMirror","TungstenRod","TheCursedMod:Tack","Circlet"],"acts_visited":["Exordium","TheCity","TheBeyond","TheEnding"],"potions_floor_usage":[5,5,7,7,7,7,16,16,16,22,24,29,33,33,48,50,50,50,50,55],"damage_taken":[{"damage":0,"enemies":"Small Slimes","floor":1,"turns":3},{"damage":0,"enemies":"2 Louse","floor":3,"turns":2},{"damage":0,"enemies":"Cultist","floor":5,"turns":3},{"damage":16,"enemies":"3 Sentries","floor":7,"turns":5},{"damage":0,"enemies":"Red Slaver","floor":8,"turns":1},{"damage":0,"enemies":"Exordium Wildlife","floor":13,"turns":1},{"damage":10,"enemies":"Hexaghost","floor":16,"turns":6},{"damage":0,"enemies":"Chosen","floor":18,"turns":2},{"damage":0,"enemies":"Spheric Guardian","floor":20,"turns":1},{"damage":8,"enemies":"Snake Plant","floor":22,"turns":3},{"damage":0,"enemies":"Sentry and Sphere","floor":23,"turns":2},{"damage":18,"enemies":"Book of Stabbing","floor":24,"turns":3},{"damage":0,"enemies":"Gremlin Leader","floor":27,"turns":1},{"damage":0,"enemies":"Cultist and Chosen","floor":28,"turns":3},{"damage":0,"enemies":"Snake Plant","floor":29,"turns":1},{"damage":0,"enemies":"Slavers","floor":31,"turns":1},{"damage":14,"enemies":"Automaton","floor":33,"turns":5},{"damage":15,"enemies":"3 Shapes","floor":35,"turns":1},{"damage":0,"enemies":"Orb Walker","floor":37,"turns":1},{"damage":0,"enemies":"Reptomancer","floor":40,"turns":1},{"damage":0,"enemies":"Transient","floor":48,"turns":3},{"damage":68,"enemies":"Awakened One","floor":50,"turns":5},{"damage":4,"enemies":"Shield and Spear","floor":54,"turns":2},{"damage":59,"enemies":"The Heart","floor":55,"turns":5}],"seed_played":"8322257266935874637","potions_obtained":[{"floor":3,"key":"BlessingOfTheForge"},{"floor":8,"key":"Dexterity Potion"},{"floor":22,"key":"SteroidPotion"},{"floor":24,"key":"Fire Potion"},{"floor":28,"key":"AttackPotion"},{"floor":31,"key":"Dexterity Potion"},{"floor":33,"key":"Strength Potion"},{"floor":35,"key":"PowerPotion"},{"floor":54,"key":"SkillPotion"}],"is_trial":false,"path_per_floor":["M","?","M","?","M","R","E","M","T","$","R","$","M","$","R","B",null,"M","?","M","$","M","M","E","R","T","E","M","M","$","E","R","B",null,"M","T","M","?","$","E","R","?","T","R","$","$","?","M","R","B",null,"R","$","E","B",null],"character_chosen":"THE_CURSED","items_purchased":["TheCursedMod:SurpriseAttack+1","TheCursedMod:HellsGateOpen+1","TheCursedMod:VitalStrike+1","TheCursedMod:Stigma+1","TheCursedMod:SoulCrush+1","TheCursedMod:SurpriseAttack+1","TheCursedMod:TacticalStrike+1","TheCursedMod:Mangle+1","TheCursedMod:SpitefulStrike+1","TheCursedMod:Mangle+1","TheCursedMod:SurpriseAttack+1","TheCursedMod:CursedMace+1","TheCursedMod:SpitefulStrike+1","TheCursedMod:Stigma+1","TheCursedMod:ManaBullet+1","TheCursedMod:StingEye+1","Membership Card","Lantern","TheCursedMod:TacticalStrike+1","TheCursedMod:DemonSword+1","PreservedInsect","Vajra","DollysMirror"],"campfire_rested":5,"item_purchase_floors":[10,10,10,10,10,10,10,10,10,10,12,21,21,21,21,21,30,30,30,30,39,45,53],"current_hp_per_floor":[75,68,68,68,68,68,52,54,54,54,54,54,56,56,75,65,75,75,75,75,75,67,69,53,53,53,55,57,59,59,61,61,49,75,60,60,62,62,62,64,71,71,71,71,71,71,71,71,71,3,71,71,71,67,10],"gold":296,"neow_bonus":"THREE_CARDS","is_daily":false,"chose_seed":false,"campfire_upgraded":3,"win_rate":0.0,"timestamp":1611048883,"path_taken":["M","?","M","?","?","R","E","M","T","$","R","?","M","$","R","BOSS","M","?","M","$","M","?","E","R","T","E","M","M","$","E","R","BOSS","M","?","M","?","$","E","R","?","T","R","?","$","?","M","R","BOSS","R","$","E","BOSS"],"items_purchased_type":["Card","Card","Card","Card","Card","Card","Card","Card","Card","Card","Card","Card","Card","Card","Card","Card","Relic","Relic","Card","Card","Relic","Relic","Relic"],"build_version":"2020-12-22","purchased_purges":18,"victory":true,"max_hp_per_floor":[75,75,75,75,75,75,75,75,75,75,75,75,75,75,75,75,75,75,75,75,75,75,75,75,75,75,75,75,75,75,75,75,75,75,75,75,75,71,71,71,71,71,71,71,71,71,71,71,71,71,71,71,71,71,71],"card_choices":[{"not_picked":["TheCursedMod:SpitefulPray","TheCursedMod:SpitefulStrike"],"picked":"TheCursedMod:SurpriseAttack","floor":0},{"not_picked":["TheCursedMod:CircleOfFlame+1","TheCursedMod:WearCloak+1"],"picked":"TheCursedMod:SurpriseAttack+1","floor":1},{"not_picked":["TheCursedMod:RapidMovement+1","TheCursedMod:FleshFromBone+1"],"picked":"TheCursedMod:SurpriseAttack+1","floor":3},{"not_picked":["TheCursedMod:WearCloak+1","TheCursedMod:SpitefulStrike+1"],"picked":"TheCursedMod:SurpriseAttack+1","floor":5},{"not_picked":["TheCursedMod:WearCloak+1","TheCursedMod:SmokeScreen+1"],"picked":"TheCursedMod:PrepareRite+1","floor":7},{"not_picked":["TheCursedMod:RapidMovement+1","TheCursedMod:SoulReap+1"],"picked":"TheCursedMod:Hemoplague+1","floor":8},{"not_picked":["TheCursedMod:EmpowerCircles+1","TheCursedMod:VitalStrike+1"],"picked":"TheCursedMod:SurpriseAttack+1","floor":13},{"not_picked":["TheCursedMod:NeowsMight+1","TheCursedMod:CircleOfAbyss+1"],"picked":"TheCursedMod:Neurasthenia+1","floor":16},{"not_picked":["TheCursedMod:SpitefulStrike+1","TheCursedMod:RapidMovement+1"],"picked":"TheCursedMod:CursedStaff+1","floor":18},{"not_picked":["TheCursedMod:RapidMovement+1","TheCursedMod:CircleOfBlood+1","TheCursedMod:Mangle+1"],"picked":"SKIP","floor":20},{"not_picked":["TheCursedMod:CursedBlade+1","TheCursedMod:CursedMace+1"],"picked":"TheCursedMod:BlessingInDisguise+1","floor":22},{"not_picked":["TheCursedMod:Stretching+1","TheCursedMod:FleshFromBone+1"],"picked":"TheCursedMod:CircleOfFlame+1","floor":23},{"not_picked":["TheCursedMod:CircleOfCorruption+1","TheCursedMod:SoulCrush+1"],"picked":"TheCursedMod:CircleOfWindfury+1","floor":24},{"not_picked":["TheCursedMod:Hemoplague+1","TheCursedMod:SmokeScreen+1"],"picked":"TheCursedMod:CursedSpellbook+1","floor":27},{"not_picked":["TheCursedMod:BlessingInDisguise+1","TheCursedMod:CircleOfBlood+1"],"picked":"TheCursedMod:HellsGateOpen+1","floor":28},{"not_picked":["TheCursedMod:VitalStrike+1","TheCursedMod:Wield+1"],"picked":"TheCursedMod:SurpriseAttack+1","floor":29},{"not_picked":["TheCursedMod:Wield+1","TheCursedMod:RapidMovement+1","TheCursedMod:SoulReap+1"],"picked":"SKIP","floor":31},{"not_picked":["TheCursedMod:ShockAndAwe+1","TheCursedMod:AntiAging+1"],"picked":"TheCursedMod:CollectTribute+1","floor":33},{"not_picked":["TheCursedMod:FleshFromBone+1","TheCursedMod:CircleOfAmplification+1"],"picked":"TheCursedMod:SpitefulStrike+1","floor":35},{"not_picked":["TheCursedMod:ManaBullet+1","TheCursedMod:SpitefulStrike+1","TheCursedMod:BlessingInDisguise+1"],"picked":"SKIP","floor":37},{"not_picked":["TheCursedMod:VitalStrike+1","TheCursedMod:HellsGateOpen+1"],"picked":"TheCursedMod:HellfireBreathing+1","floor":40},{"not_picked":["Apotheosis+1","Mayhem+1"],"picked":"Panache+1","floor":47},{"not_picked":["TheCursedMod:TacticalStrike+1","TheCursedMod:SoulReap+1"],"picked":"TheCursedMod:CursedBlade+1","floor":48},{"not_picked":["TheCursedMod:SmokeScreen+1","TheCursedMod:AshesToAshes+1"],"picked":"TheCursedMod:SurpriseAttack+1","floor":49},{"not_picked":["TheCursedMod:DarkBarrier+1","TheCursedMod:CursedBlade+1","TheCursedMod:CursedAmulet+1"],"picked":"SKIP","floor":54}],"player_experience":259465,"relics_obtained":[{"floor":7,"key":"Blood Vial"},{"floor":9,"key":"Regal Pillow"},{"floor":24,"key":"Bag of Marbles"},{"floor":27,"key":"Bag of Preparation"},{"floor":31,"key":"Art of War"},{"floor":36,"key":"The Courier"},{"floor":40,"key":"Incense Burner"},{"floor":43,"key":"Dream Catcher"},{"floor":54,"key":"TheCursedMod:Tack"}],"event_choices":[{"cards_removed":["TheCursedMod:Defend_TheCursed"],"damage_healed":0,"gold_gain":0,"player_choice":"Card Removal","damage_taken":7,"max_hp_gain":0,"max_hp_loss":0,"event_name":"Golden Wing","floor":2,"gold_loss":0},{"damage_healed":0,"gold_gain":0,"player_choice":"2 cards matched","damage_taken":0,"max_hp_gain":0,"max_hp_loss":0,"event_name":"Match and Keep!","floor":4,"gold_loss":0,"cards_obtained":["TheCursedMod:ForbiddenAlchemy","Jack Of All Trades"]},{"damage_healed":0,"gold_gain":0,"player_choice":"3 cards matched","damage_taken":0,"max_hp_gain":0,"max_hp_loss":0,"event_name":"Match and Keep!","floor":19,"gold_loss":0,"cards_obtained":["TheCursedMod:CursedWand","TheCursedMod:ShockAndAwe","TheCursedMod:Stretching"]},{"damage_healed":0,"gold_gain":0,"player_choice":"Max HP","damage_taken":0,"max_hp_gain":0,"max_hp_loss":4,"event_name":"Winding Halls","floor":38,"gold_loss":0},{"damage_healed":0,"gold_gain":0,"player_choice":"Ignored","damage_taken":0,"max_hp_gain":0,"max_hp_loss":0,"event_name":"Tomb of Lord Red Mask","floor":42,"gold_loss":0},{"damage_healed":0,"gold_gain":0,"player_choice":"Memory 1","damage_taken":0,"max_hp_gain":0,"max_hp_loss":0,"event_name":"SensoryStone","floor":47,"gold_loss":0}],"is_beta":false,"boss_relics":[{"not_picked":["Sozu","Ectoplasm","Snecko Eye"]},{"not_picked":["Runic Pyramid","Black Star"],"picked":"TheCursedMod:FourLeafCloverCharm"}],"items_purged_floors":[10,10,10,10,21,21,30,30,30,30,30,46,46,46,46,46,46,46],"is_endless":false,"potions_floor_spawned":[3,8,13,22,24,28,31,33,35,54],"ascension_level":1}}