{"host":"3y33rrrkia6pkpow","time":1611030261,"event":{"mods":["2.2 Compatiblity","AchievementEnabler","Act Like it!","BaseMod","BetterRewards","Colored Map","Colored Powertips","DeckTracker","Downfall","Faster Ascension Climbing","Gensokyo","Highlight Path","Minty Spire (QoL Compilation)","Quick Restart","Shop Mod","Spicy Shops","StSLib","The Animator","Unknown Chances"],"gold_per_floor":[119,147,147,174,174,174,220,220,220,246,346,373,385,430,442,549,561,592,623,241,253,284,296,308,320,332,371,383,422,447,28,28,131,131,145,145,163,177,188,188,213,213,213,231,231,260,260,20,20,20],"floor_reached":51,"language":"ENG","playtime":8049,"items_purged":["Shame"],"score":1171,"play_id":"a919bc57-59eb-462d-b43b-f7dcd052b463","local_time":"20210118222421","is_ascension_mode":true,"campfire_choices":[{"floor":6.0,"key":"REST"},{"floor":8.0,"key":"REST"},{"floor":15.0,"key":"REST"},{"floor":23.0,"key":"REST"},{"floor":25.0,"key":"REST"},{"floor":28.0,"key":"REST"},{"floor":32,"key":"REST"},{"floor":40,"key":"REST"},{"floor":47,"key":"REST"},{"floor":49,"key":"REST"}],"circlet_count":0,"master_deck":["AscendersBane","animator:Strike_HitsugiNoChaika","animator:Defend_HitsugiNoChaika","animator:Strike","animator:Strike","animator:Strike","animator:Defend","animator:Defend","animator:Defend","animator:AcuraAkari+1","animator:Gillette","animator:ElricEdward","animator:Archer","animator:Hans+1","animator:Layla","animator:Archer","animator:Souei","animator:KyokoSakura","animator:PinaCoLada+1","animator:NivaLada","animator:Souei","Gensokyo:TurboGranny+1","Gensokyo:HAARP","animator:Ciel","animator:Gillette","animator:AcuraShin","animator:TanyaDegurechaff","animator:Shizu","CurseOfTheBell","animator:WinryRockbell","animator:Fredrika+1","animator:Archer","animator:Gillette","animator:WinryRockbell","animator:Gillette+1","animator:AcuraAkari","animator:YachiyoNanami"],"relics":["animator:LivingPicture","animator:TheMissingPiece","animator:PurgingStone","Strawberry","Centennial Puzzle","Mummified Hand","animator:WizardHat","MawBank","Happy Flower","SlaversCollar","animator:CursedGlyph","Potion Belt","Darkstone Periapt","Bottled Lightning","Membership Card","Bottled Tornado","Calling Bell","Juzu Bracelet","Question Card","FossilizedHelix","Bag of Preparation","InkBottle","Strawberry","Runic Capacitor","Pantograph"],"acts_visited":["Gensokyo:Gensokyo","Gensokyo:Gensokyoer","Gensokyo:Gensokyoest"],"potions_floor_usage":[46],"damage_taken":[{"damage":5.0,"enemies":"Gensokyo:Gryphon","floor":1.0,"turns":4.0},{"damage":6.0,"enemies":"Gensokyo:3_Fairies","floor":2.0,"turns":4.0},{"damage":16.0,"enemies":"Gensokyo:2_Kodama","floor":4.0,"turns":4.0},{"damage":16.0,"enemies":"Gensokyo:Aya","floor":7.0,"turns":5.0},{"damage":9.0,"enemies":"Gensokyo:Mamizou","floor":10.0,"turns":5.0},{"damage":24.0,"enemies":"Gensokyo:Aya","floor":12.0,"turns":4.0},{"damage":0.0,"enemies":"Gensokyo:Mamizou","floor":14.0,"turns":5.0},{"damage":22.0,"enemies":"Gensokyo:Yukari","floor":16.0,"turns":5.0},{"damage":6.0,"enemies":"Gensokyo:2_Gloops","floor":18.0,"turns":4.0},{"damage":23.0,"enemies":"Gensokyo:CosmicMonolith","floor":19.0,"turns":3.0},{"damage":3.0,"enemies":"Gensokyo:Slime_Group","floor":22.0,"turns":5.0},{"damage":50.0,"enemies":"Gensokyo:Tenshi","floor":27.0,"turns":5.0},{"damage":10.0,"enemies":"Gensokyo:Koishi","floor":29.0,"turns":5.0},{"damage":16,"enemies":"Gensokyo:Wraith","floor":30,"turns":4},{"damage":16,"enemies":"Gensokyo:Eternal_Rivals","floor":33,"turns":7},{"damage":7,"enemies":"Gensokyo:3_Bats","floor":35,"turns":5},{"damage":0,"enemies":"Gensokyo:AncientGuardian","floor":37,"turns":3},{"damage":0,"enemies":"Gensokyo:SeedOfUnknown","floor":38,"turns":4},{"damage":0,"enemies":"Gensokyo:AtlasGolem","floor":39,"turns":4},{"damage":37,"enemies":"Gensokyo:Kasen","floor":41,"turns":6},{"damage":16,"enemies":"Gensokyo:4_Bats","floor":44,"turns":4},{"damage":19,"enemies":"Gensokyo:Marisa","floor":46,"turns":4},{"damage":11,"enemies":"Gensokyo:Yuyuko","floor":50,"turns":5}],"seed_played":"8828963367484412017","potions_obtained":[{"floor":2.0,"key":"Slimebound:ThreeZeroPotion"},{"floor":10.0,"key":"DuplicationPotion"},{"floor":12.0,"key":"LiquidMemories"},{"floor":14.0,"key":"Strength Potion"},{"floor":38,"key":"SkillPotion"},{"floor":39,"key":"hexamod:SoulburnPotion"},{"floor":46,"key":"FearPotion"}],"is_trial":false,"path_per_floor":["M","M","?","M","?","R","E","R","T","E","?","E","?","E","R","B",null,"M","M","COS","?","M","R","$","R","T","E","R","E","M","$","R","B",null,"M","?","M","M","M","R","E","?","T","M","?","E","R","$","R","B",null],"character_chosen":"THE_ANIMATOR","items_purchased":["Membership Card","animator:AcuraShin","animator:TanyaDegurechaff","Bottled Tornado","animator:YachiyoNanami","Runic Capacitor","Pantograph"],"campfire_rested":10,"item_purchase_floors":[31,31,31,31,48,48,48],"current_hp_per_floor":[54,48,45,29,29,50,34,55,55,46,46,22,29,29,53,31,68,62,39,39,39,36,58,58,76,76,26,48,38,22,22,44,28,70,63,63,64,64,64,83,46,46,46,30,30,18,45,45,72,72],"gold":20,"neow_bonus":"UPGRADE_CARD","is_daily":false,"chose_seed":false,"campfire_upgraded":0,"win_rate":0.0,"timestamp":1611030261,"path_taken":["M","M","?","M","?","R","E","R","T","E","?","E","?","E","R","BOSS","M","M","COS","?","M","R","?","R","T","E","R","E","?","$","R","BOSS","M","?","M","M","M","R","E","?","T","M","?","E","R","$","R","BOSS"],"items_purchased_type":["Relic","Card","Card","Relic","Card","Relic","Relic"],"build_version":"2020-12-22","purchased_purges":1,"victory":true,"max_hp_per_floor":[66,66,73,73,73,73,73,73,73,73,73,73,80,80,80,80,80,76,76,76,76,76,76,76,76,76,76,76,76,76,76,76,76,82,82,82,83,83,83,83,83,83,83,83,83,90,90,90,90,90],"card_choices":[{"not_picked":["animator:Tyuule","animator:Mitsuba"],"picked":"animator:ElricEdward","floor":1.0},{"not_picked":["animator:Chung","animator:Kazuma"],"picked":"animator:Archer","floor":2.0},{"not_picked":["animator:Hakurou","animator:Chung"],"picked":"animator:Hans","floor":4.0},{"not_picked":["animator:ChaikaBohdan","animator:Guy"],"picked":"animator:Layla","floor":7.0},{"not_picked":["animator:Darkness","animator:ShinjiMatou"],"picked":"animator:Archer","floor":10.0},{"not_picked":["animator:Ain","animator:SayakaMiki"],"picked":"animator:Souei","floor":12.0},{"not_picked":["animator:Chung","animator:Lu"],"picked":"animator:KyokoSakura","floor":14.0},{"not_picked":["animator:Saber","animator:FeridBathory"],"picked":"animator:PinaCoLada","floor":16.0},{"not_picked":["animator:Gillette","animator:Guy"],"picked":"animator:NivaLada","floor":18.0},{"not_picked":["animator:Viivi","animator:Sloth"],"picked":"animator:Souei","floor":19.0},{"not_picked":["animator:Layla","animator:Yoichi"],"picked":"animator:Ciel","floor":22.0},{"not_picked":["animator:NagisaMomoe+1","animator:Tyuule","animator:TukaLunaMarceau"],"picked":"SKIP","floor":27.0},{"not_picked":["animator:ChaikaBohdan","animator:Viivi"],"picked":"animator:Gillette","floor":29.0},{"not_picked":["animator:Caster+1","animator:Viivi","animator:Verdia"],"picked":"SKIP","floor":30},{"not_picked":["animator:PinaCoLada","animator:Kyubey"],"picked":"animator:Shizu","floor":33},{"not_picked":["animator:Chung+1","animator:Gluttony+1","animator:Mitsurugi"],"picked":"animator:WinryRockbell","floor":35},{"not_picked":["animator:Aisha","animator:Shion+1","animator:SayakaMiki"],"picked":"animator:Fredrika+1","floor":37},{"not_picked":["animator:SakuraMatou","animator:Lancer","animator:Caster"],"picked":"animator:Archer","floor":38},{"not_picked":["animator:Illya+1","animator:ChaikaBohdan","animator:Ara+1"],"picked":"animator:Gillette","floor":39},{"not_picked":["animator:MaesHughes+1","animator:Yoichi+1","animator:IrohaTamaki+1"],"picked":"animator:WinryRockbell","floor":41},{"not_picked":["animator:Aqua","animator:NagisaMomoe","animator:ElricEdward"],"picked":"animator:Gillette+1","floor":44},{"not_picked":["animator:Fredrika","animator:ChaikaBohdan","animator:Gillette"],"picked":"animator:AcuraAkari","floor":46}],"player_experience":893747,"relics_obtained":[{"floor":7.0,"key":"Centennial Puzzle"},{"floor":9.0,"key":"Mummified Hand"},{"floor":10.0,"key":"animator:WizardHat"},{"floor":12.0,"key":"MawBank"},{"floor":14.0,"key":"Happy Flower"},{"floor":18.0,"key":"animator:CursedGlyph"},{"floor":26.0,"key":"Potion Belt"},{"floor":27.0,"key":"Darkstone Periapt"},{"floor":29.0,"key":"Bottled Lightning"},{"floor":34,"key":"Juzu Bracelet"},{"floor":34,"key":"Question Card"},{"floor":34,"key":"FossilizedHelix"},{"floor":41,"key":"Bag of Preparation"},{"floor":43,"key":"InkBottle"},{"floor":46,"key":"Strawberry"}],"event_choices":[],"is_beta":false,"boss_relics":[{"not_picked":["Tiny House","Sozu"],"picked":"SlaversCollar"},{"not_picked":["Runic Dome","Coffee Dripper"],"picked":"Calling Bell"}],"items_purged_floors":[31],"is_endless":false,"potions_floor_spawned":[2,10,12,14,18,19,38,39,46],"ascension_level":10}}