{"host":"cxvb37eaaiijvrl4","time":1611044366,"event":{"mods":["ATMod(阿瑾Mod)","BaseMod","Better Third Choice","Minty Spire (QoL Compilation)","MostiFishMod","Quick Restart","Rare Cards Sparkle","Shop Mod","Spicy Shops","StSLib","TestMod","Uncapped","残留之物"],"gold_per_floor":[113,38,38,113,130,158,158,191,191,223,248,248,84,103,103,178,178,191,204,42,42,54,87,87,122,147,147,147,178,178,78,78,155,155,166,166,179,179,191,191,219,219,219,249,249,31,31,49,49,49,49,49,49,49,81,81],"floor_reached":57,"language":"ZHS","playtime":1400,"items_purged":["Strike_P","AT_RobotInSpace","Eruption"],"score":3210,"play_id":"04eb7e32-414c-42f4-8c2a-72347744df94","local_time":"20210119001926","is_ascension_mode":true,"campfire_choices":[{"data":"MostiFishMod:SephirahHod","floor":7.0,"key":"SMITH"},{"data":"MostiFishMod:Speedup","floor":15.0,"key":"SMITH"},{"floor":24.0,"key":"RECALL"},{"data":"ConjureBlade","floor":27.0,"key":"SMITH"},{"data":"Ragnarok","floor":32.0,"key":"SMITH"},{"data":"MostiFishMod:Minus+1","floor":40.0,"key":"SMITH"},{"data":"MostiFishMod:Minus+2","floor":42.0,"key":"SMITH"},{"data":"MostiFishMod:Minus+3","floor":49,"key":"SMITH"},{"data":"MostiFishMod:Minus+4","floor":53,"key":"SMITH"}],"circlet_count":0,"master_deck":["AscendersBane","Eruption","Vigilance","MostiFishMod:SephirahHod+1","DeusExMachina","Ragnarok+1","MostiFishMod:Speedup+1","ConjureBlade+1","MostiFishMod:Minus+5","MostiFishMod:SephirahHod+1","DeusExMachina"],"relics":["testmod-TestBox","AT_ATBox","Civilization","testmod-Alchemist","MostiFishMod:Hod","SynthV:TestCard","InkBottle","Anchor","Happy Flower","DaveBox","xbg","Medical Kit","GreenFoldingFan","testmod-TurbochargingSystem","Toy Ornithopter","Bottled Flame","testmod-IndustrialRevolution","Jackal-EndForJourney","The Courier","AT_BladeRuinedKing","MerchantsRug","TeardropLocket","Vajra"],"acts_visited":["Exordium","TheCity","TheBeyond","TheEnding"],"potions_floor_usage":[],"damage_taken":[{"damage":14.0,"enemies":"Jaw Worm","floor":1.0,"turns":4.0},{"damage":1.0,"enemies":"2 Louse","floor":5.0,"turns":3.0},{"damage":0.0,"enemies":"3 Sentries","floor":6.0,"turns":4.0},{"damage":0.0,"enemies":"Lagavulin","floor":8.0,"turns":4.0},{"damage":1.0,"enemies":"Gremlin Nob","floor":10.0,"turns":3.0},{"damage":0.0,"enemies":"Cultist","floor":14.0,"turns":2.0},{"damage":8.0,"enemies":"The Guardian","floor":16.0,"turns":7.0},{"damage":6.0,"enemies":"2 Thieves","floor":18.0,"turns":3.0},{"damage":4.0,"enemies":"Chosen","floor":19.0,"turns":2.0},{"damage":6.0,"enemies":"Centurion and Healer","floor":22.0,"turns":3.0},{"damage":4.0,"enemies":"Gremlin Leader","floor":23.0,"turns":2.0},{"damage":5.0,"enemies":"Slavers","floor":25.0,"turns":2.0},{"damage":4.0,"enemies":"Book of Stabbing","floor":29.0,"turns":2.0},{"damage":14.0,"enemies":"Champ","floor":33.0,"turns":2.0},{"damage":2.0,"enemies":"3 Darklings","floor":35.0,"turns":1.0},{"damage":2.0,"enemies":"3 Shapes","floor":37.0,"turns":1.0},{"damage":2.0,"enemies":"Maw","floor":39.0,"turns":1.0},{"damage":4.0,"enemies":"Giant Head","floor":41.0,"turns":2.0},{"damage":4.0,"enemies":"Reptomancer","floor":44.0,"turns":2.0},{"damage":2,"enemies":"Writhing Mass","floor":48,"turns":1},{"damage":4,"enemies":"Donu and Deca","floor":50,"turns":2},{"damage":19,"enemies":"Time Eater","floor":51,"turns":2},{"damage":2,"enemies":"Shield and Spear","floor":55,"turns":1},{"damage":64,"enemies":"The Heart","floor":56,"turns":4}],"seed_played":"-4534060111609373055","potions_obtained":[{"floor":1.0,"key":"testmod-TimePotion"},{"floor":25.0,"key":"Energy Potion"},{"floor":39.0,"key":"Ancient Potion"}],"is_trial":false,"path_per_floor":["M","$","?","?","M","E","R","E","T","E","T","?","$","M","R","B",null,"M","M","$","?","M","E","R","E","T","R","T","E","?","$","R","B",null,"M","?","M","T","M","R","E","R","T","E","?","$","?","M","R","B","B",null,"R","$","E","B",null],"character_chosen":"WATCHER","items_purchased":["Medical Kit","testmod-TurbochargingSystem","MerchantsRug","TeardropLocket"],"campfire_rested":0,"item_purchase_floors":[13,20,46,46],"current_hp_per_floor":[48,48,41,30,32,37,37,42,42,41,41,41,41,46,46,43,84,93,104,104,104,112,117,117,122,122,122,122,127,127,127,127,128,131,137,137,142,142,147,147,152,152,152,157,157,157,157,162,162,167,163,170,170,170,177,128],"gold":81,"neow_bonus":"BOSS_RELIC","is_daily":false,"chose_seed":false,"campfire_upgraded":8,"win_rate":0.0,"timestamp":1611044366,"path_taken":["M","$","?","?","M","E","R","E","T","E","?","?","$","M","R","BOSS","M","M","$","?","M","E","R","E","T","R","?","E","?","$","R","BOSS","M","?","?","?","M","R","E","R","T","E","?","$","?","?","R","BOSS","BOSS","R","$","E","BOSS"],"items_purchased_type":["Relic","Relic","Relic","Relic"],"build_version":"2020-12-22","purchased_purges":3,"victory":true,"max_hp_per_floor":[69,69,69,69,72,77,77,82,82,87,87,87,87,92,92,97,97,102,107,107,107,112,117,117,122,122,122,122,127,127,127,127,132,132,137,137,142,142,147,147,152,152,152,157,157,157,157,162,162,167,172,172,172,172,177,182],"card_choices":[{"not_picked":["EmptyBody","EmptyFist","Vengeance"],"picked":"SKIP","floor":1.0},{"not_picked":["ClearTheMind","FlyingSleeves","Evaluate","Crescendo","SandsOfTime"],"picked":"SKIP","floor":5.0},{"not_picked":["Consecrate","FollowUp","MostiFishMod:KamiSmash","ClearTheMind"],"picked":"DeusExMachina","floor":6.0},{"not_picked":["ClearTheMind","Collect","FollowUp","AT_MachinaRedman","JustLucky"],"picked":"SKIP","floor":8.0},{"not_picked":["Consecrate","Wireheading","TalkToTheHand","EmptyBody"],"picked":"Ragnarok","floor":10.0},{"not_picked":["Prostrate","Protect","Wireheading","MostiFishMod:Moonprays"],"picked":"MostiFishMod:Speedup","floor":14.0},{"not_picked":["MostiFishMod:Dust","MostiFishMod:Moonprays","Vault","MostiFishMod:KamiSmash"],"picked":"ConjureBlade","floor":16.0},{"not_picked":["JustLucky","MostiFishMod:Speedup","CrushJoints","Vengeance+1","DeceiveReality"],"picked":"SKIP","floor":18.0},{"not_picked":["BowlingBash","Prostrate","DeceiveReality+1","Crescendo+1","FlurryOfBlows"],"picked":"SKIP","floor":19.0},{"not_picked":["BowlingBash","SashWhip","FlurryOfBlows","SignatureMove"],"picked":"Tantrum","floor":22.0},{"not_picked":["CutThroughFate","EmptyMind","MostiFishMod:Speedup","SandsOfTime","Ragnarok"],"picked":"SKIP","floor":23.0},{"not_picked":["Indignation","Swivel","EmptyFist","Halt","Consecrate"],"picked":"SKIP","floor":25.0},{"not_picked":["CutThroughFate","SashWhip","BowlingBash","MostiFishMod:Nomercy","AT_RealFormLess+1"],"picked":"SKIP","floor":29.0},{"not_picked":["MostiFishMod:DustFall","MostiFishMod:KamiSmash","AT_ChampionKick","Devotion"],"picked":"MostiFishMod:Minus+1","floor":33.0},{"not_picked":["JustLucky","Halt+1","FlyingSleeves","Protect+1","CutThroughFate+1"],"picked":"SKIP","floor":35.0},{"not_picked":["EmptyFist","AT_RealFormLess+1","ThirdEye+1","LikeWater","MostiFishMod:Nomercy"],"picked":"SKIP","floor":37.0},{"not_picked":["ClearTheMind+1","BowlingBash","Indignation+1","Halt+1","FlyingSleeves"],"picked":"SKIP","floor":39.0},{"not_picked":["Consecrate","Omniscience+1","FollowUp","Crescendo+1","Tantrum"],"picked":"SKIP","floor":41.0},{"not_picked":["FlyingSleeves","SashWhip+1","Evaluate+1","SandsOfTime","CutThroughFate"],"picked":"SKIP","floor":44.0},{"not_picked":["EmptyFist","CarveReality","Wireheading","FollowUp","SashWhip"],"picked":"SKIP","floor":48},{"not_picked":["ThirdEye","Consecrate","Evaluate","WindmillStrike"],"picked":"DeusExMachina","floor":55}],"player_experience":688789,"relics_obtained":[{"floor":1.0,"key":"SynthV:TestCard"},{"floor":6.0,"key":"InkBottle"},{"floor":8.0,"key":"Tiny Chest"},{"floor":9.0,"key":"Anchor"},{"floor":10.0,"key":"Boot"},{"floor":11.0,"key":"Happy Flower"},{"floor":23.0,"key":"Toy Ornithopter"},{"floor":25.0,"key":"Bottled Flame"},{"floor":26.0,"key":"testmod-IndustrialRevolution"},{"floor":28.0,"key":"Toxic Egg 2"},{"floor":29.0,"key":"Meat on the Bone"},{"floor":38.0,"key":"The Courier"},{"floor":41.0,"key":"Orichalcum"},{"floor":44.0,"key":"AT_BladeRuinedKing"},{"floor":55,"key":"Vajra"}],"event_choices":[{"cards_removed":["Defend_P"],"damage_healed":0.0,"max_hp_gain":0.0,"max_hp_loss":0.0,"gold_gain":0.0,"event_name":"Golden Wing","player_choice":"Card Removal","floor":3.0,"gold_loss":0.0,"damage_taken":7.0},{"damage_healed":0.0,"max_hp_gain":0.0,"max_hp_loss":0.0,"gold_gain":75.0,"event_name":"betterThird:BetterGoop","player_choice":"Gold","floor":4.0,"gold_loss":0.0,"damage_taken":11.0},{"damage_healed":0.0,"max_hp_gain":0.0,"max_hp_loss":0.0,"gold_gain":0.0,"event_name":"给自己的盒子","player_choice":"Swap Relic","floor":12.0,"relics_lost":["DaveBox"],"gold_loss":0.0,"damage_taken":0.0,"relics_obtained":["DaveBox"]},{"damage_healed":0.0,"max_hp_gain":0.0,"max_hp_loss":0.0,"gold_gain":0.0,"event_name":"WeMeetAgain","player_choice":"Ignored","floor":21.0,"gold_loss":0.0,"damage_taken":0.0},{"damage_healed":0.0,"max_hp_gain":0.0,"max_hp_loss":6.0,"gold_gain":0.0,"event_name":"betterThird:BetterWriting","player_choice":"Materialism","floor":30.0,"gold_loss":0.0,"damage_taken":0.0},{"damage_healed":0.0,"max_hp_gain":0.0,"max_hp_loss":0.0,"gold_gain":0.0,"event_name":"Duplicator","player_choice":"Copied","floor":36.0,"gold_loss":0.0,"damage_taken":0.0,"cards_obtained":["MostiFishMod:SephirahHod"]},{"cards_removed":["Tantrum"],"damage_healed":0.0,"max_hp_gain":0.0,"max_hp_loss":0.0,"gold_gain":0.0,"event_name":"Falling","player_choice":"Removed Attack","floor":45.0,"gold_loss":0.0,"damage_taken":0.0},{"damage_healed":0,"gold_gain":0,"player_choice":"Got Potions","damage_taken":0,"max_hp_gain":0,"max_hp_loss":0,"event_name":"Lab","floor":47,"gold_loss":0}],"is_beta":false,"boss_relics":[{"not_picked":["AT_MortalBlade","Runic Dome"],"picked":"GreenFoldingFan"},{"not_picked":["Astrolabe","Velvet Choker"],"picked":"Jackal-EndForJourney"}],"items_purged_floors":[2,31,46],"is_endless":false,"potions_floor_spawned":[1,10,22,23,25,39,41,44,55],"ascension_level":20}}