{"host":"r0e4s450fexxrjel","time":1611080907,"event":{"mods":["AchievementEnabler","Act Like it!","AlwaysNeverKeys","BaseMod","Better Third Choice","ChefMod","Clawfect","Colored Map","Conspire","Dota2Spire","Energized Spire","Evolution","Friendly Minions","GifTheSpireLib","Gold Saver","Hubris","Infinite Spire","Minty Spire (QoL Compilation)","Pale of the Ancients","RRrroohrrRGHHhhh!!","Replay The Spire","Shop Mod","StSLib","The Druid"],"gold_per_floor":[572,611,627,641,641,668,358,358,358,371,389,421,439,452,352,452,452,471,471,179,196,50,83,83,117,117,117,117,131,165,165,165,269,269,280,294,294,308,325,325,395,429,479,493,0,0,10,23,23,23,40,56,56,56,56,74,74,74,74,74],"floor_reached":61,"language":"DEU","playtime":4582,"items_purged":[],"score":1357,"play_id":"38bb4f51-94e6-45a0-86c4-149af928a934","local_time":"20210119192827","is_ascension_mode":true,"campfire_choices":[{"data":"Clawfect:ClawAndGloom","floor":24,"key":"SMITH"},{"data":"Clawfect:ClawAndGloom","floor":28,"key":"SMITH"},{"data":"Gash","floor":32,"key":"SMITH"},{"floor":40,"key":"REST"},{"data":"Mirror Shield","floor":49,"key":"SMITH"},{"data":"Electrodynamics","floor":55,"key":"SMITH"},{"data":"Clawfect:ClawLightning","floor":57,"key":"SMITH"}],"circlet_count":0,"master_deck":["Gash+1","Gash","Gash","Gash","Gash","Conserve Battery","Conserve Battery","Defend_B","Defend_B","Defend_B","Skim","conspire:SharedLibrary","Clawfect:ClawLightning+1","Clawfect:ClawpileDriver","Clawfect:Clawline","Self Repair","Clawfect:ClawAndGloom+1","FTL","Clawfect:ClawAndGloom+1","Ghostly","Mirror Shield+1","FTL+1","FTL","Seek","Capacitor","Violence","Violence+1","hubris:Ssssneak","Clawfect:ClawingBeam","Clawfect:ClawForTheEyes","Core Surge","Crystallizer+1","Clawfect:ClawAndTear+1","Clawfect:Clawline","Electrodynamics+1","Undo+1","Hello World+1","Conserve Battery","Clawfect:ClawLightning","Clawfect:Clawline","rorgmod:Chaos+1","Clawfect:ClawLightning"],"relics":["Clawfect:DRClaw","EVO:Axolotl","Art of War","hubris:Towel","Blood Vial","Dota2Spire:Desolator","FaceOfCleric","infinitespire:CheckeredPen","Bronze Scales","Honey Jar","Replay:Frozen Program","Oddly Smooth Stone","Centennial Puzzle","Anchor","infinitespire:Beetle Shell","Gremlin Food","Ring of Chaos","ReplayTheSpireMod:ShopPack","infinitespire:Golems Mask","Dota2Spire:BladeMail","SlaversCollar","conspire:DecoderRing","Bag of Preparation","Dota2Spire:ArcaneBoots","Red Mask","Garlic","paleoftheancients:Timepiece","paleoftheancients:KeyRelic","Gremlin Horn","Spirit Poop","paleoftheancients:SoulOfTheWokeBloke","Calipers","Pantograph"],"acts_visited":["Exordium","TheCity","TheBeyond","TheBeyond"],"potions_floor_usage":[2,12,13,30,30,38,50,50,50,50,51,60],"damage_taken":[{"damage":5,"enemies":"Small Slimes","floor":1,"turns":4},{"damage":3,"enemies":"conspire:MimicChest","floor":2,"turns":6},{"damage":0,"enemies":"Cultist","floor":3,"turns":3},{"damage":0,"enemies":"Jaw Worm","floor":4,"turns":4},{"damage":28,"enemies":"Gremlin Nob","floor":6,"turns":4},{"damage":2,"enemies":"3 Louse","floor":10,"turns":3},{"damage":7,"enemies":"Blue Slaver","floor":11,"turns":5},{"damage":17,"enemies":"Lagavulin","floor":12,"turns":4},{"damage":20,"enemies":"Gremlin Gang","floor":13,"turns":5},{"damage":13,"enemies":"2 Fungi Beasts","floor":14,"turns":3},{"damage":35,"enemies":"Slime Boss","floor":16,"turns":5},{"damage":0,"enemies":"Spheric Guardian","floor":18,"turns":3},{"damage":1,"enemies":"conspire:FuzzyDice","floor":21,"turns":3},{"damage":18,"enemies":"Slavers","floor":23,"turns":3},{"damage":0,"enemies":"Book of Stabbing","floor":25,"turns":4},{"damage":0,"enemies":"Shelled Parasite and Fungi","floor":29,"turns":3},{"damage":0,"enemies":"Slavers","floor":30,"turns":3},{"damage":4,"enemies":"Champ","floor":33,"turns":5},{"damage":0,"enemies":"Orb Walker","floor":35,"turns":3},{"damage":16,"enemies":"3 Darklings","floor":36,"turns":3},{"damage":17,"enemies":"Writhing Mass","floor":38,"turns":3},{"damage":12,"enemies":"Jaw Worm Horde","floor":39,"turns":2},{"damage":33,"enemies":"Nemesis","floor":42,"turns":3},{"damage":6,"enemies":"Maw","floor":44,"turns":5},{"damage":0,"enemies":"Spire Growth","floor":47,"turns":3},{"damage":0,"enemies":"3 Darklings","floor":48,"turns":2},{"damage":0,"enemies":"Replay:Hell Engine","floor":50,"turns":5},{"damage":18,"enemies":"Replay:Hell Engine","floor":51,"turns":4},{"damage":21,"enemies":"Replay:Hell Engine","floor":52,"turns":5},{"damage":13,"enemies":"Replay:Hell Engine","floor":56,"turns":5},{"damage":6,"enemies":"paleoftheancients:N","floor":60,"turns":6}],"seed_played":"4414173393665041936","potions_obtained":[{"floor":1,"key":"Languid Potion"},{"floor":4,"key":"SpeedPotion"},{"floor":6,"key":"Block Potion"},{"floor":12,"key":"FairyPotion"},{"floor":23,"key":"Fire Potion"},{"floor":25,"key":"AttackPotion"},{"floor":29,"key":"Weak Potion"},{"floor":33,"key":"Dota2Spire:Clarity"},{"floor":36,"key":"Energy Potion"},{"floor":39,"key":"Fire Potion"},{"floor":41,"key":"EssenceOfSteel"},{"floor":42,"key":"DuplicationPotion"},{"floor":47,"key":"Swift Potion"},{"floor":48,"key":"Venom Potion"},{"floor":51,"key":"Death Potion"}],"is_trial":false,"path_per_floor":["M","?","M","M","?","E","$","?","T","M","M","E","M","M","R_BF","B",null,"M","?","$","M","$","E","R","E","T","AVR","R","M","E","?","R","B",null,"M","M","?","M","M","R","?","E","T","M","?","T","M","M","R","B","M","M","?","T","R","M","R","T","?","B",null],"character_chosen":"DEFECT","items_purchased":["Clawfect:Clawline","Dota2Spire:Desolator","Replay:Frozen Program","Oddly Smooth Stone","Centennial Puzzle"],"campfire_rested":1,"item_purchase_floors":[7,7,20,20,22],"current_hp_per_floor":[70,67,67,67,67,39,39,39,39,40,43,29,19,16,16,32,81,82,82,82,83,83,73,73,83,83,83,83,86,87,87,87,88,88,89,81,81,67,65,92,69,46,46,50,50,50,60,63,63,97,89,85,85,85,85,95,95,95,95,101],"gold":74,"neow_bonus":"THREE_CARDS","is_daily":false,"chose_seed":false,"campfire_upgraded":6,"win_rate":0.0,"timestamp":1611080907,"path_taken":["M","?","M","?","?","E","?","?","T","M","M","E","M","?","R_BF","BOSS","M","?","$","M","$","E","R","E","T","AVR","R","M","E","?","R","BOSS","M","?","?","M","M","R","?","E","T","M","?","?","M","M","R","BOSS","M","M","?","T","R","M","R","T","?","BOSS"],"items_purchased_type":["Card","Relic","Relic","Relic","Relic"],"build_version":"2020-12-22","purchased_purges":0,"victory":true,"max_hp_per_floor":[75,75,75,75,75,75,75,75,75,76,77,78,79,80,80,81,81,82,82,82,83,83,84,84,85,85,85,85,86,87,87,87,88,88,89,90,90,91,92,92,92,93,93,94,94,94,95,96,96,97,98,99,99,99,99,100,100,100,100,101],"card_choices":[{"not_picked":["ReplayTheSpireMod:Repulse","rorgmod:Leap","Stack"],"picked":"SKIP","floor":1},{"not_picked":["rorgmod:Zing-Zap","Reinforced Body"],"picked":"Skim","floor":2},{"not_picked":["rorgmod:Hot Sockets","rorgmod:LRU Cache"],"picked":"conspire:SharedLibrary","floor":3},{"not_picked":["Hologram","Rebound"],"picked":"Clawfect:ClawLightning","floor":4},{"not_picked":["rorgmod:Ventilation Error","rorgmod:LRU Cache"],"picked":"Clawfect:ClawpileDriver","floor":6},{"not_picked":["BasicCrystalCard","Rainbow"],"picked":"Self Repair","floor":10},{"not_picked":["rorgmod:Refrigerate","Sunder"],"picked":"Clawfect:ClawAndGloom","floor":11},{"not_picked":["rorgmod:Biogeneration","Force Field","conspire:SharedLibrary"],"picked":"SKIP","floor":12},{"not_picked":["Coolheaded","Recycle"],"picked":"FTL","floor":13},{"not_picked":["rorgmod:Antivirus","Seek"],"picked":"Clawfect:ClawAndGloom","floor":14},{"not_picked":["Rainbow","Fission"],"picked":"Mirror Shield","floor":16},{"not_picked":["rorgmod:Leap","BasicCrystalCard+1","rorgmod:Antivirus"],"picked":"FTL+1","floor":18},{"not_picked":["Genetic Algorithm","Steam Power+1","Hologram"],"picked":"FTL","floor":21},{"not_picked":["Redo","Rebound+1","hubris:PowerSurge"],"picked":"Seek","floor":23},{"not_picked":["Coolheaded","rorgmod:LRU Cache+1","rorgmod:Antivirus"],"picked":"Capacitor","floor":25},{"not_picked":["ReplayTheSpireMod:Brewmster","Replay:Dark Deal","HandOfGreed"],"picked":"Violence","floor":27},{"not_picked":["Swift Strike","Transmutation","Mind Blast"],"picked":"Violence","floor":27},{"not_picked":["Survey Options","Replay:Sssssssssshield","Purity"],"picked":"hubris:Ssssneak","floor":27},{"not_picked":["Hologram","rorgmod:Leap","Glacier"],"picked":"Clawfect:ClawingBeam","floor":29},{"not_picked":["ReplayTheSpireMod:Fabricate Wheel","Panic Button","FIFO Queue+1"],"picked":"Clawfect:ClawForTheEyes","floor":30},{"not_picked":["Machine Learning","rorgmod:Thunder Strike","hubris:DoWhile"],"picked":"Core Surge","floor":33},{"not_picked":["Panic Button","rorgmod:Ventilation Error","Clawfect:Clawter"],"picked":"Crystallizer+1","floor":35},{"not_picked":["rorgmod:Refrigerate","Clawfect:Clawline","rorgmod:Critical Section"],"picked":"Clawfect:ClawAndTear","floor":36},{"not_picked":["Machine Learning","rorgmod:Steady Aim","rorgmod:SQL Injection+1"],"picked":"Clawfect:Clawline","floor":38},{"not_picked":["Panic Button+1","Rebound","Hologram+1"],"picked":"Electrodynamics","floor":39},{"not_picked":["Time Bomb","Clawfect:ClawingBeam","rorgmod:Hardcode+1"],"picked":"Undo+1","floor":41},{"not_picked":["rorgmod:Refrigerate+1","rorgmod:Hot Sockets","Panic Button"],"picked":"Hello World+1","floor":42},{"not_picked":["Hologram","Hello World","rorgmod:Hot Sockets+1"],"picked":"Conserve Battery","floor":44},{"not_picked":["Core Surge","Reboot","ReplayTheSpireMod:Calculation Training+1"],"picked":"Clawfect:ClawLightning","floor":47},{"not_picked":["rorgmod:LRU Cache","rorgmod:Refrigerate+1","Panic Button+1","Conserve Battery"],"picked":"SKIP","floor":48},{"not_picked":["ReplayTheSpireMod:System Scan","rorgmod:Antivirus+1","rorgmod:Overcurrent"],"picked":"Clawfect:Clawline","floor":51},{"not_picked":["Reinforced Body","hubris:PowerSurge+1","BasicCrystalCard"],"picked":"rorgmod:Chaos+1","floor":52},{"not_picked":["rorgmod:Fusion","Coolheaded","Turbo"],"picked":"Clawfect:ClawLightning","floor":56}],"player_experience":57589,"relics_obtained":[{"floor":2,"key":"Art of War"},{"floor":6,"key":"Blood Vial"},{"floor":9,"key":"infinitespire:CheckeredPen"},{"floor":12,"key":"Bronze Scales"},{"floor":23,"key":"Anchor"},{"floor":25,"key":"infinitespire:Beetle Shell"},{"floor":26,"key":"Gremlin Food"},{"floor":30,"key":"infinitespire:Golems Mask"},{"floor":41,"key":"conspire:DecoderRing"},{"floor":42,"key":"Bag of Preparation"},{"floor":43,"key":"Dota2Spire:ArcaneBoots"},{"floor":46,"key":"Garlic"},{"floor":51,"key":"paleoftheancients:SoulOfTheWokeBloke"},{"floor":54,"key":"Calipers"},{"floor":56,"key":"paleoftheancients:SoulOfTheDefect"},{"floor":58,"key":"Pantograph"}],"event_choices":[{"damage_healed":0,"gold_gain":0,"player_choice":"Trade","damage_taken":0,"relics_obtained":["FaceOfCleric"],"max_hp_gain":0,"max_hp_loss":0,"event_name":"FaceTrader","floor":8,"gold_loss":0},{"damage_healed":0,"gold_gain":0,"player_choice":"Argue","damage_taken":0,"max_hp_gain":0,"max_hp_loss":0,"event_name":"conspire:LoneGhost","floor":15,"gold_loss":0},{"damage_healed":0,"gold_gain":0,"player_choice":"Ignored","damage_taken":0,"max_hp_gain":0,"max_hp_loss":0,"event_name":"Beggar","floor":19,"gold_loss":0},{"damage_healed":0,"gold_gain":0,"player_choice":"Gave Potion","damage_taken":0,"relics_obtained":["Dota2Spire:BladeMail"],"max_hp_gain":0,"max_hp_loss":0,"event_name":"WeMeetAgain","floor":31,"gold_loss":0},{"damage_healed":0,"gold_gain":0,"player_choice":"Paid","damage_taken":0,"relics_obtained":["Red Mask"],"max_hp_gain":0,"max_hp_loss":0,"event_name":"Tomb of Lord Red Mask","floor":45,"gold_loss":493}],"is_beta":false,"boss_relics":[{"not_picked":["Replay:Bronze Core","Ectoplasm"],"picked":"Honey Jar"},{"not_picked":["Replay:Ancient Bell","Painkiller Herb"],"picked":"SlaversCollar"}],"items_purged_floors":[],"is_endless":false,"potions_floor_spawned":[1,4,6,12,23,25,29,33,36,39,42,47,48,51],"ascension_level":2}}