{"host":"pkysykycfg9bua8p","time":1611048539,"event":{"mods":["AchievementEnabler","BaseMod","Better Third Choice","Filter the Spire","Minty Spire (QoL Compilation)","StSLib"],"gold_per_floor":[112,212,39,57,57,57,57,57,83,100,0,33,33,33,33,133,133,147,147,72,2,2,29,29,41,91,191,66,66,78,90,90,189,189,208,227,227,227,227,227,257,46,97,21,21,36,67,80,80,80],"floor_reached":51,"language":"ENG","playtime":2532,"items_purged":["Strike_B","Strike_B","Strike_B"],"score":804,"play_id":"a850b84a-9b80-48f7-b413-3872ac22432f","local_time":"20210119222859","is_ascension_mode":true,"campfire_choices":[{"data":"Zap","floor":6,"key":"SMITH"},{"data":"Dualcast","floor":7,"key":"SMITH"},{"data":"Defragment","floor":8,"key":"SMITH"},{"floor":15,"key":"RECALL"},{"data":"Redo","floor":24,"key":"SMITH"},{"floor":32,"key":"REST"},{"floor":40,"key":"REST"},{"floor":49,"key":"REST"}],"circlet_count":0,"master_deck":["Defend_B","Defend_B","Defend_B","Defend_B","Zap+1","Dualcast+1","Defragment+1","Conserve Battery+1","Thunder Strike","BootSequence","Defragment+1","Redo+1","Capacitor","Ball Lightning+1","Thunder Strike+1","Tempest","Thunder Strike+1","Ball Lightning+1","Ball Lightning+1","Loop","Flash of Steel+1","Static Discharge","Bandage Up","Leap","Storm","Static Discharge+1"],"relics":["Cracked Core","Anchor","WingedGreaves","PreservedInsect","Bronze Scales","Runic Pyramid","Mummified Hand","Centennial Puzzle","FossilizedHelix","Molten Egg 2","SacredBark","Prayer Wheel","Lantern","Juzu Bracelet"],"acts_visited":["Exordium","TheCity","TheBeyond"],"potions_floor_usage":[12,16,30,33,36,38,41,46,47],"damage_taken":[{"damage":0,"enemies":"Jaw Worm","floor":1,"turns":4},{"damage":0,"enemies":"Cultist","floor":4,"turns":4},{"damage":0,"enemies":"2 Louse","floor":10,"turns":2},{"damage":0,"enemies":"Gremlin Nob","floor":12,"turns":3},{"damage":18,"enemies":"The Guardian","floor":16,"turns":11},{"damage":7,"enemies":"Spheric Guardian","floor":18,"turns":4},{"damage":10,"enemies":"Book of Stabbing","floor":23,"turns":5},{"damage":0,"enemies":"Shell Parasite","floor":25,"turns":4},{"damage":5,"enemies":"Colosseum Slavers","floor":27,"turns":3},{"damage":22,"enemies":"Colosseum Nobs","floor":27,"turns":4},{"damage":0,"enemies":"Cultist and Chosen","floor":30,"turns":4},{"damage":0,"enemies":"Snecko","floor":31,"turns":4},{"damage":15,"enemies":"Collector","floor":33,"turns":5},{"damage":15,"enemies":"3 Shapes","floor":35,"turns":3},{"damage":9,"enemies":"3 Darklings","floor":36,"turns":4},{"damage":0,"enemies":"4 Shapes","floor":38,"turns":1},{"damage":8,"enemies":"Reptomancer","floor":41,"turns":5},{"damage":5,"enemies":"Jaw Worm Horde","floor":46,"turns":4},{"damage":20,"enemies":"Giant Head","floor":47,"turns":7},{"damage":10,"enemies":"Maw","floor":48,"turns":6},{"damage":44,"enemies":"Time Eater","floor":50,"turns":5}],"seed_played":"-6176665468747858205","potions_obtained":[{"floor":4,"key":"Swift Potion"},{"floor":10,"key":"Block Potion"},{"floor":23,"key":"Swift Potion"},{"floor":27,"key":"ColorlessPotion"},{"floor":30,"key":"Fire Potion"},{"floor":33,"key":"Dexterity Potion"},{"floor":41,"key":"Fire Potion"},{"floor":46,"key":"AttackPotion"},{"floor":48,"key":"Ancient Potion"}],"is_trial":false,"path_per_floor":["M","?","$","M","?","R","R","R","T","M","$","E","$","?","R","B",null,"M","?","?","$","?","E","R","M","T","?","$","$","M","M","R","B",null,"M","M","?","M","?","R","E","$","T","$","?","M","E","M","R","B",null],"character_chosen":"DEFECT","items_purchased":["SmokeBomb","Defragment","Ball Lightning+1","Loop","Flash of Steel+1","Static Discharge"],"campfire_rested":3,"item_purchase_floors":[3,21,42,42,42,44],"current_hp_per_floor":[75,75,75,75,63,63,63,63,63,63,63,63,63,63,63,45,75,68,68,68,68,68,58,58,58,58,31,31,31,31,31,53,38,75,60,51,51,51,51,73,65,65,65,65,65,64,48,42,64,24],"gold":80,"neow_bonus":"RANDOM_COMMON_RELIC","is_daily":false,"chose_seed":false,"campfire_upgraded":4,"win_rate":0.0,"timestamp":1611048539,"path_taken":["M","?","?","?","?","R","R","R","T","M","$","E","$","?","R","BOSS","M","?","?","$","?","E","R","M","T","?","?","$","M","M","R","BOSS","M","M","?","?","?","R","E","$","T","?","?","M","E","M","R","BOSS"],"items_purchased_type":["Potion","Card","Card","Card","Card","Card"],"build_version":"2020-12-22","purchased_purges":3,"victory":true,"max_hp_per_floor":[75,75,75,75,75,75,75,75,75,75,75,75,75,75,75,75,75,75,75,75,75,75,75,75,75,75,75,75,75,75,75,75,75,75,75,75,75,75,75,75,75,75,75,75,75,75,75,75,75,75],"card_choices":[{"not_picked":["Leap","Rebound"],"picked":"Defragment","floor":1},{"not_picked":["Coolheaded","Hologram","Recycle"],"picked":"SKIP","floor":4},{"not_picked":["Sunder","Force Field","Streamline"],"picked":"SKIP","floor":10},{"not_picked":["Beam Cell","Self Repair"],"picked":"Conserve Battery","floor":12},{"not_picked":["Amplify","All For One"],"picked":"Thunder Strike","floor":16},{"not_picked":["Lockon+1","Go for the Eyes"],"picked":"BootSequence","floor":18},{"not_picked":["Steam","Go for the Eyes"],"picked":"Capacitor","floor":23},{"not_picked":["Cold Snap","Gash+1","Sunder"],"picked":"SKIP","floor":25},{"not_picked":["Beam Cell+1","Gash+1"],"picked":"Ball Lightning+1","floor":27},{"not_picked":["Beam Cell+1","Skim"],"picked":"Thunder Strike+1","floor":30},{"not_picked":["Hologram","Steam"],"picked":"Tempest","floor":31},{"not_picked":["Rainbow","Echo Form"],"picked":"Thunder Strike+1","floor":33},{"not_picked":["Turbo","Sweeping Beam+1","Coolheaded"],"picked":"SKIP","floor":35},{"not_picked":["Coolheaded","Barrage+1"],"picked":"Ball Lightning+1","floor":36},{"not_picked":["Turbo+1","Consume+1","Reprogram+1"],"picked":"SKIP","floor":41},{"not_picked":["Magnetism","Dark Shackles"],"picked":"Bandage Up","floor":45},{"not_picked":["Gash+1","Beam Cell+1"],"picked":"Leap","floor":46},{"not_picked":["Barrage+1","Go for the Eyes+1"],"picked":"Storm","floor":46},{"not_picked":["Steam","Doom and Gloom+1","Hologram+1"],"picked":"SKIP","floor":47},{"not_picked":["Go for the Eyes+1","Fission"],"picked":"Static Discharge+1","floor":48},{"not_picked":["Turbo+1","Rebound+1","Beam Cell+1"],"picked":"SKIP","floor":48}],"player_experience":68329,"relics_obtained":[{"floor":9,"key":"PreservedInsect"},{"floor":12,"key":"Bronze Scales"},{"floor":23,"key":"Mummified Hand"},{"floor":26,"key":"Centennial Puzzle"},{"floor":27,"key":"FossilizedHelix"},{"floor":27,"key":"Molten Egg 2"},{"floor":41,"key":"Prayer Wheel"},{"floor":43,"key":"Lantern"},{"floor":47,"key":"Juzu Bracelet"}],"event_choices":[{"damage_healed":0,"gold_gain":100,"player_choice":"Pray","damage_taken":0,"max_hp_gain":0,"max_hp_loss":0,"event_name":"Golden Shrine","floor":2,"gold_loss":0},{"damage_healed":0,"gold_gain":0,"player_choice":"Relic ","damage_taken":12,"max_hp_gain":0,"max_hp_loss":0,"event_name":"betterThird:BetterScrap","floor":5,"gold_loss":0,"cards_obtained":["Meditate"]},{"damage_healed":0,"gold_gain":0,"player_choice":"Upgraded","damage_taken":0,"max_hp_gain":0,"max_hp_loss":0,"event_name":"Upgrade Shrine","floor":14,"gold_loss":0,"cards_upgraded":["Conserve Battery"]},{"damage_healed":0,"gold_gain":0,"player_choice":"Ignored","damage_taken":0,"max_hp_gain":0,"max_hp_loss":0,"event_name":"Vampires","floor":19,"gold_loss":0},{"cards_removed":["Strike_B"],"damage_healed":0,"gold_gain":0,"player_choice":"Gave Gold","damage_taken":0,"max_hp_gain":0,"max_hp_loss":0,"event_name":"Beggar","floor":20,"gold_loss":75},{"damage_healed":0,"gold_gain":0,"player_choice":"Read","damage_taken":0,"max_hp_gain":0,"max_hp_loss":0,"event_name":"The Library","floor":22,"gold_loss":0,"cards_obtained":["Redo"]},{"damage_healed":0,"gold_gain":0,"player_choice":"Fight","damage_taken":0,"max_hp_gain":0,"max_hp_loss":0,"event_name":"Colosseum","floor":27,"gold_loss":0},{"damage_healed":0,"gold_gain":0,"player_choice":"Fought Nobs","damage_taken":0,"max_hp_gain":0,"max_hp_loss":0,"event_name":"Colosseum","floor":27,"gold_loss":0},{"damage_healed":0,"gold_gain":0,"player_choice":"Forge","damage_taken":0,"max_hp_gain":0,"max_hp_loss":0,"event_name":"Accursed Blacksmith","floor":37,"gold_loss":0,"cards_upgraded":["Defragment"]},{"damage_healed":0,"gold_gain":0,"player_choice":"Memory 1","damage_taken":0,"max_hp_gain":0,"max_hp_loss":0,"event_name":"SensoryStone","floor":39,"gold_loss":0},{"damage_healed":0,"gold_gain":0,"player_choice":"Random: Blue","damage_taken":0,"max_hp_gain":0,"max_hp_loss":0,"event_name":"betterThird:BetterPortal","floor":45,"gold_loss":0},{"damage_healed":0,"gold_gain":0,"player_choice":"Memory 1","damage_taken":0,"max_hp_gain":0,"max_hp_loss":0,"event_name":"SensoryStone","floor":45,"gold_loss":0}],"is_beta":false,"boss_relics":[{"not_picked":["Calling Bell","Runic Dome"],"picked":"Runic Pyramid"},{"not_picked":["Snecko Eye","Coffee Dripper"],"picked":"SacredBark"}],"items_purged_floors":[3,11,28],"is_endless":false,"potions_floor_spawned":[4,10,23,27,27,30,33,38,41,46,48],"ascension_level":1}}