{"host":"hbel9g7s7ibv8po6","time":1611078352,"event":{"mods":["Act Like it!","BaseMod","Duelist Mod","Minty Spire (QoL Compilation)","StSLib"],"gold_per_floor":[140,154,4,104,104,130,130,30,30,30,48,79,79,112,112,215,215,227,227,227,227,240,270,270,305,329,329,71,21,36,64,64,167,167,180,195,195,208,83,125,125,162,198,214,231,231,275,303,303,303,303,303,153,196,196],"floor_reached":56,"language":"ENG","playtime":3604,"items_purged":["theDuelist:Sparks","theDuelist:CursedBill","theDuelist:CastleWalls","theDuelist:VampireCurse"],"score":1600,"play_id":"6e966c52-8dcd-4499-a293-2c42d6f7518b","local_time":"20210120014552","is_ascension_mode":true,"campfire_choices":[{"data":"theDuelist:HeartUnderdog","floor":7.0,"key":"SMITH"},{"data":"theDuelist:ToonSummonedSkull","floor":10.0,"key":"SMITH"},{"data":"theDuelist:Nameless:Power:AssaultArmor","floor":15.0,"key":"SMITH"},{"data":"theDuelist:PotGenerosity","floor":24.0,"key":"SMITH"},{"data":"theDuelist:Wiretap","floor":27.0,"key":"SMITH"},{"data":"theDuelist:ShadowToon","floor":32.0,"key":"SMITH"},{"floor":41.0,"key":"RECALL"},{"data":"theDuelist:ToonGoblin","floor":46.0,"key":"SMITH"},{"floor":49.0,"key":"REST"},{"data":"theDuelist:WingedKuribohLv10","floor":52.0,"key":"SMITH"}],"circlet_count":0,"master_deck":["theDuelist:RedEyesToon","theDuelist:Sparks","theDuelist:ToonSummonedSkull+1","theDuelist:HeartUnderdog+1","theDuelist:CastleWalls","theDuelist:ToonMermaid","theDuelist:Nameless:Power:AssaultArmor+1","theDuelist:PotForbidden+1","theDuelist:ToonWorld","theDuelist:ToonCannonSoldier","theDuelist:BlueEyesToon+1","theDuelist:MangaRyuRan","theDuelist:ToonMagic+1","theDuelist:OrbMetronome+1","theDuelist:ToonGoblin+1","theDuelist:ShadowToon+1","theDuelist:WeepingIdol","theDuelist:Nameless:Magic:AllyJustice","theDuelist:ToonAncientGear","theDuelist:ToonKingdom+1","theDuelist:PotGenerosity+1","theDuelist:Sparks","theDuelist:ToonAncientGear","Bandage Up","theDuelist:Wiretap+1","theDuelist:ToonSummonedSkull+1","theDuelist:WingedKuribohLv10+1","theDuelist:ToonAncientGear+1","theDuelist:TrapHole+1"],"relics":["theDuelist:MillenniumPuzzle","theDuelist:CardPoolRelic","theDuelist:CardPoolBasicRelic","theDuelist:BoosterPackPoolRelic","theDuelist:CardPoolAddRelic","theDuelist:CardPoolMinusRelic","theDuelist:CardPoolSaveRelic","theDuelist:CardPoolOptionsRelic","NeowsBlessing","theDuelist:MillenniumCoin","Tingsha","Nunchaku","Snake Skull","Red Skull","theDuelist:BoosterPackHealer","Sozu","theDuelist:ToonRelic","Mango","theDuelist:MonsterEggRelic","theDuelist:MillenniumArmor","Cursed Key","CeramicFish","Art of War","theDuelist:SummonAnchor","theDuelist:YugiMirror","Letter Opener"],"acts_visited":["Exordium","TheCity","TheBeyond","TheEnding"],"potions_floor_usage":[],"damage_taken":[{"damage":0.0,"enemies":"Jaw Worm","floor":1.0,"turns":1.0},{"damage":0.0,"enemies":"Small Slimes","floor":2.0,"turns":1.0},{"damage":0.0,"enemies":"Lagavulin","floor":6.0,"turns":1.0},{"damage":1.0,"enemies":"2 Louse","floor":11.0,"turns":2.0},{"damage":15.0,"enemies":"3 Sentries","floor":12.0,"turns":6.0},{"damage":16.0,"enemies":"Gremlin Nob","floor":14.0,"turns":4.0},{"damage":36.0,"enemies":"Hexaghost","floor":16.0,"turns":9.0},{"damage":1.0,"enemies":"Spheric Guardian","floor":18.0,"turns":3.0},{"damage":10.0,"enemies":"3 Byrds","floor":22.0,"turns":5.0},{"damage":8.0,"enemies":"theDuelist:KaibaA2","floor":23.0,"turns":3.0},{"damage":5.0,"enemies":"Book of Stabbing","floor":25.0,"turns":3.0},{"damage":31.0,"enemies":"Centurion and Healer","floor":30.0,"turns":3.0},{"damage":0.0,"enemies":"theDuelist:KaibaA2","floor":31.0,"turns":2.0},{"damage":17.0,"enemies":"Champ","floor":33.0,"turns":4.0},{"damage":10.0,"enemies":"3 Darklings","floor":35.0,"turns":2.0},{"damage":18.0,"enemies":"3 Shapes","floor":36.0,"turns":3.0},{"damage":38.0,"enemies":"Transient","floor":38.0,"turns":5.0},{"damage":11.0,"enemies":"Reptomancer","floor":40.0,"turns":2.0},{"damage":5.0,"enemies":"Giant Head","floor":42.0,"turns":3.0},{"damage":29.0,"enemies":"Jaw Worm Horde","floor":44.0,"turns":3.0},{"damage":3.0,"enemies":"Spire Growth","floor":45.0,"turns":2.0},{"damage":13.0,"enemies":"Nemesis","floor":47.0,"turns":3.0},{"damage":14.0,"enemies":"Transient","floor":48.0,"turns":3.0},{"damage":19.0,"enemies":"Time Eater","floor":50.0,"turns":4.0},{"damage":5,"enemies":"Shield and Spear","floor":54,"turns":2},{"damage":35,"enemies":"The Heart","floor":55,"turns":5}],"seed_played":"1487656531455896220","potions_obtained":[{"floor":2.0,"key":"Weak Potion"},{"floor":6.0,"key":"theDuelist:OrbBottle"},{"floor":12.0,"key":"theDuelist:BarricadePotion"}],"is_trial":false,"path_per_floor":["M","M","$","?","?","E","R","$","T","R","M","E","?","E","R","B",null,"M","?","?","?","M","E","R","E","T","R","$","?","M","E","R","B",null,"M","M","?","M","$","E","R","E","T","M","M","R","E","M","R","B",null,"R","$","E","B",null],"character_chosen":"THE_DUELIST","items_purchased":["theDuelist:ToonCannonSoldier","theDuelist:MonsterEggRelic"],"campfire_rested":1,"item_purchase_floors":[3,28],"current_hp_per_floor":[80,80,80,80,68,68,68,68,68,68,67,52,54,38,38,2,82,82,82,82,82,72,68,68,77,77,77,77,77,46,46,46,29,96,94,83,83,59,59,56,56,55,55,42,39,39,36,32,60,57,96,96,96,96,67],"gold":196,"neow_bonus":"THREE_ENEMY_KILL","is_daily":false,"chose_seed":false,"campfire_upgraded":8,"win_rate":0.0,"timestamp":1611078352,"path_taken":["M","M","$","?","?","E","R","$","T","R","M","E","?","E","R","BOSS","M","?","?","?","M","E","R","E","T","R","$","?","?","E","R","BOSS","M","M","?","M","$","E","R","E","T","M","?","R","E","M","R","BOSS","R","$","E","BOSS"],"items_purchased_type":["Card","Relic"],"build_version":"2020-12-22","purchased_purges":4,"victory":true,"max_hp_per_floor":[80,80,80,80,80,80,80,80,80,80,80,80,82,82,82,82,82,82,82,82,82,82,82,82,96,96,96,96,96,96,96,96,96,96,96,96,96,96,96,96,96,96,96,96,96,96,96,96,96,96,96,96,96,96,96],"card_choices":[{"not_picked":["theDuelist:ToonMermaid","theDuelist:CheerfulCoffin","theDuelist:SpellShatteringArrow","theDuelist:MangaRyuRan"],"picked":"theDuelist:ToonAncientGear","floor":1.0},{"not_picked":["theDuelist:MangaRyuRan","theDuelist:FlyingSaucer","theDuelist:SpellShatteringArrow","theDuelist:ToonAncientGear"],"picked":"theDuelist:RedEyesToon","floor":2.0},{"not_picked":["theDuelist:FeatherShot","theDuelist:SwordsConcealing"],"picked":"theDuelist:HeartUnderdog","floor":6.0},{"not_picked":["theDuelist:RedEyesToon","theDuelist:ToonMermaid","theDuelist:FlyingSaucer","theDuelist:ToonAncientGear"],"picked":"theDuelist:ToonGoblin","floor":11.0},{"not_picked":["theDuelist:RedEyesToon","theDuelist:ToonAncientGear","theDuelist:ToonBarrelDragon","theDuelist:SpellShatteringArrow","theDuelist:ToonWorld"],"picked":"SKIP","floor":12.0},{"not_picked":["theDuelist:ToonDefense","theDuelist:Hinotama+1","theDuelist:LightningDarts","theDuelist:OneForOne+1"],"picked":"theDuelist:Wiretap","floor":14.0},{"not_picked":["theDuelist:Blockman","theDuelist:ForbiddenLance","theDuelist:Mathematician","theDuelist:UltraPolymerization"],"picked":"theDuelist:PotGenerosity","floor":16.0},{"not_picked":["theDuelist:ToonMask","theDuelist:RadiantMirrorForce","theDuelist:RainbowGravity","theDuelist:RainbowLife+1","theDuelist:Wiretap"],"picked":"SKIP","floor":18.0},{"not_picked":["theDuelist:RainbowOverdragon","theDuelist:TimeSeal","theDuelist:CatapultZone","theDuelist:LightningRodLord"],"picked":"theDuelist:WeepingIdol","floor":22.0},{"not_picked":["theDuelist:ToonDefense","theDuelist:MangaRyuRan+1","theDuelist:GracefulCharity+1","theDuelist:ToonDarkMagicianGirl"],"picked":"theDuelist:BlueEyesToon+1","floor":23.0},{"not_picked":["theDuelist:ToonMermaid","theDuelist:ToonAncientGear","theDuelist:RedEyesToon+1","theDuelist:SpellShatteringArrow","theDuelist:ToonDarkMagician"],"picked":"SKIP","floor":25.0},{"not_picked":["theDuelist:ToonBarrelDragon","theDuelist:CheerfulCoffin","theDuelist:ToonAncientGear","theDuelist:RedEyesToon+1","theDuelist:ToonMagic"],"picked":"SKIP","floor":30.0},{"not_picked":["theDuelist:MangaRyuRan","theDuelist:ToonAncientGear","theDuelist:FlyingSaucer+1","theDuelist:CheerfulCoffin"],"picked":"theDuelist:ShadowToon","floor":31.0},{"not_picked":["theDuelist:HeartUnderdog","theDuelist:ForbiddenLance","theDuelist:YellowBelliedOni","theDuelist:TheCreator+1"],"picked":"theDuelist:OrbMetronome","floor":33.0},{"not_picked":["theDuelist:FlyingSaucer+1","theDuelist:GracefulCharity","theDuelist:TributeDoomed","theDuelist:ToonGoblin+1"],"picked":"theDuelist:ToonMagic+1","floor":35.0},{"not_picked":["HandOfGreed","Secret Technique","Violence+1"],"picked":"Bandage Up","floor":36.0},{"not_picked":["theDuelist:ToonMask","theDuelist:Cloning","theDuelist:DarkMirrorForce+1","theDuelist:RainbowLife+1","theDuelist:UltimateOffering+1"],"picked":"SKIP","floor":38.0},{"not_picked":["theDuelist:AncientGearFist+1","theDuelist:GiantTrunade+1","theDuelist:ToonWorld+1","theDuelist:SpellShatteringArrow"],"picked":"theDuelist:ToonKingdom+1","floor":40.0},{"not_picked":["theDuelist:Metronome","theDuelist:UltraPolymerization+1","theDuelist:YamiForm","theDuelist:YellowBelliedOni"],"picked":"theDuelist:PotForbidden+1","floor":42.0},{"not_picked":["theDuelist:BigFire+1","theDuelist:GaiaMidNightSun+1","theDuelist:LightningVortex+1","theDuelist:Sangan","theDuelist:FuryFire"],"picked":"SKIP","floor":44.0},{"not_picked":["theDuelist:AncientGearFist+1","theDuelist:Hinotama+1","theDuelist:LightningDarts","theDuelist:DestructPotion+1","theDuelist:FeatherShot+1"],"picked":"SKIP","floor":45.0},{"not_picked":["theDuelist:ObeliskTormentor","theDuelist:OrbMetronome","theDuelist:SolemnStrike","theDuelist:UltraPolymerization+1"],"picked":"theDuelist:WingedKuribohLv10","floor":47.0},{"not_picked":["theDuelist:MangaRyuRan","theDuelist:FlyingSaucer+1","theDuelist:ToonMermaid+1","theDuelist:GracefulCharity+1"],"picked":"theDuelist:ToonAncientGear+1","floor":48.0},{"not_picked":["theDuelist:ToonBriefcase+1","theDuelist:ToonCannonSoldier+1","theDuelist:ToonWorld+1"],"picked":"theDuelist:TrapHole+1","floor":54}],"player_experience":122991,"relics_obtained":[{"floor":6.0,"key":"Nunchaku"},{"floor":9.0,"key":"Snake Skull"},{"floor":12.0,"key":"Red Skull"},{"floor":14.0,"key":"theDuelist:BoosterPackHealer"},{"floor":23.0,"key":"theDuelist:ToonRelic"},{"floor":25.0,"key":"Mango"},{"floor":31.0,"key":"theDuelist:MillenniumArmor"},{"floor":40.0,"key":"CeramicFish"},{"floor":42.0,"key":"Art of War"},{"floor":43.0,"key":"theDuelist:SummonAnchor"},{"floor":47.0,"key":"theDuelist:YugiMirror"},{"floor":54,"key":"Letter Opener"}],"event_choices":[{"damage_healed":0.0,"max_hp_gain":0.0,"max_hp_loss":0.0,"gold_gain":0.0,"event_name":"Millennium Items","player_choice":"Took item - Received: Millennium Coin","duelist":true,"floor":4.0,"gold_loss":0.0,"damage_taken":0.0},{"damage_healed":0.0,"max_hp_gain":0.0,"max_hp_loss":0.0,"gold_gain":0.0,"event_name":"Scrap Ooze","player_choice":"Success","floor":5.0,"gold_loss":0.0,"damage_taken":12.0,"relics_obtained":["Tingsha"]},{"power_reward":4.0,"total_magic_score":43.0,"gold_gain":0.0,"duelist":true,"damage_taken":0.0,"relics_obtained":[],"points":18.0,"max_hp_gain":2.0,"max_hp_loss":0.0,"spent_points":{"magic":4.0,"greed":0.0,"war":0.0,"power":4.0,"hunger":4.0},"event_name":"Nameless Tomb","hunger_reward":4.0,"floor":13.0,"gold_loss":0.0,"magic_reward":4.0,"cards_obtained":["theDuelist:Nameless:Magic:AllyJustice","theDuelist:Nameless:Power:AssaultArmor"]},{"damage_healed":0.0,"max_hp_gain":0.0,"max_hp_loss":0.0,"gold_gain":0.0,"event_name":"Egyptian Village","player_choice":"Leave","duelist":true,"floor":19.0,"gold_loss":0.0,"damage_taken":0.0},{"damage_healed":0.0,"max_hp_gain":0.0,"max_hp_loss":0.0,"gold_gain":0.0,"event_name":"Ghosts","player_choice":"Ignored","floor":20.0,"gold_loss":0.0,"damage_taken":0.0},{"damage_healed":0.0,"max_hp_gain":0.0,"max_hp_loss":0.0,"gold_gain":0.0,"event_name":"Vampires","player_choice":"Ignored","floor":21.0,"gold_loss":0.0,"damage_taken":0.0},{"damage_healed":0.0,"max_hp_gain":0.0,"max_hp_loss":0.0,"gold_gain":0.0,"event_name":"The Joust","player_choice":"Bet on Murderer","floor":29.0,"gold_loss":50.0,"damage_taken":0.0},{"damage_healed":0.0,"max_hp_gain":0.0,"max_hp_loss":0.0,"gold_gain":0.0,"event_name":"Upgrade Shrine","player_choice":"Upgraded","floor":37.0,"gold_loss":0.0,"damage_taken":0.0,"cards_upgraded":["theDuelist:OrbMetronome"]}],"is_beta":false,"boss_relics":[{"not_picked":["Empty Cage","theDuelist:HauntedRelic"],"picked":"Sozu"},{"not_picked":["Busted Crown","SlaversCollar"],"picked":"Cursed Key"}],"items_purged_floors":[3,8,39,53],"is_endless":false,"potions_floor_spawned":[2,6,12,22,31,33,35,44,45,47],"ascension_level":3}}