{"host":"7z9izfsmsy4azoxx","time":1611067041,"event":{"mods":["AchievementEnabler","BaseMod","Colored Map","Custom Start","Hermit","Minty Spire (QoL Compilation)","Replay The Spire","StSLib","SuperFastMode"],"gold_per_floor":[54654764,54654764,54654764,54654779,54653865,54653865,54653865,54653790,54653790,54653819,54653840,54653874,54653289,54653289,54653289,54653392,54653392,54653426,54652656,54652676,54652596,54652596,54652644,54652667,54652667,54652737,54652751,54652751,54652751],"floor_reached":28,"language":"KOR","playtime":2830,"items_purged":["Regret","Strike_G","Strike_G"],"score":531,"play_id":"075928e3-98ec-44b8-ad19-5e4332360e31","local_time":"20210119233721","is_ascension_mode":true,"campfire_choices":[{"data":"Calculated Gamble","floor":6,"key":"SMITH"},{"data":"Noxious Fumes","floor":15,"key":"SMITH"},{"data":"Calculated Gamble","floor":25,"key":"SMITH"}],"circlet_count":0,"master_deck":["AscendersBane","Defend_G","Defend_G","Defend_G","Defend_G","Defend_G","Survivor","Neutralize","ReplayTheSpireMod:Speed Training","Calculated Gamble+1","Riddle With Holes","PiercingWail","Noxious Fumes+1","Dagger Spray","Adrenaline","Specialist","Adrenaline","Deadly Poison","Acrobatics+1","Calculated Gamble+1"],"relics":["Replay:Multitool","TwistedFunnel","Tough Bandages","CeramicFish","Golden Idol","Quantum Egg","BargainBundle","Anchor","Dream Catcher","Sizzling Blood","HoveringKite","Replay:WaspNest","Singing Bowl","Mummified Hand"],"acts_visited":["Exordium","TheCity"],"potions_floor_usage":[16,16,23,28,28],"damage_taken":[{"damage":18,"enemies":"Cultist","floor":1,"turns":5},{"damage":4,"enemies":"2 Louse","floor":4,"turns":4},{"damage":0,"enemies":"Jaw Worm","floor":10,"turns":3},{"damage":3,"enemies":"Large Slime","floor":11,"turns":7},{"damage":3,"enemies":"3 Louse","floor":12,"turns":3},{"damage":27,"enemies":"Hexaghost","floor":16,"turns":11},{"damage":0,"enemies":"2 Thieves","floor":18,"turns":4},{"damage":11,"enemies":"3 Byrds","floor":20,"turns":5},{"damage":12,"enemies":"Book of Stabbing","floor":23,"turns":6},{"damage":0,"enemies":"Centurion and Healer","floor":24,"turns":5},{"damage":19,"enemies":"Cultist and Chosen","floor":27,"turns":6},{"damage":12,"enemies":"Colosseum Slavers","floor":28,"turns":4},{"damage":32,"enemies":"Colosseum Nobs","floor":28,"turns":3}],"seed_played":"-3370878893730107219","potions_obtained":[{"floor":4,"key":"Block Potion"},{"floor":16,"key":"DuplicationPotion"},{"floor":27,"key":"Poison Potion"}],"is_trial":false,"path_per_floor":["M","?","?","M","$","R","?","?","T","M","M","M","$","?","R","B",null,"M","$","M","?","?","E","M","R","T","M","?"],"character_chosen":"THE_SILENT","items_purchased":["TwistedFunnel","Tough Bandages","CeramicFish","Riddle With Holes","Fire Potion","PiercingWail","BargainBundle","Anchor","Dream Catcher","Adrenaline","Specialist","Replay:WaspNest","Singing Bowl","Acrobatics+1","Adrenaline Potion"],"campfire_rested":0,"item_purchase_floors":[5,5,5,5,5,5,13,13,13,13,13,19,19,19,19],"current_hp_per_floor":[41,34,34,30,30,30,30,30,30,30,27,24,24,28,28,5,49,53,53,48,48,48,40,46,46,46,33,0,0],"gold":54652751,"neow_bonus":"TRANSFORM_CARD","is_daily":false,"chose_seed":false,"campfire_upgraded":3,"win_rate":0.0,"timestamp":1611067041,"path_taken":["M","?","?","M","$","R","?","?","T","M","M","M","$","?","R","BOSS","M","$","M","?","?","E","M","R","T","M","?"],"items_purchased_type":["Relic","Relic","Relic","Card","Potion","Card","Relic","Relic","Relic","Card","Card","Relic","Relic","Card","Potion"],"build_version":"2020-12-22","purchased_purges":3,"victory":false,"max_hp_per_floor":[66,66,66,66,66,66,60,60,60,60,60,60,60,64,64,64,64,64,64,66,66,66,66,68,68,68,70,70,70],"card_choices":[{"not_picked":["Bane","Distraction","Flying Knee"],"picked":"SKIP","floor":1},{"not_picked":["Slice","Sucker Punch"],"picked":"Calculated Gamble","floor":4},{"not_picked":["ReplayTheSpireMod:Exploit Weakness","Acrobatics"],"picked":"Noxious Fumes","floor":10},{"not_picked":["Noxious Fumes","Setup","Underhanded Strike"],"picked":"SKIP","floor":11},{"not_picked":["ReplayTheSpireMod:Tripwire","Accuracy"],"picked":"Dagger Spray","floor":12},{"not_picked":["Doppelganger","Envenom"],"picked":"Adrenaline","floor":16},{"not_picked":["Hidden Blade","Sucker Punch"],"picked":"Deadly Poison","floor":18},{"not_picked":["Predator","Poisoned Stab","Dodge and Roll"],"picked":"Singing Bowl","floor":20},{"not_picked":["Noxious Fumes+1","Bane"],"picked":"Calculated Gamble","floor":23},{"not_picked":["Flying Knee","Poisoned Stab","Adrenaline"],"picked":"Singing Bowl","floor":24},{"not_picked":["Deflect","Blade Dance","Slice"],"picked":"Singing Bowl","floor":27}],"player_experience":534856,"relics_obtained":[{"floor":9,"key":"Quantum Egg"},{"floor":23,"key":"Mummified Hand"}],"event_choices":[{"cards_removed":["Strike_G"],"damage_healed":0,"gold_gain":0,"player_choice":"Card Removal","damage_taken":7,"max_hp_gain":0,"max_hp_loss":0,"event_name":"Golden Wing","floor":2,"gold_loss":0},{"damage_healed":0,"gold_gain":0,"player_choice":"Box","damage_taken":0,"relics_obtained":["Replay:Multitool"],"max_hp_gain":0,"max_hp_loss":0,"event_name":"Big Fish","floor":3,"gold_loss":0,"cards_obtained":["Regret"]},{"damage_healed":0,"gold_gain":0,"player_choice":"Lose Max HP","damage_taken":0,"relics_obtained":["Golden Idol"],"max_hp_gain":0,"max_hp_loss":6,"event_name":"Golden Idol","floor":7,"gold_loss":0},{"cards_removed":["Strike_G"],"damage_healed":0,"gold_gain":0,"player_choice":"Card Removal","damage_taken":0,"max_hp_gain":0,"max_hp_loss":0,"event_name":"The Cleric","floor":8,"gold_loss":75},{"damage_healed":0,"gold_gain":0,"player_choice":"Ignored","damage_taken":0,"max_hp_gain":0,"max_hp_loss":0,"event_name":"Ghosts","floor":22,"gold_loss":0},{"damage_healed":0,"gold_gain":0,"player_choice":"Fight","damage_taken":0,"max_hp_gain":0,"max_hp_loss":0,"event_name":"Colosseum","floor":28,"gold_loss":0},{"damage_healed":0,"gold_gain":0,"player_choice":"Fought Nobs","damage_taken":0,"max_hp_gain":0,"max_hp_loss":0,"event_name":"Colosseum","floor":28,"gold_loss":0}],"is_beta":false,"boss_relics":[{"not_picked":["ChewingGum","Black Star"],"picked":"HoveringKite"}],"items_purged_floors":[5,13,19],"is_endless":false,"potions_floor_spawned":[4,10,12,16,20,27],"killed_by":"Colosseum Nobs","ascension_level":20}}