{"host":"2q4p6kdcvpgo6z81","time":1611020238,"event":{"mods":["BaseMod","Colored Map","Downfall","Minty Spire (QoL Compilation)","StSLib"],"gold_per_floor":[99,116,130,149,161,161,161,171,171,188,180,180,180,199,216,318,318,318,333,354,454,454,454,454],"floor_reached":22,"language":"ENG","playtime":2327,"items_purged":[],"score":205,"play_id":"f04bd090-46af-4aae-851d-611902a63abe","local_time":"20210118203718","is_ascension_mode":false,"campfire_choices":[{"data":"hexamod:Float","floor":1,"key":"SMITH"},{"data":"hexamod:DynamicBlow","floor":12,"key":"SMITH"},{"data":"hexamod:ForkedFlame","floor":18,"key":"SMITH"}],"circlet_count":0,"master_deck":["hexamod:Strike+1","hexamod:Strike","hexamod:Strike+1","hexamod:Defend","hexamod:Defend+1","hexamod:Defend+1","hexamod:Sear","hexamod:Float+1","hexamod:GhostOfSpireFuture+1","hexamod:SpectersWail","hexamod:AdvancingGuard","downfall:Malfunctioning","hexamod:FlameSwitch","hexamod:DynamicBlow+1","hexamod:SecondSeal","hexamod:FirstSeal","hexamod:ThirdSeal","hexamod:FourthSeal","hexamod:ThirdSeal","hexamod:ForkedFlame+1","hexamod:EtherealExpedition","hexamod:GhostLash","hexamod:TimeWarp","hexamod:UnleashSpirits+1","hexamod:SixthSeal","hexamod:GhostShield+1","hexamod:PhantomCloak","hexamod:FastForward","hexamod:ChargedBarrage+1","hexamod:HeatShield","J.A.X.","hexamod:FifthSeal","hexamod:RainOfEmbers","hexamod:EtherealExpedition","hexamod:Hexaguard+1"],"relics":["hexamod:SpiritBrand","Lizard Tail","Peace Pipe","Snecko Eye","MutagenicStrength"],"acts_visited":["Exordium","TheCity"],"potions_floor_usage":[16,16,19,20,21,22],"damage_taken":[{"damage":2,"enemies":"Jaw Worm","floor":2,"turns":5},{"damage":0,"enemies":"2 Louse","floor":3,"turns":2},{"damage":0,"enemies":"Cultist","floor":4,"turns":4},{"damage":0,"enemies":"Exordium Wildlife","floor":5,"turns":3},{"damage":2,"enemies":"2 Fungi Beasts","floor":8,"turns":4},{"damage":4,"enemies":"Blue Slaver","floor":10,"turns":4},{"damage":8,"enemies":"Red Slaver","floor":14,"turns":3},{"damage":14,"enemies":"Exordium Thugs","floor":15,"turns":5},{"damage":44,"enemies":"DF_ARCHETYPE_STREAMLINE","floor":16,"turns":11},{"damage":24,"enemies":"3 Byrds","floor":19,"turns":6},{"damage":39,"enemies":"Snake Plant","floor":20,"turns":6},{"damage":23,"enemies":"downfall:Augmenter","floor":21,"turns":6},{"damage":19,"enemies":"Chosen and Byrds","floor":22,"turns":5}],"seed_played":"-1020092574266503384","potions_obtained":[{"floor":3,"key":"LiquidBronze"},{"floor":4,"key":"hexamod:SoulburnPotion"},{"floor":10,"key":"Swift Potion"},{"floor":14,"key":"sneckomod:MuddlingPotion"},{"floor":19,"key":"Regen Potion"},{"floor":20,"key":"sneckomod:MuddlingPotion"},{"floor":21,"key":"hexamod:SoulburnPotion"}],"is_trial":false,"path_per_floor":["R","M","M","M","M","?","T","M","?","M","?","R","?","M","M","B",null,"R","M","M","?","M"],"character_chosen":"THE_SPIRIT","items_purchased":[],"campfire_rested":0,"item_purchase_floors":[],"current_hp_per_floor":[77,75,75,75,75,75,75,73,66,62,55,55,55,47,40,38,77,77,60,42,19,0,0,0],"gold":454,"neow_bonus":"TEN_PERCENT_HP_BONUS","is_daily":false,"chose_seed":false,"campfire_upgraded":3,"win_rate":0.0,"timestamp":1611020238,"path_taken":["R","M","M","M","M","?","T","M","?","M","?","R","?","M","M","BOSS","R","M","M","?","M"],"items_purchased_type":[],"build_version":"2020-12-22","purchased_purges":0,"victory":false,"max_hp_per_floor":[77,77,77,77,77,77,77,77,77,77,77,77,77,77,77,77,77,77,77,77,77,77,77,77],"card_choices":[{"not_picked":["hexamod:BurningTouch","hexamod:NightmareStrike"],"picked":"hexamod:FastForward","floor":2},{"not_picked":["hexamod:Hexaguard","hexamod:SwordOfDarkness"],"picked":"hexamod:GhostOfSpireFuture","floor":3},{"not_picked":["hexamod:RetreatToShadows","hexamod:RainOfEmbers"],"picked":"hexamod:SpectersWail","floor":4},{"not_picked":["hexamod:NightmareStrike","hexamod:GhostShield"],"picked":"hexamod:AdvancingGuard","floor":5},{"not_picked":["hexamod:Hexaguard","hexamod:ThermalTransfer"],"picked":"hexamod:FlameSwitch","floor":8},{"not_picked":["hexamod:NightmareGuise","hexamod:SwordOfDarkness"],"picked":"hexamod:DynamicBlow","floor":10},{"not_picked":["hexamod:Firestarter","hexamod:SwordOfDarkness"],"picked":"hexamod:ThirdSeal","floor":14},{"not_picked":["hexamod:AdvancingGuard","hexamod:NightmareGuise"],"picked":"hexamod:ForkedFlame","floor":15},{"not_picked":["hexamod:ShieldOfDarkness","hexamod:GhostLash"],"picked":"hexamod:EtherealExpedition","floor":15},{"not_picked":["hexamod:SwordOfDarkness","hexamod:ShieldOfDarkness"],"picked":"hexamod:GhostLash","floor":15},{"not_picked":["hexamod:GhostflameInferno","hexamod:SearingWound"],"picked":"hexamod:TimeWarp","floor":16},{"not_picked":["hexamod:SearingWound","hexamod:TurnItUp"],"picked":"hexamod:UnleashSpirits","floor":16},{"not_picked":["hexamod:UnleashSpirits","hexamod:WildfireWeapon"],"picked":"hexamod:SixthSeal","floor":16},{"not_picked":["hexamod:NightmareStrike","hexamod:InspiringFlames"],"picked":"hexamod:GhostShield+1","floor":19},{"not_picked":["hexamod:SkipABeat","hexamod:InspiringFlames"],"picked":"hexamod:PhantomCloak","floor":19},{"not_picked":["hexamod:Again","hexamod:BurningTouch"],"picked":"hexamod:FastForward","floor":19},{"not_picked":["hexamod:GhostLash","hexamod:DynamicBlow"],"picked":"hexamod:ChargedBarrage+1","floor":20},{"not_picked":["hexamod:ShieldOfDarkness","hexamod:RecurringNightmare+1"],"picked":"hexamod:HeatShield","floor":20},{"not_picked":[],"picked":"J.A.X.","floor":21},{"not_picked":["hexamod:GhostLash","hexamod:RadiantFlame+1"],"picked":"hexamod:EtherealExpedition","floor":21},{"not_picked":["hexamod:SkipABeat","hexamod:RainOfEmbers"],"picked":"hexamod:Hexaguard+1","floor":21}],"player_experience":1526640,"relics_obtained":[{"floor":7,"key":"Lizard Tail"},{"floor":21,"key":"MutagenicStrength"}],"event_choices":[{"damage_healed":0,"gold_gain":0,"player_choice":"Success","damage_taken":7,"relics_obtained":["Peace Pipe"],"max_hp_gain":0,"max_hp_loss":0,"event_name":"Scrap Ooze","floor":9,"gold_loss":0}],"is_beta":false,"boss_relics":[{"not_picked":["Busted Crown","SacredBark"],"picked":"Snecko Eye"}],"items_purged_floors":[],"is_endless":false,"potions_floor_spawned":[3,4,10,14],"killed_by":"Chosen and Byrds","ascension_level":0}}