{"host":"xp5rvh2jwe2ejyfm","time":1611022276,"event":{"mods":["BaseMod","Hermit","Minty Spire (QoL Compilation)","Replay The Spire","StSLib","The Construct","The Cursed","The Disciple","The Hierophant","The Necromancer","The Runesmith"],"gold_per_floor":[116,132,147,166,180,180,191,205,205,215,215,245,265,300,300,300,300],"floor_reached":16,"language":"ENG","playtime":785,"items_purged":[],"score":118,"play_id":"661b30a3-3e1e-4bd9-8f3b-ffa85dde741c","local_time":"20210118211116","is_ascension_mode":false,"campfire_choices":[{"data":"Finger_Of_Death","floor":6,"key":"SMITH"},{"data":"Summon_Undead_Army","floor":11,"key":"SMITH"}],"circlet_count":0,"master_deck":["Strike_W","Strike_W","Strike_W+1","Strike_W+1","Defend_W","Defend_W","Defend_W","Defend_W","Negative_Energy_Arrows","Bone_Wall","Bone_Prison","Negative_Energy_Mist","Finger_Of_Death+1","Spectral_Walk","Plague_Bolt","Negative_Energy_Mist","Scare","Summon_Undead_Army+1","Bone_Armor","Bones_to_Steel","Plague_Bolt"],"relics":["Vampire_Amulet","Whetstone","StrikeDummy","construct:BoolHorns","InkBottle"],"acts_visited":["Exordium"],"potions_floor_usage":[12,12],"damage_taken":[{"damage":0,"enemies":"Cultist","floor":1,"turns":5},{"damage":0,"enemies":"Small Slimes","floor":2,"turns":4},{"damage":5,"enemies":"2 Louse","floor":3,"turns":3},{"damage":3,"enemies":"Red Slaver","floor":4,"turns":4},{"damage":19,"enemies":"Exordium Thugs","floor":5,"turns":7},{"damage":2,"enemies":"Looter","floor":7,"turns":4},{"damage":11,"enemies":"Exordium Wildlife","floor":8,"turns":4},{"damage":0,"enemies":"3 Louse","floor":10,"turns":5},{"damage":18,"enemies":"3 Sentries","floor":12,"turns":6},{"damage":6,"enemies":"2 Fungi Beasts","floor":13,"turns":5},{"damage":21,"enemies":"Gremlin Nob","floor":14,"turns":6},{"damage":47,"enemies":"Fading Forest","floor":16,"turns":9}],"seed_played":"7252704470703414719","potions_obtained":[{"floor":2,"key":"Swift Potion"},{"floor":8,"key":"Toxic Potion"},{"floor":10,"key":"SkillPotion"},{"floor":12,"key":"FearPotion"},{"floor":13,"key":"SmokeBomb"}],"is_trial":false,"path_per_floor":["M","M","M","M","M","R","M","M","T","M","R","E","M","E","R","B"],"character_chosen":"NECROMANCER","items_purchased":[],"campfire_rested":0,"item_purchase_floors":[],"current_hp_per_floor":[75,75,72,71,56,56,56,49,49,55,55,43,41,22,22,0,0],"gold":300,"neow_bonus":"RANDOM_COMMON_RELIC","is_daily":false,"chose_seed":false,"campfire_upgraded":2,"win_rate":0.0,"timestamp":1611022276,"path_taken":["M","M","M","M","M","R","M","M","T","M","R","E","M","E","R","BOSS"],"items_purchased_type":[],"build_version":"2020-12-22","purchased_purges":0,"victory":false,"max_hp_per_floor":[75,75,75,75,75,75,75,75,75,75,75,75,75,75,75,75,75],"card_choices":[{"not_picked":["Shackles_Of_Pain","Blood_Shield"],"picked":"Bone_Prison","floor":1},{"not_picked":["Death_Coil","Shackles_Of_Pain"],"picked":"Negative_Energy_Mist","floor":2},{"not_picked":["Blood_Curse","Death_Coil"],"picked":"Finger_Of_Death","floor":3},{"not_picked":["Consume_Illness","Negative_Energy_Javelin"],"picked":"Spectral_Walk","floor":4},{"not_picked":["Toxic_Smoke_Screen","Negative_Energy_Shield"],"picked":"Plague_Bolt","floor":5},{"not_picked":["Blood_Whip","Negative_Energy_Sphere"],"picked":"Negative_Energy_Mist","floor":7},{"not_picked":["Blood_Is_Power","Deaths_Shadow"],"picked":"Scare","floor":8},{"not_picked":["Chill_Blood","Death_Coil"],"picked":"Summon_Undead_Army","floor":10},{"not_picked":["Necrotic_Claws","Bone_Bullets"],"picked":"Bone_Armor","floor":12},{"not_picked":["Bone_Shift","Blood_Shield"],"picked":"Bones_to_Steel","floor":13},{"not_picked":["Shade_Step","Scare"],"picked":"Plague_Bolt","floor":14}],"player_experience":239133,"relics_obtained":[{"floor":9,"key":"StrikeDummy"},{"floor":12,"key":"construct:BoolHorns"},{"floor":14,"key":"InkBottle"}],"event_choices":[{"damage_healed":0,"gold_gain":0,"player_choice":"Ignored","damage_taken":0,"max_hp_gain":0,"max_hp_loss":0,"event_name":"Purifier","floor":15,"gold_loss":0}],"is_beta":false,"boss_relics":[],"items_purged_floors":[],"is_endless":false,"potions_floor_spawned":[2,8,10,12,13],"killed_by":"Fading Forest","ascension_level":0}}