{"host":"kk2i87xhq8q4h0un","time":1611031747,"event":{"mods":["BaseMod","Downfall","Minty Spire (QoL Compilation)","Shop Mod","StSLib"],"gold_per_floor":[99,99,118,28,128,138,138,167,67,96,112,112,112,262,278,278,278,278],"floor_reached":16,"language":"ENG","playtime":2166,"items_purged":["Regret"],"score":108,"play_id":"db143467-77e1-4fac-b534-814421bb262c","local_time":"20210118204907","is_ascension_mode":false,"campfire_choices":[{"floor":1,"key":"REST"},{"data":"Guardian:ShieldSpikes","floor":9,"key":"SMITH"}],"circlet_count":0,"master_deck":["Guardian:Strike_Guardian","Guardian:Strike_Guardian","Guardian:Defend_Guardian","Guardian:Defend_Guardian","Guardian:Defend_Guardian","Guardian:CurlUp","Guardian:TwinSlam","Guardian:ExploitGems","Guardian:TemporalStrike","Guardian:ShieldSpikes+1","Guardian:Planning","Guardian:CrystalBeam","Guardian:BaubleBeam","Guardian:Gem_Green","Guardian:Gem_Blue","downfall:Icky","Guardian:Gem_Green"],"relics":["Guardian:ModeShifter","Gremlin Horn","Regal Pillow","downfall:HeartBlessingGreen","Question Card","Juzu Bracelet"],"acts_visited":["Exordium"],"potions_floor_usage":[4],"damage_taken":[{"damage":5,"enemies":"Jaw Worm","floor":3,"turns":5},{"damage":3,"enemies":"downfall:FleeingMerchant","floor":4,"turns":4},{"damage":0,"enemies":"Cultist","floor":6,"turns":4},{"damage":35,"enemies":"3 Sentries","floor":8,"turns":22},{"damage":9,"enemies":"Lagavulin","floor":10,"turns":9},{"damage":0,"enemies":"2 Louse","floor":11,"turns":2},{"damage":0,"enemies":"Blue Slaver","floor":15,"turns":4},{"damage":30,"enemies":"SI_SHIV_ARCHETYPE","floor":16,"turns":8}],"seed_played":"-5860057012020843233","potions_obtained":[{"floor":3,"key":"champ:CounterPotion"},{"floor":8,"key":"SteroidPotion"},{"floor":15,"key":"Explosive Potion"}],"is_trial":false,"path_per_floor":["R","?","M","$","?","M","T","E","R","E","M","T","?","?","M","B"],"character_chosen":"GUARDIAN","items_purchased":[],"campfire_rested":1,"item_purchase_floors":[],"current_hp_per_floor":[80,80,75,72,72,72,72,37,37,28,28,28,28,28,28,0,0,0],"gold":278,"neow_bonus":"THREE_RARE_CARDS","is_daily":false,"chose_seed":false,"campfire_upgraded":1,"win_rate":0.0,"timestamp":1611031747,"path_taken":["R","?","M","?","?","M","T","E","R","E","M","?","?","?","M","BOSS"],"items_purchased_type":[],"build_version":"2020-12-22","purchased_purges":1,"victory":false,"max_hp_per_floor":[80,80,80,80,80,80,80,80,80,80,80,80,80,80,80,80,80,80],"card_choices":[{"not_picked":["Guardian:FastForward","Guardian:TimeSifter"],"picked":"Guardian:ExploitGems","floor":0},{"not_picked":["Guardian:Gem_Yellow","Guardian:Preprogram"],"picked":"Guardian:Planning","floor":3},{"not_picked":["Guardian:Gem_Lightblue","Guardian:TemporalShield"],"picked":"Guardian:CrystalBeam","floor":4},{"not_picked":["Guardian:RollAttack","Guardian:HyperBeam_Guardian","Guardian:Reroute"],"picked":"SKIP","floor":6},{"not_picked":["Guardian:Gem_Fragmented","Guardian:ShieldSpikes"],"picked":"Guardian:BaubleBeam","floor":8},{"not_picked":["Guardian:Preprogram","Guardian:CrystalBeam"],"picked":"Guardian:Gem_Green","floor":10},{"not_picked":["Guardian:ArmoredProtocol","Guardian:PiercingHide","Guardian:Clone"],"picked":"Guardian:Gem_Blue","floor":11},{"not_picked":["Guardian:Recover","Guardian:Reroute","Guardian:RollAttack"],"picked":"Guardian:Gem_Green","floor":15}],"player_experience":1022905,"relics_obtained":[{"floor":7,"key":"Gremlin Horn"},{"floor":8,"key":"Regal Pillow"},{"floor":10,"key":"Question Card"},{"floor":12,"key":"Juzu Bracelet"}],"event_choices":[],"is_beta":false,"boss_relics":[],"items_purged_floors":[4],"is_endless":false,"potions_floor_spawned":[3,8,15],"killed_by":"SI_SHIV_ARCHETYPE","ascension_level":0}}