{"host":"jik2t8ix0jx4gxjb","time":1611048933,"event":{"mods":["AchievementEnabler","BaseMod","Colored Map","Colored Powertips","Hermit","Highlight Path","Minty Spire (QoL Compilation)","Shop Mod","StSLib","SuperFastMode"],"gold_per_floor":[10000000,10000000,10000000,10000000,10000000,10000000,10000000,10000000,10000000,10000000,10000000,10000000,10000000,10000000,10000000,10000000,10000000,10000000,10000000,10000000,10000000,10000000,10000000,10000000,10000000,10000000,10000011,9999783,9999809,9999075,9999075,9999075,9999179,9999179,9999192,9999192,9999203,9999220,9998354,9998383,9998400,9998426,9998452,9998452,9998468,9998163,9998175,9997865,9997865,9997865,9997865,9997865,9997447,9997476,9997476],"floor_reached":56,"language":"KOR","playtime":1283,"items_purged":["Strike_B","Strike_B","Strike_B","Strike_B","Defend_B","Dualcast"],"score":1840,"play_id":"156499c4-5d6a-4617-8931-3a33ba3c6783","local_time":"20210119183533","is_ascension_mode":true,"campfire_choices":[{"floor":6,"key":"RECALL"},{"data":"Tempest","floor":15,"key":"SMITH"},{"data":"Lockon","floor":32,"key":"SMITH"},{"data":"Machine Learning","floor":49,"key":"SMITH"},{"data":"Amplify","floor":52,"key":"SMITH"}],"circlet_count":0,"master_deck":["Gash","Tempest+1","Fusion","Storm","Cold Snap","Compile Driver","Good Instincts","Self Repair","Redo","Blizzard","Melter","Mind Blast","Tempest","Barrage","Reinforced Body","Lockon+1","Consume","Amplify+1","Capacitor","Coolheaded","Heatsinks","Skim","Ball Lightning","Cold Snap","Genetic Algorithm+1","Loop","Barrage+1","Tempest","Self Repair","Sweeping Beam","Rainbow","Barrage","Blind","Redo","Defragment","Machine Learning+1","Ball Lightning+1","Pain","Lockon+1","Static Discharge","Heatsinks","Hyperbeam","Undo","Reprogram+1","Gash+1","Defragment","Reprogram","Go for the Eyes","Capacitor","Defragment","Rainbow","Melter","Ball Lightning"],"relics":["Cracked Core","NeowsBlessing","OrangePellets","Bag of Marbles","Orichalcum","Runic Capacitor","Bottled Lightning","Torii","Black Star","Shuriken","HornCleat","Sling","Calipers","Regal Pillow","Bronze Scales","Strawberry","Dream Catcher","MealTicket","TheAbacus","Bag of Preparation","Empty Cage","WarpedTongs","Chemical X","Dead Branch","Vajra","Juzu Bracelet","Potion Belt","Anchor","Ginger","Whetstone","Blood Vial","Membership Card","Darkstone Periapt","ClockworkSouvenir","Pen Nib","Blue Candle","Mercury Hourglass","Oddly Smooth Stone"],"acts_visited":["Exordium","TheCity","TheBeyond","TheEnding"],"potions_floor_usage":[42,55,55,55,55,55],"damage_taken":[{"damage":0,"enemies":"2 Louse","floor":1,"turns":1},{"damage":0,"enemies":"Cultist","floor":2,"turns":1},{"damage":0,"enemies":"Jaw Worm","floor":4,"turns":1},{"damage":0,"enemies":"Lots of Slimes","floor":7,"turns":1},{"damage":0,"enemies":"Exordium Thugs","floor":10,"turns":1},{"damage":0,"enemies":"Gremlin Nob","floor":11,"turns":1},{"damage":0,"enemies":"3 Sentries","floor":13,"turns":2},{"damage":0,"enemies":"Exordium Wildlife","floor":14,"turns":1},{"damage":0,"enemies":"Slime Boss","floor":16,"turns":4},{"damage":0,"enemies":"3 Byrds","floor":18,"turns":1},{"damage":0,"enemies":"2 Thieves","floor":19,"turns":1},{"damage":0,"enemies":"Sentry and Sphere","floor":21,"turns":1},{"damage":0,"enemies":"Book of Stabbing","floor":23,"turns":1},{"damage":0,"enemies":"Snecko","floor":25,"turns":1},{"damage":0,"enemies":"Snake Plant","floor":27,"turns":1},{"damage":0,"enemies":"Gremlin Leader","floor":29,"turns":2},{"damage":0,"enemies":"Automaton","floor":33,"turns":2},{"damage":0,"enemies":"3 Shapes","floor":35,"turns":1},{"damage":0,"enemies":"3 Darklings","floor":37,"turns":1},{"damage":0,"enemies":"Writhing Mass","floor":38,"turns":1},{"damage":0,"enemies":"Reptomancer","floor":40,"turns":1},{"damage":0,"enemies":"Jaw Worm Horde","floor":41,"turns":1},{"damage":0,"enemies":"Giant Head","floor":42,"turns":1},{"damage":0,"enemies":"Sphere and 2 Shapes","floor":45,"turns":1},{"damage":0,"enemies":"3 Darklings","floor":47,"turns":1},{"damage":3,"enemies":"Time Eater","floor":50,"turns":3},{"damage":3,"enemies":"Shield and Spear","floor":54,"turns":1},{"damage":25,"enemies":"The Heart","floor":55,"turns":3}],"seed_played":"-8248498307868793924","potions_obtained":[{"floor":4,"key":"PotionOfCapacity"},{"floor":7,"key":"FocusPotion"},{"floor":41,"key":"FocusPotion"},{"floor":45,"key":"Block Potion"},{"floor":54,"key":"Weak Potion"}],"is_trial":false,"path_per_floor":["M","M","$","M","$","R","M","?","T","M","E","?","E","M","R","B",null,"M","M","$","M","?","E","T","M","T","M","$","E","$","?","R","B",null,"M","?","M","M","$","E","M","E","T","?","M","$","M","$","R","B",null,"R","$","E","B",null],"character_chosen":"DEFECT","items_purchased":["Fusion","Storm","Cold Snap","Compile Driver","OrangePellets","Bag of Marbles","Orichalcum","Good Instincts","PowerPotion","Runic Capacitor","Bottled Lightning","Torii","Self Repair","Redo","Blizzard","Melter","Mind Blast","Shuriken","HornCleat","Sling","Heatsinks","Skim","Ball Lightning","Cold Snap","Self Repair","Sweeping Beam","TheAbacus","Bag of Preparation","Barrage","Blind","Redo","Defragment","Chemical X","Dead Branch","Vajra","Heatsinks","Blood Vial","Defragment","Reprogram","Membership Card","Capacitor","Darkstone Periapt","ClockworkSouvenir","Pen Nib","Blue Candle","Defragment","Rainbow","Melter"],"campfire_rested":0,"item_purchase_floors":[3,3,3,3,3,3,3,3,3,5,5,5,5,5,5,5,5,20,20,20,20,20,20,20,28,28,30,30,30,30,30,30,39,39,39,39,46,46,46,48,48,48,53,53,53,53,53,53],"current_hp_per_floor":[75,75,75,75,75,75,75,75,75,75,75,75,75,75,75,75,75,75,75,75,75,75,75,75,75,82,82,82,82,82,82,82,82,82,82,82,82,82,82,82,82,82,82,82,82,82,82,82,82,82,82,82,82,82,64],"gold":9997476,"neow_bonus":"THREE_ENEMY_KILL","is_daily":false,"chose_seed":false,"campfire_upgraded":4,"win_rate":0.0,"timestamp":1611048933,"path_taken":["M","M","$","M","$","R","M","?","T","?","E","?","E","M","R","BOSS","M","M","$","?","?","E","?","M","T","?","?","E","$","?","R","BOSS","M","?","M","M","?","E","M","E","T","?","M","$","M","$","R","BOSS","R","$","E","BOSS"],"items_purchased_type":["Card","Card","Card","Card","Relic","Relic","Relic","Card","Potion","Relic","Relic","Relic","Card","Card","Card","Card","Card","Relic","Relic","Relic","Card","Card","Card","Card","Card","Card","Relic","Relic","Card","Card","Card","Card","Relic","Relic","Relic","Card","Relic","Card","Card","Relic","Card","Relic","Relic","Relic","Relic","Card","Card","Card"],"build_version":"2020-12-22","purchased_purges":6,"victory":true,"max_hp_per_floor":[75,75,75,75,75,75,75,75,75,75,75,75,75,75,75,75,75,75,75,75,75,75,75,75,75,82,82,82,82,82,82,82,82,82,82,82,82,82,82,82,82,82,82,82,82,82,82,82,82,82,82,82,82,82,82],"card_choices":[{"not_picked":["Cold Snap","Hologram"],"picked":"Gash","floor":1},{"not_picked":["Auto Shields","Turbo"],"picked":"Tempest","floor":2},{"not_picked":["Recycle","Steam Power","Leap"],"picked":"SKIP","floor":4},{"not_picked":["Coolheaded","Stack"],"picked":"Tempest","floor":7},{"not_picked":["Rebound","Hologram"],"picked":"Barrage","floor":10},{"not_picked":["Reprogram","FTL"],"picked":"Reinforced Body","floor":11},{"not_picked":["Conserve Battery","Auto Shields"],"picked":"Lockon","floor":13},{"not_picked":["Stack","Steam"],"picked":"Consume","floor":14},{"not_picked":["Buffer","Core Surge"],"picked":"Amplify","floor":16},{"not_picked":["Recycle+1","Coolheaded"],"picked":"Capacitor","floor":18},{"not_picked":["Hologram","Force Field"],"picked":"Coolheaded","floor":19},{"not_picked":["Scrape+1","Stack"],"picked":"Genetic Algorithm+1","floor":21},{"not_picked":["Defragment","Barrage"],"picked":"Loop","floor":23},{"not_picked":["Coolheaded","White Noise"],"picked":"Barrage","floor":25},{"not_picked":["Self Repair","Beam Cell"],"picked":"Tempest","floor":27},{"not_picked":["Skim+1","Ball Lightning+1"],"picked":"Rainbow","floor":29},{"not_picked":["All For One","Seek"],"picked":"Machine Learning","floor":33},{"not_picked":["Steam","Leap"],"picked":"Ball Lightning+1","floor":35},{"not_picked":["Ball Lightning","Conserve Battery+1"],"picked":"Lockon","floor":37},{"not_picked":["Hologram","Consume"],"picked":"Static Discharge","floor":38},{"not_picked":["White Noise+1","Steam+1"],"picked":"Hyperbeam","floor":40},{"not_picked":["Coolheaded","Sunder+1"],"picked":"Undo","floor":41},{"not_picked":["Ball Lightning","Rainbow"],"picked":"Reprogram+1","floor":42},{"not_picked":["Beam Cell","Leap+1"],"picked":"Gash+1","floor":45},{"not_picked":["Redo+1","Barrage"],"picked":"Go for the Eyes","floor":47},{"not_picked":["Leap+1","Darkness"],"picked":"Ball Lightning","floor":54}],"player_experience":77387,"relics_obtained":[{"floor":23,"key":"Calipers"},{"floor":23,"key":"Regal Pillow"},{"floor":24,"key":"Bronze Scales"},{"floor":26,"key":"Strawberry"},{"floor":29,"key":"Dream Catcher"},{"floor":29,"key":"MealTicket"},{"floor":40,"key":"Juzu Bracelet"},{"floor":40,"key":"Potion Belt"},{"floor":42,"key":"Anchor"},{"floor":42,"key":"Ginger"},{"floor":43,"key":"Whetstone"},{"floor":54,"key":"Mercury Hourglass"},{"floor":54,"key":"Oddly Smooth Stone"}],"event_choices":[{"cards_removed":["Zap"],"damage_healed":0,"gold_gain":0,"player_choice":"Offered Basic","damage_taken":0,"max_hp_gain":0,"max_hp_loss":0,"event_name":"Bonfire Elementals","floor":8,"gold_loss":0},{"damage_healed":0,"gold_gain":0,"player_choice":"Bought 0 Potions","damage_taken":0,"max_hp_gain":0,"max_hp_loss":0,"event_name":"The Woman in Blue","floor":12,"gold_loss":0},{"damage_healed":0,"gold_gain":0,"player_choice":"Ignored","damage_taken":0,"max_hp_gain":0,"max_hp_loss":0,"event_name":"Cursed Tome","floor":22,"gold_loss":0},{"cards_removed":["Defend_B"],"damage_healed":0,"gold_gain":0,"player_choice":"Purged","damage_taken":0,"max_hp_gain":0,"max_hp_loss":0,"event_name":"Purifier","floor":31,"gold_loss":0},{"damage_healed":0,"gold_gain":0,"player_choice":"Rummage","damage_taken":0,"relics_obtained":["WarpedTongs"],"max_hp_gain":0,"max_hp_loss":0,"event_name":"Accursed Blacksmith","floor":36,"gold_loss":0,"cards_obtained":["Pain"]},{"damage_healed":0,"gold_gain":0,"player_choice":"Memory 1","damage_taken":0,"max_hp_gain":0,"max_hp_loss":0,"event_name":"SensoryStone","floor":44,"gold_loss":0}],"is_beta":false,"boss_relics":[{"not_picked":["Sozu","Velvet Choker"],"picked":"Black Star"},{"not_picked":["SlaversCollar","Tiny House"],"picked":"Empty Cage"}],"items_purged_floors":[3,5,20,28,30,39],"is_endless":false,"potions_floor_spawned":[2,4,7,10,18,23,29,33,35,41,45,54],"ascension_level":2}}