{"host":"r10yh36zs2k9z1sa","time":1611079562,"event":{"mods":["Astrologer","BaseMod","Colored Map","Hermit","Marisa¡]Ãú«B¡@Å]²z¨F¡^","Minty Spire (QoL Compilation)","Permanent Neow","Remilia¡]Á¢¦Ì²ú?¡^","StSLib","The Animator","The Bug Knight","The Cursed","The Gatherer","The Hierophant","The Necromancer","The Runesmith","The Servant 0.9.4"],"gold_per_floor":[118,293,318,29,43,43,43,118,172,183,217,217,197,42,42,137,137,103,202,202,202,202,202,202,202,202,302,577,590,89,89,89,190,190,210,3,3,3,3,34,34,59,86,120,130,130,47,96,96,96],"floor_reached":51,"language":"ZHS","playtime":3885,"items_purged":["Regret"],"score":1187,"play_id":"d8040236-a43d-4906-a1af-d2fca4cfaef7","local_time":"20210120020602","is_ascension_mode":true,"campfire_choices":[{"data":"BestPractice","floor":6,"key":"SMITH"},{"data":"KidneyShot","floor":12,"key":"SMITH"},{"data":"MoonPhase","floor":15,"key":"SMITH"},{"data":"TheWorld","floor":23,"key":"SMITH"},{"floor":32,"key":"REST"},{"floor":41,"key":"DIG"},{"floor":46,"key":"DIG"},{"floor":49,"key":"DIG"}],"circlet_count":0,"master_deck":["Strike_S","Strike_S","Strike_S","Defend_S","Defend_S","Defend_S","Defend_S","KidneyShot+1","Exchange","MoonPhase+1","BestPractice+1","TheWorld+1","BottledTime+1","Read+1","FastForward","ShiftingGears+1","Collapse+1","Read+1","FlawlessForm+1","SilverBlades+1","TheWorld","Foresight+1","Chrysalis","Master of Strategy","Collapse+1","Starlight+1","TheWorld","WasteNot+1","Barrier+1","InstantArmor","BottledTime","Rewind+1"],"relics":["Uniform","CaptainsWheel","Juzu Bracelet","TungstenRod","Toy Ornithopter","Blue Candle","Strange Spoon","StoneMask","Frozen Egg 2","MutagenicStrength","Pear","Prayer Wheel","Molten Egg 2","Shovel","Coffee Dripper","Art of War","Smiling Mask","Mummified Hand","Dream Catcher","HollowMod:PaleOreRelic","Calipers","CatCart","Runesmith:Nanobots"],"acts_visited":["Exordium","TheCity","TheBeyond"],"potions_floor_usage":[16,18,18,27,27,33,45,50],"damage_taken":[{"damage":0,"enemies":"2 Louse","floor":1,"turns":4},{"damage":6,"enemies":"Jaw Worm","floor":5,"turns":6},{"damage":0,"enemies":"Cultist","floor":10,"turns":4},{"damage":9,"enemies":"Lagavulin","floor":11,"turns":10},{"damage":12,"enemies":"The Guardian","floor":16,"turns":13},{"damage":10,"enemies":"2 Thieves","floor":18,"turns":5},{"damage":21,"enemies":"Colosseum Slavers","floor":27,"turns":7},{"damage":38,"enemies":"Colosseum Nobs","floor":27,"turns":11},{"damage":0,"enemies":"Spheric Guardian","floor":29,"turns":6},{"damage":9,"enemies":"Collector","floor":33,"turns":12},{"damage":0,"enemies":"3 Shapes","floor":35,"turns":4},{"damage":0,"enemies":"Giant Head","floor":40,"turns":6},{"damage":0,"enemies":"Reptomancer","floor":42,"turns":9},{"damage":0,"enemies":"Giant Head","floor":44,"turns":5},{"damage":0,"enemies":"3 Darklings","floor":45,"turns":3},{"damage":0,"enemies":"Orin","floor":48,"turns":5},{"damage":3,"enemies":"Awakened One","floor":50,"turns":16}],"seed_played":"2816422980025581962","potions_obtained":[{"floor":1,"key":"SpeedPotion"},{"floor":11,"key":"LiquidBronze"},{"floor":13,"key":"SpeedPotion"},{"floor":16,"key":"DistilledChaos"},{"floor":18,"key":"DuplicationPotion"},{"floor":33,"key":"ColorlessPotion"},{"floor":35,"key":"FairyPotion"},{"floor":38,"key":"FairyPotion"},{"floor":45,"key":"Regen Potion"}],"is_trial":false,"path_per_floor":["M","?","T","$","M","R","?","?","T","M","E","R","?","$","R","B",null,"M","?","?","?","T","R","?","?","T","?","?","M","$","?","R","B",null,"M","$","?","?","?","E","R","E","T","E","M","R","$","?","R","B",null],"character_chosen":"THE_SERVANT","items_purchased":["TungstenRod","Strange Spoon","Collapse+1","Shovel","AttackPotion","TheWorld","Foresight+1","InstantArmor","BottledTime"],"campfire_rested":1,"item_purchase_floors":[4,14,30,30,30,36,36,47,47],"current_hp_per_floor":[59,59,59,59,53,53,53,43,43,43,34,34,34,34,34,27,51,53,53,53,44,44,44,44,44,54,17,17,20,20,20,44,43,72,81,81,77,77,77,80,80,83,83,86,88,88,88,90,90,94],"gold":96,"neow_bonus":"ONE_RARE_RELIC","is_daily":false,"chose_seed":false,"campfire_upgraded":4,"win_rate":0.0,"timestamp":1611079562,"path_taken":["M","?","?","?","M","R","?","?","T","M","E","R","?","?","R","BOSS","M","?","?","?","?","R","?","?","T","?","?","M","$","?","R","BOSS","M","$","?","?","?","E","R","E","T","E","M","R","?","?","R","BOSS"],"items_purchased_type":["Relic","Relic","Card","Relic","Potion","Card","Card","Card","Card"],"build_version":"2020-12-22","purchased_purges":1,"victory":true,"max_hp_per_floor":[59,59,59,59,59,59,59,59,59,59,59,59,59,59,59,59,59,60,60,60,65,65,65,65,65,75,79,79,80,80,80,80,81,81,84,84,84,84,84,85,85,86,86,87,88,88,88,90,90,94],"card_choices":[{"not_picked":["GearUp","Desolation"],"picked":"MoonPhase","floor":1},{"not_picked":["Unruled","DoubleEdge"],"picked":"BestPractice","floor":5},{"not_picked":["Rearm","Collapse","DoubleEdge"],"picked":"SKIP","floor":10},{"not_picked":["TimeTheft","Unruled","Alleviate"],"picked":"SKIP","floor":11},{"not_picked":["TrueSight","Sunlight"],"picked":"TheWorld","floor":16},{"not_picked":["FastForward","DoubleEdge"],"picked":"BottledTime","floor":18},{"not_picked":["Unruled+1","Snipe+1"],"picked":"Read+1","floor":27},{"not_picked":["ShatteredReality+1","Deadline"],"picked":"FastForward","floor":29},{"not_picked":["Defy","Collapse+1"],"picked":"ShiftingGears+1","floor":29},{"not_picked":["Sunlight+1","MurderousAura+1"],"picked":"FlawlessForm+1","floor":33},{"not_picked":["DancingSilver","DoubleEdge+1"],"picked":"SilverBlades+1","floor":35},{"not_picked":["Spin+1","StarChef+1","Potential+1"],"picked":"SKIP","floor":35},{"not_picked":["Enlightenment","Apotheosis"],"picked":"Chrysalis","floor":37},{"not_picked":["Mayhem+1","Good Instincts"],"picked":"Master of Strategy","floor":37},{"not_picked":["Misdirection+1","MoonPhase+1"],"picked":"Collapse+1","floor":40},{"not_picked":["Desolation+1","DoubleEdge+1"],"picked":"Starlight+1","floor":42},{"not_picked":["Defy","TimeWarp+1"],"picked":"TheWorld","floor":44},{"not_picked":["Replace+1","Starlight+1"],"picked":"WasteNot+1","floor":45},{"not_picked":["Spin+1","Rearm"],"picked":"Barrier+1","floor":45},{"not_picked":["LightFlow+1","TimeWarp+1"],"picked":"Rewind+1","floor":48}],"player_experience":260511,"relics_obtained":[{"floor":3,"key":"Juzu Bracelet"},{"floor":9,"key":"Toy Ornithopter"},{"floor":11,"key":"Blue Candle"},{"floor":22,"key":"Frozen Egg 2"},{"floor":26,"key":"Pear"},{"floor":27,"key":"Prayer Wheel"},{"floor":27,"key":"Molten Egg 2"},{"floor":40,"key":"Art of War"},{"floor":41,"key":"Smiling Mask"},{"floor":42,"key":"Mummified Hand"},{"floor":43,"key":"Dream Catcher"},{"floor":44,"key":"HollowMod:PaleOreRelic"},{"floor":46,"key":"Calipers"},{"floor":48,"key":"CatCart"},{"floor":49,"key":"Runesmith:Nanobots"}],"event_choices":[{"damage_healed":0,"gold_gain":175,"player_choice":"AGREE","damage_taken":0,"max_hp_gain":0,"max_hp_loss":0,"event_name":"Liars Game","floor":2,"gold_loss":0,"cards_obtained":["Doubt"]},{"cards_removed":["Doubt"],"damage_healed":0,"gold_gain":0,"player_choice":"Removed Curses","damage_taken":0,"max_hp_gain":0,"max_hp_loss":0,"event_name":"Fountain of Cleansing","floor":7,"gold_loss":0},{"damage_healed":0,"gold_gain":75,"player_choice":"Gather Gold","damage_taken":11,"max_hp_gain":0,"max_hp_loss":0,"event_name":"World of Goop","floor":8,"gold_loss":0},{"damage_healed":0,"gold_gain":0,"player_choice":"Bought 1 Potion","damage_taken":0,"max_hp_gain":0,"max_hp_loss":0,"event_name":"The Woman in Blue","floor":13,"gold_loss":0},{"damage_healed":0,"gold_gain":99,"player_choice":"Stole From Cult","damage_taken":0,"max_hp_gain":0,"max_hp_loss":0,"event_name":"Nest","floor":19,"gold_loss":0},{"cards_removed":["Strike_S"],"damage_healed":0,"gold_gain":0,"player_choice":"Offered Basic","damage_taken":0,"max_hp_gain":0,"max_hp_loss":0,"event_name":"Bonfire Elementals","floor":20,"gold_loss":0},{"damage_healed":0,"gold_gain":0,"player_choice":"Shed Blood","damage_taken":15,"max_hp_gain":5,"max_hp_loss":0,"event_name":"Forgotten Altar","floor":21,"gold_loss":0},{"damage_healed":0,"gold_gain":0,"player_choice":"Inject Mutagens","damage_taken":0,"relics_obtained":["MutagenicStrength"],"max_hp_gain":0,"max_hp_loss":0,"event_name":"Drug Dealer","floor":24,"gold_loss":0},{"damage_healed":0,"gold_gain":0,"player_choice":"Upgraded","damage_taken":0,"max_hp_gain":0,"max_hp_loss":0,"event_name":"Upgrade Shrine","floor":25,"gold_loss":0,"cards_upgraded":["BottledTime"]},{"damage_healed":0,"gold_gain":0,"player_choice":"Fight","damage_taken":0,"max_hp_gain":0,"max_hp_loss":0,"event_name":"Colosseum","floor":27,"gold_loss":0},{"damage_healed":0,"gold_gain":0,"player_choice":"Fought Nobs","damage_taken":0,"max_hp_gain":0,"max_hp_loss":0,"event_name":"Colosseum","floor":27,"gold_loss":0},{"damage_healed":0,"gold_gain":275,"player_choice":"Desecrate","damage_taken":0,"max_hp_gain":0,"max_hp_loss":0,"event_name":"Golden Shrine","floor":28,"gold_loss":0,"cards_obtained":["Regret"]},{"damage_healed":0,"gold_gain":0,"player_choice":"Copied","damage_taken":0,"max_hp_gain":0,"max_hp_loss":0,"event_name":"Duplicator","floor":31,"gold_loss":0,"cards_obtained":["Read"]},{"damage_healed":0,"gold_gain":0,"player_choice":"Memory 2","damage_taken":5,"max_hp_gain":0,"max_hp_loss":0,"event_name":"SensoryStone","floor":37,"gold_loss":0},{"damage_healed":0,"gold_gain":0,"player_choice":"Got Potions","damage_taken":0,"max_hp_gain":0,"max_hp_loss":0,"event_name":"Lab","floor":38,"gold_loss":0},{"damage_healed":0,"gold_gain":0,"player_choice":"Ignored","damage_taken":0,"max_hp_gain":0,"max_hp_loss":0,"event_name":"SecretPortal","floor":39,"gold_loss":0},{"damage_healed":0,"gold_gain":0,"player_choice":"Fight","damage_taken":0,"max_hp_gain":0,"max_hp_loss":0,"event_name":"OrinTheCat","floor":48,"gold_loss":0}],"is_beta":false,"boss_relics":[{"not_picked":["Runesmith:UraniumAnvil","SlaversCollar"],"picked":"StoneMask"},{"not_picked":["Runic Pyramid","Black Star"],"picked":"Coffee Dripper"}],"items_purged_floors":[30],"is_endless":false,"potions_floor_spawned":[1,11,16,18,33,35,44,45],"ascension_level":8}}