{"host":"bxdue9bkfm2khp2x","time":1611027629,"event":{"mods":["ATMod(阿瑾Mod)","Arknights The Spire","Aspiration","BaseMod","Better Vampires","Challenge The Spire","Colored Map","Colored Powertips","Conspire","Decade(王小明)","Dota2Spire","Highlight Path","Minty Spire (QoL Compilation)","MostiFishMod","Remilia（蕾米莉亚）","Replay The Spire","RumiaBox-露米娅的神秘盒子","Ryuuou龙王","Spicy Shops","StSLib","Td1madao Mod","The Alterego","The Bug Knight","The Cursed","The Servant 0.9.4","WarShipGirlsR/战舰少女R mod","noobMod","vexMod","【功能Mod】混沌之环修复补丁","【遗物卡牌】REMEMod","篝火指南"],"gold_per_floor":[119,131,17,17,72,72,72,72],"floor_reached":7,"language":"ZHS","playtime":511,"items_purged":[],"score":78,"play_id":"6b85cfc6-0d39-42c2-b6e3-bb2768ce5b0f","local_time":"20210119114029","is_ascension_mode":true,"campfire_choices":[{"data":"SurpressingFire","floor":6,"key":"SMITH"}],"circlet_count":0,"master_deck":["AscendersBane","Strike_S","Strike_S","Strike_S","Strike_S","Defend_S","Defend_S","Defend_S","Defend_S","KidneyShot","Exchange","ReplayUltimateDefense","AT_DivineConfetti","SurpressingFire+1","Rearm"],"relics":["Uniform","DaveBox","REME_ComplimentaryCards","ice","AT_ATBox","RhineFirstAidKit","vexMod:FocusSash","SynthV:TestCard","Simple Rune","conspire:TopHat"],"acts_visited":["Exordium"],"potions_floor_usage":[],"damage_taken":[{"damage":0,"enemies":"Cultist","floor":1,"turns":3},{"damage":11,"enemies":"Small Slimes","floor":2,"turns":5},{"damage":38,"enemies":"Gremlin Nob","floor":7,"turns":5}],"seed_played":"7070997875579529010","potions_obtained":[],"is_trial":false,"path_per_floor":["M","M","?","$","T","R","E"],"character_chosen":"THE_SERVANT","items_purchased":[],"campfire_rested":0,"item_purchase_floors":[],"current_hp_per_floor":[54,43,43,43,43,43,5,5],"gold":72,"neow_bonus":"RANDOM_COMMON_RELIC","is_daily":false,"chose_seed":false,"campfire_upgraded":1,"win_rate":0.0,"timestamp":1611027629,"path_taken":["M","M","?","$","?","R","E"],"items_purchased_type":[],"build_version":"2020-12-22","purchased_purges":0,"victory":false,"max_hp_per_floor":[60,60,60,60,60,60,60,60],"card_choices":[{"not_picked":["Unruled","Rewind"],"picked":"SurpressingFire","floor":1},{"not_picked":["BottledTime","FastForward","Spin","DualDimension"],"picked":"Rearm","floor":2}],"player_experience":1285697,"relics_obtained":[{"floor":1,"key":"SynthV:TestCard"},{"floor":5,"key":"conspire:TopHat"}],"event_choices":[{"damage_healed":0,"gold_gain":0,"player_choice":"Paid Gold","damage_taken":0,"relics_obtained":["Simple Rune"],"max_hp_gain":0,"max_hp_loss":0,"event_name":"WeMeetAgain","floor":3,"gold_loss":114}],"is_beta":false,"boss_relics":[],"items_purged_floors":[],"is_endless":false,"potions_floor_spawned":[],"killed_by":"Gremlin Nob","ascension_level":20}}