{"host":"f9ntswufr8mq3t4y","time":1611089674,"event":{"mods":["AchievementEnabler","BaseMod","Best Route Mod","Block Reminder","Colored Map","Colored Powertips","Curses Come First","DeckTracker","Displayed Cursed Tome","Highlight Path","Minty Spire (QoL Compilation)","Permanent Neow","Quick Restart","Slay-I","StSLib"],"gold_per_floor":[366,381,295,314,314,314,338,338,338,373,394,394,408,421,421,528,528,554,599,300,318,343,343,343,343],"floor_reached":24,"language":"ENG","playtime":1188,"items_purged":[],"score":282,"play_id":"be28ff1f-807a-41e7-9ff7-b27296587d46","local_time":"20210119235434","is_ascension_mode":true,"campfire_choices":[{"data":"Neutralize","floor":6.0,"key":"SMITH"},{"data":"Survivor","floor":8.0,"key":"SMITH"},{"data":"Venomology","floor":12,"key":"SMITH"},{"data":"Swift Strike","floor":15,"key":"SMITH"},{"data":"Venomology","floor":23,"key":"SMITH"}],"circlet_count":0,"master_deck":["Strike_G","Strike_G","Strike_G","Strike_G","Strike_G","Defend_G","Defend_G","Defend_G","Defend_G","Defend_G","Survivor+1","Neutralize+1","Masterful Stab","Swift Strike+1","Venomology+1","Venomology+1","Finisher","Ghostly","Ghostly","Ghostly","Ghostly","Ghostly","Slice+1"],"relics":["Ring of the Snake","CeramicFish","MealTicket","White Beast Statue","Black Star","Torii"],"acts_visited":["Exordium","TheCity"],"potions_floor_usage":[13,13,14,14,16,16,16,18,21,21,21,22,22,22,22,24,24,24],"damage_taken":[{"damage":0.0,"enemies":"Cultist","floor":1.0,"turns":4.0},{"damage":0.0,"enemies":"Jaw Worm","floor":2.0,"turns":3.0},{"damage":0.0,"enemies":"Small Slimes","floor":4.0,"turns":2.0},{"damage":37.0,"enemies":"3 Sentries","floor":10.0,"turns":11.0},{"damage":0,"enemies":"3 Louse","floor":11,"turns":4},{"damage":0,"enemies":"Exordium Wildlife","floor":13,"turns":3},{"damage":0,"enemies":"Red Slaver","floor":14,"turns":5},{"damage":14,"enemies":"Hexaghost","floor":16,"turns":9},{"damage":63,"enemies":"Spheric Guardian","floor":18,"turns":10},{"damage":2,"enemies":"Chosen","floor":21,"turns":3},{"damage":2,"enemies":"3 Cultists","floor":22,"turns":8},{"damage":18,"enemies":"Slavers","floor":24,"turns":5}],"seed_played":"-183606758185591938","potions_obtained":[{"floor":1.0,"key":"Swift Potion"},{"floor":4.0,"key":"Weak Potion"},{"floor":10.0,"key":"Dexterity Potion"},{"floor":11,"key":"SkillPotion"},{"floor":13,"key":"Regen Potion"},{"floor":14,"key":"Regen Potion"},{"floor":16,"key":"SpeedPotion"},{"floor":21,"key":"AttackPotion"},{"floor":22,"key":"BlessingOfTheForge"}],"is_trial":false,"path_per_floor":["M","M","$","M","?","R","T","R","T","E","M","R","M","M","R","B",null,"M","?","$","M","M","R","E"],"character_chosen":"THE_SILENT","items_purchased":["Swift Strike","Torii"],"campfire_rested":0,"item_purchase_floors":[3,20],"current_hp_per_floor":[45,45,45,45,68,68,68,68,68,31,31,31,31,45,45,46,64,1,1,16,14,12,12,0,0],"gold":343,"neow_bonus":"TWO_FIFTY_GOLD","is_daily":false,"chose_seed":false,"campfire_upgraded":5,"win_rate":0.0,"timestamp":1611089674,"path_taken":["M","M","$","M","?","R","?","R","T","E","?","R","M","M","R","BOSS","M","?","$","M","M","R","E"],"items_purchased_type":["Card","Relic"],"build_version":"2020-12-22","purchased_purges":0,"victory":false,"max_hp_per_floor":[70,70,70,70,70,70,70,70,70,70,70,70,70,70,70,70,70,70,35,35,35,35,35,35,35],"card_choices":[{"not_picked":["Caltrops","Calculated Gamble"],"picked":"Masterful Stab","floor":1.0},{"not_picked":["Quick Slash","Deflect","Heel Hook"],"picked":"SKIP","floor":2.0},{"not_picked":["Blade Dance","Deadly Poison","Riddle With Holes"],"picked":"SKIP","floor":4.0},{"not_picked":["Flechettes","Outmaneuver","Quick Slash"],"picked":"SKIP","floor":10.0},{"not_picked":["Cloak And Dagger","Slice"],"picked":"Venomology","floor":11},{"not_picked":["Deflect","Expertise","Poisoned Stab"],"picked":"SKIP","floor":13},{"not_picked":["Bane","Calculated Gamble","Catalyst"],"picked":"SKIP","floor":14},{"not_picked":["Unload","Storm of Steel"],"picked":"Venomology","floor":16},{"not_picked":["Bane+1","Quick Slash"],"picked":"Finisher","floor":18},{"not_picked":["Eviscerate","Slice","Flechettes"],"picked":"SKIP","floor":21},{"not_picked":["Sucker Punch","Accuracy"],"picked":"Slice+1","floor":22}],"player_experience":357536,"relics_obtained":[{"floor":7.0,"key":"CeramicFish"},{"floor":9.0,"key":"MealTicket"},{"floor":10.0,"key":"White Beast Statue"}],"event_choices":[{"damage_healed":23.0,"max_hp_gain":0.0,"max_hp_loss":0.0,"gold_gain":0.0,"event_name":"Big Fish","player_choice":"Banana","floor":5.0,"gold_loss":0.0,"damage_taken":0.0},{"damage_healed":0,"gold_gain":0,"player_choice":"Became a Ghost","damage_taken":0,"max_hp_gain":0,"max_hp_loss":35,"event_name":"Ghosts","floor":19,"gold_loss":0,"cards_obtained":["Ghostly","Ghostly","Ghostly","Ghostly","Ghostly"]}],"is_beta":false,"boss_relics":[{"not_picked":["Snecko Eye","Fusion Hammer"],"picked":"Black Star"}],"items_purged_floors":[],"is_endless":false,"potions_floor_spawned":[1,4,10,11,13,14,16,18,21,22],"killed_by":"Slavers","ascension_level":6}}