{"host":"x7xd4wkamhrqrrvw","time":1611024568,"event":{"mods":["BaseMod","Minty Spire (QoL Compilation)","StSLib"],"gold_per_floor":[114,129,79,89,89,89,102,128,128,143,173,173,173,205,205,276,276,296,308,0,0,12,12,25,25,25,25,25,125,135,145,145,224,224,235,252,1,19,34,34,34,34,83,108,118,218,235,267,267,267,267,267,24,59,59],"floor_reached":56,"language":"ENG","playtime":3865,"items_purged":["Strike_B","Defend_B","Defend_B"],"score":1857,"play_id":"8b898cd1-10c5-496d-b22f-3fbdc1b9e83f","local_time":"20210119004928","is_ascension_mode":true,"campfire_choices":[{"data":"Rainbow","floor":6,"key":"SMITH"},{"data":"Strike_B","floor":12,"key":"PURGE"},{"data":"Dualcast","floor":15,"key":"SMITH"},{"data":"Writhe","floor":23,"key":"PURGE"},{"data":"Zap","floor":25,"key":"PURGE"},{"data":"Strike_B+1","floor":28,"key":"PURGE"},{"floor":32,"key":"REST"},{"data":"Rip and Tear","floor":40,"key":"PURGE"},{"floor":42,"key":"RECALL"},{"data":"Parasite","floor":49,"key":"PURGE"},{"data":"Defend_B","floor":52,"key":"PURGE"}],"circlet_count":0,"master_deck":["AscendersBane","Defend_B","Dualcast+1","Rainbow+1","FTL+1","Leap","Conserve Battery+1","Biased Cognition","BootSequence","Defragment","Chaos+1","Fission+1","Rainbow","Undo+1","Machine Learning","Glacier+1","Double Energy+1"],"relics":["Cracked Core","Symbiotic Virus","Torii","Peace Pipe","Potion Belt","Bag of Preparation","Fusion Hammer","Membership Card","Whetstone","Girya","Nilry\u0027s Codex","Prayer Wheel","InkBottle","Inserter","ClockworkSouvenir","Cables","War Paint","Ginger","Unceasing Top","Medical Kit","Nunchaku","Vajra"],"acts_visited":["Exordium","TheCity","TheBeyond","TheEnding"],"potions_floor_usage":[8,11,11,18,29,29,30,31,33,48,48,48,50,55,55],"damage_taken":[{"damage":0,"enemies":"Small Slimes","floor":1,"turns":3},{"damage":0,"enemies":"2 Louse","floor":2,"turns":1},{"damage":7,"enemies":"Jaw Worm","floor":4,"turns":2},{"damage":1,"enemies":"2 Fungi Beasts","floor":7,"turns":3},{"damage":11,"enemies":"3 Sentries","floor":8,"turns":5},{"damage":12,"enemies":"Red Slaver","floor":10,"turns":2},{"damage":1,"enemies":"Gremlin Nob","floor":11,"turns":3},{"damage":11,"enemies":"3 Sentries","floor":14,"turns":6},{"damage":9,"enemies":"Hexaghost","floor":16,"turns":10},{"damage":1,"enemies":"2 Thieves","floor":18,"turns":3},{"damage":0,"enemies":"Chosen","floor":19,"turns":4},{"damage":9,"enemies":"Snake Plant","floor":22,"turns":4},{"damage":17,"enemies":"Sentry and Sphere","floor":24,"turns":5},{"damage":2,"enemies":"Colosseum Slavers","floor":29,"turns":5},{"damage":0,"enemies":"Colosseum Nobs","floor":29,"turns":4},{"damage":0,"enemies":"3 Cultists","floor":30,"turns":4},{"damage":6,"enemies":"Snecko","floor":31,"turns":5},{"damage":9,"enemies":"Automaton","floor":33,"turns":8},{"damage":1,"enemies":"3 Darklings","floor":35,"turns":7},{"damage":0,"enemies":"3 Shapes","floor":36,"turns":4},{"damage":10,"enemies":"Writhing Mass","floor":38,"turns":6},{"damage":0,"enemies":"Spire Growth","floor":39,"turns":4},{"damage":0,"enemies":"Mind Bloom Boss Battle","floor":44,"turns":3},{"damage":1,"enemies":"3 Darklings","floor":45,"turns":5},{"damage":0,"enemies":"Writhing Mass","floor":47,"turns":5},{"damage":8,"enemies":"Reptomancer","floor":48,"turns":9},{"damage":0,"enemies":"Time Eater","floor":50,"turns":9},{"damage":1,"enemies":"Shield and Spear","floor":54,"turns":8},{"damage":51,"enemies":"The Heart","floor":55,"turns":11}],"seed_played":"3381465817837928973","potions_obtained":[{"floor":2,"key":"Swift Potion"},{"floor":7,"key":"BlessingOfTheForge"},{"floor":10,"key":"Block Potion"},{"floor":16,"key":"AttackPotion"},{"floor":18,"key":"Energy Potion"},{"floor":22,"key":"FearPotion"},{"floor":24,"key":"EssenceOfSteel"},{"floor":29,"key":"Regen Potion"},{"floor":31,"key":"FocusPotion"},{"floor":36,"key":"PowerPotion"},{"floor":39,"key":"BlessingOfTheForge"},{"floor":44,"key":"DistilledChaos"},{"floor":47,"key":"PowerPotion"},{"floor":54,"key":"SneckoOil"}],"is_trial":false,"path_per_floor":["M","M","?","M","?","R","M","E","T","M","E","R","?","E","R","B",null,"M","M","$","?","M","R","M","R","T","?","R","?","M","M","R","B",null,"M","M","$","M","M","R","?","R","T","?","M","?","M","E","R","B",null,"R","$","E","B",null],"character_chosen":"DEFECT","items_purchased":["Membership Card","Defragment","Whetstone","ClockworkSouvenir","Cables","Medical Kit","AttackPotion","Nunchaku"],"campfire_rested":1,"item_purchase_floors":[20,20,20,37,37,53,53,53],"current_hp_per_floor":[75,75,75,68,61,61,60,49,49,37,36,36,36,25,25,16,66,65,65,65,65,56,56,39,39,39,23,23,21,33,27,51,42,72,71,71,71,61,61,61,61,61,61,61,60,60,60,52,52,52,72,72,72,71,20],"gold":59,"neow_bonus":"TEN_PERCENT_HP_BONUS","is_daily":false,"chose_seed":false,"campfire_upgraded":2,"win_rate":0.0,"timestamp":1611024568,"path_taken":["M","M","?","M","?","R","M","E","T","M","E","R","?","E","R","BOSS","M","M","$","?","M","R","M","R","T","?","R","?","M","M","R","BOSS","M","M","$","M","M","R","?","R","T","?","M","?","?","E","R","BOSS","R","$","E","BOSS"],"items_purchased_type":["Relic","Card","Relic","Relic","Relic","Relic","Potion","Relic"],"build_version":"2020-12-22","purchased_purges":3,"victory":true,"max_hp_per_floor":[82,82,82,82,82,82,82,82,82,82,82,82,82,82,82,82,82,82,82,82,82,82,82,82,82,82,82,82,82,82,82,82,82,82,82,82,82,82,82,82,82,82,82,82,82,82,82,82,79,79,79,79,79,79,79],"card_choices":[{"not_picked":["Hologram","Redo"],"picked":"Rip and Tear","floor":1},{"not_picked":["Turbo","Chaos"],"picked":"Rainbow","floor":2},{"not_picked":["Fusion","Go for the Eyes"],"picked":"FTL","floor":4},{"not_picked":["Hologram","Turbo"],"picked":"Sweeping Beam","floor":7},{"not_picked":["BootSequence","Redo","Scrape"],"picked":"SKIP","floor":8},{"not_picked":["Rip and Tear","Ball Lightning"],"picked":"Leap","floor":10},{"not_picked":["Stack","Ball Lightning"],"picked":"Conserve Battery","floor":11},{"not_picked":["Streamline","Double Energy","Hello World"],"picked":"SKIP","floor":14},{"not_picked":["Reboot","Multi-Cast"],"picked":"Biased Cognition","floor":16},{"not_picked":["Stack+1","Coolheaded","Reprogram"],"picked":"SKIP","floor":18},{"not_picked":["Coolheaded","Steam"],"picked":"BootSequence","floor":19},{"not_picked":["Tempest","Gash","Aggregate"],"picked":"SKIP","floor":22},{"not_picked":["Conserve Battery","Rebound"],"picked":"Chaos+1","floor":24},{"not_picked":["Rebound","Redo"],"picked":"Fission","floor":30},{"not_picked":["Barrage","Conserve Battery","Go for the Eyes"],"picked":"SKIP","floor":30},{"not_picked":["Barrage","Storm","Rebound"],"picked":"SKIP","floor":31},{"not_picked":["Recycle","Chaos","Compile Driver+1"],"picked":"SKIP","floor":31},{"not_picked":["Electrodynamics","Buffer"],"picked":"Rainbow","floor":33},{"not_picked":["Steam","Gash","Capacitor"],"picked":"SKIP","floor":35},{"not_picked":["Gash","Streamline","Chaos"],"picked":"SKIP","floor":35},{"not_picked":["Doom and Gloom","Tempest"],"picked":"Undo+1","floor":36},{"not_picked":["Stack","Leap+1","Ball Lightning+1"],"picked":"SKIP","floor":36},{"not_picked":["Reprogram+1","Compile Driver"],"picked":"Machine Learning","floor":38},{"not_picked":["White Noise","Ball Lightning","Conserve Battery"],"picked":"SKIP","floor":38},{"not_picked":["Fusion","Double Energy","Redo+1"],"picked":"SKIP","floor":39},{"not_picked":["Rebound","Ball Lightning","Gash"],"picked":"SKIP","floor":39},{"not_picked":["FTL","Lockon"],"picked":"Glacier+1","floor":45},{"not_picked":["Doom and Gloom","Sweeping Beam","Gash+1"],"picked":"SKIP","floor":45},{"not_picked":["Redo+1","Cold Snap","Multi-Cast"],"picked":"SKIP","floor":47},{"not_picked":["Doom and Gloom+1","Turbo","Double Energy"],"picked":"SKIP","floor":47},{"not_picked":["FTL","Genetic Algorithm+1"],"picked":"Double Energy+1","floor":48},{"not_picked":["Blizzard","Beam Cell","Streamline"],"picked":"SKIP","floor":54}],"player_experience":333375,"relics_obtained":[{"floor":8,"key":"Torii"},{"floor":9,"key":"Peace Pipe"},{"floor":11,"key":"Potion Belt"},{"floor":14,"key":"Bag of Preparation"},{"floor":27,"key":"Nilry\u0027s Codex"},{"floor":29,"key":"Prayer Wheel"},{"floor":29,"key":"InkBottle"},{"floor":43,"key":"War Paint"},{"floor":44,"key":"Ginger"},{"floor":48,"key":"Unceasing Top"},{"floor":54,"key":"Vajra"}],"event_choices":[{"cards_removed":["Strike_B"],"damage_healed":0,"gold_gain":0,"player_choice":"Card Removal","damage_taken":0,"max_hp_gain":0,"max_hp_loss":0,"event_name":"The Cleric","floor":3,"gold_loss":50},{"damage_healed":0,"gold_gain":0,"player_choice":"Success","damage_taken":7,"relics_obtained":["Symbiotic Virus"],"max_hp_gain":0,"max_hp_loss":0,"event_name":"Scrap Ooze","floor":5,"gold_loss":0},{"damage_healed":0,"gold_gain":0,"player_choice":"Ignored","damage_taken":0,"max_hp_gain":0,"max_hp_loss":0,"event_name":"Liars Game","floor":13,"gold_loss":0},{"damage_healed":0,"gold_gain":0,"player_choice":"Opened","damage_taken":0,"relics_obtained":["Girya"],"max_hp_gain":0,"max_hp_loss":0,"event_name":"The Mausoleum","floor":21,"gold_loss":0,"cards_obtained":["Writhe"]},{"damage_healed":0,"gold_gain":0,"player_choice":"Obtained Book","damage_taken":16,"max_hp_gain":0,"max_hp_loss":0,"event_name":"Cursed Tome","floor":27,"gold_loss":0},{"damage_healed":0,"gold_gain":0,"player_choice":"Fight","damage_taken":0,"max_hp_gain":0,"max_hp_loss":0,"event_name":"Colosseum","floor":29,"gold_loss":0},{"damage_healed":0,"gold_gain":0,"player_choice":"Fought Nobs","damage_taken":0,"max_hp_gain":0,"max_hp_loss":0,"event_name":"Colosseum","floor":29,"gold_loss":0},{"cards_removed":["Sweeping Beam"],"damage_healed":0,"gold_gain":0,"player_choice":"Removed Attack","damage_taken":0,"max_hp_gain":0,"max_hp_loss":0,"event_name":"Falling","floor":41,"gold_loss":0},{"damage_healed":0,"gold_gain":0,"player_choice":"Fight","damage_taken":0,"max_hp_gain":0,"max_hp_loss":0,"event_name":"MindBloom","floor":44,"gold_loss":0},{"damage_healed":0,"gold_gain":100,"player_choice":"Pray","damage_taken":0,"max_hp_gain":0,"max_hp_loss":0,"event_name":"Golden Shrine","floor":46,"gold_loss":0}],"is_beta":false,"boss_relics":[{"not_picked":["Runic Pyramid","Sozu"],"picked":"Fusion Hammer"},{"not_picked":["Velvet Choker","Snecko Eye"],"picked":"Inserter"}],"items_purged_floors":[20,37,53],"is_endless":false,"potions_floor_spawned":[2,7,10,16,18,22,24,29,31,36,39,44,47,54],"ascension_level":13}}