{"host":"04hh9gplt9wkfmr1","time":1611071616,"event":{"mods":["AchievementEnabler","BaseMod","Colored Map","KOR Keyword Fix","Minty Spire (QoL Compilation)","Rare Cards Sparkle","SuperFastMode"],"gold_per_floor":[116,135,148,160,178,178,196,211,257,285,285,285,320,334,334,334,334],"floor_reached":16,"language":"KOR","playtime":422,"items_purged":[],"score":151,"play_id":"b6613a8b-fe42-4556-b962-c70420adb9dd","local_time":"20210120005336","is_ascension_mode":true,"campfire_choices":[{"data":"Adrenaline","floor":6.0,"key":"SMITH"},{"floor":11.0,"key":"REST"},{"floor":15.0,"key":"REST"}],"circlet_count":0,"master_deck":["Strike_G","Strike_G","Strike_G","Strike_G","Strike_G","Defend_G","Defend_G","Defend_G","Defend_G","Defend_G","Survivor","Neutralize","Parasite","Adrenaline+1","Well Laid Plans","Bane","Bane","Die Die Die","Catalyst"],"relics":["Ring of the Snake","Orichalcum","Unceasing Top","SsserpentHead","Tiny Chest"],"acts_visited":["Exordium"],"potions_floor_usage":[],"damage_taken":[{"damage":0.0,"enemies":"Cultist","floor":1.0,"turns":4.0},{"damage":6.0,"enemies":"Jaw Worm","floor":2.0,"turns":5.0},{"damage":1.0,"enemies":"Small Slimes","floor":3.0,"turns":4.0},{"damage":4.0,"enemies":"Exordium Wildlife","floor":4.0,"turns":4.0},{"damage":12.0,"enemies":"Red Slaver","floor":5.0,"turns":6.0},{"damage":4.0,"enemies":"Large Slime","floor":7.0,"turns":6.0},{"damage":0.0,"enemies":"Lots of Slimes","floor":8.0,"turns":3.0},{"damage":20.0,"enemies":"Gremlin Nob","floor":10.0,"turns":5.0},{"damage":19.0,"enemies":"3 Sentries","floor":13.0,"turns":12.0},{"damage":5.0,"enemies":"3 Louse","floor":14.0,"turns":4.0},{"damage":0,"enemies":"Slime Boss","floor":16,"turns":1}],"seed_played":"1897679405797367787","potions_obtained":[{"floor":2.0,"key":"Strength Potion"},{"floor":3.0,"key":"LiquidBronze"},{"floor":4.0,"key":"ColorlessPotion"},{"floor":5.0,"key":"EssenceOfSteel"},{"floor":7.0,"key":"BlessingOfTheForge"},{"floor":10.0,"key":"Swift Potion"}],"is_trial":false,"path_per_floor":["M","M","M","M","M","R","M","M","T","E","R","?","E","M","R","B"],"character_chosen":"THE_SILENT","items_purchased":[],"campfire_rested":2,"item_purchase_floors":[],"current_hp_per_floor":[63,57,56,52,40,40,36,36,36,16,37,37,18,13,34,34,34],"gold":334,"neow_bonus":"THREE_RARE_CARDS","is_daily":false,"chose_seed":false,"campfire_upgraded":1,"win_rate":0.0,"timestamp":1611071616,"path_taken":["M","M","M","M","?","R","M","M","T","E","R","?","E","M","R","BOSS"],"items_purchased_type":[],"build_version":"2020-12-22","purchased_purges":0,"victory":false,"max_hp_per_floor":[70,70,70,70,70,70,70,70,70,70,70,70,70,70,70,70,70],"card_choices":[{"not_picked":["Die Die Die","Bullet Time"],"picked":"Adrenaline","floor":0.0},{"not_picked":["Concentrate","Distraction","Prepared"],"picked":"SKIP","floor":1.0},{"not_picked":["Eviscerate","Reflex"],"picked":"Well Laid Plans","floor":2.0},{"not_picked":["Outmaneuver","Acrobatics","All Out Attack"],"picked":"SKIP","floor":3.0},{"not_picked":["Quick Slash","Acrobatics","Sucker Punch"],"picked":"SKIP","floor":4.0},{"not_picked":["Quick Slash","Acrobatics","Sucker Punch"],"picked":"SKIP","floor":4.0},{"not_picked":["All Out Attack","Endless Agony"],"picked":"Bane","floor":5.0},{"not_picked":["Dodge and Roll","Dagger Throw"],"picked":"Bane","floor":7.0},{"not_picked":["Dodge and Roll","Prepared","Riddle With Holes"],"picked":"SKIP","floor":8.0},{"not_picked":["Blur","Cloak And Dagger","Concentrate"],"picked":"SKIP","floor":10.0},{"not_picked":["Quick Slash","Endless Agony"],"picked":"Die Die Die","floor":13.0},{"not_picked":["Bane","Eviscerate"],"picked":"Catalyst","floor":14.0}],"player_experience":57734,"relics_obtained":[{"floor":9.0,"key":"Orichalcum"},{"floor":10.0,"key":"Unceasing Top"},{"floor":13.0,"key":"Tiny Chest"}],"event_choices":[{"damage_healed":0.0,"max_hp_gain":0.0,"max_hp_loss":0.0,"gold_gain":0.0,"event_name":"FaceTrader","player_choice":"Trade","floor":12.0,"gold_loss":0.0,"damage_taken":0.0,"relics_obtained":["SsserpentHead"]}],"is_beta":false,"boss_relics":[],"items_purged_floors":[],"is_endless":false,"potions_floor_spawned":[2,3,4,5,7,10],"killed_by":"Slime Boss","ascension_level":6}}