{"host":"f0gpob8hq9vgebej","time":1611029329,"event":{"mods":["AchievementEnabler","BaseMod","Minty Spire (QoL Compilation)","Quick Restart","SuperFastMode"],"gold_per_floor":[116,126,140,160,171,171,181,194,217,228,228,228,10,39,39,134,134,148,163,176,176,176,176,201,201,201,218,31,31,41,52,52,157,157,171,1,14,14,29,29,41,76,76,87,97,97,107,117,117,117],"floor_reached":51,"language":"KOR","playtime":3770,"items_purged":["Strike_B","Dualcast"],"score":890,"play_id":"43fbadba-c7e4-4f1b-8046-8403bb28856c","local_time":"20210119130849","is_ascension_mode":true,"campfire_choices":[{"data":"Zap","floor":6.0,"key":"SMITH"},{"floor":11.0,"key":"REST"},{"floor":15.0,"key":"REST"},{"data":"Fission","floor":23.0,"key":"SMITH"},{"floor":25.0,"key":"REST"},{"data":"Static Discharge","floor":32.0,"key":"SMITH"},{"data":"Echo Form","floor":40.0,"key":"SMITH"},{"floor":46,"key":"REST"},{"floor":49,"key":"REST"}],"circlet_count":0,"master_deck":["Defend_B","Defend_B","Zap+1","Static Discharge+1","Ball Lightning","Force Field","Double Energy","Steam Power","Electrodynamics","Auto Shields","Fission+1","Chill+1","Reinforced Body","Force Field","Consume+1","Self Repair","Biased Cognition","Machine Learning","Echo Form+1","Biased Cognition","Conserve Battery","Heatsinks+1","Bandage Up","Conserve Battery","Tempest+1"],"relics":["Cracked Core","Anchor","DataDisk","Art of War","Inserter","Incense Burner","Bottled Lightning","Membership Card","Nuclear Battery","DollysMirror","Lantern","Shuriken"],"acts_visited":["Exordium","TheCity","TheBeyond"],"potions_floor_usage":[44,44,50,50],"damage_taken":[{"damage":7.0,"enemies":"Small Slimes","floor":1.0,"turns":3.0},{"damage":1.0,"enemies":"Jaw Worm","floor":2.0,"turns":4.0},{"damage":6.0,"enemies":"2 Louse","floor":3.0,"turns":2.0},{"damage":6.0,"enemies":"Blue Slaver","floor":4.0,"turns":4.0},{"damage":5.0,"enemies":"3 Louse","floor":5.0,"turns":4.0},{"damage":1.0,"enemies":"Large Slime","floor":7.0,"turns":5.0},{"damage":6.0,"enemies":"Blue Slaver","floor":8.0,"turns":3.0},{"damage":20.0,"enemies":"Gremlin Gang","floor":10.0,"turns":3.0},{"damage":18.0,"enemies":"Lagavulin","floor":14.0,"turns":4.0},{"damage":7.0,"enemies":"Hexaghost","floor":16.0,"turns":8.0},{"damage":8.0,"enemies":"Chosen","floor":18.0,"turns":6.0},{"damage":7.0,"enemies":"3 Byrds","floor":19.0,"turns":3.0},{"damage":25.0,"enemies":"Sentry and Sphere","floor":20.0,"turns":6.0},{"damage":15.0,"enemies":"Book of Stabbing","floor":24.0,"turns":6.0},{"damage":0.0,"enemies":"3 Cultists","floor":27.0,"turns":2.0},{"damage":0.0,"enemies":"Shelled Parasite and Fungi","floor":30.0,"turns":6.0},{"damage":0.0,"enemies":"Snecko","floor":31.0,"turns":4.0},{"damage":28.0,"enemies":"Champ","floor":33.0,"turns":8.0},{"damage":2.0,"enemies":"Orb Walker","floor":35.0,"turns":3.0},{"damage":17.0,"enemies":"3 Shapes","floor":37.0,"turns":4.0},{"damage":0.0,"enemies":"Sphere and 2 Shapes","floor":39.0,"turns":3.0},{"damage":0.0,"enemies":"3 Darklings","floor":41.0,"turns":4.0},{"damage":66.0,"enemies":"Giant Head","floor":42.0,"turns":10.0},{"damage":7,"enemies":"Transient","floor":44,"turns":5},{"damage":0,"enemies":"Jaw Worm Horde","floor":45,"turns":2},{"damage":9,"enemies":"4 Shapes","floor":47,"turns":6},{"damage":15,"enemies":"3 Darklings","floor":48,"turns":4},{"damage":13,"enemies":"Donu and Deca","floor":50,"turns":5}],"seed_played":"-371703925769876882","potions_obtained":[{"floor":1.0,"key":"Dexterity Potion"},{"floor":3.0,"key":"Block Potion"},{"floor":4.0,"key":"FocusPotion"},{"floor":7.0,"key":"FocusPotion"},{"floor":16.0,"key":"FocusPotion"},{"floor":18.0,"key":"Strength Potion"},{"floor":19.0,"key":"SpeedPotion"},{"floor":39.0,"key":"CultistPotion"},{"floor":41.0,"key":"Energy Potion"},{"floor":44,"key":"PowerPotion"},{"floor":47,"key":"FocusPotion"}],"is_trial":false,"path_per_floor":["M","M","M","M","M","R","M","M","T","M","R","?","$","E","R","B",null,"M","M","M","?","?","R","E","R","T","M","$","?","M","M","R","B",null,"M","$","M","?","M","R","M","E","T","M","M","R","M","M","R","B",null],"character_chosen":"DEFECT","items_purchased":["DataDisk","Membership Card","Self Repair","DollysMirror","Block Potion","Conserve Battery"],"campfire_rested":5,"item_purchase_floors":[13,28,28,36,36,36],"current_hp_per_floor":[61,60,54,48,43,43,42,36,36,16,38,31,31,13,35,28,63,55,48,23,23,23,23,8,30,30,30,30,30,37,44,44,23,62,67,67,57,57,75,75,75,16,16,20,31,53,55,51,73,69],"gold":117,"neow_bonus":"REMOVE_CARD","is_daily":false,"chose_seed":false,"campfire_upgraded":4,"win_rate":0.0,"timestamp":1611029329,"path_taken":["M","M","M","M","M","R","M","M","T","M","R","?","$","E","R","BOSS","M","M","M","?","?","R","E","R","T","M","$","?","M","M","R","BOSS","M","$","M","?","M","R","M","E","T","M","M","R","M","M","R","BOSS"],"items_purchased_type":["Relic","Relic","Card","Relic","Potion","Card"],"build_version":"2020-12-22","purchased_purges":2,"victory":true,"max_hp_per_floor":[75,75,75,75,75,75,75,75,75,75,75,75,75,75,75,75,75,75,75,75,75,75,75,75,75,75,75,75,75,75,75,75,75,75,75,75,75,75,75,75,75,75,75,75,75,75,75,75,75,75],"card_choices":[{"not_picked":["FTL","Lockon","Undo"],"picked":"SKIP","floor":1.0},{"not_picked":["Leap","Blizzard"],"picked":"Static Discharge","floor":2.0},{"not_picked":["Reprogram","Tempest"],"picked":"Ball Lightning","floor":3.0},{"not_picked":["Compile Driver","Cold Snap","Darkness"],"picked":"SKIP","floor":4.0},{"not_picked":["Barrage","Compile Driver"],"picked":"Force Field","floor":5.0},{"not_picked":["Turbo","Leap"],"picked":"Double Energy","floor":7.0},{"not_picked":["Redo","Stack"],"picked":"Steam Power","floor":8.0},{"not_picked":["Leap","Sunder"],"picked":"Electrodynamics","floor":10.0},{"not_picked":["Conserve Battery","Melter"],"picked":"Auto Shields","floor":14.0},{"not_picked":["Multi-Cast","Reboot"],"picked":"Fission","floor":16.0},{"not_picked":["Gash","Beam Cell+1","Rebound"],"picked":"SKIP","floor":18.0},{"not_picked":["Static Discharge+1","Stack"],"picked":"Chill+1","floor":19.0},{"not_picked":["Lockon+1","Sweeping Beam+1","Compile Driver+1"],"picked":"SKIP","floor":20.0},{"not_picked":["Static Discharge","Auto Shields+1"],"picked":"Consume+1","floor":24.0},{"not_picked":["Skim","Rebound","Leap"],"picked":"SKIP","floor":27.0},{"not_picked":["Consume","Leap"],"picked":"Machine Learning","floor":30.0},{"not_picked":["Leap","Coolheaded","Sunder"],"picked":"SKIP","floor":31.0},{"not_picked":["Thunder Strike","Hyperbeam"],"picked":"Echo Form","floor":33.0},{"not_picked":["Gash+1","Sweeping Beam","Beam Cell"],"picked":"SKIP","floor":35.0},{"not_picked":["Stack+1","Coolheaded+1"],"picked":"Heatsinks+1","floor":37.0},{"not_picked":["Dramatic Entrance","Panacea"],"picked":"Bandage Up","floor":38.0},{"not_picked":["Leap","Stack","Auto Shields"],"picked":"SKIP","floor":39.0},{"not_picked":["Compile Driver","Rebound","Stack"],"picked":"SKIP","floor":41.0},{"not_picked":["Sweeping Beam","Skim","Chill+1"],"picked":"SKIP","floor":42.0},{"not_picked":["BootSequence","Gash+1"],"picked":"Conserve Battery","floor":44},{"not_picked":["Conserve Battery+1","Doom and Gloom","Melter"],"picked":"SKIP","floor":45},{"not_picked":["Go for the Eyes","Barrage","Stack+1"],"picked":"SKIP","floor":47},{"not_picked":["Redo+1","Auto Shields+1"],"picked":"Tempest+1","floor":48}],"player_experience":173708,"relics_obtained":[{"floor":9.0,"key":"Anchor"},{"floor":14.0,"key":"Art of War"},{"floor":24.0,"key":"Incense Burner"},{"floor":26.0,"key":"Bottled Lightning"},{"floor":42.0,"key":"Lantern"},{"floor":43.0,"key":"Shuriken"}],"event_choices":[{"cards_removed":["Strike_B"],"damage_healed":0.0,"max_hp_gain":0.0,"max_hp_loss":0.0,"gold_gain":0.0,"event_name":"Golden Wing","player_choice":"Card Removal","floor":12.0,"gold_loss":0.0,"damage_taken":7.0},{"damage_healed":0.0,"max_hp_gain":0.0,"max_hp_loss":0.0,"gold_gain":0.0,"cards_transformed":["Strike_B","Defend_B"],"event_name":"Drug Dealer","player_choice":"Became Test Subject","floor":21.0,"gold_loss":0.0,"damage_taken":0.0,"cards_obtained":["Reinforced Body","Force Field"]},{"cards_removed":["Defend_B"],"damage_healed":0.0,"max_hp_gain":0.0,"max_hp_loss":0.0,"gold_gain":0.0,"event_name":"Back to Basics","player_choice":"Elegance","floor":22.0,"gold_loss":0.0,"damage_taken":0.0},{"damage_healed":0.0,"max_hp_gain":0.0,"max_hp_loss":0.0,"gold_gain":0.0,"event_name":"The Library","player_choice":"Read","floor":29.0,"gold_loss":0.0,"damage_taken":0.0,"cards_obtained":["Biased Cognition"]},{"damage_healed":0.0,"max_hp_gain":0.0,"max_hp_loss":0.0,"gold_gain":0.0,"event_name":"SensoryStone","player_choice":"Memory 1","floor":38.0,"gold_loss":0.0,"damage_taken":0.0}],"is_beta":false,"boss_relics":[{"not_picked":["Snecko Eye","Astrolabe"],"picked":"Inserter"},{"not_picked":["FrozenCore","Empty Cage"],"picked":"Nuclear Battery"}],"items_purged_floors":[13,36],"is_endless":false,"potions_floor_spawned":[1,3,4,7,16,18,19,20,39,41,44,47],"ascension_level":7}}