{"host":"y76x98twjnyyxs83","time":1611076075,"event":{"mods":["BaseMod","Colored Powertips","Minty Spire (QoL Compilation)","Permanent Neow","Quick Restart","Rare Cards Sparkle","Relic Stats","StSLib"],"gold_per_floor":[109,126,139,155,30,62,72,105,105,105,122,151,164,192,192,266,266,281,281,122,138,53,80,80,106,106,125,152,152,152,163,163,163,163],"floor_reached":33,"language":"ENG","playtime":1168,"items_purged":["Strike_P"],"score":1024,"play_id":"254961d8-c1c2-4cc9-8af9-c36d470e1e24","local_time":"20210120010755","is_ascension_mode":true,"campfire_choices":[{"data":"EmptyFist","floor":15,"key":"SMITH"},{"data":"TalkToTheHand","floor":24,"key":"SMITH"},{"data":"Ghostly","floor":30,"key":"SMITH"},{"data":"ThirdEye","floor":32,"key":"SMITH"}],"circlet_count":0,"master_deck":["AscendersBane","Strike_P","Strike_P","Strike_P","Defend_P","Defend_P","Defend_P","Defend_P","Eruption","Vigilance","Vengeance","EmptyFist+1","Consecrate","EmptyMind+1","FlurryOfBlows","BowlingBash","CarveReality","Tantrum","Vault","SpiritShield","Protect","DevaForm","CrushJoints+1","Ghostly","Ghostly","Ghostly+1","TalkToTheHand+1","Adaptation","ThirdEye+1","WheelKick","Decay","WaveOfTheHand","TalkToTheHand","ThirdEye"],"relics":["Cursed Key","Orichalcum","Akabeko","Mercury Hourglass","Singing Bowl","Coffee Dripper","StrikeDummy","PreservedInsect","Lantern","Ice Cream","Boot"],"acts_visited":["Exordium","TheCity"],"potions_floor_usage":[6,14,23,33,33],"damage_taken":[{"damage":2,"enemies":"Small Slimes","floor":1,"turns":2},{"damage":6,"enemies":"Cultist","floor":2,"turns":4},{"damage":4,"enemies":"Jaw Worm","floor":3,"turns":2},{"damage":12,"enemies":"3 Louse","floor":4,"turns":3},{"damage":0,"enemies":"Gremlin Nob","floor":6,"turns":2},{"damage":1,"enemies":"Looter","floor":7,"turns":3},{"damage":7,"enemies":"3 Sentries","floor":8,"turns":3},{"damage":14,"enemies":"Exordium Thugs","floor":11,"turns":3},{"damage":0,"enemies":"Lagavulin","floor":12,"turns":3},{"damage":0,"enemies":"2 Fungi Beasts","floor":13,"turns":2},{"damage":0,"enemies":"Gremlin Nob","floor":14,"turns":3},{"damage":0,"enemies":"Slime Boss","floor":16,"turns":4},{"damage":18,"enemies":"Shell Parasite","floor":18,"turns":5},{"damage":4,"enemies":"3 Byrds","floor":21,"turns":3},{"damage":18,"enemies":"Book of Stabbing","floor":23,"turns":5},{"damage":0,"enemies":"Slavers","floor":25,"turns":3},{"damage":0,"enemies":"Snake Plant","floor":27,"turns":3},{"damage":0,"enemies":"Gremlin Leader","floor":28,"turns":4},{"damage":0,"enemies":"Shelled Parasite and Fungi","floor":31,"turns":3},{"damage":65,"enemies":"Automaton","floor":33,"turns":7}],"seed_played":"-6906756922825724023","potions_obtained":[{"floor":1,"key":"DistilledChaos"},{"floor":3,"key":"Weak Potion"},{"floor":11,"key":"StancePotion"},{"floor":18,"key":"Strength Potion"},{"floor":23,"key":"BlessingOfTheForge"}],"is_trial":false,"path_per_floor":["M","M","M","M","$","E","M","E","T","?","M","E","M","E","R","B",null,"M","?","$","M","?","E","R","E","T","M","E","?","R","M","R","B"],"character_chosen":"WATCHER","items_purchased":["FlurryOfBlows","TalkToTheHand","Adaptation"],"campfire_rested":0,"item_purchase_floors":[5,20,20],"current_hp_per_floor":[59,53,49,37,37,37,36,29,29,29,15,15,15,17,17,17,57,39,35,35,31,31,13,13,15,15,17,17,17,17,17,17,0,0],"gold":163,"neow_bonus":"BOSS_RELIC","is_daily":false,"chose_seed":false,"campfire_upgraded":4,"win_rate":0.0,"timestamp":1611076075,"path_taken":["M","M","M","M","$","E","M","E","T","?","?","E","M","E","R","BOSS","M","?","$","M","?","E","R","E","T","M","E","?","R","M","R","BOSS"],"items_purchased_type":["Card","Card","Card"],"build_version":"2020-12-22","purchased_purges":1,"victory":false,"max_hp_per_floor":[68,68,68,68,68,68,68,68,68,68,68,68,68,70,70,70,70,70,35,35,35,35,35,35,37,37,39,39,39,39,39,39,39,39],"relic_stats":{"Singing Bowl":6,"counters":[20,67],"PreservedInsect":88,"Orichalcum":[54],"Cursed Key":1,"Boot":[21],"obtain_stats":[{"Ice Cream":26,"Lantern":25,"Singing Bowl":14,"PreservedInsect":23,"Coffee Dripper":17,"PureWater":0,"Orichalcum":6,"Cursed Key":0,"StrikeDummy":22,"Boot":28,"Akabeko":8,"Mercury Hourglass":12},{"Ice Cream":16,"Lantern":16,"Singing Bowl":11,"PreservedInsect":15,"Coffee Dripper":12,"PureWater":0,"Orichalcum":5,"Cursed Key":0,"StrikeDummy":14,"Boot":18,"Akabeko":7,"Mercury Hourglass":9},{"Ice Cream":50,"Lantern":50,"Singing Bowl":30,"PreservedInsect":47,"Coffee Dripper":34,"PureWater":0,"Orichalcum":13,"Cursed Key":0,"StrikeDummy":42,"Boot":57,"Akabeko":19,"Mercury Hourglass":25}],"Mercury Hourglass":[165]},"card_choices":[{"not_picked":["FollowUp","Sanctity"],"picked":"Vengeance","floor":1},{"not_picked":["Protect","MentalFortress"],"picked":"EmptyFist","floor":2},{"not_picked":["Evaluate","ThirdEye"],"picked":"Consecrate","floor":3},{"not_picked":["ForeignInfluence","EmptyBody"],"picked":"EmptyMind","floor":4},{"not_picked":["Crescendo","EmptyFist"],"picked":"BowlingBash","floor":6},{"not_picked":["JustLucky","CrushJoints"],"picked":"CarveReality","floor":7},{"not_picked":["Evaluate","EmptyMind"],"picked":"Tantrum","floor":8},{"not_picked":["FlyingSleeves","BowlingBash"],"picked":"Vault","floor":11},{"not_picked":["BowlingBash","Collect"],"picked":"SpiritShield","floor":12},{"not_picked":["Worship","SandsOfTime"],"picked":"Protect","floor":13},{"not_picked":["FlyingSleeves","Halt","CrushJoints"],"picked":"Singing Bowl","floor":14},{"not_picked":["Judgement","Alpha"],"picked":"DevaForm","floor":16},{"not_picked":["JustLucky","ClearTheMind"],"picked":"CrushJoints+1","floor":18},{"not_picked":["Consecrate","SashWhip"],"picked":"ThirdEye","floor":21},{"not_picked":["PathToVictory","Brilliance"],"picked":"WheelKick","floor":23},{"not_picked":["DeceiveReality","Weave","SandsOfTime"],"picked":"Singing Bowl","floor":25},{"not_picked":["Vengeance","EmptyBody+1","LikeWater"],"picked":"Singing Bowl","floor":27},{"not_picked":["Swivel","FlyingSleeves"],"picked":"WaveOfTheHand","floor":28},{"not_picked":["Swivel","SashWhip"],"picked":"ThirdEye","floor":31}],"player_experience":1169226,"relics_obtained":[{"floor":6,"key":"Orichalcum"},{"floor":8,"key":"Akabeko"},{"floor":12,"key":"Mercury Hourglass"},{"floor":14,"key":"Singing Bowl"},{"floor":23,"key":"PreservedInsect"},{"floor":25,"key":"Lantern"},{"floor":26,"key":"Ice Cream"},{"floor":28,"key":"Boot"}],"event_choices":[{"damage_healed":0,"gold_gain":0,"player_choice":"Upgraded","damage_taken":0,"max_hp_gain":0,"max_hp_loss":0,"event_name":"Upgrade Shrine","floor":10,"gold_loss":0,"cards_upgraded":["EmptyMind"]},{"damage_healed":0,"gold_gain":0,"player_choice":"Became a Ghost","damage_taken":0,"max_hp_gain":0,"max_hp_loss":35,"event_name":"Ghosts","floor":19,"gold_loss":0,"cards_obtained":["Ghostly","Ghostly","Ghostly"]},{"damage_healed":0,"gold_gain":0,"player_choice":"Obtained Relic","damage_taken":0,"relics_obtained":["StrikeDummy"],"max_hp_gain":0,"max_hp_loss":0,"event_name":"Addict","floor":22,"gold_loss":85},{"damage_healed":0,"gold_gain":0,"player_choice":"Read","damage_taken":0,"max_hp_gain":0,"max_hp_loss":0,"event_name":"The Library","floor":29,"gold_loss":0,"cards_obtained":["TalkToTheHand"]}],"is_beta":false,"boss_relics":[{"not_picked":["Calling Bell","Runic Dome"],"picked":"Coffee Dripper"}],"items_purged_floors":[5],"is_endless":false,"potions_floor_spawned":[1,3,11,18,23,28],"killed_by":"Automaton","ascension_level":20}}