{"host":"mmxi1hjn5usmb1ga","time":1611028519,"event":{"mods":["BaseMod","BetterRewards","Downfall","Minty Spire (QoL Compilation)","Quick Restart","READ ME - Guardian Mod","READ ME - Snecko Mod","RumiaBox-露米娅的神秘盒子","Shop Mod","StSLib","Td1madao Mod","The Bug Knight","Yuri Mod","[IsaacMod]以撒尖塔"],"gold_per_floor":[99,114,114,114,114,148,175,194,228,279,305,343,58,215,237,380,380,380,401,401,482,482,482,482,482,576,621,662,862,532,622,658,791,791,491,324,4,4,20,95,166,281,329,382,382,441,494,538,562,611,611,684,43,43,498,547],"floor_reached":57,"language":"ZHS","playtime":2562,"items_purged":[],"score":3655,"play_id":"0200e492-0680-473f-a61f-66bfb0496647","local_time":"20210119115519","daily_mods":["Hoarder","Flight","Cursed Run"],"is_ascension_mode":true,"campfire_choices":[{"data":"Wraith Form v2","floor":1,"key":"SMITH"},{"floor":18,"key":"RECALL"},{"floor":35,"key":"REST"},{"data":"Pride","floor":54,"key":"PURGE"}],"circlet_count":0,"master_deck":["Demon Form","Wraith Form v2+1","Echo Form","DevaForm","bronze:Verify","Guardian:ConstructionForm","Slimebound:DuplicatedForm","sneckomod:SerpentMind","yuri:DragonForm","yuri:GhostForm","hexamod:HexaLevel","champ:GladiatorForm","AscendersBane","champ:Strike+1","champ:Strike","champ:Strike","champ:Defend","champ:Defend","champ:Defend","champ:Defend","champ:Execute","champ:Taunt+1","champ:SkillfulDodge","champ:SkillfulDodge","champ:SkillfulDodge","Regret","Regret","Regret","champ:StanceDance+1","champ:StanceDance","champ:StanceDance","Clumsy","Clumsy","Clumsy","champ:IronFortress","champ:IronFortress","champ:IronFortress","champ:EnragedBash","champ:EnragedBash+1","champ:EnragedBash","downfall:Malfunctioning","downfall:Malfunctioning","downfall:Malfunctioning","champ:Improvising","champ:Improvising","champ:Improvising","champ:Encircle","champ:Encircle","champ:Encircle","champ:VampiricStrike","champ:VampiricStrike","champ:VampiricStrike","champ:ArenaPreparation","champ:ArenaPreparation","champ:ArenaPreparation","champ:FocusedBerserking","champ:FocusedBerserking","champ:FocusedBerserking","Injury","Injury","Injury","champ:SwordThrow","champ:SwordThrow","champ:SwordThrow","champ:Encircle","champ:Encircle","champ:Encircle","Pride","Pride","champ:BladeFlurry","champ:BladeFlurry","champ:BladeFlurry","Doubt","Doubt","Doubt","Slimebound:CheckThePlaybook","Slimebound:CheckThePlaybook","Slimebound:CheckThePlaybook","downfall:Icky","downfall:Icky","downfall:Icky","champ:VampiricStrike","champ:VampiricStrike","champ:VampiricStrike","downfall:Haunted","downfall:Haunted","downfall:Haunted","champ:PerfectedStrike","champ:PerfectedStrike","champ:PerfectedStrike","downfall:Haunted","downfall:Haunted","downfall:Haunted","champ:LastStand","champ:LastStand","champ:LastStand","champ:MurderStrike+1","champ:MurderStrike+1","champ:MurderStrike+1","downfall:Icky","downfall:Icky","downfall:Icky","expansioncontent:AwakenDeath","expansioncontent:AwakenDeath","expansioncontent:AwakenDeath","champ:PerfectedStrike+1","champ:PerfectedStrike+1","champ:PerfectedStrike+1","champ:Encircle+1","champ:Encircle+1","champ:Encircle+1","champ:PerfectedStrike+1","champ:PerfectedStrike+1","champ:PerfectedStrike+1","Normality","Normality","Normality","champ:EnragedBash+1","champ:EnragedBash+1","champ:EnragedBash+1","Writhe","Writhe","Writhe","downfall:Haunted","downfall:Haunted","downfall:Haunted"],"relics":["Cursed Key","Darkstone Periapt","Du-Vu Doll","HushsDoor","HowToJump","StoneCalendar","MagicDraw1","GodSword4","Pen Nib","Bottled Lightning","SalivaCoin","Ornamental Fan","Medical Kit","hexamod:BolsterEngine","War Paint","Fusion Hammer","sneckomod:BlankCard","Whetstone","PlanX","Orichalcum","Slimebound:StickyStick","Guardian:BottledAnomaly","GnawedLeaf","EasyGame_NEW","downfall:HeartBlessingRed","downfall:HeartBlessingGreen","downfall:HeartBlessingBlue","TheBean","SecretRecord","Molten Egg 2","LastBattle","Meat on the Bone","MoreBug","Peace Pipe","Happy Flower","PreservedInsect","Akabeko","champ:BerserkersGuideToSlaughter","GuppysTail"],"acts_visited":["Exordium","TheCity","TheBeyond","TheEnding"],"potions_floor_usage":[40,46,50,55],"damage_taken":[{"damage":20,"enemies":"Jaw Worm","floor":2,"turns":7},{"damage":26,"enemies":"HollowMod:MossKnight","floor":6,"turns":6},{"damage":34,"enemies":"Small Slimes","floor":8,"turns":3},{"damage":25,"enemies":"Lagavulin","floor":9,"turns":4},{"damage":0,"enemies":"Gremlin Nob","floor":11,"turns":4},{"damage":16,"enemies":"Cultist","floor":12,"turns":2},{"damage":8,"enemies":"downfall:FleeingMerchant","floor":13,"turns":4},{"damage":1,"enemies":"downfall:FleeingMerchant","floor":14,"turns":3},{"damage":5,"enemies":"Exordium Wildlife","floor":15,"turns":2},{"damage":57,"enemies":"WA_ARCHETYPE_RETAIN","floor":16,"turns":5},{"damage":5,"enemies":"Shell Parasite","floor":19,"turns":1},{"damage":45,"enemies":"3 Byrds","floor":21,"turns":2},{"damage":83,"enemies":"Gremlin Leader","floor":26,"turns":4},{"damage":14,"enemies":"Book of Stabbing","floor":27,"turns":2},{"damage":0,"enemies":"Gremlin Leader","floor":28,"turns":2},{"damage":31,"enemies":"HollowMod:Nosk","floor":31,"turns":3},{"damage":15,"enemies":"Snecko","floor":32,"turns":1},{"damage":39,"enemies":"SI_MIRROR_ARCHETYPE","floor":33,"turns":4},{"damage":0,"enemies":"Orb Walker","floor":39,"turns":2},{"damage":67,"enemies":"HollowMod:StalkingDevout","floor":40,"turns":3},{"damage":57,"enemies":"Nemesis","floor":42,"turns":3},{"damage":6,"enemies":"HollowMod:StalkingDevout","floor":43,"turns":1},{"damage":20,"enemies":"Reptomancer","floor":44,"turns":2},{"damage":14,"enemies":"Nemesis","floor":46,"turns":3},{"damage":5,"enemies":"2 Orb Walkers","floor":47,"turns":1},{"damage":31,"enemies":"3 Darklings","floor":48,"turns":3},{"damage":6,"enemies":"Writhing Mass","floor":49,"turns":1},{"damage":93,"enemies":"IC_BLOCK_ARCHETYPE","floor":50,"turns":3},{"damage":28,"enemies":"downfall:CharBossMerchant","floor":52,"turns":2},{"damage":85,"enemies":"LittleHush","floor":55,"turns":13},{"damage":42,"enemies":"downfall:NeowBossFinal","floor":56,"turns":6}],"seed_played":"7616461649750436836","potions_obtained":[{"floor":8,"key":"FearPotion"},{"floor":11,"key":"Weak Potion"},{"floor":27,"key":"champ:UltimateStancePotion"},{"floor":42,"key":"Block Potion"},{"floor":48,"key":"Regen Potion"}],"is_trial":true,"path_per_floor":["R","M","?","?","?","E","T","M","E","T","E","M","$","$","M","B",null,"R","M","?","M","?","?","T","?","E","E","E","?","$","E","M","B",null,"R","$","?","?","M","E","T","E","E","E","?","E","?","M","M","B",null,"E","$","R","B","B",null],"character_chosen":"THE_CHAMP","items_purchased":["Medical Kit","hexamod:BolsterEngine","War Paint","Slimebound:StickyStick","Guardian:BottledAnomaly","TheBean","SecretRecord","Akabeko","champ:BerserkersGuideToSlaughter","GuppysTail"],"campfire_rested":1,"item_purchase_floors":[13,13,14,30,30,36,37,53,53,53],"current_hp_per_floor":[73,68,86,68,68,82,100,111,111,129,129,128,125,124,124,135,141,141,141,159,159,159,159,177,195,147,133,133,151,151,155,155,144,209,241,241,241,241,241,189,207,190,184,174,174,166,166,154,148,101,233,230,230,230,269,275],"gold":547,"neow_bonus":"","is_daily":false,"chose_seed":false,"campfire_upgraded":1,"win_rate":0.0,"timestamp":1611028519,"path_taken":["R","M","?","?","?","E","T","?","E","?","E","?","$","$","M","BOSS","R","M","?","?","?","?","T","?","E","E","E","?","$","E","M","BOSS","R","$","?","?","?","E","T","E","E","E","?","E","?","?","M","BOSS","E","$","R","BOSS","BOSS"],"items_purchased_type":["Relic","Relic","Relic","Relic","Relic","Relic","Relic","Relic","Relic","Relic"],"build_version":"2020-12-22","purchased_purges":0,"victory":true,"max_hp_per_floor":[81,79,97,97,97,93,111,111,111,129,129,129,125,125,125,143,143,143,143,161,161,161,161,179,197,197,197,197,215,215,213,213,231,231,241,241,241,241,241,241,259,259,259,259,259,259,259,259,259,277,277,277,277,277,293,309],"card_choices":[{"not_picked":["champ:Backstep","champ:FalseCounter"],"picked":"champ:SkillfulDodge","floor":2},{"not_picked":["champ:EnGarde","champ:AdrenalArmor"],"picked":"champ:StanceDance","floor":6},{"not_picked":["champ:FlashCut","champ:GutPunch"],"picked":"champ:IronFortress","floor":8},{"not_picked":["champ:Lariat","champ:IronFortress"],"picked":"champ:EnragedBash","floor":9},{"not_picked":["champ:ShieldWall","champ:Backstep"],"picked":"champ:Improvising","floor":11},{"not_picked":["champ:ShieldSlam","champ:AdrenalArmor"],"picked":"champ:Encircle","floor":12},{"not_picked":["champ:CalledShot","champ:SkillfulDodge"],"picked":"champ:VampiricStrike","floor":13},{"not_picked":["champ:Shatter","champ:FanOfKnives"],"picked":"champ:ArenaPreparation","floor":14},{"not_picked":["champ:BringItOn","champ:EnGarde"],"picked":"champ:FocusedBerserking","floor":15},{"not_picked":["champ:TripleStrike","champ:ShieldThrow"],"picked":"champ:SwordThrow","floor":16},{"not_picked":["champ:RapidStrikes","champ:DefensiveShout"],"picked":"champ:Encircle","floor":19},{"not_picked":["champ:PreciseThrust","champ:Backstep"],"picked":"champ:BladeFlurry","floor":21},{"not_picked":["champ:FalseCounter","champ:BladeFlurry","champ:BerserkersShout"],"picked":"SKIP","floor":26},{"not_picked":["champ:FancyFootwork","champ:ArenaPreparation+1","champ:FlashCut+1"],"picked":"SKIP","floor":27},{"not_picked":["champ:RisingSlash","champ:BerserkersShout"],"picked":"champ:VampiricStrike","floor":28},{"not_picked":["champ:DefensiveShout","champ:Lariat","champ:PreciseThrust"],"picked":"SKIP","floor":31},{"not_picked":["champ:HeartStrike","champ:BladeFlurry+1"],"picked":"champ:PerfectedStrike","floor":32},{"not_picked":["champ:VampiricStrike","champ:GladiatorForm"],"picked":"champ:LastStand","floor":33},{"not_picked":["champ:BladeFlurry","champ:CrownThrow+1","champ:FocusedDefense"],"picked":"SKIP","floor":39},{"not_picked":["champ:UltimateStance","champ:Circumvent"],"picked":"champ:MurderStrike+1","floor":40},{"not_picked":["champ:EndlessRage","champ:PreemptiveStrike+1","champ:BerserkersShout"],"picked":"SKIP","floor":42},{"not_picked":["champ:Endure+1","champ:FalseCounter+1","champ:Shatter+1"],"picked":"SKIP","floor":43},{"not_picked":["champ:Circumvent","champ:Backstep+1","champ:AdrenalArmor"],"picked":"SKIP","floor":44},{"not_picked":["expansioncontent:HyperBeam+1","expansioncontent:PolyBeam+1"],"picked":"expansioncontent:AwakenDeath","floor":45},{"not_picked":["champ:FlashCut+1","champ:CrookedStrike+1"],"picked":"champ:PerfectedStrike+1","floor":46},{"not_picked":["champ:ShieldSlam","champ:EndlessRage"],"picked":"champ:Encircle+1","floor":47},{"not_picked":["champ:CrownThrow+1","champ:HeartStrike+1","champ:TornadoPunch+1"],"picked":"SKIP","floor":48},{"not_picked":["champ:GutPunch+1","champ:StanceDance"],"picked":"champ:PerfectedStrike+1","floor":49},{"not_picked":["champ:PreciseThrust+1","champ:GladiatorForm"],"picked":"champ:EnragedBash+1","floor":52}],"player_experience":705287,"relics_obtained":[{"floor":6,"key":"GodSword4"},{"floor":7,"key":"Pen Nib"},{"floor":9,"key":"Bottled Lightning"},{"floor":10,"key":"SalivaCoin"},{"floor":11,"key":"Ornamental Fan"},{"floor":26,"key":"Whetstone"},{"floor":27,"key":"PlanX"},{"floor":28,"key":"Orichalcum"},{"floor":31,"key":"GnawedLeaf"},{"floor":40,"key":"Molten Egg 2"},{"floor":41,"key":"LastBattle"},{"floor":42,"key":"Meat on the Bone"},{"floor":43,"key":"MoreBug"},{"floor":44,"key":"Peace Pipe"},{"floor":46,"key":"Happy Flower"},{"floor":52,"key":"PreservedInsect"}],"event_choices":[{"damage_healed":0,"gold_gain":0,"player_choice":"Box","damage_taken":0,"relics_obtained":["StoneCalendar"],"max_hp_gain":0,"max_hp_loss":0,"event_name":"Big Fish","floor":3,"gold_loss":0,"cards_obtained":["Regret"]},{"damage_healed":0,"gold_gain":0,"player_choice":"Success","damage_taken":18,"relics_obtained":["MagicDraw1"],"max_hp_gain":0,"max_hp_loss":0,"event_name":"Scrap Ooze","floor":4,"gold_loss":0},{"damage_healed":0,"gold_gain":0,"player_choice":"Stole Relic","damage_taken":0,"relics_obtained":["sneckomod:BlankCard"],"max_hp_gain":0,"max_hp_loss":0,"event_name":"Addict","floor":20,"gold_loss":0,"cards_obtained":["Pride"]},{"damage_healed":0,"gold_gain":0,"player_choice":"Ignored","damage_taken":0,"max_hp_gain":0,"max_hp_loss":0,"event_name":"Vampires","floor":23,"gold_loss":0},{"damage_healed":0,"gold_gain":0,"player_choice":"Fight","damage_taken":0,"max_hp_gain":0,"max_hp_loss":0,"event_name":"Mysterious Sphere","floor":47,"gold_loss":0}],"is_beta":false,"boss_relics":[{"not_picked":["SacredBark","Philosopher\u0027s Stone"],"picked":"Fusion Hammer"},{"not_picked":[]},{"not_picked":["Tiny House","Pandora\u0027s Box"],"picked":"EasyGame_NEW"},{"not_picked":[]}],"items_purged_floors":[],"is_endless":false,"potions_floor_spawned":[8,11,15,16,26,27,31,32,33,39,42,44,48],"ascension_level":20}}