{"host":"exhp4inpfmbngj23","time":1611038905,"event":{"mods":["Abigail Mod","BaseMod","Beaked The Cultist","Downfall","Friendly Minions","Gremlin Mod","Kiyohime????","Minty Spire (QoL Compilation)","StSLib","The Alterego"],"gold_per_floor":[99,113,113,127,577,606,606,506,517,517,545,564,364,364,381,479,479,479,489,489,70,87,101,101,86,36,48,48,33,33,58,71,71,71],"floor_reached":33,"language":"ENG","playtime":2017,"items_purged":[],"score":300,"play_id":"5dec34f8-d2f8-4d4d-9b42-f888ff23fa0b","local_time":"20210118224825","is_ascension_mode":false,"campfire_choices":[{"data":"sneckomod:DiceBoulder+1","floor":8,"key":"SMITH"},{"floor":10,"key":"RECALL"},{"floor":13,"key":"REST"},{"data":"sneckomod:DiceBoulder+2","floor":18,"key":"SMITH"},{"floor":28,"key":"REST"},{"floor":30,"key":"REST"}],"circlet_count":0,"master_deck":["sneckomod:Strike","sneckomod:Strike","sneckomod:Strike","sneckomod:Defend","sneckomod:Defend","sneckomod:Defend","sneckomod:TailWhip","sneckomod:SnekBite","sneckomod:Unknown","AbbyMod:AceInTheHole","sneckomod:DiceBoulder+3","downfall:Icky","downfall:Icky","downfall:Icky","sneckomod:UnknownBoss","sneckomod:UnknownUncommonAttack+1","sneckomod:RainOfDice","sneckomod:RainOfDice+1","sneckomod:IronFang+1","sneckomod:UnknownRarePower+1","sneckomod:UnknownX","sneckomod:DiceCrush"],"relics":["sneckomod:SneckoSoul","Gremlin Horn","downfall:HeartBlessingBlue","StrikeDummy","downfall:HeartBlessingRed","downfall:HeartBlessingGreen","SacredBark","Pear","ClockworkSouvenir","Frozen Egg 2","Torii"],"acts_visited":["Exordium","TheCity"],"potions_floor_usage":[32],"damage_taken":[{"damage":9,"enemies":"2 Louse","floor":2,"turns":3},{"damage":0,"enemies":"Cultist","floor":4,"turns":2},{"damage":21,"enemies":"Gremlin Nob","floor":6,"turns":4},{"damage":0,"enemies":"Small Slimes","floor":9,"turns":2},{"damage":44,"enemies":"3 Sentries","floor":11,"turns":9},{"damage":9,"enemies":"Blue Slaver","floor":12,"turns":4},{"damage":7,"enemies":"Red Slaver","floor":15,"turns":2},{"damage":74,"enemies":"SI_SHIV_ARCHETYPE","floor":16,"turns":9},{"damage":28,"enemies":"3 Byrds","floor":19,"turns":5},{"damage":5,"enemies":"downfall:FleeingMerchant","floor":21,"turns":4},{"damage":10,"enemies":"Centurion and Healer","floor":22,"turns":5},{"damage":30,"enemies":"Snake Plant","floor":23,"turns":4},{"damage":15,"enemies":"downfall:FleeingMerchant","floor":25,"turns":4},{"damage":65,"enemies":"Shelled Parasite and Fungi","floor":27,"turns":6},{"damage":20,"enemies":"downfall:FleeingMerchant","floor":29,"turns":4},{"damage":40,"enemies":"Book of Stabbing","floor":31,"turns":6},{"damage":15,"enemies":"Sentry and Sphere","floor":32,"turns":11},{"damage":29,"enemies":"IC_MUSHROOM_ARCHETYPE","floor":33,"turns":3}],"seed_played":"-3655214470272953356","potions_obtained":[{"floor":6,"key":"SkillPotion"},{"floor":12,"key":"SpeedPotion"},{"floor":16,"key":"SmokeBomb"},{"floor":32,"key":"Swift Potion"}],"is_trial":false,"path_per_floor":["R","M","?","M","?","E","T","R","M","R","E","M","R","?","M","B",null,"R","M","?","$","M","M","T","$","?","M","R","$","R","E","M","B"],"character_chosen":"THE_SNECKO","items_purchased":["Pear","ClockworkSouvenir"],"campfire_rested":3,"item_purchase_floors":[21,21],"current_hp_per_floor":[99,90,90,90,90,69,69,79,79,79,35,26,58,109,102,28,109,109,81,109,114,104,74,74,59,99,34,69,49,84,44,29,0,0],"gold":71,"neow_bonus":"TEN_PERCENT_HP_BONUS","is_daily":false,"chose_seed":false,"campfire_upgraded":2,"win_rate":0.0,"timestamp":1611038905,"path_taken":["R","M","?","?","?","E","T","R","M","R","E","M","R","?","M","BOSS","R","M","?","$","M","M","T","$","?","M","R","$","R","E","M","BOSS"],"items_purchased_type":["Relic","Relic"],"build_version":"2020-12-22","purchased_purges":0,"victory":false,"max_hp_per_floor":[99,99,99,99,99,99,99,109,109,109,109,109,109,109,109,109,109,109,109,109,119,119,119,119,119,119,119,119,119,119,119,119,119,119],"card_choices":[{"not_picked":["sneckomod:Nope","sneckomod:UnknownBlock"],"picked":"sneckomod:DiceBoulder","floor":2},{"not_picked":["sneckomod:DiceCrush","sneckomod:TrashToTreasure","sneckomod:RainOfDice"],"picked":"SKIP","floor":4},{"not_picked":["sneckomod:QuickBite","sneckomod:SoulCleanse","sneckomod:SoulDraw"],"picked":"SKIP","floor":6},{"not_picked":["sneckomod:SoulDraw","sneckomod:UnknownStrike","sneckomod:QuickBite"],"picked":"SKIP","floor":9},{"not_picked":["sneckomod:Unknown0Cost","sneckomod:UnknownCommonAttack","sneckomod:QuickMove"],"picked":"SKIP","floor":11},{"not_picked":["sneckomod:SnakeSap","sneckomod:UnknownStrike","sneckomod:DiceCrush"],"picked":"SKIP","floor":12},{"not_picked":["sneckomod:UnknownDraw","sneckomod:QuickBite","sneckomod:QuickMove"],"picked":"SKIP","floor":15},{"not_picked":["sneckomod:MorePower","sneckomod:SerpentMind"],"picked":"sneckomod:UnknownBoss","floor":16},{"not_picked":["sneckomod:Unknown1Cost","sneckomod:Nope"],"picked":"sneckomod:UnknownUncommonAttack+1","floor":19},{"not_picked":["sneckomod:SerpentIdol","sneckomod:Unknown1Cost"],"picked":"sneckomod:RainOfDice","floor":21},{"not_picked":["sneckomod:IronFang","sneckomod:UnknownStrike","sneckomod:QuickMove"],"picked":"SKIP","floor":22},{"not_picked":["sneckomod:SerpentIdol","sneckomod:ImprovisedAttack"],"picked":"sneckomod:RainOfDice+1","floor":23},{"not_picked":["sneckomod:DiceBlock","sneckomod:SnakeSap+1"],"picked":"sneckomod:IronFang+1","floor":25},{"not_picked":["sneckomod:MasterEye+1","sneckomod:RainOfDice","sneckomod:UnknownClassGareth_Color"],"picked":"SKIP","floor":27},{"not_picked":["sneckomod:WideSting","sneckomod:UnknownClassGareth_Color"],"picked":"sneckomod:UnknownRarePower+1","floor":29},{"not_picked":["sneckomod:Nope","sneckomod:SoulRoll"],"picked":"sneckomod:UnknownX","floor":31},{"not_picked":["sneckomod:TrashToTreasure","sneckomod:Unknown1Cost"],"picked":"sneckomod:DiceCrush","floor":32}],"player_experience":2009788,"relics_obtained":[{"floor":6,"key":"Gremlin Horn"},{"floor":11,"key":"StrikeDummy"},{"floor":24,"key":"Frozen Egg 2"},{"floor":31,"key":"Torii"}],"event_choices":[{"damage_healed":51,"gold_gain":0,"player_choice":"Full Heal","damage_taken":0,"max_hp_gain":0,"max_hp_loss":0,"event_name":"Wheel of Change","floor":14,"gold_loss":0},{"damage_healed":36,"gold_gain":0,"player_choice":"Heal","damage_taken":0,"max_hp_gain":0,"max_hp_loss":0,"event_name":"The Library","floor":20,"gold_loss":0}],"is_beta":false,"boss_relics":[{"not_picked":["Runic Pyramid","beaked:MawFillet"],"picked":"SacredBark"}],"items_purged_floors":[],"is_endless":false,"potions_floor_spawned":[6,12,16,19,32],"killed_by":"IC_MUSHROOM_ARCHETYPE","ascension_level":0}}