{"host":"lcnwkjlokfwcnxxu","time":1611082232,"event":{"mods":["BaseMod","Colored Map","Downfall","Duelist Mod","GifTheSpireLib","Infinite Spire","Minty Spire (QoL Compilation)","Quick Restart","StSLib"],"gold_per_floor":[99,117,128,228,246,276,358,372,372,372,401,401,401,413,433,531,531,531,542,542,542,560,571,595,41,57,7,20,20,20,40,51,151,151,151,165,165,215,215,215,239,239,239,239,239],"floor_reached":44,"language":"ENG","playtime":2347,"items_purged":["Pain","champ:Defend"],"score":418,"play_id":"3cfd91a7-7597-4278-bb15-2f82e9e673dc","local_time":"20210119105032","is_ascension_mode":false,"campfire_choices":[{"data":"champ:Execute","floor":1.0,"key":"SMITH"},{"data":"champ:ShieldWall","floor":9.0,"key":"SMITH"},{"floor":13.0,"key":"REST"},{"data":"champ:Taunt","floor":18.0,"key":"SMITH"},{"data":"champ:ArenaPreparation","floor":29.0,"key":"SMITH"},{"data":"champ:BerserkersShout","floor":35.0,"key":"SMITH"}],"circlet_count":0,"master_deck":["champ:Strike","champ:Defend","champ:Execute+1","champ:Taunt+1","champ:ShieldWall+1","champ:EnGarde","champ:PreemptiveStrike","champ:BerserkersShout+1","champ:CalledShot","champ:ArenaPreparation+1","champ:VampiricStrike","champ:AdrenalArmor+1","champ:FaceSlap+1","champ:HeartStrike","champ:Circumvent","champ:UltimateStance"],"relics":["champ:ChampionCrown","Happy Flower","infinitespire:EmpoweringShard","downfall:ShatteredFragment","CaptainsWheel","infinitespire:CursedDice","Coffee Dripper","Orichalcum","champ:DefensiveTrainingManual","Juzu Bracelet","infinitespire:Joker Card","Busted Crown","Shovel","Boot","Bag of Preparation"],"acts_visited":["Exordium","TheCity","TheBeyond"],"potions_floor_usage":[],"damage_taken":[{"damage":10.0,"enemies":"Jaw Worm","floor":2.0,"turns":2.0},{"damage":10.0,"enemies":"Small Slimes","floor":3.0,"turns":4.0},{"damage":0.0,"enemies":"2 Louse","floor":5.0,"turns":3.0},{"damage":32.0,"enemies":"Lagavulin","floor":6.0,"turns":7.0},{"damage":20.0,"enemies":"Exordium Wildlife","floor":8.0,"turns":5.0},{"damage":25.0,"enemies":"3 Sentries","floor":11.0,"turns":3.0},{"damage":23.0,"enemies":"Gremlin Gang","floor":14.0,"turns":4.0},{"damage":22.0,"enemies":"Blue Slaver","floor":15.0,"turns":3.0},{"damage":63.0,"enemies":"WA_ARCHETYPE_RETAIN","floor":16.0,"turns":6.0},{"damage":33.0,"enemies":"Shell Parasite","floor":19.0,"turns":4.0},{"damage":40.0,"enemies":"Chosen","floor":22.0,"turns":3.0},{"damage":34.0,"enemies":"Snake Plant","floor":23.0,"turns":4.0},{"damage":63.0,"enemies":"downfall:FleeingMerchant","floor":25.0,"turns":4.0},{"damage":55.0,"enemies":"Snecko","floor":26.0,"turns":3.0},{"damage":25.0,"enemies":"Shelled Parasite and Fungi","floor":28.0,"turns":3.0},{"damage":50.0,"enemies":"Centurion and Healer","floor":31.0,"turns":3.0},{"damage":35.0,"enemies":"Snecko","floor":32.0,"turns":3.0},{"damage":140.0,"enemies":"DF_ARCHETYPE_CLAW","floor":33.0,"turns":7.0},{"damage":40.0,"enemies":"Orb Walker","floor":36.0,"turns":1.0},{"damage":45.0,"enemies":"Orb Walker","floor":38.0,"turns":4.0}],"seed_played":"1137106066806858511","potions_obtained":[{"floor":3.0,"key":"CultistPotion"},{"floor":5.0,"key":"infinitespire:BlackPotion"},{"floor":6.0,"key":"Dexterity Potion"},{"floor":8.0,"key":"bronze:BurnAndBuffPotion"},{"floor":15.0,"key":"Strength Potion"},{"floor":26.0,"key":"hexamod:SoulburnPotion"},{"floor":28.0,"key":"Weak Potion"},{"floor":33.0,"key":"Regen Potion"},{"floor":36.0,"key":"PowerPotion"}],"is_trial":false,"path_per_floor":["R","M","M","?","M","E","T","M","R","?","E","?","R","M","M","B",null,"R","M","?","AVR","M","M","T","$","M","?","M","R","?","M","M","B",null,"R","M","?","?","?","?","T","?","AVR","M"],"character_chosen":"THE_CHAMP","items_purchased":["Juzu Bracelet","infinitespire:Joker Card"],"campfire_rested":1,"item_purchase_floors":[25,25],"current_hp_per_floor":[99,99,99,99,99,82,82,72,72,45,40,40,69,66,64,46,99,99,96,96,96,96,87,87,84,74,99,94,94,94,94,94,74,99,99,99,99,99,99,99,99,99,99,99,99],"gold":239,"neow_bonus":"TEN_PERCENT_HP_BONUS","is_daily":false,"chose_seed":false,"campfire_upgraded":5,"win_rate":0.0,"timestamp":1611082232,"path_taken":["R","M","M","?","M","E","T","M","R","?","E","?","R","M","M","BOSS","R","M","?","AVR","?","M","T","$","M","?","M","R","?","M","M","BOSS","R","M","?","?","?","?","T","?","AVR","M"],"items_purchased_type":["Relic","Relic"],"build_version":"2020-12-22","purchased_purges":2,"victory":false,"max_hp_per_floor":[99,99,99,99,99,99,99,99,99,99,99,99,99,99,99,99,99,99,99,99,99,99,99,99,99,99,99,99,99,99,99,99,99,99,99,99,99,99,99,99,99,99,99,99,99],"card_choices":[{"not_picked":["champ:FancyFootwork","champ:FaceSlap"],"picked":"champ:ShieldWall","floor":2.0},{"not_picked":["champ:CrownThrow","champ:EnragedBash"],"picked":"champ:EnGarde","floor":3.0},{"not_picked":["champ:TornadoPunch","champ:Haymaker"],"picked":"champ:PreemptiveStrike","floor":5.0},{"not_picked":["champ:LastStand","champ:Parry","champ:TornadoPunch"],"picked":"SKIP","floor":6.0},{"not_picked":["champ:StanceDance","champ:Parry"],"picked":"champ:BerserkersShout","floor":8.0},{"not_picked":["champ:FanOfKnives","champ:TripleStrike"],"picked":"champ:CalledShot","floor":11.0},{"not_picked":["champ:EnGarde","champ:FocusedDefense","champ:FanOfKnives"],"picked":"SKIP","floor":14.0},{"not_picked":["champ:ShieldWall","champ:TornadoPunch"],"picked":"champ:ArenaPreparation","floor":15.0},{"not_picked":["champ:MurderStrike","champ:GladiatorForm"],"picked":"champ:VampiricStrike","floor":16.0},{"not_picked":["champ:ShieldWall","champ:BerserkersShout"],"picked":"champ:AdrenalArmor+1","floor":19.0},{"not_picked":["champ:CalledShot+1","champ:RapidStrikes","champ:PreciseThrust"],"picked":"SKIP","floor":22.0},{"not_picked":["champ:Endure","champ:GutPunch","champ:SetATrap"],"picked":"SKIP","floor":23.0},{"not_picked":["champ:Shatter","champ:PreciseThrust","champ:AdrenalArmor+1"],"picked":"SKIP","floor":25.0},{"not_picked":["champ:BerserkersShout","champ:EnragedBash"],"picked":"champ:FaceSlap+1","floor":26.0},{"not_picked":["champ:FanOfKnives","champ:Lariat"],"picked":"champ:HeartStrike","floor":28.0},{"not_picked":["champ:PreemptiveStrike","champ:AdrenalArmor","champ:SwordThrow"],"picked":"SKIP","floor":31.0},{"not_picked":["champ:BladeFlurry","champ:CrownThrow"],"picked":"champ:Circumvent","floor":32.0},{"not_picked":["champ:DancingMaster","champ:GladiatorForm"],"picked":"champ:UltimateStance","floor":33.0},{"not_picked":["champ:StanceDance"],"picked":"SKIP","floor":36.0}],"player_experience":86126,"relics_obtained":[{"floor":6.0,"key":"Happy Flower"},{"floor":7.0,"key":"infinitespire:EmpoweringShard"},{"floor":11.0,"key":"CaptainsWheel"},{"floor":12.0,"key":"infinitespire:CursedDice"},{"floor":24.0,"key":"champ:DefensiveTrainingManual"},{"floor":38.0,"key":"Shovel"},{"floor":39.0,"key":"Boot"},{"floor":41.0,"key":"Bag of Preparation"}],"event_choices":[{"cards_removed":["champ:Defend"],"damage_healed":0.0,"max_hp_gain":0.0,"max_hp_loss":0.0,"gold_gain":0.0,"event_name":"Falling","player_choice":"Removed Skill","floor":37.0,"gold_loss":0.0,"damage_taken":0.0}],"is_beta":false,"boss_relics":[{"not_picked":["Astrolabe","Cursed Key"],"picked":"Coffee Dripper"},{"not_picked":["Black Star","Snecko Eye"],"picked":"Busted Crown"}],"items_purged_floors":[21,25],"is_endless":false,"potions_floor_spawned":[3,5,6,8,15,26,28,33,36],"killed_by":"3 Darklings","ascension_level":0}}