{"host":"foq4mrde4mssg7vt","time":1611068774,"event":{"mods":["AchievementEnabler","BaseMod","Colored Map","Colored Powertips","Highlight Path","Minty Spire (QoL Compilation)","Relic Stats","everything is the same but u backflip on backflip"],"gold_per_floor":[111,127,127,151,151,186,186,199,199,220,258,258,277,290,290,386,386,409,409,409,432,147,190,190,190],"floor_reached":24,"language":"ENG","playtime":1198,"items_purged":["Pain"],"score":445,"play_id":"e9884ecf-990c-4f74-a248-bdf27120dce8","local_time":"20210119230614","is_ascension_mode":true,"campfire_choices":[{"floor":7.0,"key":"REST"},{"data":"True Grit","floor":12.0,"key":"SMITH"},{"data":"Uppercut","floor":15.0,"key":"SMITH"}],"circlet_count":0,"master_deck":["AscendersBane","Strike_R","Strike_R","Strike_R","Defend_R","Defend_R","Defend_R","Defend_R","Bash","Fire Breathing","Iron Wave","Injury","Anger","Uppercut+1","Reckless Charge","True Grit+1","Feed","Feed","Disarm","Burning Pact","Apotheosis","Power Through"],"relics":["SlaversCollar","Golden Idol","WarpedTongs","Shuriken","Pantograph","Nunchaku","Cursed Key","Dream Catcher"],"acts_visited":["Exordium","TheCity"],"potions_floor_usage":[24],"damage_taken":[{"damage":1.0,"enemies":"Cultist","floor":1.0,"turns":3.0},{"damage":4.0,"enemies":"Jaw Worm","floor":2.0,"turns":5.0},{"damage":4.0,"enemies":"Small Slimes","floor":4.0,"turns":3.0},{"damage":30.0,"enemies":"Gremlin Nob","floor":6.0,"turns":4.0},{"damage":5.0,"enemies":"Looter","floor":8.0,"turns":3.0},{"damage":13.0,"enemies":"Gremlin Gang","floor":10.0,"turns":5.0},{"damage":14.0,"enemies":"Lagavulin","floor":11.0,"turns":5.0},{"damage":0.0,"enemies":"Large Slime","floor":13.0,"turns":3.0},{"damage":10.0,"enemies":"2 Fungi Beasts","floor":14.0,"turns":4.0},{"damage":18.0,"enemies":"Slime Boss","floor":16.0,"turns":7.0},{"damage":25.0,"enemies":"2 Thieves","floor":18.0,"turns":3.0},{"damage":17.0,"enemies":"Spheric Guardian","floor":21.0,"turns":4.0},{"damage":22,"enemies":"Book of Stabbing","floor":23,"turns":5},{"damage":8,"enemies":"Centurion and Healer","floor":24,"turns":2}],"seed_played":"3077508789406838568","potions_obtained":[{"floor":1.0,"key":"FearPotion"},{"floor":6.0,"key":"Regen Potion"},{"floor":10.0,"key":"AttackPotion"},{"floor":16.0,"key":"Fire Potion"},{"floor":23,"key":"EssenceOfSteel"}],"is_trial":false,"path_per_floor":["M","M","?","M","?","E","R","M","T","M","E","R","M","M","R","B",null,"M","?","?","M","$","E","M"],"character_chosen":"IRONCLAD","items_purchased":["Apotheosis"],"campfire_rested":1,"item_purchase_floors":[22],"current_hp_per_floor":[67,63,63,59,59,29,51,46,46,33,33,33,33,23,23,30,64,43,43,43,30,30,8,0,0],"gold":190,"neow_bonus":"BOSS_RELIC","is_daily":false,"chose_seed":false,"campfire_upgraded":2,"win_rate":0.0,"timestamp":1611068774,"path_taken":["M","M","?","M","?","E","R","?","T","M","E","R","M","M","R","BOSS","M","?","?","M","$","E","M"],"items_purchased_type":["Card"],"build_version":"2020-12-22","purchased_purges":1,"victory":false,"max_hp_per_floor":[75,75,75,75,75,75,75,75,75,75,75,75,75,75,75,75,75,79,79,79,83,83,83,83,83],"relic_stats":{"Nunchaku":[5],"Dream Catcher":0,"counters":[14,56],"Golden Idol":72,"Shuriken":[12],"Pantograph":25,"Cursed Key":0,"obtain_stats":[{"SlaversCollar":0,"Nunchaku":11,"Dream Catcher":23,"Golden Idol":3,"Shuriken":6,"Pantograph":9,"Cursed Key":17,"Burning Blood":0,"WarpedTongs":5},{"SlaversCollar":0,"Nunchaku":7,"Dream Catcher":13,"Golden Idol":2,"Shuriken":4,"Pantograph":5,"Cursed Key":10,"Burning Blood":0,"WarpedTongs":3},{"SlaversCollar":0,"Nunchaku":28,"Dream Catcher":54,"Golden Idol":8,"Shuriken":15,"Pantograph":18,"Cursed Key":42,"Burning Blood":0,"WarpedTongs":11}],"WarpedTongs":[41]},"card_choices":[{"not_picked":["Intimidate","Dark Embrace"],"picked":"Fire Breathing","floor":1.0},{"not_picked":["Body Slam","Heavy Blade"],"picked":"Iron Wave","floor":2.0},{"not_picked":["Armaments","Pommel Strike"],"picked":"Anger","floor":4.0},{"not_picked":["Flex","Brutality"],"picked":"Uppercut","floor":6.0},{"not_picked":["Seeing Red","Shrug It Off"],"picked":"Reckless Charge","floor":8.0},{"not_picked":["Wild Strike","Iron Wave"],"picked":"True Grit","floor":10.0},{"not_picked":["Thunderclap","Clothesline","Corruption"],"picked":"SKIP","floor":11.0},{"not_picked":["Warcry","Pommel Strike","Headbutt"],"picked":"SKIP","floor":13.0},{"not_picked":["Pummel","Havoc","Carnage"],"picked":"SKIP","floor":14.0},{"not_picked":["Berserk","Demon Form"],"picked":"Feed","floor":16.0},{"not_picked":["Clash+1","Perfected Strike","Bloodletting"],"picked":"SKIP","floor":18.0},{"not_picked":["True Grit","Metallicize"],"picked":"Burning Pact","floor":21.0},{"not_picked":["Juggernaut","Searing Blow"],"picked":"Power Through","floor":23}],"player_experience":496350,"relics_obtained":[{"floor":6.0,"key":"Shuriken"},{"floor":9.0,"key":"Pantograph"},{"floor":11.0,"key":"Nunchaku"},{"floor":23,"key":"Dream Catcher"}],"event_choices":[{"damage_healed":0.0,"max_hp_gain":0.0,"max_hp_loss":0.0,"gold_gain":0.0,"event_name":"Golden Idol","player_choice":"Take Wound","floor":3.0,"gold_loss":0.0,"damage_taken":0.0,"relics_obtained":["Golden Idol"],"cards_obtained":["Injury"]},{"damage_healed":0.0,"max_hp_gain":0.0,"max_hp_loss":0.0,"gold_gain":0.0,"event_name":"Accursed Blacksmith","player_choice":"Rummage","floor":5.0,"gold_loss":0.0,"damage_taken":0.0,"relics_obtained":["WarpedTongs"],"cards_obtained":["Pain"]},{"damage_healed":0.0,"max_hp_gain":0.0,"max_hp_loss":0.0,"gold_gain":0.0,"event_name":"Ghosts","player_choice":"Ignored","floor":19.0,"gold_loss":0.0,"damage_taken":0.0},{"damage_healed":0.0,"max_hp_gain":0.0,"max_hp_loss":0.0,"gold_gain":0.0,"cards_transformed":["Strike_R","Strike_R"],"event_name":"Drug Dealer","player_choice":"Became Test Subject","floor":20.0,"gold_loss":0.0,"damage_taken":0.0,"cards_obtained":["Feed","Disarm"]}],"is_beta":false,"boss_relics":[{"not_picked":["Snecko Eye","Runic Dome"],"picked":"Cursed Key"}],"items_purged_floors":[22],"is_endless":false,"potions_floor_spawned":[1,6,10,16,23],"killed_by":"Centurion and Healer","ascension_level":19}}