{"host":"wha9hktbkslqvblg","time":1611097201,"event":{"mods":["BaseMod","Colored Map","Minty Spire (QoL Compilation)","Relic Stats","SuperFastMode","everything is the same but u backflip on backflip"],"gold_per_floor":[111,111,111,131,131,131,166,189,212,236,236,274,299,318,318,318,318],"floor_reached":16,"language":"KOR","playtime":331,"items_purged":[],"score":274,"play_id":"52196293-3fd9-44cd-8528-980baf8e1409","local_time":"20210120080001","is_ascension_mode":true,"campfire_choices":[{"data":"Hemokinesis","floor":6,"key":"SMITH"},{"data":"Body Slam","floor":15,"key":"SMITH"}],"circlet_count":0,"master_deck":["AscendersBane","Strike_R+1","Strike_R","Strike_R","Strike_R","Strike_R","Defend_R","Defend_R","Defend_R","Defend_R+1","Bash","Anger","Hemokinesis+1","Body Slam+1","Evolve"],"relics":["Burning Blood","NeowsBlessing","Gambling Chip","Golden Idol","Orichalcum","Oddly Smooth Stone","Potion Belt"],"acts_visited":["Exordium"],"potions_floor_usage":[12,12],"damage_taken":[{"damage":0,"enemies":"2 Louse","floor":1,"turns":1},{"damage":0,"enemies":"Jaw Worm","floor":4,"turns":1},{"damage":0,"enemies":"Lagavulin","floor":7,"turns":1},{"damage":2,"enemies":"Cultist","floor":8,"turns":2},{"damage":2,"enemies":"2 Fungi Beasts","floor":10,"turns":4},{"damage":6,"enemies":"3 Sentries","floor":12,"turns":6},{"damage":5,"enemies":"Red Slaver","floor":13,"turns":3},{"damage":9,"enemies":"Blue Slaver","floor":14,"turns":3},{"damage":39,"enemies":"Slime Boss","floor":16,"turns":9}],"seed_played":"8099726735401461952","potions_obtained":[{"floor":8,"key":"SkillPotion"},{"floor":10,"key":"Explosive Potion"},{"floor":12,"key":"ElixirPotion"}],"is_trial":false,"path_per_floor":["M","?","T","M","?","R","E","M","T","M","?","E","M","M","R","B"],"character_chosen":"IRONCLAD","items_purchased":[],"campfire_rested":0,"item_purchase_floors":[],"current_hp_per_floor":[74,51,51,57,31,31,37,41,41,45,50,50,51,48,48,9,9],"gold":318,"neow_bonus":"THREE_ENEMY_KILL","is_daily":false,"chose_seed":false,"campfire_upgraded":2,"win_rate":0.0,"timestamp":1611097201,"path_taken":["M","?","?","M","?","R","E","M","T","M","?","E","M","M","R","BOSS"],"items_purchased_type":[],"build_version":"2020-12-22","purchased_purges":0,"victory":false,"max_hp_per_floor":[75,75,75,75,75,75,75,75,75,75,80,80,80,80,80,80,80],"relic_stats":{"counters":[9,30],"Golden Idol":34,"Gambling Chip":[15],"Orichalcum":[54],"obtain_stats":[{"Potion Belt":12,"NeowsBlessing":0,"Golden Idol":5,"Gambling Chip":3,"Oddly Smooth Stone":9,"Orichalcum":7,"Burning Blood":0},{"Potion Belt":6,"NeowsBlessing":0,"Golden Idol":2,"Gambling Chip":1,"Oddly Smooth Stone":4,"Orichalcum":3,"Burning Blood":0},{"Potion Belt":15,"NeowsBlessing":0,"Golden Idol":2,"Gambling Chip":1,"Oddly Smooth Stone":5,"Orichalcum":3,"Burning Blood":0}],"Burning Blood":48},"card_choices":[{"not_picked":["Headbutt","Dark Embrace"],"picked":"Anger","floor":1},{"not_picked":["Shrug It Off","True Grit"],"picked":"Hemokinesis","floor":4},{"not_picked":["Rage","Iron Wave"],"picked":"Body Slam","floor":7},{"not_picked":["Perfected Strike","Dark Embrace","Rupture"],"picked":"SKIP","floor":8},{"not_picked":["Pummel","Headbutt","Perfected Strike"],"picked":"SKIP","floor":10},{"not_picked":["Searing Blow","Spot Weakness"],"picked":"Evolve","floor":12},{"not_picked":["Exhume","Anger","True Grit"],"picked":"SKIP","floor":13},{"not_picked":["Wild Strike","Hemokinesis","True Grit"],"picked":"SKIP","floor":14}],"player_experience":983603,"relics_obtained":[{"floor":3,"key":"Gambling Chip"},{"floor":7,"key":"Orichalcum"},{"floor":9,"key":"Oddly Smooth Stone"},{"floor":12,"key":"Potion Belt"}],"event_choices":[{"damage_healed":0,"gold_gain":0,"player_choice":"Entered Light","damage_taken":23,"max_hp_gain":0,"max_hp_loss":0,"event_name":"Shining Light","floor":2,"gold_loss":0,"cards_upgraded":["Strike_R","Defend_R"]},{"damage_healed":0,"gold_gain":0,"player_choice":"Take Damage","damage_taken":26,"relics_obtained":["Golden Idol"],"max_hp_gain":0,"max_hp_loss":0,"event_name":"Golden Idol","floor":5,"gold_loss":0},{"damage_healed":0,"gold_gain":0,"player_choice":"Donut","damage_taken":0,"max_hp_gain":5,"max_hp_loss":0,"event_name":"Big Fish","floor":11,"gold_loss":0}],"is_beta":false,"boss_relics":[],"items_purged_floors":[],"is_endless":false,"potions_floor_spawned":[8,10,12],"killed_by":"Slime Boss","ascension_level":20}}