{"host":"o6rpelx2jpc8yies","time":1611039312,"event":{"mods":["BaseMod","Downfall","Minty Spire (QoL Compilation)","StSLib"],"gold_per_floor":[99,99,99,99,199,231,258,58,85,85,103,114,145,145,157,254,254,154,166,186,186,28,128,128,128,128,138,169,184,184,198,212,212,212,212],"floor_reached":33,"language":"ENG","playtime":1907,"items_purged":["Pride"],"score":375,"play_id":"756f1e1e-d6a5-4232-a1f3-c76e11e13235","local_time":"20210118235512","is_ascension_mode":true,"campfire_choices":[{"floor":1,"key":"RECALL"},{"data":"champ:DefensiveShout","floor":8,"key":"SMITH"},{"data":"champ:Parry","floor":10,"key":"SMITH"},{"data":"champ:DancingMaster","floor":18,"key":"SMITH"},{"data":"champ:StanceDance","floor":30,"key":"SMITH"}],"circlet_count":0,"master_deck":["champ:Strike+1","champ:Strike","champ:Strike","champ:Strike+1","champ:Defend","champ:Defend","champ:Defend","champ:Defend","champ:Execute+1","champ:Taunt","downfall:Malfunctioning","champ:Encircle","champ:DefensiveShout+1","champ:Parry+1","champ:VampiricStrike","champ:AdrenalArmor","champ:TornadoPunch+1","champ:StanceDance+1","champ:DancingMaster+1","champ:Haymaker+1","champ:HeartStrike+1","champ:DefensiveShout","champ:IronFortress","champ:FaceSlap+1","champ:ViciousMockery","champ:DefensiveStyle+1","champ:BerserkersShout"],"relics":["champ:ChampionCrown","downfall:HeartsMalice","CloakClasp","Orichalcum","downfall:HeartBlessingRed","downfall:HeartBlessingBlue","Toy Ornithopter","Molten Egg 2","Mummified Hand","sneckomod:SneckoTalon","downfall:HeartBlessingGreen","Darkstone Periapt","CaptainsWheel","Blue Candle","Potion Belt","Enchiridion","Frozen Egg 2"],"acts_visited":["Exordium","TheCity"],"potions_floor_usage":[28,28],"damage_taken":[{"damage":0,"floor":5,"turns":1},{"damage":0,"enemies":"Lagavulin","floor":6,"turns":1},{"damage":0,"enemies":"Gremlin Nob","floor":9,"turns":1},{"damage":14,"enemies":"Jaw Worm","floor":11,"turns":3},{"damage":0,"enemies":"2 Louse","floor":12,"turns":1},{"damage":30,"enemies":"3 Sentries","floor":13,"turns":8},{"damage":0,"enemies":"Small Slimes","floor":15,"turns":2},{"damage":83,"enemies":"DF_ARCHETYPE_STREAMLINE","floor":16,"turns":12},{"damage":13,"enemies":"Spheric Guardian","floor":19,"turns":3},{"damage":11,"enemies":"Shell Parasite","floor":20,"turns":5},{"damage":15,"enemies":"downfall:FleeingMerchant","floor":22,"turns":4},{"damage":41,"enemies":"IC_STATUS_ARCHETYPE","floor":23,"turns":10},{"damage":16,"enemies":"Snecko","floor":27,"turns":4},{"damage":20,"enemies":"Slavers","floor":28,"turns":5},{"damage":1,"enemies":"Chosen and Byrds","floor":29,"turns":2},{"damage":15,"enemies":"Snake Plant","floor":31,"turns":2},{"damage":11,"enemies":"Centurion and Healer","floor":32,"turns":5},{"damage":45,"enemies":"SI_MIRROR_ARCHETYPE","floor":33,"turns":6}],"seed_played":"-251697195823848243","potions_obtained":[{"floor":6,"key":"champ:CounterPotion"},{"floor":13,"key":"AttackPotion"},{"floor":15,"key":"Fire Potion"},{"floor":20,"key":"champ:OpenerPotion"},{"floor":27,"key":"Strength Potion"},{"floor":29,"key":"BlessingOfTheForge"}],"is_trial":false,"path_per_floor":["R","?","?","?","?","E","T","R","E","R","M","M","E","T","M","B",null,"R","M","M","?","$","?","T","?","?","M","E","M","R","M","M","B"],"character_chosen":"THE_CHAMP","items_purchased":["champ:IronFortress"],"campfire_rested":0,"item_purchase_floors":[22],"current_hp_per_floor":[90,90,90,90,90,90,90,100,100,100,96,96,86,86,86,38,100,100,97,96,102,102,81,81,81,65,64,54,53,53,43,42,0,0,0],"gold":212,"neow_bonus":"THREE_ENEMY_KILL","is_daily":false,"chose_seed":false,"campfire_upgraded":4,"win_rate":0.0,"timestamp":1611039312,"path_taken":["R","?","?","?","?","E","T","R","E","R","M","?","E","?","M","BOSS","R","M","M","?","$","?","T","?","?","M","E","M","R","M","M","BOSS"],"items_purchased_type":["Card"],"build_version":"2020-12-22","purchased_purges":1,"victory":false,"max_hp_per_floor":[90,90,90,90,90,90,90,100,100,100,100,100,100,100,100,100,100,100,100,100,106,106,106,106,106,106,106,106,106,106,106,106,106,106,106],"card_choices":[{"not_picked":["champ:GutPunch","champ:PerfectedStrike"],"picked":"champ:Encircle","floor":5},{"not_picked":["champ:TornadoPunch","champ:Backstep"],"picked":"champ:DefensiveShout","floor":6},{"not_picked":["champ:RapidStrikes","champ:FanOfKnives"],"picked":"champ:Parry","floor":9},{"not_picked":["champ:Shatter","champ:GutPunch"],"picked":"champ:VampiricStrike","floor":11},{"not_picked":["champ:Parry","champ:FlashCut"],"picked":"champ:AdrenalArmor","floor":12},{"not_picked":["champ:ArenaPreparation","champ:EnGarde"],"picked":"champ:TornadoPunch+1","floor":13},{"not_picked":["champ:EnGarde","champ:EndlessRage"],"picked":"champ:StanceDance","floor":15},{"not_picked":["champ:HoldFirm","champ:SteelEdge+1"],"picked":"champ:DancingMaster","floor":16},{"not_picked":["champ:BladeFlurry+1","champ:AdrenalArmor"],"picked":"champ:Haymaker+1","floor":19},{"not_picked":["champ:ShieldSigil","champ:Haymaker+1"],"picked":"champ:HeartStrike+1","floor":20},{"not_picked":["champ:HeavySlash+1","champ:DeathBlow+1"],"picked":"champ:DefensiveShout","floor":22},{"not_picked":["champ:GladiatorStyle","champ:BerserkersShout"],"picked":"champ:FaceSlap+1","floor":23},{"not_picked":["champ:Backstep","champ:EnGarde"],"picked":"champ:ViciousMockery","floor":27},{"not_picked":["champ:SkillfulDodge+1","champ:PerfectedStrike+1"],"picked":"champ:DefensiveStyle+1","floor":28},{"not_picked":["champ:AdrenalArmor+1","champ:StrikeOfGenius+1"],"picked":"champ:BerserkersShout","floor":29},{"not_picked":["champ:Backstep","champ:RapidStrikes+1","champ:EnGarde+1"],"picked":"SKIP","floor":31},{"not_picked":["champ:FanOfKnives+1","champ:DefensiveStyle+1","champ:PreemptiveStrike+1"],"picked":"SKIP","floor":32}],"player_experience":1786521,"relics_obtained":[{"floor":5,"key":"CloakClasp"},{"floor":6,"key":"Orichalcum"},{"floor":9,"key":"Toy Ornithopter"},{"floor":13,"key":"Molten Egg 2"},{"floor":14,"key":"Mummified Hand"},{"floor":23,"key":"CaptainsWheel"},{"floor":23,"key":"Blue Candle"},{"floor":24,"key":"Potion Belt"},{"floor":26,"key":"Enchiridion"},{"floor":28,"key":"Frozen Egg 2"}],"event_choices":[{"damage_healed":0,"gold_gain":0,"player_choice":"Stole Relic","damage_taken":0,"relics_obtained":["Darkstone Periapt"],"max_hp_gain":0,"max_hp_loss":0,"event_name":"Addict","floor":21,"gold_loss":0,"cards_obtained":["Pride"]}],"is_beta":false,"boss_relics":[{"not_picked":["Coffee Dripper","Runic Pyramid"],"picked":"sneckomod:SneckoTalon"}],"items_purged_floors":[22],"is_endless":false,"potions_floor_spawned":[6,13,15,16,20,23,27,29],"killed_by":"SI_MIRROR_ARCHETYPE","ascension_level":1}}