{"host":"4jj9j1v1tx707ann","time":1611063714,"event":{"mods":["AchievementEnabler","BaseMod","Colored Map","Keyboard Shortcuts","Minty Spire (QoL Compilation)","Permanent Neow","Quick Restart","Rare Cards Sparkle","StSLib","SuperFastMode","everything is the same but u backflip on backflip"],"gold_per_floor":[118,136,147,163,176,176,202,215,215,215,23,42,54,67,67,169,169,210,228,143,157,241,241,273,273,300,328,328,328],"floor_reached":28,"language":"KOR","playtime":858,"items_purged":[],"score":343,"play_id":"f4ad9504-b3ac-4101-8fb5-038970a316cf","local_time":"20210119224154","is_ascension_mode":true,"campfire_choices":[{"data":"Aggregate","floor":6,"key":"SMITH"},{"data":"Dualcast","floor":10,"key":"SMITH"},{"data":"HandOfGreed","floor":15,"key":"SMITH"},{"data":"Defragment","floor":23,"key":"SMITH"},{"data":"Loop","floor":25,"key":"SMITH"}],"circlet_count":0,"master_deck":["Strike_B","Defend_B","Defend_B","Defend_B","Zap","Dualcast+1","Force Field","Aggregate+1","Genetic Algorithm","Ball Lightning","Heatsinks","Conserve Battery","HandOfGreed+1","FTL","FTL","Electrodynamics","Hologram","Defragment+1","Double Energy+1","Static Discharge","Loop+1"],"relics":["Cracked Core","Strawberry","Shuriken","Empty Cage","Torii","Red Mask","Bottled Lightning","DataDisk","Meat on the Bone"],"acts_visited":["Exordium","TheCity"],"potions_floor_usage":[4,7,7,12,16,22,24,27],"damage_taken":[{"damage":4.0,"enemies":"Jaw Worm","floor":1.0,"turns":3.0},{"damage":0.0,"enemies":"Small Slimes","floor":2.0,"turns":3.0},{"damage":1.0,"enemies":"Cultist","floor":3.0,"turns":3.0},{"damage":16,"enemies":"Large Slime","floor":4,"turns":6},{"damage":16,"enemies":"3 Louse","floor":5,"turns":2},{"damage":16,"enemies":"3 Sentries","floor":7,"turns":6},{"damage":4,"enemies":"Exordium Wildlife","floor":8,"turns":5},{"damage":0,"enemies":"Looter","floor":12,"turns":2},{"damage":0,"enemies":"3 Louse","floor":13,"turns":2},{"damage":0,"enemies":"2 Fungi Beasts","floor":14,"turns":2},{"damage":11,"enemies":"Hexaghost","floor":16,"turns":7},{"damage":0,"enemies":"Chosen","floor":18,"turns":4},{"damage":12,"enemies":"Spheric Guardian","floor":19,"turns":5},{"damage":0,"enemies":"3 Cultists","floor":21,"turns":3},{"damage":1,"enemies":"Masked Bandits","floor":22,"turns":3},{"damage":25,"enemies":"Book of Stabbing","floor":24,"turns":5},{"damage":11,"enemies":"Slavers","floor":27,"turns":2},{"damage":11,"enemies":"Cultist and Chosen","floor":28,"turns":4}],"seed_played":"6811333571827030679","potions_obtained":[{"floor":1.0,"key":"EssenceOfDarkness"},{"floor":4,"key":"Fire Potion"},{"floor":5,"key":"Block Potion"},{"floor":8,"key":"Explosive Potion"},{"floor":12,"key":"SteroidPotion"},{"floor":16,"key":"SkillPotion"},{"floor":19,"key":"AttackPotion"},{"floor":22,"key":"Energy Potion"}],"is_trial":false,"path_per_floor":["M","M","M","M","M","R","E","M","T","R","$","M","M","M","R","B",null,"M","M","?","M","?","R","E","R","T","E","M"],"character_chosen":"DEFECT","items_purchased":["HandOfGreed"],"campfire_rested":0,"item_purchase_floors":[11],"current_hp_per_floor":[64,64,63,47,31,31,22,18,18,18,18,18,18,18,18,7,58,58,46,46,46,45,45,20,20,20,9,0,0],"gold":328,"neow_bonus":"TRANSFORM_TWO_CARDS","is_daily":false,"chose_seed":false,"campfire_upgraded":5,"win_rate":0.0,"timestamp":1611063714,"path_taken":["M","M","M","M","M","R","E","M","T","R","$","M","M","M","R","BOSS","M","M","?","M","?","R","E","R","T","E","M"],"items_purchased_type":["Card"],"build_version":"2020-12-22","purchased_purges":0,"victory":false,"max_hp_per_floor":[68,68,68,68,68,68,75,75,75,75,75,75,75,75,75,75,75,75,75,75,75,75,75,75,75,75,75,75,75],"card_choices":[{"not_picked":["Sweeping Beam","Streamline"],"picked":"Genetic Algorithm","floor":1.0},{"not_picked":["Melter","Cold Snap"],"picked":"Ball Lightning","floor":2.0},{"not_picked":["Consume","Coolheaded"],"picked":"Heatsinks","floor":3.0},{"not_picked":["Go for the Eyes","Stack","Hello World"],"picked":"SKIP","floor":4},{"not_picked":["Streamline","Reinforced Body"],"picked":"Conserve Battery","floor":5},{"not_picked":["Ball Lightning","Multi-Cast","Go for the Eyes"],"picked":"SKIP","floor":7},{"not_picked":["Steam","Beam Cell","Leap"],"picked":"SKIP","floor":8},{"not_picked":["Doom and Gloom","Reprogram"],"picked":"FTL","floor":12},{"not_picked":["Streamline","Barrage","Blizzard"],"picked":"SKIP","floor":13},{"not_picked":["Leap","Hello World"],"picked":"FTL","floor":14},{"not_picked":["Reboot","Amplify"],"picked":"Electrodynamics","floor":16},{"not_picked":["Coolheaded+1","Auto Shields"],"picked":"Hologram","floor":18},{"not_picked":["Blizzard","Beam Cell"],"picked":"Defragment","floor":19},{"not_picked":["Heatsinks","Recycle"],"picked":"Double Energy+1","floor":21},{"not_picked":["Fusion","Hyperbeam"],"picked":"Static Discharge","floor":22},{"not_picked":["BootSequence","Coolheaded"],"picked":"Loop","floor":24},{"not_picked":["Gash","Leap","Turbo"],"picked":"SKIP","floor":27}],"player_experience":170550,"relics_obtained":[{"floor":7,"key":"Strawberry"},{"floor":9,"key":"Shuriken"},{"floor":22,"key":"Red Mask"},{"floor":24,"key":"Bottled Lightning"},{"floor":26,"key":"DataDisk"},{"floor":27,"key":"Meat on the Bone"}],"event_choices":[{"damage_healed":0,"gold_gain":0,"player_choice":"Obtained Relic","damage_taken":0,"relics_obtained":["Torii"],"max_hp_gain":0,"max_hp_loss":0,"event_name":"Addict","floor":20,"gold_loss":85},{"damage_healed":0,"gold_gain":0,"player_choice":"Fought Bandits","damage_taken":0,"max_hp_gain":0,"max_hp_loss":0,"event_name":"Masked Bandits","floor":22,"gold_loss":0}],"is_beta":false,"boss_relics":[{"not_picked":["Ectoplasm","Calling Bell"],"picked":"Empty Cage"}],"items_purged_floors":[],"is_endless":false,"potions_floor_spawned":[1,4,5,8,12,16,19,22],"killed_by":"Cultist and Chosen","ascension_level":6}}