{"host":"wik2u884rt5bbues","time":1611086376,"event":{"mods":["AchievementEnabler","BaseMod","Colored Map","Colored Powertips","DeckTracker","Googly Eyes","Minty Spire (QoL Compilation)","Permanent Neow","Quick Restart","Shop Mod","StSLib","SuperFastMode"],"gold_per_floor":[114,132,147,72,88,121,131,131,131,31,31,65,65,78,78,182,182,202,202,77,77,77],"floor_reached":21,"language":"ENG","playtime":1020,"items_purged":["Strike_R","Strike_R","Strike_R"],"score":293,"play_id":"43353517-18cb-4ca0-b108-4b9e2f8c98fd","local_time":"20210119195936","is_ascension_mode":true,"campfire_choices":[{"data":"Flex","floor":8.0,"key":"SMITH"},{"floor":15.0,"key":"REST"}],"circlet_count":0,"master_deck":["AscendersBane","Strike_R","Strike_R","Defend_R+1","Defend_R+1","Defend_R","Defend_R","Bash","Flex+1","Heavy Blade","Shrug It Off"],"relics":["Black Blood","Charon\u0027s Ashes","Red Skull","Blood Vial","HornCleat"],"acts_visited":["Exordium","TheCity"],"potions_floor_usage":[],"damage_taken":[{"damage":5.0,"enemies":"Jaw Worm","floor":1.0,"turns":5.0},{"damage":3.0,"enemies":"2 Louse","floor":2.0,"turns":2.0},{"damage":7.0,"enemies":"Small Slimes","floor":3.0,"turns":5.0},{"damage":6.0,"enemies":"2 Fungi Beasts","floor":5.0,"turns":4.0},{"damage":40.0,"enemies":"Lagavulin","floor":6.0,"turns":5.0},{"damage":9.0,"enemies":"Large Slime","floor":7.0,"turns":7.0},{"damage":12.0,"enemies":"3 Sentries","floor":12.0,"turns":4.0},{"damage":0.0,"enemies":"3 Louse","floor":14.0,"turns":3.0},{"damage":19.0,"enemies":"Slime Boss","floor":16.0,"turns":9.0},{"damage":14.0,"enemies":"3 Byrds","floor":18.0,"turns":5.0},{"damage":65,"enemies":"Chosen","floor":21,"turns":6}],"seed_played":"5372167812998798265","potions_obtained":[{"floor":3.0,"key":"LiquidBronze"},{"floor":5.0,"key":"Explosive Potion"},{"floor":6.0,"key":"Explosive Potion"},{"floor":12.0,"key":"BlessingOfTheForge"},{"floor":18.0,"key":"PowerPotion"}],"is_trial":false,"path_per_floor":["M","M","M","$","M","E","M","R","T","$","?","E","T","M","R","B",null,"M","?","$","M"],"character_chosen":"IRONCLAD","items_purchased":[],"campfire_rested":1,"item_purchase_floors":[],"current_hp_per_floor":[73,76,75,75,75,41,38,38,38,38,22,16,16,24,48,37,69,69,54,54,0,0],"gold":77,"neow_bonus":"THREE_CARDS","is_daily":false,"chose_seed":false,"campfire_upgraded":1,"win_rate":0.0,"timestamp":1611086376,"path_taken":["M","M","M","$","M","E","M","R","T","$","?","E","?","?","R","BOSS","M","?","$","M"],"items_purchased_type":[],"build_version":"2020-12-22","purchased_purges":3,"victory":false,"max_hp_per_floor":[80,80,80,80,80,80,80,80,80,80,80,80,80,80,80,80,80,80,85,85,85,85],"card_choices":[{"not_picked":["Whirlwind","Body Slam"],"picked":"Flex","floor":0.0},{"not_picked":["Clothesline","Combust"],"picked":"Heavy Blade","floor":1.0},{"not_picked":["Flex","Sentinel"],"picked":"Shrug It Off","floor":2.0},{"not_picked":["Pommel Strike","Clash","Sever Soul"],"picked":"SKIP","floor":3.0},{"not_picked":["Uppercut","Anger","True Grit"],"picked":"SKIP","floor":5.0},{"not_picked":["Wild Strike","Carnage","Iron Wave"],"picked":"SKIP","floor":6.0},{"not_picked":["Clothesline","Bloodletting","Anger"],"picked":"SKIP","floor":7.0},{"not_picked":["Twin Strike","Searing Blow","Shrug It Off"],"picked":"SKIP","floor":12.0},{"not_picked":["Flex","Demon Form","Thunderclap"],"picked":"SKIP","floor":14.0},{"not_picked":["Clash","Cleave","Twin Strike"],"picked":"SKIP","floor":18.0}],"player_experience":777446,"relics_obtained":[{"floor":6.0,"key":"Charon\u0027s Ashes"},{"floor":9.0,"key":"Red Skull"},{"floor":12.0,"key":"Blood Vial"},{"floor":13.0,"key":"HornCleat"}],"event_choices":[{"damage_healed":0.0,"max_hp_gain":0.0,"max_hp_loss":0.0,"gold_gain":0.0,"event_name":"Shining Light","player_choice":"Entered Light","floor":11.0,"gold_loss":0.0,"damage_taken":16.0,"cards_upgraded":["Defend_R","Defend_R"]},{"damage_healed":0.0,"max_hp_gain":5.0,"max_hp_loss":0.0,"gold_gain":0.0,"event_name":"Forgotten Altar","player_choice":"Shed Blood","floor":19.0,"gold_loss":0.0,"damage_taken":20.0}],"is_beta":false,"boss_relics":[{"not_picked":["Tiny House","Runic Dome"],"picked":"Black Blood"}],"items_purged_floors":[4,10,20],"is_endless":false,"potions_floor_spawned":[3,5,6,12,18],"killed_by":"Chosen","ascension_level":11}}