{"host":"dpbezu80jg8zk7un","time":1611026915,"event":{"mods":["BaseMod","Colored Map","Colored Powertips","Custom Start","DeckTracker","Minty Spire (QoL Compilation)","Quick Restart","StSLib","SuperFastMode"],"gold_per_floor":[113,38,38,55,74,74,109,109,109,109,137,147,166,192,192,268,268,280,180,197,72,72,102,102,112,112,112,138,155,172,192,192,268,268,281,281,295,1294,812,839,839,869,938,950,969,1016,1029,1049,1049,1049,1049,1049,1049,543,573,573,573],"floor_reached":56,"language":"KOR","playtime":2457,"items_purged":["Defend_P","Strike_P","Strike_P","Strike_P","Defend_P"],"score":2113,"play_id":"4df43b6e-3fef-49c3-8dea-913c1e5f5d26","local_time":"20210119122835","is_ascension_mode":true,"campfire_choices":[{"data":"Eruption","floor":6.0,"key":"SMITH"},{"data":"FlurryOfBlows","floor":8.0,"key":"SMITH"},{"floor":10.0,"key":"REST"},{"data":"SandsOfTime","floor":15.0,"key":"SMITH"},{"data":"CrushJoints","floor":24.0,"key":"SMITH"},{"data":"WheelKick","floor":27.0,"key":"SMITH"},{"floor":32.0,"key":"RECALL"},{"data":"MentalFortress","floor":41.0,"key":"SMITH"},{"data":"FearNoEvil","floor":49.0,"key":"SMITH"},{"data":"EmptyBody","floor":53,"key":"SMITH"}],"circlet_count":0,"master_deck":["AscendersBane","Eruption+1","FlurryOfBlows+1","EmptyBody+1","SandsOfTime+1","WheelKick+1","CrushJoints+1","FearNoEvil","Scrawl+1","FearNoEvil+1","MentalFortress+1","EmptyMind+1","Vault+1","Scrawl+1"],"relics":["PureWater","NeowsBlessing","Darkstone Periapt","Ornamental Fan","Meat on the Bone","Omamori","Empty Cage","Letter Opener","Toxic Egg 2","CaptainsWheel","Coffee Dripper","Membership Card","Anchor","Bronze Scales","Akabeko","Orichalcum","CloakClasp","DollysMirror","Damaru","Du-Vu Doll","Lantern"],"acts_visited":["Exordium","TheCity","TheBeyond","TheEnding"],"potions_floor_usage":[56,56],"damage_taken":[{"damage":0.0,"enemies":"Jaw Worm","floor":1.0,"turns":1.0},{"damage":0.0,"enemies":"Cultist","floor":4.0,"turns":1.0},{"damage":0.0,"enemies":"2 Louse","floor":5.0,"turns":1.0},{"damage":30.0,"enemies":"3 Sentries","floor":7.0,"turns":10.0},{"damage":16.0,"enemies":"Gremlin Nob","floor":11.0,"turns":3.0},{"damage":0.0,"enemies":"Gremlin Gang","floor":12.0,"turns":4.0},{"damage":0.0,"enemies":"2 Fungi Beasts","floor":13.0,"turns":2.0},{"damage":16.0,"enemies":"3 Sentries","floor":14.0,"turns":8.0},{"damage":18.0,"enemies":"The Guardian","floor":16.0,"turns":10.0},{"damage":19.0,"enemies":"2 Thieves","floor":18.0,"turns":4.0},{"damage":2.0,"enemies":"3 Byrds","floor":20.0,"turns":6.0},{"damage":18.0,"enemies":"Gremlin Leader","floor":23.0,"turns":4.0},{"damage":2.0,"enemies":"Centurion and Healer","floor":25.0,"turns":3.0},{"damage":3.0,"enemies":"Book of Stabbing","floor":28.0,"turns":3.0},{"damage":24.0,"enemies":"Snake Plant","floor":29.0,"turns":3.0},{"damage":0.0,"enemies":"Sentry and Sphere","floor":30.0,"turns":2.0},{"damage":3.0,"enemies":"3 Cultists","floor":31.0,"turns":3.0},{"damage":43.0,"enemies":"Automaton","floor":33.0,"turns":8.0},{"damage":4.0,"enemies":"3 Shapes","floor":35.0,"turns":3.0},{"damage":20.0,"enemies":"3 Darklings","floor":37.0,"turns":2.0},{"damage":0.0,"enemies":"Nemesis","floor":40.0,"turns":1.0},{"damage":0.0,"enemies":"Reptomancer","floor":42.0,"turns":4.0},{"damage":0.0,"enemies":"Jaw Worm Horde","floor":44.0,"turns":3.0},{"damage":0.0,"enemies":"Maw","floor":45.0,"turns":3.0},{"damage":0.0,"enemies":"2 Orb Walkers","floor":46.0,"turns":2.0},{"damage":0.0,"enemies":"Spire Growth","floor":47.0,"turns":2.0},{"damage":0.0,"enemies":"Transient","floor":48.0,"turns":6.0},{"damage":6.0,"enemies":"Time Eater","floor":50.0,"turns":9.0},{"damage":3,"enemies":"Donu and Deca","floor":51,"turns":6},{"damage":0,"enemies":"Shield and Spear","floor":55,"turns":2},{"damage":63,"enemies":"The Heart","floor":56,"turns":6}],"seed_played":"7209354514916282420","potions_obtained":[{"floor":1.0,"key":"GamblersBrew"},{"floor":3.0,"key":"StancePotion"},{"floor":7.0,"key":"ColorlessPotion"},{"floor":14.0,"key":"DuplicationPotion"},{"floor":25.0,"key":"SneckoOil"},{"floor":29.0,"key":"DuplicationPotion"},{"floor":30.0,"key":"Fire Potion"},{"floor":33.0,"key":"Explosive Potion"},{"floor":35.0,"key":"Weak Potion"},{"floor":37.0,"key":"BlessingOfTheForge"}],"is_trial":false,"path_per_floor":["M","$","?","M","M","R","E","R","T","R","E","M","M","E","R","B",null,"M","$","M","$","?","E","R","M","T","R","E","M","M","M","R","B",null,"M","?","M","?","$","E","R","E","T","M","M","?","M","M","R","B","B",null,"R","$","E","B"],"character_chosen":"WATCHER","items_purchased":["Membership Card","Anchor","MentalFortress","Bronze Scales","EmptyMind+1","DollysMirror","Damaru","Du-Vu Doll","GamblersBrew","StancePotion"],"campfire_rested":1,"item_purchase_floors":[39,39,39,39,39,54,54,54,54,54],"current_hp_per_floor":[61,61,61,61,61,61,31,31,31,51,35,35,35,31,31,25,57,38,38,36,36,36,30,30,40,40,40,37,25,37,46,46,15,55,51,51,43,43,43,43,43,43,43,43,43,43,43,43,43,37,46,63,63,63,63,0,0],"gold":573,"neow_bonus":"THREE_ENEMY_KILL","is_daily":false,"chose_seed":false,"campfire_upgraded":8,"win_rate":0.0,"timestamp":1611026915,"path_taken":["M","$","?","?","M","R","E","R","T","R","E","M","M","E","R","BOSS","M","$","M","$","?","E","R","?","T","R","E","M","?","M","R","BOSS","M","?","M","?","$","E","R","E","T","M","M","?","?","M","R","BOSS","BOSS","R","$","E","BOSS"],"items_purchased_type":["Relic","Relic","Card","Relic","Card","Relic","Relic","Relic","Potion","Potion"],"build_version":"2020-12-22","purchased_purges":5,"victory":false,"max_hp_per_floor":[68,68,68,68,68,68,68,68,68,68,68,68,68,68,68,68,68,68,68,68,68,68,68,68,68,68,68,68,68,68,68,68,68,68,68,68,68,68,68,68,68,68,68,68,68,68,68,68,68,68,68,68,68,68,68,68,68],"card_choices":[{"not_picked":["SignatureMove","PathToVictory","Halt"],"picked":"SKIP","floor":1.0},{"not_picked":["EmptyBody","JustLucky"],"picked":"FlurryOfBlows","floor":4.0},{"not_picked":["ForeignInfluence","ThirdEye"],"picked":"EmptyBody","floor":5.0},{"not_picked":["LikeWater","Wireheading","Sanctity"],"picked":"SKIP","floor":7.0},{"not_picked":["Omniscience","Perseverance"],"picked":"SandsOfTime","floor":11.0},{"not_picked":["WaveOfTheHand","WreathOfFlame"],"picked":"WheelKick","floor":12.0},{"not_picked":["Halt","Crescendo","Worship"],"picked":"SKIP","floor":13.0},{"not_picked":["Study","Halt","Vengeance"],"picked":"SKIP","floor":14.0},{"not_picked":["Evaluate","Indignation","Protect"],"picked":"SKIP","floor":18.0},{"not_picked":["JustLucky","FollowUp"],"picked":"CrushJoints","floor":20.0},{"not_picked":["Conclude","Protect+1","Sanctity"],"picked":"SKIP","floor":23.0},{"not_picked":["Tantrum","CarveReality"],"picked":"FearNoEvil","floor":28.0},{"not_picked":["EmptyBody+1","CrushJoints","Consecrate+1"],"picked":"SKIP","floor":29.0},{"not_picked":["ClearTheMind+1","Crescendo+1","WreathOfFlame+1"],"picked":"SKIP","floor":30.0},{"not_picked":["ClearTheMind+1","Crescendo+1","WreathOfFlame+1"],"picked":"SKIP","floor":30.0},{"not_picked":["Ragnarok","ThirdEye+1","EmptyBody+1"],"picked":"SKIP","floor":31.0},{"not_picked":["Omniscience+1","Establishment"],"picked":"Scrawl+1","floor":33.0},{"not_picked":["Swivel+1","ClearTheMind+1","Protect+1"],"picked":"SKIP","floor":35.0},{"not_picked":["PathToVictory+1","Prostrate+1"],"picked":"FearNoEvil","floor":37.0},{"not_picked":["EmptyFist","FlurryOfBlows+1"],"picked":"Vault+1","floor":40.0},{"not_picked":["Tantrum","Collect+1","Prostrate+1"],"picked":"SKIP","floor":42.0},{"not_picked":["Protect+1","CutThroughFate","Consecrate"],"picked":"SKIP","floor":44.0},{"not_picked":["ClearTheMind+1","FollowUp","EmptyFist"],"picked":"SKIP","floor":45.0},{"not_picked":["DeceiveReality+1","Wireheading+1","FearNoEvil"],"picked":"SKIP","floor":47.0},{"not_picked":["CrushJoints+1","ClearTheMind+1","Vengeance+1"],"picked":"SKIP","floor":48.0},{"not_picked":["Swivel+1","FlurryOfBlows","Halt+1"],"picked":"SKIP","floor":55}],"player_experience":2894224,"relics_obtained":[{"floor":7.0,"key":"Darkstone Periapt"},{"floor":9.0,"key":"Ornamental Fan"},{"floor":11.0,"key":"Meat on the Bone"},{"floor":14.0,"key":"Omamori"},{"floor":23.0,"key":"Letter Opener"},{"floor":26.0,"key":"Toxic Egg 2"},{"floor":28.0,"key":"CaptainsWheel"},{"floor":40.0,"key":"Akabeko"},{"floor":42.0,"key":"Orichalcum"},{"floor":46.0,"key":"CloakClasp"},{"floor":55,"key":"Lantern"}],"event_choices":[{"damage_healed":0.0,"max_hp_gain":0.0,"max_hp_loss":0.0,"gold_gain":0.0,"event_name":"Lab","player_choice":"Got Potions","floor":3.0,"gold_loss":0.0,"damage_taken":0.0},{"cards_removed":["Defend_P"],"damage_healed":0.0,"max_hp_gain":0.0,"max_hp_loss":0.0,"gold_gain":0.0,"event_name":"Bonfire Elementals","player_choice":"Offered Basic","floor":22.0,"gold_loss":0.0,"damage_taken":0.0},{"cards_removed":["Vigilance"],"damage_healed":0.0,"max_hp_gain":0.0,"max_hp_loss":0.0,"gold_gain":0.0,"event_name":"Falling","player_choice":"Removed Skill","floor":36.0,"gold_loss":0.0,"damage_taken":0.0},{"damage_healed":0.0,"max_hp_gain":0.0,"max_hp_loss":0.0,"gold_gain":999.0,"event_name":"MindBloom","player_choice":"Gold","floor":38.0,"gold_loss":0.0,"damage_taken":0.0,"cards_obtained":["Normality","Normality"]},{"damage_healed":0.0,"max_hp_gain":0.0,"max_hp_loss":0.0,"gold_gain":0.0,"event_name":"Mysterious Sphere","player_choice":"Fight","floor":46.0,"gold_loss":0.0,"damage_taken":0.0}],"is_beta":false,"boss_relics":[{"not_picked":["Velvet Choker","Tiny House"],"picked":"Empty Cage"},{"not_picked":["Cursed Key","HolyWater"],"picked":"Coffee Dripper"}],"items_purged_floors":[2,19,21,39,54],"is_endless":false,"potions_floor_spawned":[1,7,14,25,29,30,33,35,37,45,46,47,55],"killed_by":"The Heart","ascension_level":20}}