{"host":"sy0sbf0rsk5t5kf4","time":1611046783,"event":{"mods":["BaseMod","Downfall","Minty Spire (QoL Compilation)","StSLib"],"gold_per_floor":[99,112,128,128,141,167,190,225,225,225,225,225,225,237,251,346,346,346,358,358,358,358],"floor_reached":20,"language":"ZHS","playtime":719,"items_purged":[],"score":191,"play_id":"6fbb1a6f-202d-48c8-ade9-3e47493609cd","local_time":"20210119165943","is_ascension_mode":true,"campfire_choices":[{"data":"Slimebound:Split","floor":1,"key":"SMITH"},{"floor":9,"key":"REST"},{"data":"Slimebound:GrowthPunch","floor":11,"key":"SMITH"},{"data":"Slimebound:GrowthPunch","floor":13,"key":"SMITH"},{"data":"Slimebound:DouseInSlime","floor":18,"key":"SMITH"}],"circlet_count":0,"master_deck":["Slimebound:Tackle","Slimebound:Defend_Slimebound","Slimebound:Defend_Slimebound","Slimebound:Defend_Slimebound","Slimebound:Split+1","Slimebound:CorrosiveSpit","Slimebound:TongueLash","Slimebound:GrowthPunch+1","CurseOfTheBell","Slimebound:LivingWall","Slimebound:HungryTackle","Slimebound:GrowthPunch+1","Slimebound:HauntingLick","Slimebound:SpikyOuterGoop","Slimebound:DouseInSlime+1","Slimebound:MassRepurpose+1","Slimebound:LeechingTouch+1","Slimebound:RejuvenatingLick+1","Slimebound:AcidTongue"],"relics":["Philosopher\u0027s Stone","Calling Bell","Orichalcum","Question Card","Unceasing Top","Blood Vial","Anchor","Ornamental Fan","Astrolabe"],"acts_visited":["Exordium","TheCity"],"potions_floor_usage":[16,16],"damage_taken":[{"damage":2,"enemies":"Jaw Worm","floor":2,"turns":3},{"damage":3,"enemies":"2 Louse","floor":3,"turns":3},{"damage":5,"enemies":"Small Slimes","floor":5,"turns":3},{"damage":21,"enemies":"Lagavulin","floor":6,"turns":7},{"damage":34,"enemies":"Gremlin Nob","floor":8,"turns":4},{"damage":0,"enemies":"2 Fungi Beasts","floor":14,"turns":3},{"damage":2,"enemies":"3 Louse","floor":15,"turns":3},{"damage":22,"enemies":"WA_ARCHETYPE_RETAIN","floor":16,"turns":7},{"damage":34,"enemies":"3 Byrds","floor":19,"turns":4},{"damage":36,"enemies":"Spheric Guardian","floor":20,"turns":5}],"seed_played":"3669172608787591762","potions_obtained":[{"floor":3,"key":"Fire Potion"},{"floor":5,"key":"SpeedPotion"},{"floor":8,"key":"Block Potion"}],"is_trial":false,"path_per_floor":["R","M","M","?","M","E","T","E","R","?","R","?","R","M","M","B",null,"R","M","M"],"character_chosen":"SLIMEBOUND","items_purchased":[],"campfire_rested":1,"item_purchase_floors":[],"current_hp_per_floor":[65,63,60,60,55,34,34,2,21,21,21,21,21,23,23,3,65,65,31,0,0,0],"gold":358,"neow_bonus":"BOSS_RELIC","is_daily":false,"chose_seed":false,"campfire_upgraded":4,"win_rate":0.0,"timestamp":1611046783,"path_taken":["R","M","M","?","M","E","T","E","R","?","R","?","R","M","M","BOSS","R","M","M"],"items_purchased_type":[],"build_version":"2020-12-22","purchased_purges":0,"victory":false,"max_hp_per_floor":[65,65,65,65,65,65,65,65,65,65,65,65,65,65,65,65,65,65,65,65,65,65],"card_choices":[{"not_picked":["Slimebound:SplitMire","Slimebound:GoopTackle"],"picked":"Slimebound:TongueLash","floor":2},{"not_picked":["Slimebound:SplitBruiser","Slimebound:FlameTackle"],"picked":"Slimebound:GrowthPunch","floor":3},{"not_picked":["Slimebound:BestDefense","Slimebound:RainOfGoop","Slimebound:SplitBruiser"],"picked":"Slimebound:LivingWall","floor":5},{"not_picked":["Slimebound:RollThrough","Slimebound:SplitMire","Slimebound:Chomp"],"picked":"Slimebound:HungryTackle","floor":6},{"not_picked":["Slimebound:PressTheAttack","Slimebound:Repurpose","Slimebound:PrepareCrush"],"picked":"Slimebound:GrowthPunch","floor":8},{"not_picked":["Slimebound:LevelUp","Slimebound:PressTheAttack","Slimebound:GrowthPunch"],"picked":"Slimebound:HauntingLick","floor":14},{"not_picked":["Slimebound:RollThrough","Slimebound:SlimeBrawl","Slimebound:Prepare"],"picked":"Slimebound:SpikyOuterGoop","floor":15},{"not_picked":["Slimebound:SelfFormingGoo","Slimebound:MassRepurpose","Slimebound:Recycling"],"picked":"Slimebound:DouseInSlime","floor":16},{"not_picked":["Slimebound:SplitLeeching+1","Slimebound:Schlurp","Slimebound:DisruptingSlam+1"],"picked":"Slimebound:AcidTongue","floor":19}],"player_experience":181341,"relics_obtained":[{"floor":4,"key":"Orichalcum"},{"floor":4,"key":"Question Card"},{"floor":4,"key":"Unceasing Top"},{"floor":6,"key":"Blood Vial"},{"floor":7,"key":"Anchor"},{"floor":8,"key":"Ornamental Fan"}],"event_choices":[{"cards_removed":["Regret"],"damage_healed":0,"gold_gain":0,"player_choice":"Card Removal","damage_taken":0,"max_hp_gain":0,"max_hp_loss":0,"event_name":"The Cleric","floor":10,"gold_loss":0},{"cards_removed":["Slimebound:Defend_Slimebound"],"damage_healed":0,"gold_gain":0,"player_choice":"Forget","damage_taken":0,"max_hp_gain":0,"max_hp_loss":0,"event_name":"Living Wall","floor":12,"gold_loss":0}],"is_beta":false,"boss_relics":[{"not_picked":["Runic Dome","Pandora\u0027s Box"],"picked":"Astrolabe"}],"items_purged_floors":[],"is_endless":false,"potions_floor_spawned":[3,5,8],"killed_by":"Spheric Guardian","ascension_level":1}}