{"host":"kq2g769nefmuyn7c","time":1611061863,"event":{"mods":["ATMod(°¢èªMod)","Act Like it!","BaseMod","Gensokyo","Koishi","Minty Spire (QoL Compilation)","Remilia£¨ÀÙÃ×ÀòÑÇ£©","Replay The Spire","StSLib","The Servant 0.9.4"],"gold_per_floor":[116,116,216,89,89,116,116,116,185,205,235,87,87,122,122,227,227,242,342,342,56,75,108,108,142,197,231,242,275,275,275,275,376,376,396,396,414,431,447,474,474,508,534,566,595,595,623,658,680,688,688,688,224,258,268],"floor_reached":56,"language":"ZHS","playtime":4317,"items_purged":["Koishi:BasicStrike","Koishi:BasicStrike"],"score":1990,"play_id":"40a89748-516a-4ee9-bbd4-e5bbd8b44705","local_time":"20210119211103","is_ascension_mode":true,"campfire_choices":[{"data":"AT_FamilyPortrait","floor":8.0,"key":"SMITH"},{"data":"Koishi:ReleaseOfTheId","floor":13,"key":"SMITH"},{"data":"Koishi:ReleaseOfTheId","floor":15,"key":"SMITH"},{"data":"Crow Ritual","floor":24,"key":"SMITH"},{"data":"Koishi:SuperEgo","floor":30,"key":"SMITH"},{"floor":41,"key":"RECALL"},{"data":"Koishi:DNAsFlaw","floor":46,"key":"SMITH"},{"data":"Koishi:MindStellarRelief","floor":52,"key":"SMITH"}],"circlet_count":0,"master_deck":["Koishi:ReleaseOfTheId+1","AT_FamilyPortrait+1","Koishi:SubterraneanRose","Koishi:ReleaseOfTheId+1","Koishi:IdleWhim","Koishi:MindStellarRelief+1","Koishi:ReflexRadar+1","Crow Ritual+1","Koishi:FreudianInstinct+1","Koishi:DNAsFlaw+1","Koishi:PredatoryInstincts","Koishi:ImGoingToCallYouNow","Koishi:LastRemote","Koishi:ReflexRadar+1","Koishi:Bloodlust+1","Koishi:YoukaiPolygraph+1","Koishi:Possession+1","Gensokyo:LifeSpringInfinity","Koishi:HeartAttack","Koishi:SprinkleStarAndHeart","Koishi:RoseHell","Koishi:HeartAttack+1"],"relics":["Koishi:ImaginaryFriend","AT_ATBox","Replay:Mystery Machine","Eternal Feather","Meat on the Bone","Koishi:BloodstainedWhiteRose","ReplayTheSpireMod:Lightbulb","Runic Pyramid","Thread and Needle","Replay:Kaleidoscope","PreservedInsect","AT_ImmortalShieldbow","Simple Rune","Dream Catcher","Pondfish Scales","Coffee Dripper","Akabeko","Replay:Bandana","ReplayFunnel","Pear","Koishi:ImperfectMetamorphosis","Orrery","Replay:Multitool"],"acts_visited":["Gensokyo:Gensokyo","Gensokyo:Gensokyoer","Gensokyo:Gensokyoest","TheEnding"],"potions_floor_usage":[11,49,55,55],"damage_taken":[{"damage":1.0,"enemies":"Gensokyo:3_Fairies","floor":1.0,"turns":6.0},{"damage":2.0,"enemies":"Gensokyo:Cirno","floor":6.0,"turns":6.0},{"damage":9.0,"enemies":"Gensokyo:2_Kodama","floor":10.0,"turns":4.0},{"damage":15,"enemies":"Gensokyo:Aya","floor":11,"turns":5},{"damage":0,"enemies":"Gensokyo:Cirno","floor":14,"turns":5},{"damage":0,"enemies":"Gensokyo:Kokoro","floor":16,"turns":9},{"damage":25,"enemies":"Gensokyo:3_Dogs","floor":18,"turns":3},{"damage":0,"enemies":"Gensokyo:3_Dogs","floor":19,"turns":6},{"damage":0,"enemies":"Gensokyo:Chomper","floor":22,"turns":5},{"damage":0,"enemies":"Gensokyo:Koishi","floor":23,"turns":6},{"damage":0,"enemies":"Gensokyo:Reisen","floor":25,"turns":5},{"damage":0,"enemies":"Gensokyo:Koishi","floor":27,"turns":4},{"damage":0,"enemies":"Gensokyo:Wraith","floor":28,"turns":5},{"damage":0,"enemies":"Gensokyo:Reisen","floor":29,"turns":6},{"damage":6,"enemies":"Gensokyo:Kaguya","floor":33,"turns":9},{"damage":0,"enemies":"Gensokyo:3_Bats","floor":35,"turns":4},{"damage":0,"enemies":"Gensokyo:AncientGuardian","floor":37,"turns":7},{"damage":3,"enemies":"Gensokyo:Sharpion","floor":38,"turns":5},{"damage":11,"enemies":"Gensokyo:4_Bats","floor":39,"turns":3},{"damage":0,"enemies":"Gensokyo:Kasen","floor":40,"turns":3},{"damage":0,"enemies":"Gensokyo:Doremy","floor":42,"turns":4},{"damage":22,"enemies":"Gensokyo:Kasen","floor":44,"turns":6},{"damage":0,"enemies":"Gensokyo:Rafflesia","floor":45,"turns":7},{"damage":0,"enemies":"Gensokyo:AtlasGolem","floor":47,"turns":3},{"damage":0,"enemies":"Gensokyo:SeedOfUnknown","floor":48,"turns":4},{"damage":23,"enemies":"Gensokyo:SeedOfUnknown","floor":49,"turns":6},{"damage":1,"enemies":"Gensokyo:Shinki","floor":50,"turns":7},{"damage":13,"enemies":"Shield and Spear","floor":54,"turns":2},{"damage":8,"enemies":"The Heart","floor":55,"turns":6}],"seed_played":"-7504366717850539143","potions_obtained":[{"floor":1.0,"key":"GamblersBrew"},{"floor":10.0,"key":"Fruit Juice"},{"floor":11,"key":"BlessingOfTheForge"},{"floor":14,"key":"FearPotion"},{"floor":23,"key":"Energy Potion"},{"floor":25,"key":"CultistPotion"},{"floor":44,"key":"Elixir"}],"is_trial":false,"path_per_floor":["M","?","?","$","?","E","?","R","T","M","E","$","R","E","R","B",null,"M","?","T","$","M","E","R","E","T","E","M","E","R","?","R","B",null,"M","?","M","M","M","E","R","E","T","E","M","R","M","M","R","B",null,"R","$","E","B",null],"character_chosen":"KOISHI","items_purchased":["Koishi:SubterraneanRose","Koishi:BloodstainedWhiteRose","Crow Ritual","Koishi:ImperfectMetamorphosis","Orrery"],"campfire_rested":0,"item_purchase_floors":[4,12,21,53,53],"current_hp_per_floor":[39,27,27,27,33,31,31,31,31,23,14,14,20,35,41,45,65,43,46,46,46,49,52,61,64,64,68,71,71,71,71,71,71,71,71,71,71,71,71,71,71,71,71,81,81,81,81,81,81,81,81,81,81,76,81],"gold":268,"neow_bonus":"TRANSFORM_TWO_CARDS","is_daily":false,"chose_seed":false,"campfire_upgraded":7,"win_rate":0.0,"timestamp":1611061863,"path_taken":["M","?","?","$","?","E","?","R","T","?","E","?","R","E","R","BOSS","M","?","?","?","M","E","R","E","T","E","M","E","R","?","R","BOSS","M","?","M","M","M","E","R","E","T","E","M","R","M","M","R","BOSS","R","$","E","BOSS"],"items_purchased_type":["Card","Relic","Card","Relic","Relic"],"build_version":"2020-12-22","purchased_purges":2,"victory":true,"max_hp_per_floor":[60,60,60,60,66,66,66,66,66,66,71,71,71,71,71,71,71,71,71,71,71,71,71,71,71,71,71,71,71,71,71,71,71,71,71,71,71,71,71,71,71,71,71,81,81,81,81,81,81,81,81,81,81,81,81],"card_choices":[{"not_picked":["Koishi:EmbryosDream","Koishi:UnconsciousUprising"],"picked":"Koishi:Untouchable","floor":1.0},{"not_picked":["Koishi:FreudianInstinct","Koishi:Whimsy"],"picked":"Koishi:ReleaseOfTheId","floor":6.0},{"not_picked":["Koishi:SpiritedAway","Koishi:StingingMind","Koishi:DreadfulBlow"],"picked":"SKIP","floor":10.0},{"not_picked":["Koishi:Prune","Koishi:ReflexRadar"],"picked":"Koishi:IdleWhim","floor":11},{"not_picked":["Koishi:UnansweredLove","Koishi:DreadfulBlow","Koishi:SubconsciousSweep"],"picked":"SKIP","floor":14},{"not_picked":["Koishi:SuperEgo","Koishi:Heartbroken"],"picked":"Koishi:MindStellarRelief","floor":16},{"not_picked":["Koishi:DreadfulBlow","Koishi:EmbryosDream","Koishi:PhantomStrike+1"],"picked":"SKIP","floor":18},{"not_picked":["Koishi:Jaunt+1","Koishi:ParalyzingFear"],"picked":"Koishi:ReflexRadar+1","floor":19},{"not_picked":["Koishi:PhantomBarrier+1","Koishi:UnansweredLove","Koishi:FidgetySnatcher"],"picked":"SKIP","floor":22},{"not_picked":["Koishi:CatchAndRose","Koishi:UnconsciousUrges"],"picked":"Koishi:FreudianInstinct+1","floor":23},{"not_picked":["Koishi:SuperEgo","Koishi:SpiritedAway","Koishi:JumpScare"],"picked":"SKIP","floor":25},{"not_picked":["Koishi:SuperEgo","Koishi:SpiritedAway","Koishi:JumpScare"],"picked":"SKIP","floor":25},{"not_picked":["Koishi:SubterraneanRose+1","Koishi:EmbryosDream"],"picked":"Koishi:DNAsFlaw","floor":27},{"not_picked":["Koishi:Jaunt","Koishi:Prune","Koishi:PredatoryInstincts"],"picked":"SKIP","floor":28},{"not_picked":["Koishi:Jaunt","Koishi:Prune"],"picked":"Koishi:PredatoryInstincts","floor":28},{"not_picked":["Koishi:MindNumbingTerror","Koishi:PhantomBarrier"],"picked":"Koishi:SuperEgo","floor":29},{"not_picked":["Koishi:SubconsciousSweep+1","Koishi:HeartfeltFancy+1","Koishi:FourthEye"],"picked":"SKIP","floor":35},{"not_picked":["Koishi:HeartfeltFancy+1","Koishi:PhilosophyOfTheDespised+1"],"picked":"Koishi:LastRemote","floor":37},{"not_picked":["Koishi:GhostParty+1","Koishi:DreadfulBlow+1","Koishi:PhantomStrike"],"picked":"SKIP","floor":38},{"not_picked":["Koishi:BloodcurdlingScream+1","Koishi:SubterraneanRose+1"],"picked":"Koishi:ReflexRadar+1","floor":39},{"not_picked":["Koishi:GhostParty+1","Koishi:SuperEgo","Koishi:RacingHeart"],"picked":"SKIP","floor":40},{"not_picked":["Koishi:StrangeCloudFist","Koishi:SubconsciousSweep+1","Koishi:PhantomBarrier+1"],"picked":"SKIP","floor":42},{"not_picked":["Koishi:StrangeCloudFist","Koishi:PerfectMindControl","Koishi:StingingMind"],"picked":"SKIP","floor":44},{"not_picked":["Koishi:Jaunt+1","Koishi:FleetingPhantom+1"],"picked":"Koishi:Bloodlust+1","floor":45},{"not_picked":["Koishi:EmbryosDream+1","Koishi:BloodcurdlingScream+1"],"picked":"Koishi:YoukaiPolygraph+1","floor":47},{"not_picked":["Koishi:RorschachInDanmaku+1","Koishi:Prune+1"],"picked":"Koishi:Possession+1","floor":48},{"not_picked":["Gensokyo:Dawn","Gensokyo:DreamlikeParadise"],"picked":"Gensokyo:LifeSpringInfinity","floor":49},{"not_picked":["Koishi:BramblyRoseGarden","Koishi:ReflexRadar+1"],"picked":"Koishi:RoseHell","floor":53},{"not_picked":["Koishi:MindNumbingTerror","Koishi:PerfectMindControl"],"picked":"Koishi:HeartAttack+1","floor":53},{"not_picked":["Koishi:Prune+1","Koishi:Possession+1","Koishi:FidgetySnatcher"],"picked":"SKIP","floor":54}],"player_experience":280928,"relics_obtained":[{"floor":6.0,"key":"Replay:Mystery Machine"},{"floor":9.0,"key":"Eternal Feather"},{"floor":11,"key":"Meat on the Bone"},{"floor":14,"key":"ReplayTheSpireMod:Lightbulb"},{"floor":19,"key":"Thread and Needle"},{"floor":19,"key":"Replay:Kaleidoscope"},{"floor":23,"key":"PreservedInsect"},{"floor":25,"key":"AT_ImmortalShieldbow"},{"floor":26,"key":"Simple Rune"},{"floor":27,"key":"Dream Catcher"},{"floor":29,"key":"Pondfish Scales"},{"floor":40,"key":"Akabeko"},{"floor":42,"key":"Replay:Bandana"},{"floor":43,"key":"ReplayFunnel"},{"floor":44,"key":"Pear"},{"floor":54,"key":"Replay:Multitool"}],"event_choices":[],"is_beta":false,"boss_relics":[{"not_picked":["Velvet Choker","Koishi:ColorfulDays"],"picked":"Runic Pyramid"},{"not_picked":["Honey Jar","Kintsugi"],"picked":"Coffee Dripper"}],"items_purged_floors":[4,21],"is_endless":false,"potions_floor_spawned":[1,10,11,14,18,23,25,28,37,39,42,44],"ascension_level":7}}