{"host":"2zt55z1m1j8q763w","time":1611078908,"event":{"mods":["AchievementEnabler","BaseMod","Highlight Path","Minty Spire (QoL Compilation)","Relic Stats"],"gold_per_floor":[109,184,203,220,236,263,22,22,22,42,104,116,116,133,133,231,231,245,5,24,24,40,40,75,75,75,35,50,50,70,87,87,87,87],"floor_reached":33,"language":"ENG","playtime":2983,"items_purged":["Strike_G"],"score":271,"play_id":"f8c7f068-9864-45e3-b32b-a6622c60a931","local_time":"20210119185508","is_ascension_mode":false,"campfire_choices":[{"floor":8,"key":"REST"},{"floor":15,"key":"REST"},{"data":"Bouncing Flask","floor":23,"key":"SMITH"},{"floor":25,"key":"REST"},{"floor":32,"key":"REST"}],"circlet_count":0,"master_deck":["Strike_G","Strike_G","Strike_G","Strike_G","Defend_G","Defend_G","Defend_G","Defend_G","Defend_G","Survivor","Neutralize","Poisoned Stab","Quick Slash","Poisoned Stab","Bane","Dagger Spray","Mayhem","Backflip","Flying Knee","Deflect","Deadly Poison","Bullet Time","Poisoned Stab","Mayhem","Bouncing Flask+1","Catalyst","Bane","Noxious Fumes","Dash"],"relics":["Ring of the Snake","Mango","Sundial","Paper Crane","Snecko Eye","Calipers","Toy Ornithopter"],"acts_visited":["Exordium","TheCity"],"potions_floor_usage":[6,11,11,20,20,24,28,33],"damage_taken":[{"damage":9.0,"enemies":"2 Louse","floor":1.0,"turns":5.0},{"damage":0.0,"enemies":"Cultist","floor":3.0,"turns":4.0},{"damage":0,"enemies":"Small Slimes","floor":4,"turns":3},{"damage":1,"enemies":"2 Fungi Beasts","floor":5,"turns":4},{"damage":37,"enemies":"Lagavulin","floor":6,"turns":9},{"damage":4,"enemies":"Blue Slaver","floor":10,"turns":5},{"damage":15,"enemies":"3 Sentries","floor":11,"turns":8},{"damage":17,"enemies":"Red Slaver","floor":12,"turns":5},{"damage":7,"enemies":"Lots of Slimes","floor":14,"turns":3},{"damage":30,"enemies":"Hexaghost","floor":16,"turns":10},{"damage":2,"enemies":"Chosen","floor":18,"turns":5},{"damage":5,"enemies":"Shell Parasite","floor":20,"turns":4},{"damage":10,"enemies":"Cultist and Chosen","floor":22,"turns":6},{"damage":58,"enemies":"Slavers","floor":24,"turns":8},{"damage":12,"enemies":"Centurion and Healer","floor":28,"turns":4},{"damage":13,"enemies":"Shelled Parasite and Fungi","floor":30,"turns":5},{"damage":1,"enemies":"Chosen and Byrds","floor":31,"turns":5},{"damage":71,"enemies":"Automaton","floor":33,"turns":6}],"seed_played":"-6035788897270300916","potions_obtained":[{"floor":1.0,"key":"SneckoOil"},{"floor":3,"key":"Weak Potion"},{"floor":6,"key":"Dexterity Potion"},{"floor":10,"key":"GamblersBrew"},{"floor":22,"key":"Poison Potion"},{"floor":24,"key":"SpeedPotion"},{"floor":31,"key":"Explosive Potion"}],"is_trial":false,"path_per_floor":["M","?","M","M","M","E","$","R","T","M","?","M","?","M","R","B",null,"M","$","M","?","M","R","E","R","T","$","M","$","M","M","R","B"],"character_chosen":"THE_SILENT","items_purchased":["Mayhem","Mayhem","GamblersBrew","Noxious Fumes"],"campfire_rested":4,"item_purchase_floors":[7,19,19,27],"current_hp_per_floor":[75,67,67,67,66,29,29,54,54,50,35,18,18,11,36,6,84,82,82,77,77,67,67,9,34,34,34,27,27,14,13,38,0,0],"gold":87,"neow_bonus":"ONE_RARE_RELIC","is_daily":false,"chose_seed":false,"campfire_upgraded":1,"win_rate":0.0,"timestamp":1611078908,"path_taken":["M","?","M","?","M","E","$","R","T","M","?","M","?","M","R","BOSS","M","$","M","?","M","R","E","R","T","$","M","$","?","M","R","BOSS"],"items_purchased_type":["Card","Card","Potion","Card"],"build_version":"2020-12-22","purchased_purges":1,"victory":false,"max_hp_per_floor":[84,84,84,84,84,84,84,84,84,84,84,84,84,84,84,84,84,84,84,84,84,84,84,84,84,84,84,84,84,84,84,84,84,84],"relic_stats":{"counters":[18,99],"Sundial":[12],"Snecko Eye":[82,74,82,89],"obtain_stats":[{"Calipers":24,"Sundial":6,"Snecko Eye":17,"Mango":0,"Paper Crane":11,"Toy Ornithopter":26,"Ring of the Snake":0},{"Calipers":14,"Sundial":5,"Snecko Eye":10,"Mango":0,"Paper Crane":7,"Toy Ornithopter":14,"Ring of the Snake":0},{"Calipers":79,"Sundial":25,"Snecko Eye":56,"Mango":0,"Paper Crane":38,"Toy Ornithopter":79,"Ring of the Snake":0}],"Toy Ornithopter":10,"Ring of the Snake":[36]},"card_choices":[{"not_picked":["Quick Slash","Predator"],"picked":"Poisoned Stab","floor":1.0},{"not_picked":["Deadly Poison","Backflip"],"picked":"Quick Slash","floor":3},{"not_picked":["Outmaneuver","Eviscerate"],"picked":"Poisoned Stab","floor":4},{"not_picked":["Quick Slash","Finisher"],"picked":"Bane","floor":5},{"not_picked":["Deadly Poison","Blade Dance"],"picked":"Dagger Spray","floor":6},{"not_picked":["Acrobatics","Finisher"],"picked":"Backflip","floor":10},{"not_picked":["Prepared","Bane"],"picked":"Flying Knee","floor":11},{"not_picked":["Bane","Calculated Gamble"],"picked":"Deflect","floor":12},{"not_picked":["Finisher","Cloak And Dagger"],"picked":"Deadly Poison","floor":14},{"not_picked":["Glass Knife","Unload"],"picked":"Bullet Time","floor":16},{"not_picked":["Outmaneuver","Underhanded Strike"],"picked":"Poisoned Stab","floor":18},{"not_picked":["Blur","Poisoned Stab"],"picked":"Bouncing Flask","floor":20},{"not_picked":["Bouncing Flask","Flying Knee"],"picked":"Catalyst","floor":22},{"not_picked":["Slice+1","Underhanded Strike+1"],"picked":"Bane","floor":24},{"not_picked":["Heel Hook","Endless Agony","Wraith Form v2"],"picked":"SKIP","floor":28},{"not_picked":["Skewer","Prepared"],"picked":"Dash","floor":30},{"not_picked":["Deadly Poison+1","Cloak And Dagger","Quick Slash"],"picked":"SKIP","floor":31}],"player_experience":56734,"relics_obtained":[{"floor":6,"key":"Sundial"},{"floor":11,"key":"Paper Crane"},{"floor":24,"key":"Calipers"},{"floor":26,"key":"Toy Ornithopter"}],"event_choices":[{"damage_healed":0.0,"max_hp_gain":0.0,"max_hp_loss":0.0,"gold_gain":75.0,"event_name":"FaceTrader","player_choice":"Touch","floor":2.0,"gold_loss":0.0,"damage_taken":8.0},{"damage_healed":0,"gold_gain":0,"player_choice":"Searched \u00272\u0027 times","damage_taken":0,"max_hp_gain":0,"max_hp_loss":0,"event_name":"Dead Adventurer","floor":11,"gold_loss":0},{"damage_healed":0,"gold_gain":0,"player_choice":"Ignored","damage_taken":0,"max_hp_gain":0,"max_hp_loss":0,"event_name":"Liars Game","floor":13,"gold_loss":0},{"cards_removed":["Injury"],"damage_healed":0,"gold_gain":0,"player_choice":"Removed Curses","damage_taken":0,"max_hp_gain":0,"max_hp_loss":0,"event_name":"Fountain of Cleansing","floor":21,"gold_loss":0}],"is_beta":false,"boss_relics":[{"not_picked":["HoveringKite","Ectoplasm"],"picked":"Snecko Eye"}],"items_purged_floors":[7],"is_endless":false,"potions_floor_spawned":[1,3,6,10,22,24,31],"killed_by":"Automaton","ascension_level":0}}