{"host":"viepjj0bn20d0lzc","time":1611076836,"event":{"mods":["AchievementEnabler","BaseMod","Better Altar","Better Match","Better Note","Better Sensory Stone","Better Skull","Better Third Choice","Better Vampires","Block Reminder","Colored Map","Colored Powertips","Disable Question Mark Monsters","Downfall","Hermit","Highlight Path","Hubris","Mimic Mod","Minty Spire (QoL Compilation)","Permanent Neow","Practice Mode","Quick Restart","Random Character Button","Rare Cards Sparkle","Relic Sorter","StSLib","The Blue Laboratory","The Cursed","The Jungle","The Runesmith","Wandering Minibosses"],"gold_per_floor":[211,229,229,244,260,289,289,304,304,304,317,389,416,435,435,540,540,540,540],"floor_reached":18,"language":"ENG","playtime":1150,"items_purged":[],"score":199,"play_id":"442ade14-a2da-4259-bbd3-288e55edb340","local_time":"20210119112036","is_ascension_mode":false,"campfire_choices":[{"floor":7,"key":"REST"},{"floor":10,"key":"REST"},{"data":"Runesmith:CraftMagma","floor":15,"key":"SMITH"}],"circlet_count":0,"master_deck":["Runesmith:Strike_RS","Runesmith:Strike_RS","Runesmith:Strike_RS","Runesmith:Strike_RS","Runesmith:Defend_RS","Runesmith:Defend_RS","Runesmith:Defend_RS","Runesmith:Defend_RS","Runesmith:CraftFirestone+1","Runesmith:Fortify","Runesmith:EarthShield","Runesmith:FrozenChisel","Runesmith:CraftVitae","Runesmith:ChiselStab","Runesmith:StaticCage","Runesmith:BackupBattery","Runesmith:HammerTime","Runesmith:HammerThrow","Runesmith:CraftMagma+1","Runesmith:CraftIndustria"],"relics":["Runesmith:BrokenRuby","Mummified Hand","Shuriken","Vajra","wanderingMiniBosses:AbyssPearl","hubris:HollowSoul"],"acts_visited":["Exordium","TheCity"],"potions_floor_usage":[],"damage_taken":[{"damage":7.0,"enemies":"Cultist","floor":1.0,"turns":5.0},{"damage":12.0,"enemies":"2 Louse","floor":2.0,"turns":4.0},{"damage":0,"enemies":"Jaw Worm","floor":4,"turns":3},{"damage":0,"enemies":"Blue Slaver","floor":5,"turns":5},{"damage":33,"enemies":"Gremlin Nob","floor":6,"turns":5},{"damage":3,"enemies":"Large Slime","floor":8,"turns":6},{"damage":24,"enemies":"Gremlin Gang","floor":11,"turns":5},{"damage":24,"enemies":"Lagavulin","floor":13,"turns":7},{"damage":1,"enemies":"3 Louse","floor":14,"turns":3},{"damage":16,"enemies":"Hexaghost","floor":16,"turns":14},{"damage":0,"enemies":"Spheric Guardian","floor":18,"turns":1}],"seed_played":"-3232216568567574772","potions_obtained":[{"floor":2,"key":"Energy Potion"},{"floor":6,"key":"Energy Potion"},{"floor":11,"key":"ColorlessPotion"},{"floor":13,"key":"Fire Potion"}],"is_trial":false,"path_per_floor":["M","M","?","M","M","E","R","M","T","R","M","?","E","M","R","B",null,"M"],"character_chosen":"RUNESMITH_CLASS","items_purchased":[],"campfire_rested":2,"item_purchase_floors":[],"current_hp_per_floor":[63,51,51,51,51,18,39,36,36,57,33,33,9,8,8,54,70,70,70],"gold":540,"neow_bonus":"HUNDRED_GOLD","is_daily":false,"chose_seed":false,"campfire_upgraded":1,"win_rate":0.0,"timestamp":1611076836,"path_taken":["M","M","?","M","M","E","R","M","T","R","M","?","E","M","R","BOSS","M"],"items_purchased_type":[],"build_version":"2020-12-22","purchased_purges":0,"victory":false,"max_hp_per_floor":[70,70,70,70,70,70,70,70,70,70,70,70,70,70,70,70,70,70,70],"card_choices":[{"not_picked":["Runesmith:Malloc","Runesmith:MakeshiftArmor"],"picked":"Runesmith:EarthShield","floor":1.0},{"not_picked":["Runesmith:Repurpose","Runesmith:OneForEveryone"],"picked":"Runesmith:FrozenChisel","floor":2},{"not_picked":["Runesmith:ShiftingStrike","Runesmith:Firestorm"],"picked":"Runesmith:CraftVitae","floor":4},{"not_picked":["Runesmith:EarthShield","Runesmith:Repurpose"],"picked":"Runesmith:ChiselStab","floor":5},{"not_picked":["Runesmith:Retool","Runesmith:PerfectChisel"],"picked":"Runesmith:StaticCage","floor":6},{"not_picked":["Runesmith:EarthShield","Runesmith:UnstableHammer"],"picked":"Runesmith:BackupBattery","floor":8},{"not_picked":["Runesmith:GrandSlam","Runesmith:RuneHurl"],"picked":"Runesmith:HammerTime","floor":11},{"not_picked":["Runesmith:HeatedChisel","Runesmith:Repurpose"],"picked":"Runesmith:HammerThrow","floor":13},{"not_picked":["Runesmith:CraftProtectio","Runesmith:HeatExchange"],"picked":"Runesmith:CraftMagma","floor":14},{"not_picked":["Runesmith:ReplicatingBarrier","Runesmith:CreatorForm"],"picked":"Runesmith:CraftIndustria","floor":16}],"player_experience":31343,"relics_obtained":[{"floor":6,"key":"Mummified Hand"},{"floor":9,"key":"Shuriken"},{"floor":13,"key":"Vajra"},{"floor":14,"key":"wanderingMiniBosses:AbyssPearl"}],"event_choices":[{"damage_healed":0,"gold_gain":0,"player_choice":"Grow","damage_taken":0,"max_hp_gain":0,"max_hp_loss":0,"event_name":"Living Wall","floor":3,"gold_loss":0,"cards_upgraded":["Runesmith:CraftFirestone"]},{"damage_healed":0,"gold_gain":72,"player_choice":"Gained Gold","damage_taken":0,"max_hp_gain":0,"max_hp_loss":0,"event_name":"Golden Wing","floor":12,"gold_loss":0}],"is_beta":false,"boss_relics":[{"not_picked":["hubris:VirtuousBlindfold","Runic Dome"],"picked":"hubris:HollowSoul"}],"items_purged_floors":[],"is_endless":false,"potions_floor_spawned":[2,6,11,13],"killed_by":"Spheric Guardian","ascension_level":0}}