{"host":"xxyfyv4t3rs3ce5d","time":1611076676,"event":{"mods":["BaseMod","Hubris","Infinite Spire","Minty Spire (QoL Compilation)","Replay The Spire","Shop Mod","StSLib","The Animator","The Bug Knight","The Jungle"],"gold_per_floor":[121,121,148,166,181,181,181],"floor_reached":6,"language":"ENG","playtime":565,"items_purged":[],"score":38,"play_id":"91427264-aec0-4c0d-9710-6a48a2f3ec19","local_time":"20210119121756","is_ascension_mode":false,"campfire_choices":[],"circlet_count":0,"master_deck":["animator:Strike_Konosuba","animator:Defend_Konosuba","animator:Strike","animator:Strike","animator:Strike","animator:Defend","animator:Defend","animator:Defend","animator:Kazuma","animator:Aqua","animator:Priestess","animator:Megumin+4","animator:HighElfArcher"],"relics":["animator:LivingPicture","animator:TheMissingPiece","animator:PurgingStone","NeowsBlessing"],"acts_visited":["Exordium"],"potions_floor_usage":[3,6],"damage_taken":[{"damage":0,"enemies":"Jaw Worm","floor":1,"turns":1},{"damage":0,"enemies":"Cultist","floor":3,"turns":1},{"damage":0,"enemies":"Small Slimes","floor":4,"turns":2},{"damage":5,"enemies":"3 Louse","floor":5,"turns":2},{"damage":93,"enemies":"Gremlin Nob","floor":6,"turns":6}],"seed_played":"-4173410088134849293","potions_obtained":[{"floor":3,"key":"Fruit Juice"},{"floor":4,"key":"FearPotion"}],"is_trial":false,"path_per_floor":["M","?","M","M","M","E"],"character_chosen":"THE_ANIMATOR","items_purchased":[],"campfire_rested":0,"item_purchase_floors":[],"current_hp_per_floor":[66,66,71,72,67,0,0],"gold":181,"neow_bonus":"THREE_ENEMY_KILL","is_daily":false,"chose_seed":false,"campfire_upgraded":0,"win_rate":0.0,"timestamp":1611076676,"path_taken":["M","?","M","M","M","E"],"items_purchased_type":[],"build_version":"2020-12-22","purchased_purges":0,"victory":false,"max_hp_per_floor":[66,66,71,72,72,72,72],"card_choices":[{"not_picked":["animator:Cocytus","animator:ZankiKiguchi"],"picked":"animator:Priestess","floor":1},{"not_picked":["animator:MaesHughes","animator:Evileye"],"picked":"animator:Megumin","floor":3},{"not_picked":["animator:Father","animator:Cocytus"],"picked":"animator:HighElfArcher","floor":4},{"not_picked":["animator:Kazuma","animator:Verdia"],"picked":"animator:Megumin","floor":5}],"player_experience":196936,"relics_obtained":[],"event_choices":[{"damage_healed":0,"gold_gain":0,"player_choice":"Bought 0 Potions","damage_taken":0,"max_hp_gain":0,"max_hp_loss":0,"event_name":"The Woman in Blue","floor":2,"gold_loss":0}],"is_beta":false,"boss_relics":[],"items_purged_floors":[],"is_endless":false,"potions_floor_spawned":[3,4],"killed_by":"Gremlin Nob","ascension_level":0}}