{"host":"jexbkylv34f8xu3o","time":1611092675,"event":{"mods":["AchievementEnabler","BaseMod","Colored Map","Colored Powertips","GifTheSpireLib","Highlight Path","Minty Spire (QoL Compilation)","Quick Restart","StSLib"],"gold_per_floor":[113,113,113,188,199,232,232,263,290,89,116,134,59,91,91,189,189,208,208,37,37,37],"floor_reached":21,"language":"ENG","playtime":1920,"items_purged":["Defend_R"],"score":342,"play_id":"68fb60e8-aaea-4d21-b851-fe2fd0a9a363","local_time":"20210119184435","is_ascension_mode":true,"campfire_choices":[{"data":"Rupture","floor":7,"key":"SMITH"},{"floor":15,"key":"REST"}],"circlet_count":0,"master_deck":["AscendersBane","Strike_R+1","Strike_R+1","Strike_R+1","Strike_R+1","Strike_R+1","Defend_R+1","Defend_R+1","Bash","Rage+1","Rupture+1","Metallicize","Bloodletting","Rupture","Hemokinesis","Pommel Strike","Offering","True Grit","Rupture","Bandage Up"],"relics":["Burning Blood","NeowsBlessing","War Paint","Red Skull","MawBank","Blood Vial","Shuriken","Lantern","Black Star"],"acts_visited":["Exordium","TheCity"],"potions_floor_usage":[8,8,14,16,18],"damage_taken":[{"damage":0,"enemies":"Cultist","floor":1,"turns":1},{"damage":0,"enemies":"Jaw Worm","floor":5,"turns":1},{"damage":0,"enemies":"Lagavulin","floor":6,"turns":1},{"damage":26,"enemies":"3 Sentries","floor":8,"turns":9},{"damage":35,"enemies":"Gremlin Nob","floor":11,"turns":5},{"damage":3,"enemies":"Small Slimes","floor":12,"turns":3},{"damage":19,"enemies":"Lagavulin","floor":14,"turns":3},{"damage":26,"enemies":"The Guardian","floor":16,"turns":7},{"damage":19,"enemies":"Shell Parasite","floor":18,"turns":3},{"damage":80,"enemies":"Masked Bandits","floor":21,"turns":5}],"seed_played":"-8132205919501193010","potions_obtained":[{"floor":5,"key":"SkillPotion"},{"floor":6,"key":"BlessingOfTheForge"},{"floor":11,"key":"BlessingOfTheForge"},{"floor":14,"key":"DuplicationPotion"},{"floor":16,"key":"ColorlessPotion"}],"is_trial":false,"path_per_floor":["M","?","?","?","M","E","R","E","T","$","E","M","$","E","R","B",null,"M","?","$","?"],"character_chosen":"IRONCLAD","items_purchased":["Rupture","Blood Vial","Rupture","Bandage Up"],"campfire_rested":1,"item_purchase_floors":[10,10,20,20],"current_hp_per_floor":[78,83,76,65,71,77,77,57,57,57,30,35,35,24,49,31,72,61,61,61,0,0],"gold":37,"neow_bonus":"THREE_ENEMY_KILL","is_daily":false,"chose_seed":false,"campfire_upgraded":1,"win_rate":0.0,"timestamp":1611092675,"path_taken":["M","?","?","?","M","E","R","E","T","$","E","?","?","E","R","BOSS","M","?","$","?"],"items_purchased_type":["Card","Relic","Card","Card"],"build_version":"2020-12-22","purchased_purges":1,"victory":false,"max_hp_per_floor":[80,85,85,85,85,85,85,85,85,85,85,85,85,85,85,85,85,85,85,85,85,85],"card_choices":[{"not_picked":["Flex","Infernal Blade"],"picked":"Rage","floor":1},{"not_picked":["Flex","Sword Boomerang"],"picked":"Rupture","floor":5},{"not_picked":["Dual Wield","Clothesline"],"picked":"Metallicize","floor":6},{"not_picked":["Heavy Blade","Clash"],"picked":"Bloodletting","floor":8},{"not_picked":["Ghostly Armor","Spot Weakness"],"picked":"Hemokinesis","floor":11},{"not_picked":["Havoc","Warcry"],"picked":"Pommel Strike","floor":12},{"not_picked":["Sentinel","Spot Weakness","Entrench"],"picked":"SKIP","floor":14},{"not_picked":["Fiend Fire","Juggernaut"],"picked":"Offering","floor":16},{"not_picked":["Warcry","Flame Barrier+1"],"picked":"True Grit","floor":18}],"player_experience":564636,"relics_obtained":[{"floor":6,"key":"War Paint"},{"floor":8,"key":"Red Skull"},{"floor":9,"key":"MawBank"},{"floor":11,"key":"Shuriken"},{"floor":14,"key":"Lantern"}],"event_choices":[{"damage_healed":0,"gold_gain":0,"player_choice":"Donut","damage_taken":0,"max_hp_gain":5,"max_hp_loss":0,"event_name":"Big Fish","floor":2,"gold_loss":0},{"cards_removed":["Defend_R"],"damage_healed":0,"gold_gain":0,"player_choice":"Card Removal","damage_taken":7,"max_hp_gain":0,"max_hp_loss":0,"event_name":"Golden Wing","floor":3,"gold_loss":0},{"damage_healed":0,"gold_gain":75,"player_choice":"Gather Gold","damage_taken":11,"max_hp_gain":0,"max_hp_loss":0,"event_name":"World of Goop","floor":4,"gold_loss":0},{"damage_healed":0,"gold_gain":0,"player_choice":"Simplicity","damage_taken":0,"max_hp_gain":0,"max_hp_loss":0,"event_name":"Back to Basics","floor":19,"gold_loss":0,"cards_upgraded":["Strike_R","Strike_R","Strike_R","Strike_R","Strike_R","Defend_R"]},{"damage_healed":0,"gold_gain":0,"player_choice":"Fought Bandits","damage_taken":0,"max_hp_gain":0,"max_hp_loss":0,"event_name":"Masked Bandits","floor":21,"gold_loss":0}],"is_beta":false,"boss_relics":[{"not_picked":["Runic Cube","SacredBark"],"picked":"Black Star"}],"items_purged_floors":[13],"is_endless":false,"potions_floor_spawned":[5,6,11,14,16],"killed_by":"Masked Bandits","ascension_level":10}}