{"host":"bm1qfstn98p1odmu","time":1611092682,"event":{"mods":["AchievementEnabler","BaseMod","Bestiary","Block Reminder","Colored Map","Colored Powertips","DeckTracker","Highlight Path","Minty Spire (QoL Compilation)","Relic Stats","Replay The Spire","StSLib"],"gold_per_floor":[113,124,142,159,159,159,191,191,491,491,491,269,269,321,321,422,422,433,451,468,107,121,121,31,31,31],"floor_reached":25,"language":"ENG","playtime":974,"items_purged":["Strike_B","Strike_B"],"score":226,"play_id":"e82fc3e9-6a46-4192-b358-b4da9b88508c","local_time":"20210119234442","is_ascension_mode":false,"campfire_choices":[{"data":"Fusion","floor":6.0,"key":"SMITH"},{"floor":8.0,"key":"REST"},{"data":"Zap","floor":13.0,"key":"SMITH"},{"data":"Dualcast","floor":15.0,"key":"SMITH"},{"floor":23,"key":"REST"}],"circlet_count":0,"master_deck":["Strike_B","Strike_B","Defend_B","Defend_B","Defend_B","Zap+1","Dualcast+1","Gash","Conserve Battery","Fusion+1","Gash","Self Repair","Machine Learning","Gash","Gash","Go for the Eyes+1","Dramatic Entrance+1"],"relics":["Cracked Core","Ginger","Pantograph","Old Coin","Sling","Bag of Marbles","Molten Egg 2"],"acts_visited":["Exordium","TheCity"],"potions_floor_usage":[22],"damage_taken":[{"damage":1.0,"enemies":"Cultist","floor":1.0,"turns":3.0},{"damage":2.0,"enemies":"2 Louse","floor":2.0,"turns":3.0},{"damage":5.0,"enemies":"Small Slimes","floor":3.0,"turns":3.0},{"damage":10.0,"enemies":"Looter","floor":4.0,"turns":3.0},{"damage":26.0,"enemies":"Lagavulin","floor":7.0,"turns":7.0},{"damage":56.0,"enemies":"Hexaghost","floor":16.0,"turns":12.0},{"damage":20.0,"enemies":"Shell Parasite","floor":18.0,"turns":7.0},{"damage":6.0,"enemies":"Chosen","floor":19.0,"turns":6.0},{"damage":45.0,"enemies":"Sentry and Sphere","floor":20.0,"turns":6.0},{"damage":31,"enemies":"Shelled Parasite and Fungi","floor":22,"turns":5},{"damage":43,"enemies":"Gremlin Leader","floor":25,"turns":6}],"seed_played":"-23014348055052292","potions_obtained":[{"floor":1.0,"key":"Fire Potion"},{"floor":7.0,"key":"ColorlessPotion"},{"floor":16.0,"key":"DuplicationPotion"},{"floor":18.0,"key":"CultistPotion"},{"floor":19.0,"key":"FearPotion"}],"is_trial":false,"path_per_floor":["M","M","M","M","?","R","E","R","T","?","?","$","R","T","R","B",null,"M","M","M","$","M","R","$","E"],"character_chosen":"DEFECT","items_purchased":["Sling","Molten Egg 2","Dramatic Entrance+1"],"campfire_rested":2,"item_purchase_floors":[12,21,24],"current_hp_per_floor":[81,79,74,64,57,57,31,55,55,48,53,53,53,53,53,29,87,74,75,37,37,13,39,39,0,0],"gold":31,"neow_bonus":"TEN_PERCENT_HP_BONUS","is_daily":false,"chose_seed":false,"campfire_upgraded":3,"win_rate":0.0,"timestamp":1611092682,"path_taken":["M","?","?","M","?","R","E","R","T","?","?","$","R","?","R","BOSS","M","M","M","$","M","R","$","E"],"items_purchased_type":["Relic","Relic","Card"],"build_version":"2020-12-22","purchased_purges":2,"victory":false,"max_hp_per_floor":[82,82,82,82,82,82,82,82,82,82,87,87,87,87,87,87,87,87,87,87,87,87,87,87,87,87],"relic_stats":{"counters":[11,61],"Pantograph":25,"Ginger":[8],"obtain_stats":[{"Pantograph":7,"Molten Egg 2":21,"Bag of Marbles":14,"Ginger":5,"Cracked Core":0,"Sling":12,"Old Coin":9},{"Pantograph":5,"Molten Egg 2":9,"Bag of Marbles":5,"Ginger":4,"Cracked Core":0,"Sling":5,"Old Coin":5},{"Pantograph":19,"Molten Egg 2":50,"Bag of Marbles":19,"Ginger":12,"Cracked Core":0,"Sling":19,"Old Coin":19}]},"card_choices":[{"not_picked":["Force Field","Go for the Eyes"],"picked":"Gash","floor":1.0},{"not_picked":["Leap","Barrage"],"picked":"Conserve Battery","floor":2.0},{"not_picked":["Glacier","White Noise"],"picked":"Fusion","floor":3.0},{"not_picked":["Rip and Tear","Stack"],"picked":"Gash","floor":4.0},{"not_picked":["Streamline","Beam Cell"],"picked":"Self Repair","floor":7.0},{"not_picked":["Multi-Cast","Creative AI"],"picked":"Machine Learning","floor":16.0},{"not_picked":["Recycle+1","Darkness"],"picked":"Gash","floor":18.0},{"not_picked":["Ball Lightning","Barrage","Stack"],"picked":"SKIP","floor":19.0},{"not_picked":["Force Field","ReplayTheSpireMod:Calculation Training"],"picked":"Gash","floor":20},{"not_picked":["Sweeping Beam+1","ReplaySort+1"],"picked":"Go for the Eyes+1","floor":22}],"player_experience":60779,"relics_obtained":[{"floor":7.0,"key":"Pantograph"},{"floor":9.0,"key":"Old Coin"},{"floor":14.0,"key":"Bag of Marbles"}],"event_choices":[{"damage_healed":0.0,"max_hp_gain":0.0,"max_hp_loss":0.0,"gold_gain":0.0,"event_name":"Scrap Ooze","player_choice":"Success","floor":5.0,"gold_loss":0.0,"damage_taken":7.0,"relics_obtained":["Ginger"]},{"cards_removed":["Defend_B"],"damage_healed":0.0,"max_hp_gain":0.0,"max_hp_loss":0.0,"gold_gain":0.0,"event_name":"Golden Wing","player_choice":"Card Removal","floor":10.0,"gold_loss":0.0,"damage_taken":7.0},{"damage_healed":0.0,"max_hp_gain":5.0,"max_hp_loss":0.0,"gold_gain":0.0,"event_name":"Big Fish","player_choice":"Donut","floor":11.0,"gold_loss":0.0,"damage_taken":0.0}],"is_beta":false,"boss_relics":[{"not_picked":["Runic Dome","Velvet Choker","Ectoplasm"]}],"items_purged_floors":[12,21],"is_endless":false,"potions_floor_spawned":[1,7,16,18,19],"killed_by":"Gremlin Leader","ascension_level":0}}