{"host":"49ok3etatc2qskx5","time":1611015653,"event":{"mods":["AchievementEnabler","BaseMod","Minty Spire (QoL Compilation)","StSLib"],"gold_per_floor":[114,114,114,131,147,147,110,128,202,53,72,72,104,118,118,213,213,227,152,162,7,22,22,22,39,85,103,103,103],"floor_reached":28,"language":"ENG","playtime":2324,"items_purged":["Defend_P"],"score":224,"play_id":"46a023a9-2cfa-4b85-bff2-71f56405a417","local_time":"20210118182053","is_ascension_mode":false,"campfire_choices":[{"data":"Crescendo","floor":6,"key":"SMITH"},{"floor":15,"key":"REST"},{"floor":24,"key":"REST"}],"circlet_count":0,"master_deck":["Strike_P","Strike_P+1","Strike_P","Defend_P","Defend_P","Defend_P","Eruption","Vigilance","CurseOfTheBell","JustLucky","JustLucky+1","Crescendo+1","FearNoEvil+1","SandsOfTime","EmptyFist","Nirvana","LessonLearned","Collect","EmptyBody","Devotion"],"relics":["Calling Bell","Vajra","Kunai","Ice Cream","White Beast Statue","Bag of Preparation","Pen Nib","Sozu","Nunchaku","Omamori"],"acts_visited":["Exordium","TheCity"],"potions_floor_usage":[16,23,28],"damage_taken":[{"damage":6,"enemies":"Jaw Worm","floor":1,"turns":5},{"damage":0,"enemies":"2 Louse","floor":4,"turns":5},{"damage":2,"enemies":"Cultist","floor":5,"turns":3},{"damage":2,"enemies":"Gremlin Gang","floor":8,"turns":6},{"damage":0,"enemies":"Blue Slaver","floor":11,"turns":3},{"damage":2,"enemies":"Lagavulin","floor":13,"turns":6},{"damage":14,"enemies":"Lots of Slimes","floor":14,"turns":3},{"damage":27,"enemies":"The Guardian","floor":16,"turns":7},{"damage":0,"enemies":"Chosen","floor":18,"turns":4},{"damage":27,"enemies":"Spheric Guardian","floor":20,"turns":4},{"damage":3,"enemies":"Snecko","floor":22,"turns":3},{"damage":0,"enemies":"3 Cultists","floor":23,"turns":1},{"damage":19,"enemies":"Shelled Parasite and Fungi","floor":25,"turns":6},{"damage":10,"enemies":"Snecko","floor":27,"turns":4},{"damage":36,"enemies":"Slavers","floor":28,"turns":2}],"seed_played":"-3674768602335759616","potions_obtained":[{"floor":5,"key":"FearPotion"},{"floor":11,"key":"SmokeBomb"},{"floor":13,"key":"FearPotion"},{"floor":14,"key":"SkillPotion"},{"floor":16,"key":"SteroidPotion"}],"is_trial":false,"path_per_floor":["M","?","?","M","M","R","$","M","T","$","M","$","E","M","R","B",null,"M","$","M","$","M","M","R","M","T","M","E"],"character_chosen":"WATCHER","items_purchased":["FearNoEvil","Bag of Preparation","Nunchaku"],"campfire_rested":2,"item_purchase_floors":[7,10,21],"current_hp_per_floor":[66,66,66,66,64,64,64,62,62,62,62,62,60,46,67,40,72,72,72,45,45,42,42,63,44,44,34,0,0],"gold":103,"neow_bonus":"BOSS_RELIC","is_daily":false,"chose_seed":false,"campfire_upgraded":1,"win_rate":0.0,"timestamp":1611015653,"path_taken":["M","?","?","M","M","R","$","?","T","$","M","$","E","M","R","BOSS","M","$","M","$","?","M","R","M","T","M","E"],"items_purchased_type":["Card","Relic","Relic"],"build_version":"2020-12-22","purchased_purges":1,"victory":false,"max_hp_per_floor":[72,72,72,72,72,72,72,72,72,72,72,72,72,72,72,72,72,72,72,72,72,72,72,72,72,72,72,72,72],"card_choices":[{"not_picked":["Nirvana","Conclude"],"picked":"JustLucky","floor":1},{"not_picked":["Adaptation","PathToVictory"],"picked":"JustLucky","floor":4},{"not_picked":["Protect","PathToVictory"],"picked":"Crescendo","floor":5},{"not_picked":["Evaluate","ThirdEye"],"picked":"SandsOfTime","floor":8},{"not_picked":["CrushJoints","Evaluate"],"picked":"EmptyFist","floor":11},{"not_picked":["CutThroughFate","BowlingBash","CrushJoints"],"picked":"SKIP","floor":13},{"not_picked":["EmptyFist","SignatureMove"],"picked":"Nirvana","floor":14},{"not_picked":["ConjureBlade","Omniscience"],"picked":"LessonLearned","floor":16},{"not_picked":["Consecrate","Evaluate"],"picked":"Collect","floor":18},{"not_picked":["SashWhip","PathToVictory","ReachHeaven"],"picked":"SKIP","floor":20},{"not_picked":["CrushJoints","SashWhip","Halt"],"picked":"SKIP","floor":22},{"not_picked":["FlyingSleeves+1","Protect"],"picked":"EmptyBody","floor":25},{"not_picked":["Consecrate","Evaluate"],"picked":"Devotion","floor":27}],"player_experience":457401,"relics_obtained":[{"floor":0,"key":"Vajra"},{"floor":0,"key":"Kunai"},{"floor":0,"key":"Ice Cream"},{"floor":9,"key":"White Beast Statue"},{"floor":13,"key":"Pen Nib"},{"floor":26,"key":"Omamori"}],"event_choices":[{"damage_healed":0,"gold_gain":0,"player_choice":"Ignored","damage_taken":0,"max_hp_gain":0,"max_hp_loss":0,"event_name":"Liars Game","floor":2,"gold_loss":0},{"cards_removed":["Strike_P"],"damage_healed":0,"gold_gain":0,"player_choice":"Purged","damage_taken":0,"max_hp_gain":0,"max_hp_loss":0,"event_name":"Purifier","floor":3,"gold_loss":0}],"is_beta":false,"boss_relics":[{"not_picked":["Pandora\u0027s Box","Runic Dome"],"picked":"Sozu"}],"items_purged_floors":[19],"is_endless":false,"potions_floor_spawned":[5,11,13,14,16,18,20,22,23,25,27],"killed_by":"Slavers","ascension_level":0}}