{"host":"amh04kn3ezj0mn53","time":1611081855,"event":{"mods":["BaseMod","Better Match","BetterRewards","Dota2Spire","Downfall","Googly Eyes","Minty Spire (QoL Compilation)","Shop Mod","StSLib"],"gold_per_floor":[111,125,90,90,108,138,43,76,123,123,123,149,119,147,147,252,252,262,262,262,278,297,322,322,355,355,389,400,400,431,37,37,132,132,143,143,155,155,168,193,225,250,275,335,335,394,438,473,473,503,503,503,107,167,197],"floor_reached":56,"language":"ENG","playtime":5379,"items_purged":["Strike_R","Strike_R"],"score":2053,"play_id":"6de5ae9d-525b-4268-9426-66b80fe20bb7","local_time":"20210119134415","is_ascension_mode":true,"campfire_choices":[{"data":"Body Slam","floor":10.0,"key":"SMITH"},{"data":"Body Slam","floor":11.0,"key":"SMITH"},{"data":"Juggernaut","floor":15.0,"key":"SMITH"},{"data":"Barricade","floor":24.0,"key":"SMITH"},{"floor":32,"key":"REST"},{"data":"Dark Embrace","floor":45,"key":"SMITH"},{"floor":49,"key":"RECALL"},{"data":"Double Tap","floor":52,"key":"SMITH"}],"circlet_count":0,"master_deck":["Strike_R","Defend_R","Defend_R","Defend_R","Bash","Impervious","Juggernaut+1","Body Slam+1","Headbutt","Power Through","Burning Pact","Dark Embrace+1","Good Instincts","Body Slam+1","Burning Pact","Body Slam","Barricade+1","Metallicize","Flame Barrier+1","Shrug It Off","Offering","Double Tap+1","Disarm","Ghostly Armor","Warcry+1","True Grit+1","Clothesline","Flame Barrier","Flex+1","Brutality","Intimidate+1","Armaments+1","Burning Pact+1","Feel No Pain","Entrench","Warcry+1"],"relics":["Burning Blood","Oddly Smooth Stone","Sling","Turnip","WingedGreaves","Question Card","Dota2Spire:PowerTreads","Potion Belt","Bag of Preparation","Dota2Spire:UrnOfShadows","Mark of Pain","Ice Cream","Bottled Flame","Dream Catcher","Letter Opener","Unceasing Top","Dead Branch","bronze:MakeshiftBattery","Toy Ornithopter","Anchor","Dota2Spire:BladeMail","Dota2Spire:HandOfMidas","Nunchaku","Meat on the Bone","Lantern","Dota2Spire:ShivaGuard","Dota2Spire:BlackKingBar"],"acts_visited":["Exordium","TheCity","TheBeyond","TheEnding"],"potions_floor_usage":[30,31,33,55,55,55],"damage_taken":[{"damage":0.0,"enemies":"Small Slimes","floor":1.0,"turns":5.0},{"damage":0.0,"enemies":"2 Louse","floor":2.0,"turns":2.0},{"damage":0.0,"enemies":"Cultist","floor":5.0,"turns":3.0},{"damage":0.0,"enemies":"Gremlin Nob","floor":6.0,"turns":3.0},{"damage":0.0,"enemies":"Lagavulin","floor":8.0,"turns":7.0},{"damage":14.0,"enemies":"3 Sentries","floor":12.0,"turns":7.0},{"damage":5.0,"enemies":"Lagavulin","floor":14.0,"turns":7.0},{"damage":3.0,"enemies":"Hexaghost","floor":16.0,"turns":9.0},{"damage":0.0,"enemies":"Spheric Guardian","floor":18.0,"turns":1.0},{"damage":11.0,"enemies":"2 Thieves","floor":21.0,"turns":3.0},{"damage":0.0,"enemies":"Chosen and Byrds","floor":22.0,"turns":5.0},{"damage":3.0,"enemies":"Book of Stabbing","floor":23.0,"turns":5.0},{"damage":6.0,"enemies":"Gremlin Leader","floor":25.0,"turns":3.0},{"damage":26.0,"enemies":"Slavers","floor":27.0,"turns":5.0},{"damage":15.0,"enemies":"Sentry and Sphere","floor":28.0,"turns":4.0},{"damage":21,"enemies":"Gremlin Leader","floor":30,"turns":4},{"damage":6,"enemies":"Champ","floor":33,"turns":6},{"damage":0,"enemies":"Orb Walker","floor":35,"turns":1},{"damage":16,"enemies":"3 Darklings","floor":37,"turns":4},{"damage":8,"enemies":"Spire Growth","floor":39,"turns":3},{"damage":6,"enemies":"Nemesis","floor":40,"turns":5},{"damage":9,"enemies":"Giant Head","floor":41,"turns":5},{"damage":23,"enemies":"Reptomancer","floor":44,"turns":5},{"damage":17,"enemies":"Giant Head","floor":46,"turns":5},{"damage":7,"enemies":"Transient","floor":47,"turns":5},{"damage":9,"enemies":"Reptomancer","floor":48,"turns":3},{"damage":27,"enemies":"Time Eater","floor":50,"turns":6},{"damage":13,"enemies":"Shield and Spear","floor":54,"turns":5},{"damage":8,"enemies":"The Heart","floor":55,"turns":5}],"seed_played":"3437648749606338590","potions_obtained":[{"floor":1.0,"key":"Guardian:BlockOnCardUsePotion"},{"floor":2.0,"key":"GamblersBrew"},{"floor":5.0,"key":"FearPotion"},{"floor":8.0,"key":"Weak Potion"},{"floor":13.0,"key":"Ancient Potion"},{"floor":13.0,"key":"LiquidMemories"},{"floor":18.0,"key":"sneckomod:MuddlingPotion"},{"floor":23.0,"key":"Block Potion"},{"floor":35,"key":"Guardian:BlockOnCardUsePotion"},{"floor":40,"key":"BlessingOfTheForge"},{"floor":44,"key":"SteroidPotion"},{"floor":47,"key":"Dota2Spire:HealingSalve"}],"is_trial":false,"path_per_floor":["M","M","?","?","M","E","$","E","T","R","R","E","?","E","R","B",null,"M","T","?","M","M","E","R","E","T","E","M","?","E","$","R","B",null,"M","?","M","?","M","E","E","T","T","E","R","E","M","E","R","B",null,"R","$","E","B",null],"character_chosen":"IRONCLAD","items_purchased":["Impervious","Juggernaut","Body Slam","Oddly Smooth Stone","Sling","Good Instincts","Dead Branch","Fruit Juice","Feel No Pain","Entrench","Dota2Spire:ShivaGuard"],"campfire_rested":1,"item_purchase_floors":[0,0,0,0,0,7,31,31,53,53,53],"current_hp_per_floor":[38,44,64,57,63,69,69,75,75,75,75,67,67,68,68,71,80,80,80,65,60,66,69,69,69,69,49,40,40,25,30,57,57,90,90,90,80,80,78,78,75,75,75,58,58,53,64,61,61,58,90,90,90,83,89],"gold":197,"neow_bonus":"","is_daily":false,"chose_seed":false,"campfire_upgraded":6,"win_rate":0.0,"timestamp":1611081855,"path_taken":["M","M","?","?","M","E","$","E","T","R","R","E","?","E","R","BOSS","M","?","?","M","M","E","R","E","T","E","M","?","E","$","R","BOSS","M","?","?","?","M","E","E","?","T","E","R","E","M","E","R","BOSS","R","$","E","BOSS"],"items_purchased_type":["Card","Card","Card","Relic","Relic","Card","Relic","Potion","Card","Card","Relic"],"build_version":"2020-12-22","purchased_purges":2,"victory":true,"max_hp_per_floor":[80,80,80,80,80,80,80,80,80,80,80,80,80,80,80,80,80,80,80,85,85,85,85,85,85,85,85,85,85,85,90,90,90,90,90,90,90,90,90,90,90,90,90,90,90,90,90,90,90,90,90,90,90,90,90],"card_choices":[{"not_picked":["Pommel Strike","Perfected Strike"],"picked":"Headbutt","floor":1.0},{"not_picked":["Iron Wave","Reckless Charge"],"picked":"Power Through","floor":2.0},{"not_picked":["Dark Embrace","Headbutt"],"picked":"Burning Pact","floor":5.0},{"not_picked":["Burning Pact","Heavy Blade"],"picked":"Dark Embrace","floor":6.0},{"not_picked":["Clash","True Grit","Burning Pact"],"picked":"Body Slam","floor":8.0},{"not_picked":["Clash","Anger","Dropkick"],"picked":"Burning Pact","floor":12.0},{"not_picked":["Havoc","Hemokinesis","Headbutt"],"picked":"Body Slam","floor":14.0},{"not_picked":["Feed","Reaper","Double Tap"],"picked":"Barricade","floor":16.0},{"not_picked":["Armaments","Clothesline+1","Wild Strike+1"],"picked":"Metallicize","floor":18.0},{"not_picked":["Headbutt+1","Clothesline","Burning Pact"],"picked":"Flame Barrier+1","floor":21.0},{"not_picked":["Juggernaut","Infernal Blade","Sword Boomerang"],"picked":"Shrug It Off","floor":22.0},{"not_picked":["Twin Strike","Sever Soul","Combust"],"picked":"Offering","floor":23.0},{"not_picked":["Anger","Blood for Blood","Dropkick","Thunderclap"],"picked":"SKIP","floor":25.0},{"not_picked":["Juggernaut","Pommel Strike","Infernal Blade"],"picked":"Double Tap","floor":27.0},{"not_picked":["Headbutt","Anger","Clash"],"picked":"Disarm","floor":28.0},{"not_picked":["Pommel Strike","Cleave","Brutality"],"picked":"Ghostly Armor","floor":30},{"not_picked":["Clash","Blood for Blood+1","Havoc"],"picked":"Warcry+1","floor":32},{"not_picked":["Iron Wave+1","Armaments","Uppercut"],"picked":"True Grit+1","floor":35},{"not_picked":["Flex","Cleave","True Grit+1"],"picked":"Flame Barrier","floor":37},{"not_picked":["Bloodletting","Warcry","Uppercut+1"],"picked":"Flex+1","floor":39},{"not_picked":["Metallicize","Flex+1","Headbutt"],"picked":"Brutality","floor":40},{"not_picked":["Rupture+1","Cleave","Perfected Strike"],"picked":"Intimidate+1","floor":41},{"not_picked":["Searing Blow+1","Bloodletting","Anger","Perfected Strike"],"picked":"SKIP","floor":44},{"not_picked":["Warcry+1","Dual Wield","Rage"],"picked":"Armaments+1","floor":46},{"not_picked":["Clothesline","Feel No Pain","Twin Strike"],"picked":"Burning Pact+1","floor":47},{"not_picked":["Perfected Strike+1","Ghostly Armor","Infernal Blade","Iron Wave"],"picked":"SKIP","floor":48},{"not_picked":["Flex+1","Pummel+1","Dropkick"],"picked":"Warcry+1","floor":54}],"player_experience":1207825,"relics_obtained":[{"floor":6.0,"key":"Question Card"},{"floor":8.0,"key":"Dota2Spire:PowerTreads"},{"floor":9.0,"key":"Potion Belt"},{"floor":12.0,"key":"Bag of Preparation"},{"floor":14.0,"key":"Dota2Spire:UrnOfShadows"},{"floor":19.0,"key":"Ice Cream"},{"floor":23.0,"key":"Bottled Flame"},{"floor":25.0,"key":"Dream Catcher"},{"floor":27.0,"key":"Letter Opener"},{"floor":30,"key":"Unceasing Top"},{"floor":40,"key":"Toy Ornithopter"},{"floor":41,"key":"Anchor"},{"floor":42,"key":"Dota2Spire:BladeMail"},{"floor":43,"key":"Dota2Spire:HandOfMidas"},{"floor":44,"key":"Nunchaku"},{"floor":46,"key":"Meat on the Bone"},{"floor":48,"key":"Lantern"},{"floor":54,"key":"Dota2Spire:BlackKingBar"}],"event_choices":[{"damage_healed":20.0,"max_hp_gain":0.0,"max_hp_loss":0.0,"gold_gain":0.0,"event_name":"The Cleric","player_choice":"Healed","floor":3.0,"gold_loss":35.0,"damage_taken":0.0},{"cards_removed":["Strike_R"],"damage_healed":0.0,"max_hp_gain":0.0,"max_hp_loss":0.0,"gold_gain":0.0,"event_name":"Golden Wing","player_choice":"Card Removal","floor":4.0,"gold_loss":0.0,"damage_taken":7.0},{"damage_healed":0.0,"max_hp_gain":0.0,"max_hp_loss":0.0,"gold_gain":0.0,"event_name":"The Woman in Blue","player_choice":"Bought 2 Potions","floor":13.0,"gold_loss":0.0,"damage_taken":0.0},{"damage_healed":0.0,"max_hp_gain":5.0,"max_hp_loss":0.0,"gold_gain":0.0,"event_name":"Forgotten Altar","player_choice":"Shed Blood","floor":20.0,"gold_loss":0.0,"damage_taken":20.0},{"damage_healed":0.0,"max_hp_gain":0.0,"max_hp_loss":0.0,"gold_gain":0.0,"event_name":"The Mausoleum","player_choice":"Ignored","floor":29.0,"gold_loss":0.0,"damage_taken":0.0},{"damage_healed":0,"gold_gain":0,"cards_transformed":["Strike_R"],"player_choice":"Transformed","damage_taken":0,"max_hp_gain":0,"max_hp_loss":0,"event_name":"Transmorgrifier","floor":36,"gold_loss":0,"cards_obtained":["Clothesline"]},{"cards_removed":["Defend_R"],"damage_healed":0,"gold_gain":0,"player_choice":"Removed Skill","damage_taken":0,"max_hp_gain":0,"max_hp_loss":0,"event_name":"Falling","floor":38,"gold_loss":0}],"is_beta":false,"boss_relics":[{"not_picked":["Fusion Hammer","Busted Crown"],"picked":"Mark of Pain"},{"not_picked":["Tiny House","Runic Dome"],"picked":"bronze:MakeshiftBattery"}],"items_purged_floors":[0,0],"is_endless":false,"potions_floor_spawned":[1,2,5,8,18,23,28,35,40,44,46,47],"ascension_level":1}}