{"host":"9ndbo4kgsfoemf7y","time":1611055875,"event":{"mods":["AchievementEnabler","BaseMod","Colored Map","DeckTracker","Keyboard Shortcuts","Minty Spire (QoL Compilation)","Permanent Neow","Quick Restart","Relic Stats","StSLib","SuperFastMode"],"gold_per_floor":[361,372,117,134,148,183,198,198,198,198,210,210,210],"floor_reached":12,"language":"KOR","playtime":321,"items_purged":["Normality"],"score":115,"play_id":"f93e03bc-3cc1-46c1-8dcc-d373e89e44c8","local_time":"20210119203115","is_ascension_mode":true,"campfire_choices":[{"floor":8,"key":"REST"},{"data":"Hologram","floor":10,"key":"SMITH"}],"circlet_count":0,"master_deck":["Strike_B","Strike_B","Strike_B","Strike_B","Defend_B","Defend_B","Defend_B","Defend_B","Zap","Dualcast","Rip and Tear","Sweeping Beam","Sunder","Capacitor","Cold Snap","Streamline","Hologram+1","Conserve Battery"],"relics":["Cracked Core","Tiny Chest","Girya","The Courier"],"acts_visited":["Exordium"],"potions_floor_usage":[],"damage_taken":[{"damage":1,"enemies":"Cultist","floor":1,"turns":3},{"damage":3,"enemies":"2 Louse","floor":2,"turns":2},{"damage":0,"enemies":"Small Slimes","floor":4,"turns":2},{"damage":14,"enemies":"2 Fungi Beasts","floor":5,"turns":3},{"damage":37,"enemies":"3 Sentries","floor":6,"turns":7},{"damage":10,"enemies":"Looter","floor":7,"turns":3},{"damage":21,"enemies":"Blue Slaver","floor":11,"turns":3},{"damage":13,"enemies":"Lagavulin","floor":12,"turns":3}],"seed_played":"6284640344142375580","potions_obtained":[{"floor":1,"key":"Fire Potion"},{"floor":4,"key":"Weak Potion"},{"floor":7,"key":"PowerPotion"}],"is_trial":false,"path_per_floor":["M","M","$","M","M","E","M","R","T","R","M","E"],"character_chosen":"DEFECT","items_purchased":["Sunder","Tiny Chest"],"campfire_rested":1,"item_purchase_floors":[3,3],"current_hp_per_floor":[67,64,64,64,50,13,3,25,25,25,4,0,0],"gold":210,"neow_bonus":"TWO_FIFTY_GOLD","is_daily":false,"chose_seed":false,"campfire_upgraded":1,"win_rate":0.0,"timestamp":1611055875,"path_taken":["M","M","$","M","M","E","M","R","T","R","?","E"],"items_purchased_type":["Card","Relic"],"build_version":"2020-12-22","purchased_purges":1,"victory":false,"max_hp_per_floor":[75,75,75,75,75,75,75,75,75,75,75,75,75],"relic_stats":{"counters":[8,26],"Tiny Chest":0,"obtain_stats":[{"Girya":6,"Tiny Chest":3,"The Courier":9,"Cracked Core":0},{"Girya":5,"Tiny Chest":2,"The Courier":6,"Cracked Core":0},{"Girya":17,"Tiny Chest":5,"The Courier":20,"Cracked Core":0}]},"card_choices":[{"not_picked":["Leap","Turbo"],"picked":"Rip and Tear","floor":1},{"not_picked":["Steam Power","Turbo"],"picked":"Sweeping Beam","floor":2},{"not_picked":["Hologram","Cold Snap"],"picked":"Capacitor","floor":4},{"not_picked":["Turbo","Hello World"],"picked":"Cold Snap","floor":5},{"not_picked":["Ball Lightning","Compile Driver"],"picked":"Streamline","floor":6},{"not_picked":["Ball Lightning","Leap"],"picked":"Hologram","floor":7},{"not_picked":["Redo","Hello World"],"picked":"Conserve Battery","floor":11}],"player_experience":830827,"relics_obtained":[{"floor":6,"key":"Girya"},{"floor":9,"key":"The Courier"}],"event_choices":[],"is_beta":false,"boss_relics":[],"items_purged_floors":[3],"is_endless":false,"potions_floor_spawned":[1,4,7],"killed_by":"Lagavulin","ascension_level":8}}