{"host":"cxvb37eaaiijvrl4","time":1611044757,"event":{"mods":["ATMod(°¢èªMod)","BaseMod","Better Third Choice","Minty Spire (QoL Compilation)","MostiFishMod","Quick Restart","Rare Cards Sparkle","Shop Mod","Spicy Shops","StSLib","TestMod","Uncapped","²ÐÁôÖ®Îï"],"gold_per_floor":[18,18,38,48,98,98,127,127,127,127,127],"floor_reached":10,"language":"ZHS","playtime":324,"items_purged":[],"score":132,"play_id":"dd511206-514b-4544-842e-0d5a81557f98","local_time":"20210119002557","is_ascension_mode":true,"campfire_choices":[{"data":"Eruption","floor":6,"key":"SMITH"},{"data":"WheelKick","floor":8,"key":"SMITH"}],"circlet_count":0,"master_deck":["AscendersBane","Strike_P","Strike_P","Defend_P","Defend_P","Defend_P","Eruption+1","Vigilance","FearNoEvil","Adaptation","WheelKick+1"],"relics":["PureWater","testmod-TestBox","DaveBox","AT_ATBox","GuanYuAspect","testmod-Fanaticism","SynthV:TestCard","Strawberry","Toxic Egg 2","Question Card"],"acts_visited":["Exordium"],"potions_floor_usage":[10],"damage_taken":[{"damage":6.0,"enemies":"2 Louse","floor":1.0,"turns":2.0},{"damage":10,"enemies":"Jaw Worm","floor":3,"turns":3},{"damage":2,"enemies":"Small Slimes","floor":4,"turns":3},{"damage":37,"enemies":"3 Sentries","floor":7,"turns":8},{"damage":7,"enemies":"Lagavulin","floor":10,"turns":3}],"seed_played":"-1714979588254516728","potions_obtained":[{"floor":1.0,"key":"StancePotion"}],"is_trial":false,"path_per_floor":["M","?","M","M","T","R","E","R","T","E"],"character_chosen":"WATCHER","items_purchased":[],"campfire_rested":0,"item_purchase_floors":[],"current_hp_per_floor":[30,30,27,31,35,35,27,27,27,32,32],"gold":127,"neow_bonus":"REMOVE_TWO","is_daily":false,"chose_seed":false,"campfire_upgraded":2,"win_rate":0.0,"timestamp":1611044757,"path_taken":["M","?","M","M","?","R","E","R","T","E"],"items_purchased_type":[],"build_version":"2020-12-22","purchased_purges":0,"victory":false,"max_hp_per_floor":[34,34,34,34,41,41,41,41,41,41,41],"card_choices":[{"not_picked":["SandsOfTime","JustLucky","Vengeance"],"picked":"SKIP","floor":1.0},{"not_picked":["FlurryOfBlows","Consecrate","Swivel","DeceiveReality","PathToVictory"],"picked":"SKIP","floor":3},{"not_picked":["Fasting2","Crescendo","AT_RealColorLess","Prostrate"],"picked":"Adaptation","floor":4},{"not_picked":["ThirdEye+1","ClearTheMind+1","Evaluate+1","Consecrate"],"picked":"WheelKick","floor":7}],"player_experience":690189,"relics_obtained":[{"floor":1.0,"key":"SynthV:TestCard"},{"floor":5,"key":"Strawberry"},{"floor":7,"key":"Toxic Egg 2"},{"floor":9,"key":"Question Card"}],"event_choices":[{"damage_healed":0,"gold_gain":0,"cards_transformed":["Strike_P"],"player_choice":"Change","damage_taken":0,"max_hp_gain":0,"max_hp_loss":0,"event_name":"Living Wall","floor":2,"gold_loss":0,"cards_obtained":["FearNoEvil"]}],"is_beta":false,"boss_relics":[],"items_purged_floors":[],"is_endless":false,"potions_floor_spawned":[1],"killed_by":"Lagavulin","ascension_level":20}}