{"host":"n4fty02wqqi95laq","time":1611061119,"event":{"mods":["BaseMod","Highlight Path","Minty Spire (QoL Compilation)","Quick Restart","Rare Cards Sparkle","StSLib"],"gold_per_floor":[109,34,34,52,52,52,77,77,152,203,203,247,300,339,339,442,442,456,456,499,511,255,332,332,362,362,105,172,213,213,273,273,410,410,428,119,167,244,315,408,408,422,422,515,515,586,7,7,7,37,37,37],"floor_reached":51,"language":"ZHS","playtime":2107,"items_purged":["Strike_P","Strike_P","Strike_P"],"score":1835,"play_id":"6ec94043-b463-4024-a165-d81a4c7b5ef0","local_time":"20210119205839","is_ascension_mode":true,"campfire_choices":[{"data":"Eruption","floor":6.0,"key":"SMITH"},{"data":"ForeignInfluence","floor":8.0,"key":"SMITH"},{"data":"CrushJoints","floor":15.0,"key":"SMITH"},{"data":"Adaptation","floor":24.0,"key":"SMITH"},{"data":"Omniscience","floor":30.0,"key":"SMITH"},{"data":"Wish","floor":32.0,"key":"SMITH"},{"data":"MasterReality","floor":41.0,"key":"SMITH"},{"data":"Prostrate","floor":45.0,"key":"SMITH"},{"floor":49.0,"key":"RECALL"}],"circlet_count":0,"master_deck":["AscendersBane","Defend_P","Defend_P","Defend_P","Eruption+1","Vigilance","ForeignInfluence+1","Wish+1","Prostrate+1","CrushJoints+1","MentalFortress","InnerPeace","Omniscience+1","Scrawl+1","Omniscience+1","ConjureBlade+1","Adaptation+1","Fasting2","DevaForm","WheelKick+1","MasterReality+1","Evaluate+1","MentalFortress","Pray+1","Wallop+1","Study"],"relics":["PureWater","NeowsBlessing","Vajra","Odd Mushroom","Singing Bowl","Bronze Scales","Astrolabe","Yang","Strawberry","Bottled Tornado","Medical Kit","Runic Dome","Toxic Egg 2","Happy Flower","HornCleat","Smiling Mask","Mummified Hand","OrangePellets"],"acts_visited":["Exordium","TheCity","TheBeyond"],"potions_floor_usage":[],"damage_taken":[{"damage":0.0,"enemies":"Jaw Worm","floor":1.0,"turns":1.0},{"damage":0.0,"enemies":"Small Slimes","floor":4.0,"turns":1.0},{"damage":0.0,"enemies":"Gremlin Nob","floor":7.0,"turns":1.0},{"damage":3.0,"enemies":"The Mushroom Lair","floor":10.0,"turns":3.0},{"damage":2.0,"enemies":"Cultist","floor":12.0,"turns":3.0},{"damage":17.0,"enemies":"3 Sentries","floor":13.0,"turns":7.0},{"damage":0.0,"enemies":"Exordium Wildlife","floor":14.0,"turns":3.0},{"damage":27.0,"enemies":"The Guardian","floor":16.0,"turns":9.0},{"damage":1.0,"enemies":"3 Byrds","floor":18.0,"turns":2.0},{"damage":0.0,"enemies":"Chosen","floor":20.0,"turns":3.0},{"damage":0.0,"enemies":"Sentry and Sphere","floor":21.0,"turns":2.0},{"damage":0.0,"enemies":"Gremlin Leader","floor":23.0,"turns":2.0},{"damage":6.0,"enemies":"Book of Stabbing","floor":25.0,"turns":3.0},{"damage":0.0,"enemies":"Snecko","floor":28.0,"turns":2.0},{"damage":15.0,"enemies":"Snake Plant","floor":29.0,"turns":4.0},{"damage":0.0,"enemies":"Sentry and Sphere","floor":31.0,"turns":3.0},{"damage":0.0,"enemies":"Collector","floor":33.0,"turns":4.0},{"damage":2.0,"enemies":"3 Shapes","floor":35.0,"turns":7.0},{"damage":2.0,"enemies":"2 Orb Walkers","floor":37.0,"turns":2.0},{"damage":7.0,"enemies":"3 Darklings","floor":38.0,"turns":5.0},{"damage":0.0,"enemies":"Sphere and 2 Shapes","floor":39.0,"turns":1.0},{"damage":8.0,"enemies":"Giant Head","floor":40.0,"turns":4.0},{"damage":10.0,"enemies":"4 Shapes","floor":42.0,"turns":2.0},{"damage":0.0,"enemies":"Nemesis","floor":44.0,"turns":3.0},{"damage":1.0,"enemies":"Spire Growth","floor":46.0,"turns":3.0},{"damage":24.0,"enemies":"Awakened One","floor":50.0,"turns":6.0},{"damage":36,"enemies":"Donu and Deca","floor":51,"turns":1}],"seed_played":"6507373428106784091","potions_obtained":[{"floor":12.0,"key":"FearPotion"},{"floor":13.0,"key":"Energy Potion"},{"floor":14.0,"key":"StancePotion"},{"floor":16.0,"key":"Regen Potion"},{"floor":20.0,"key":"GamblersBrew"},{"floor":25.0,"key":"AttackPotion"},{"floor":31.0,"key":"ColorlessPotion"},{"floor":37.0,"key":"LiquidMemories"},{"floor":44.0,"key":"Energy Potion"},{"floor":46.0,"key":"CultistPotion"}],"is_trial":false,"path_per_floor":["M","?","?","M","?","R","E","R","T","?","T","M","E","M","R","B",null,"M","?","M","M","$","E","R","E","T","$","M","M","R","M","R","B",null,"M","$","?","M","M","E","R","M","T","E","R","M","$","?","R","B","B"],"character_chosen":"WATCHER","items_purchased":["Fasting2","Tantrum","Strength Potion","Medical Kit","Toxic Egg 2","Evaluate+1","Mummified Hand","OrangePellets","Study"],"campfire_rested":0,"item_purchase_floors":[22,22,22,27,36,36,47,47,47],"current_hp_per_floor":[61,61,61,61,61,61,61,61,61,58,58,56,39,41,41,14,56,57,37,39,39,39,46,46,47,47,47,47,34,34,36,36,36,78,78,78,78,73,73,67,67,59,59,59,59,58,58,58,58,34,0,0],"gold":37,"neow_bonus":"THREE_ENEMY_KILL","is_daily":false,"chose_seed":false,"campfire_upgraded":8,"win_rate":0.0,"timestamp":1611061119,"path_taken":["M","?","?","?","?","R","E","R","T","?","?","M","E","M","R","BOSS","M","?","M","M","$","E","R","E","T","$","M","M","R","M","R","BOSS","M","$","?","M","M","E","R","M","T","E","R","M","$","?","R","BOSS","BOSS"],"items_purchased_type":["Card","Card","Potion","Relic","Relic","Card","Relic","Relic","Card"],"build_version":"2020-12-22","purchased_purges":3,"victory":false,"max_hp_per_floor":[68,68,68,68,68,68,68,68,68,68,68,68,68,70,70,70,70,72,77,79,79,79,81,81,88,88,88,88,90,90,92,92,92,92,94,94,96,98,98,100,100,102,102,102,102,102,102,102,102,102,102,102],"card_choices":[{"not_picked":["ClearTheMind","CutThroughFate"],"picked":"ForeignInfluence","floor":1.0},{"not_picked":["PathToVictory","WindmillStrike"],"picked":"Prostrate","floor":4.0},{"not_picked":["Prostrate","Protect"],"picked":"CrushJoints","floor":7.0},{"not_picked":["ThirdEye","Protect"],"picked":"SpiritShield","floor":10.0},{"not_picked":["Halt","EmptyFist"],"picked":"MentalFortress","floor":12.0},{"not_picked":["Evaluate","SashWhip"],"picked":"InnerPeace","floor":13.0},{"not_picked":["JustLucky","LikeWater","Swivel"],"picked":"Singing Bowl","floor":14.0},{"not_picked":["Alpha","Ragnarok"],"picked":"Omniscience","floor":16.0},{"not_picked":["CrushJoints","WaveOfTheHand","FollowUp"],"picked":"Singing Bowl","floor":18.0},{"not_picked":["CutThroughFate","ReachHeaven","PathToVictory"],"picked":"Singing Bowl","floor":20.0},{"not_picked":["CutThroughFate","WaveOfTheHand"],"picked":"Adaptation","floor":21.0},{"not_picked":["FollowUp","CutThroughFate","Blasphemy"],"picked":"Singing Bowl","floor":23.0},{"not_picked":["CutThroughFate","PathToVictory"],"picked":"DevaForm","floor":25.0},{"not_picked":["FlyingSleeves","EmptyBody+1"],"picked":"WheelKick+1","floor":28.0},{"not_picked":["Halt","BowlingBash","Vengeance"],"picked":"Singing Bowl","floor":29.0},{"not_picked":["ClearTheMind","FollowUp","Prostrate"],"picked":"Singing Bowl","floor":31.0},{"not_picked":["Judgement","Blasphemy"],"picked":"MasterReality","floor":33.0},{"not_picked":["ClearTheMind","Consecrate","BowlingBash"],"picked":"Singing Bowl","floor":35.0},{"not_picked":["EmptyFist","Evaluate+1","Vengeance+1"],"picked":"Singing Bowl","floor":37.0},{"not_picked":["Halt+1","SandsOfTime+1","Conclude"],"picked":"Singing Bowl","floor":38.0},{"not_picked":["FollowUp","Adaptation"],"picked":"MentalFortress","floor":39.0},{"not_picked":["Halt+1","SashWhip","Weave"],"picked":"Singing Bowl","floor":40.0},{"not_picked":["MasterReality","FollowUp","Halt+1"],"picked":"Singing Bowl","floor":42.0},{"not_picked":["Ragnarok","Protect+1"],"picked":"Pray+1","floor":44.0},{"not_picked":["Crescendo+1","FlurryOfBlows"],"picked":"Wallop+1","floor":46.0}],"player_experience":676563,"relics_obtained":[{"floor":7.0,"key":"Vajra"},{"floor":10.0,"key":"Odd Mushroom"},{"floor":11.0,"key":"Singing Bowl"},{"floor":13.0,"key":"Bronze Scales"},{"floor":23.0,"key":"Yang"},{"floor":25.0,"key":"Strawberry"},{"floor":26.0,"key":"Bottled Tornado"},{"floor":40.0,"key":"Happy Flower"},{"floor":43.0,"key":"HornCleat"},{"floor":44.0,"key":"Smiling Mask"}],"event_choices":[{"cards_removed":["Defend_P"],"damage_healed":0.0,"max_hp_gain":0.0,"max_hp_loss":0.0,"gold_gain":0.0,"event_name":"The Cleric","player_choice":"Card Removal","floor":2.0,"gold_loss":75.0,"damage_taken":0.0},{"damage_healed":0.0,"max_hp_gain":0.0,"max_hp_loss":0.0,"gold_gain":0.0,"event_name":"Match and Keep!","player_choice":"2 cards matched","floor":3.0,"gold_loss":0.0,"damage_taken":0.0,"cards_obtained":["Wish","BattleHymn"]},{"damage_healed":0.0,"max_hp_gain":0.0,"max_hp_loss":0.0,"gold_gain":0.0,"event_name":"Liars Game","player_choice":"Ignored","floor":5.0,"gold_loss":0.0,"damage_taken":0.0},{"damage_healed":0.0,"max_hp_gain":0.0,"max_hp_loss":0.0,"gold_gain":0.0,"event_name":"Mushrooms","player_choice":"Fought Mushrooms","floor":10.0,"gold_loss":0.0,"damage_taken":0.0},{"damage_healed":0.0,"max_hp_gain":5.0,"max_hp_loss":0.0,"gold_gain":0.0,"event_name":"Forgotten Altar","player_choice":"Shed Blood","floor":19.0,"gold_loss":0.0,"damage_taken":25.0},{"damage_healed":0.0,"max_hp_gain":0.0,"max_hp_loss":0.0,"gold_gain":0.0,"event_name":"Mysterious Sphere","player_choice":"Fight","floor":37.0,"gold_loss":0.0,"damage_taken":0.0},{"cards_removed":["Tantrum"],"damage_healed":0.0,"max_hp_gain":0.0,"max_hp_loss":0.0,"gold_gain":0.0,"event_name":"Falling","player_choice":"Removed Attack","floor":48.0,"gold_loss":0.0,"damage_taken":0.0}],"is_beta":false,"boss_relics":[{"not_picked":["Philosopher\u0027s Stone","Coffee Dripper"],"picked":"Astrolabe"},{"not_picked":["Busted Crown","Black Star"],"picked":"Runic Dome"}],"items_purged_floors":[22,27,47],"is_endless":false,"potions_floor_spawned":[12,13,14,16,20,25,31,37,42,44,46],"killed_by":"Donu and Deca","ascension_level":20}}