{"host":"yb8bkkdvr1qiclnk","time":1611088363,"event":{"mods":["BaseMod","Colored Map","Colored Powertips","DeckTracker","Faster Ascension Climbing","Highlight Path","Jorbs\u0027s Wanderer Trilogy","Minty Spire (QoL Compilation)","Quick Restart","Relic Stats","StSLib","UnlockEverythingMod"],"gold_per_floor":[112,112,112,127,146,146,181,192,192,223,398,11,29,42,42,144,144,164,114,139,154,154,189,214,233,259,305,322,322,322,340,340,442,442,467,491,508,528,528,560,578,614,614,614,410,12,31,31,31,36,36,36,36,76,81,81],"floor_reached":55,"language":"ENG","playtime":7111,"items_purged":["Doubt"],"score":881,"play_id":"d7f70733-1317-488b-a475-0b31fcbedd65","local_time":"20210119153243","is_ascension_mode":false,"campfire_choices":[{"data":"stsjorbsmod:EyeOfTheStorm","floor":6,"key":"SMITH"},{"data":"stsjorbsmod:MageArmor","floor":15,"key":"SMITH"},{"data":"stsjorbsmod:ParryingBlow","floor":30,"key":"SMITH"},{"data":"stsjorbsmod:Channel","floor":32,"key":"SMITH"},{"floor":44,"key":"RECALL"},{"data":"stsjorbsmod:Firebolt","floor":49,"key":"SMITH"},{"data":"stsjorbsmod:Message","floor":52,"key":"SMITH"}],"circlet_count":0,"master_deck":["stsjorbsmod:ForbiddenGrimoire+1","stsjorbsmod:FreshAdventure","stsjorbsmod:EyeOfTheStorm+1","stsjorbsmod:ColorSpray","stsjorbsmod:Introspection+1","stsjorbsmod:Channel+1","stsjorbsmod:MageArmor+1","stsjorbsmod:Message+1","stsjorbsmod:DoubleCheck+1","stsjorbsmod:Prepare+1","stsjorbsmod:ChainLightning","stsjorbsmod:Rediscovery+1","stsjorbsmod:OldPocket+1","stsjorbsmod:Pyromancy+1","stsjorbsmod:FindFamiliar+1","stsjorbsmod:HedgeWizard+1","stsjorbsmod:Firebolt+1","stsjorbsmod:ParryingBlow+1","stsjorbsmod:Will+1","stsjorbsmod:Index+1","stsjorbsmod:BurningFlask+1","stsjorbsmod:MistyStep+1","stsjorbsmod:RefuseToForget+1","stsjorbsmod:TinyHut+1","stsjorbsmod:SchoolsOfMagic+1","stsjorbsmod:Hibernate+1","stsjorbsmod:Index+1","stsjorbsmod:Entangle+1","stsjorbsmod:Materialize+1","stsjorbsmod:MistyStep+1","stsjorbsmod:Message+1","stsjorbsmod:Prestidigitation+1","stsjorbsmod:DoubleCheck+1","stsjorbsmod:TrueStrike+1","stsjorbsmod:BurningFlask+1","stsjorbsmod:Banish+1","stsjorbsmod:Prestidigitation+1","stsjorbsmod:Firebolt+1","stsjorbsmod:MirrorImage+1"],"relics":["stsjorbsmod:GrimoireRelic","Frozen Egg 2","Tiny Chest","Bottled Lightning","Thread and Needle","Toxic Egg 2","Pandora\u0027s Box","Art of War","White Beast Statue","Smiling Mask","SacredBark","Pear","TungstenRod","Anchor","Meat on the Bone","Potion Belt","Medical Kit","Vajra"],"acts_visited":["Exordium","TheCity","TheBeyond","TheEnding"],"potions_floor_usage":[7,10,10,27,27,41,42,50,50,54,55,55],"damage_taken":[{"damage":0,"enemies":"2 Louse","floor":1,"turns":3},{"damage":0,"enemies":"Small Slimes","floor":4,"turns":2},{"damage":5,"enemies":"Jaw Worm","floor":5,"turns":5},{"damage":10,"enemies":"Gremlin Nob","floor":7,"turns":6},{"damage":2,"enemies":"Blue Slaver","floor":8,"turns":3},{"damage":17,"enemies":"3 Sentries","floor":10,"turns":5},{"damage":0,"enemies":"Gremlin Gang","floor":13,"turns":3},{"damage":0,"enemies":"Looter","floor":14,"turns":4},{"damage":30,"enemies":"Slime Boss","floor":16,"turns":8},{"damage":0,"enemies":"Spheric Guardian","floor":18,"turns":3},{"damage":2,"enemies":"Shell Parasite","floor":21,"turns":5},{"damage":4,"enemies":"Book of Stabbing","floor":23,"turns":5},{"damage":3,"enemies":"Cultist and Chosen","floor":24,"turns":5},{"damage":10,"enemies":"Snake Plant","floor":25,"turns":3},{"damage":29,"enemies":"Slavers","floor":27,"turns":4},{"damage":2,"enemies":"Shelled Parasite and Fungi","floor":28,"turns":4},{"damage":0,"enemies":"Snecko","floor":31,"turns":4},{"damage":19,"enemies":"Champ","floor":33,"turns":7},{"damage":0,"enemies":"Orb Walker","floor":35,"turns":4},{"damage":0,"enemies":"3 Shapes","floor":36,"turns":5},{"damage":0,"enemies":"Writhing Mass","floor":37,"turns":6},{"damage":31,"enemies":"Spire Growth","floor":38,"turns":6},{"damage":2,"enemies":"Giant Head","floor":40,"turns":7},{"damage":26,"enemies":"Sphere and 2 Shapes","floor":41,"turns":5},{"damage":5,"enemies":"Reptomancer","floor":42,"turns":5},{"damage":12,"enemies":"Transient","floor":47,"turns":5},{"damage":34,"enemies":"Donu and Deca","floor":50,"turns":11},{"damage":66,"enemies":"Shield and Spear","floor":54,"turns":7},{"damage":84,"enemies":"The Heart","floor":55,"turns":10}],"seed_played":"-8014958737161763399","potions_obtained":[{"floor":4,"key":"Fire Potion"},{"floor":5,"key":"Ancient Potion"},{"floor":7,"key":"Fruit Juice"},{"floor":13,"key":"Explosive Potion"},{"floor":18,"key":"Explosive Potion"},{"floor":23,"key":"LiquidMemories"},{"floor":27,"key":"FairyPotion"},{"floor":28,"key":"Fire Potion"},{"floor":41,"key":"Weak Potion"},{"floor":42,"key":"Block Potion"},{"floor":54,"key":"Weak Potion"}],"is_trial":false,"path_per_floor":["M","?","?","M","M","R","E","M","T","E","?","$","M","M","R","B",null,"M","?","T","M","?","E","M","M","T","E","M","?","R","M","R","B",null,"M","M","M","M","T","E","M","E","T","R","$","$","M","?","R","B",null,"R","$","E","B"],"character_chosen":"WANDERER","items_purchased":["Toxic Egg 2","stsjorbsmod:DoubleCheck+1","Strength Potion","Potion Belt","Energy Potion","stsjorbsmod:Banish+1","stsjorbsmod:Prestidigitation+1","Medical Kit","SkillPotion"],"campfire_rested":0,"item_purchase_floors":[12,12,12,45,45,46,46,46,46],"current_hp_per_floor":[68,68,61,62,59,59,51,49,49,39,39,39,40,41,41,11,73,73,73,73,73,73,73,73,66,66,41,44,44,44,49,49,30,73,73,73,73,44,54,60,39,39,39,39,39,39,44,44,44,22,79,79,79,25,0,0],"gold":81,"neow_bonus":"REMOVE_CARD","is_daily":false,"chose_seed":false,"campfire_upgraded":6,"win_rate":0.0,"timestamp":1611088363,"path_taken":["M","?","?","M","M","R","E","M","T","E","?","$","?","M","R","BOSS","M","?","?","M","?","E","M","M","T","E","M","?","R","M","R","BOSS","M","M","?","M","?","E","M","E","T","R","?","$","M","?","R","BOSS","R","$","E","BOSS"],"items_purchased_type":["Relic","Card","Potion","Relic","Potion","Card","Card","Relic","Potion"],"build_version":"2020-12-22","purchased_purges":1,"victory":false,"max_hp_per_floor":[68,68,68,68,68,68,68,68,68,73,73,73,73,73,73,73,73,73,73,73,73,73,73,73,73,73,73,73,73,73,73,73,73,73,73,73,73,73,83,83,83,83,83,83,83,83,83,79,79,79,79,79,79,79,79,79],"relic_stats":{"counters":[29,150],"Tiny Chest":2,"Pandora\u0027s Box":["stsjorbsmod:OldPocket","stsjorbsmod:Pyromancy","stsjorbsmod:FindFamiliar","stsjorbsmod:HedgeWizard","stsjorbsmod:Firebolt","stsjorbsmod:ParryingBlow","stsjorbsmod:Will"],"Art of War":[45],"Smiling Mask":0,"Medical Kit":[7],"obtain_stats":[{"Potion Belt":45,"Pear":39,"SacredBark":34,"Vajra":54,"stsjorbsmod:GrimoireRelic":0,"Thread and Needle":10,"Frozen Egg 2":2,"Smiling Mask":27,"Medical Kit":46,"White Beast Statue":23,"Anchor":42,"Tiny Chest":7,"Pandora\u0027s Box":17,"Art of War":20,"Bottled Lightning":9,"Toxic Egg 2":12,"TungstenRod":40,"Meat on the Bone":43},{"Potion Belt":25,"Pear":22,"SacredBark":18,"Vajra":28,"stsjorbsmod:GrimoireRelic":0,"Thread and Needle":6,"Frozen Egg 2":1,"Smiling Mask":15,"Medical Kit":25,"White Beast Statue":12,"Anchor":25,"Tiny Chest":4,"Pandora\u0027s Box":9,"Art of War":10,"Bottled Lightning":5,"Toxic Egg 2":6,"TungstenRod":23,"Meat on the Bone":25},{"Potion Belt":117,"Pear":100,"SacredBark":79,"Vajra":140,"stsjorbsmod:GrimoireRelic":0,"Thread and Needle":24,"Frozen Egg 2":3,"Smiling Mask":64,"Medical Kit":117,"White Beast Statue":52,"Anchor":117,"Tiny Chest":16,"Pandora\u0027s Box":39,"Art of War":42,"Bottled Lightning":19,"Toxic Egg 2":24,"TungstenRod":107,"Meat on the Bone":117}],"TungstenRod":74,"Meat on the Bone":36},"card_choices":[{"not_picked":["stsjorbsmod:RayOfFrost","stsjorbsmod:LocateObject"],"picked":"stsjorbsmod:ColorSpray","floor":1},{"not_picked":["stsjorbsmod:Mending","stsjorbsmod:Stalwart"],"picked":"stsjorbsmod:Introspection+1","floor":4},{"not_picked":["stsjorbsmod:Index","stsjorbsmod:LocateObject"],"picked":"stsjorbsmod:Channel","floor":5},{"not_picked":["stsjorbsmod:Prepare","stsjorbsmod:BookOfTongues+1"],"picked":"stsjorbsmod:MageArmor","floor":7},{"not_picked":["stsjorbsmod:AnimateObjects","stsjorbsmod:Materialize"],"picked":"stsjorbsmod:ParryingBlow","floor":8},{"not_picked":["stsjorbsmod:DoubleCheck","stsjorbsmod:Prepare"],"picked":"stsjorbsmod:Message","floor":10},{"not_picked":["stsjorbsmod:MageArmor+1","stsjorbsmod:Hurt"],"picked":"stsjorbsmod:Prepare+1","floor":13},{"not_picked":["stsjorbsmod:ColorSpray","stsjorbsmod:TollTheDead"],"picked":"stsjorbsmod:ChainLightning","floor":14},{"not_picked":["stsjorbsmod:GatherPower+1","stsjorbsmod:Banish+1"],"picked":"stsjorbsmod:Rediscovery+1","floor":16},{"not_picked":["stsjorbsmod:MagicMirror+1","stsjorbsmod:ChatteringStrike"],"picked":"stsjorbsmod:Index+1","floor":18},{"not_picked":["stsjorbsmod:HedgeWizard+1","stsjorbsmod:Prepare+1"],"picked":"stsjorbsmod:BurningFlask+1","floor":21},{"not_picked":["stsjorbsmod:IvoryTower+1","stsjorbsmod:OldPocket+1"],"picked":"stsjorbsmod:MistyStep+1","floor":23},{"not_picked":["stsjorbsmod:FracturedMind","stsjorbsmod:ChainLightning"],"picked":"stsjorbsmod:RefuseToForget+1","floor":24},{"not_picked":["stsjorbsmod:Prestidigitation+1","stsjorbsmod:MagicMirror+1"],"picked":"stsjorbsmod:TinyHut+1","floor":25},{"not_picked":["stsjorbsmod:Patron","stsjorbsmod:TrueStrike"],"picked":"stsjorbsmod:SchoolsOfMagic+1","floor":27},{"not_picked":["stsjorbsmod:Hurt","stsjorbsmod:ChainLightning"],"picked":"stsjorbsmod:Hibernate+1","floor":28},{"not_picked":["stsjorbsmod:WeightOfMemory","stsjorbsmod:UnseenServant+1"],"picked":"stsjorbsmod:Index+1","floor":31},{"not_picked":["stsjorbsmod:Banish+1","stsjorbsmod:ThirstingSword"],"picked":"stsjorbsmod:Entangle+1","floor":33},{"not_picked":["stsjorbsmod:ColorSpray+1","stsjorbsmod:Prepare+1"],"picked":"stsjorbsmod:Materialize+1","floor":35},{"not_picked":["stsjorbsmod:Patron","stsjorbsmod:DoubleCheck+1"],"picked":"stsjorbsmod:MistyStep+1","floor":36},{"not_picked":["stsjorbsmod:BlackTentacles","stsjorbsmod:Index+1"],"picked":"stsjorbsmod:Message+1","floor":37},{"not_picked":["stsjorbsmod:Introspection+1","stsjorbsmod:Materialize+1"],"picked":"stsjorbsmod:Prestidigitation+1","floor":38},{"not_picked":["stsjorbsmod:Hibernate+1","stsjorbsmod:ChatteringStrike+1"],"picked":"stsjorbsmod:DoubleCheck+1","floor":40},{"not_picked":["stsjorbsmod:FindFamiliar+1","stsjorbsmod:Message+1"],"picked":"stsjorbsmod:TrueStrike+1","floor":41},{"not_picked":["stsjorbsmod:TrueStrike","stsjorbsmod:DoubleCheck+1"],"picked":"stsjorbsmod:BurningFlask+1","floor":42},{"not_picked":["stsjorbsmod:UnseenServant+1","stsjorbsmod:FindFamiliar+1"],"picked":"stsjorbsmod:Firebolt","floor":47},{"not_picked":["stsjorbsmod:Aid+1","stsjorbsmod:DisguiseSelf+1"],"picked":"stsjorbsmod:MirrorImage+1","floor":54}],"player_experience":55387,"relics_obtained":[{"floor":7,"key":"Tiny Chest"},{"floor":9,"key":"Bottled Lightning"},{"floor":10,"key":"Thread and Needle"},{"floor":20,"key":"Art of War"},{"floor":23,"key":"White Beast Statue"},{"floor":27,"key":"Smiling Mask"},{"floor":39,"key":"Pear"},{"floor":40,"key":"TungstenRod"},{"floor":42,"key":"Anchor"},{"floor":43,"key":"Meat on the Bone"},{"floor":54,"key":"Vajra"}],"event_choices":[{"damage_healed":0,"gold_gain":0,"player_choice":"Box","damage_taken":0,"relics_obtained":["Frozen Egg 2"],"max_hp_gain":0,"max_hp_loss":0,"event_name":"Big Fish","floor":2,"gold_loss":0,"cards_obtained":["Regret"]},{"cards_removed":["Regret"],"damage_healed":0,"gold_gain":0,"player_choice":"Card Removal","damage_taken":7,"max_hp_gain":0,"max_hp_loss":0,"event_name":"Golden Wing","floor":3,"gold_loss":0},{"damage_healed":0,"gold_gain":175,"player_choice":"AGREE","damage_taken":0,"max_hp_gain":0,"max_hp_loss":0,"event_name":"Liars Game","floor":11,"gold_loss":0,"cards_obtained":["Doubt"]},{"damage_healed":0,"gold_gain":0,"player_choice":"Bet on Murderer","damage_taken":0,"max_hp_gain":0,"max_hp_loss":0,"event_name":"The Joust","floor":19,"gold_loss":50},{"damage_healed":0,"gold_gain":0,"player_choice":"Ignored","damage_taken":0,"max_hp_gain":0,"max_hp_loss":0,"event_name":"Vampires","floor":22,"gold_loss":0},{"cards_removed":["stsjorbsmod:ParryingBlow"],"damage_healed":0,"gold_gain":0,"player_choice":"Card Removal","damage_taken":0,"max_hp_gain":0,"max_hp_loss":0,"event_name":"Wheel of Change","floor":29,"gold_loss":0},{"damage_healed":0,"gold_gain":0,"player_choice":"Max HP","damage_taken":0,"max_hp_gain":0,"max_hp_loss":4,"event_name":"Winding Halls","floor":48,"gold_loss":0}],"is_beta":false,"boss_relics":[{"not_picked":["Busted Crown","Astrolabe"],"picked":"Pandora\u0027s Box"},{"not_picked":["SlaversCollar","Tiny House"],"picked":"SacredBark"}],"items_purged_floors":[12],"is_endless":false,"potions_floor_spawned":[4,5,7,13,18,23,24,25,27,28,31,33,35,36,37,38,40,41,42,47,54],"killed_by":"The Heart","ascension_level":0}}