{"host":"8is2j71l4wmybkoi","time":1611063242,"event":{"mods":["AchievementEnabler","BaseMod","Colored Map","Minty Spire (QoL Compilation)","Rare Cards Sparkle","StSLib","SuperFastMode"],"gold_per_floor":[113,132,151,151,161,161,177,212,212,0,0,33,33,33,33,106,106,93,111,130,142,142,169,169,169,249,249,249],"floor_reached":27,"language":"KOR","playtime":1004,"items_purged":[],"score":437,"play_id":"fc99e913-2b16-4008-ba5f-4c25699f990f","local_time":"20210119223402","is_ascension_mode":true,"campfire_choices":[{"data":"Perfected Strike","floor":6.0,"key":"SMITH"},{"data":"Bash","floor":11.0,"key":"SMITH"},{"floor":13.0,"key":"REST"},{"data":"Power Through","floor":15.0,"key":"SMITH"},{"floor":25.0,"key":"REST"}],"circlet_count":0,"master_deck":["AscendersBane","Strike_R+1","Strike_R+1","Strike_R+1","Strike_R+1","Defend_R+1","Defend_R+1","Defend_R+1","Defend_R+1","Bash+1","Perfected Strike+1","Twin Strike","Ghostly Armor","Brutality","Power Through+1","Barricade","Shockwave","Pommel Strike","Shrug It Off+1","Twin Strike","Warcry+1","Battle Trance","Flame Barrier","Dual Wield","Shrug It Off"],"relics":["Burning Blood","NeowsBlessing","HornCleat","Prayer Wheel","Anchor","InkBottle","Fusion Hammer","Shovel","Toxic Egg 2"],"acts_visited":["Exordium","TheCity"],"potions_floor_usage":[27],"damage_taken":[{"damage":0.0,"enemies":"Small Slimes","floor":1.0,"turns":1.0},{"damage":0.0,"enemies":"Jaw Worm","floor":2.0,"turns":1.0},{"damage":0.0,"enemies":"Cultist","floor":3.0,"turns":1.0},{"damage":2.0,"enemies":"3 Louse","floor":5.0,"turns":4.0},{"damage":13.0,"enemies":"Exordium Thugs","floor":7.0,"turns":4.0},{"damage":9.0,"enemies":"3 Sentries","floor":8.0,"turns":6.0},{"damage":50.0,"enemies":"Gremlin Nob","floor":12.0,"turns":5.0},{"damage":32.0,"enemies":"The Guardian","floor":16.0,"turns":12.0},{"damage":2.0,"enemies":"2 Thieves","floor":18.0,"turns":4.0},{"damage":21.0,"enemies":"Spheric Guardian","floor":19.0,"turns":4.0},{"damage":17.0,"enemies":"Snake Plant","floor":20.0,"turns":4.0},{"damage":7.0,"enemies":"Centurion and Healer","floor":21.0,"turns":6.0},{"damage":12.0,"enemies":"Slavers","floor":23.0,"turns":5.0},{"damage":45,"enemies":"Gremlin Leader","floor":27,"turns":5}],"seed_played":"8796633903889191159","potions_obtained":[{"floor":2.0,"key":"Weak Potion"},{"floor":7.0,"key":"Fire Potion"},{"floor":19.0,"key":"FearPotion"}],"is_trial":false,"path_per_floor":["M","M","M","?","M","R","M","E","T","$","R","E","R","?","R","B",null,"M","M","M","M","?","E","?","R","T","E"],"character_chosen":"IRONCLAD","items_purchased":["Anchor","BlessingOfTheForge"],"campfire_rested":2,"item_purchase_floors":[10,10],"current_hp_per_floor":[74,75,75,68,72,72,65,62,62,62,62,18,40,40,40,14,60,64,49,38,37,37,31,19,41,41,0,0],"gold":249,"neow_bonus":"THREE_ENEMY_KILL","is_daily":false,"chose_seed":false,"campfire_upgraded":3,"win_rate":0.0,"timestamp":1611063242,"path_taken":["M","M","M","?","M","R","M","E","T","$","R","E","R","?","R","BOSS","M","M","M","M","?","E","?","R","T","E"],"items_purchased_type":["Relic","Potion"],"build_version":"2020-12-22","purchased_purges":0,"victory":false,"max_hp_per_floor":[75,75,75,75,75,75,75,75,75,75,75,75,75,75,75,75,75,75,75,75,75,75,75,75,75,75,75,75],"card_choices":[{"not_picked":["Thunderclap","Infernal Blade"],"picked":"Perfected Strike","floor":1.0},{"not_picked":["Rage","Clash"],"picked":"Twin Strike","floor":2.0},{"not_picked":["Clash","Armaments"],"picked":"Ghostly Armor","floor":3.0},{"not_picked":["Rupture","Rampage","Clash"],"picked":"SKIP","floor":5.0},{"not_picked":["Feel No Pain","Wild Strike"],"picked":"Brutality","floor":7.0},{"not_picked":["Rage","Iron Wave"],"picked":"Power Through","floor":8.0},{"not_picked":["Flex","Whirlwind","Uppercut"],"picked":"SKIP","floor":12.0},{"not_picked":["Brutality","Juggernaut"],"picked":"Barricade","floor":16.0},{"not_picked":["Combust","Wild Strike"],"picked":"Shockwave","floor":18.0},{"not_picked":["Heavy Blade","Dropkick"],"picked":"Pommel Strike","floor":18.0},{"not_picked":["Thunderclap","Body Slam"],"picked":"Shrug It Off+1","floor":19.0},{"not_picked":["Clash","Flex"],"picked":"Twin Strike","floor":19.0},{"not_picked":["Disarm","Spot Weakness"],"picked":"Warcry+1","floor":20.0},{"not_picked":["Pummel","Warcry"],"picked":"Battle Trance","floor":20.0},{"not_picked":["Hemokinesis","True Grit"],"picked":"Flame Barrier","floor":21.0},{"not_picked":["Pommel Strike","Thunderclap+1"],"picked":"Dual Wield","floor":21.0},{"not_picked":["Clash","Cleave"],"picked":"Shrug It Off","floor":23.0}],"player_experience":769708,"relics_obtained":[{"floor":8.0,"key":"HornCleat"},{"floor":9.0,"key":"Prayer Wheel"},{"floor":12.0,"key":"InkBottle"},{"floor":23.0,"key":"Shovel"},{"floor":26.0,"key":"Toxic Egg 2"}],"event_choices":[{"cards_removed":["Strike_R"],"damage_healed":0.0,"max_hp_gain":0.0,"max_hp_loss":0.0,"gold_gain":0.0,"event_name":"Golden Wing","player_choice":"Card Removal","floor":4.0,"gold_loss":0.0,"damage_taken":7.0},{"damage_healed":0.0,"max_hp_gain":0.0,"max_hp_loss":0.0,"gold_gain":0.0,"event_name":"Match and Keep!","player_choice":"0 cards matched","floor":14.0,"gold_loss":0.0,"damage_taken":0.0,"cards_obtained":[]},{"damage_healed":0.0,"max_hp_gain":0.0,"max_hp_loss":0.0,"gold_gain":0.0,"event_name":"Back to Basics","player_choice":"Simplicity","floor":22.0,"gold_loss":0.0,"damage_taken":0.0,"cards_upgraded":["Strike_R","Strike_R","Strike_R","Strike_R","Defend_R","Defend_R","Defend_R","Defend_R"]},{"damage_healed":0.0,"max_hp_gain":0.0,"max_hp_loss":0.0,"gold_gain":0.0,"event_name":"Knowing Skull","player_choice":"POTION ","floor":24.0,"potions_obtained":["AttackPotion"],"gold_loss":0.0,"damage_taken":12.0,"cards_obtained":[]}],"is_beta":false,"boss_relics":[{"not_picked":["Runic Dome","Ectoplasm"],"picked":"Fusion Hammer"}],"items_purged_floors":[],"is_endless":false,"potions_floor_spawned":[2,7,19],"killed_by":"Gremlin Leader","ascension_level":16}}