{"host":"v3z2g2b45xdjh78v","time":1611022186,"event":{"mods":["BaseMod","Challenge The Spire","Colored Powertips","Hermit","Infinite Spire","Minty Spire (QoL Compilation)","Replay The Spire","Shop Mod","StSLib","The Cursed","The Disciple"],"gold_per_floor":[111,111,125,136,151,163,195,207,273,297,309,321,344,386,398,512,624,636,636],"floor_reached":18,"language":"ENG","playtime":844,"items_purged":[],"score":166,"play_id":"8969ace0-bcaf-4f5f-b7ad-9833451e1cf8","local_time":"20210119150946","is_ascension_mode":false,"campfire_choices":[{"data":"Rainbow","floor":8.0,"key":"SMITH"},{"data":"ReplayTheSpireMod:Calculation Training","floor":15.0,"key":"SMITH"}],"circlet_count":0,"master_deck":["Zap","Dualcast","Beam Cell","Coolheaded","Defragment","ReplayTheSpireMod:Calculation Training+1","Rainbow+1","Turbo","Self Repair","ReplayTheSpireMod:System Scan","Flash of Steel+1","Self Repair","Rainbow","Steam","Rip and Tear","ReplayRNGCard","ReplayTheSpireMod:GoodbyeWorld","Sunder","Skim","Double Energy"],"relics":["Cracked Core","MawBank","Pen Nib","Replay:Grab Bag","Replay:Wanted Poster","Cursed Key","Pandora\u0027s Box"],"acts_visited":["Exordium","TheCity"],"potions_floor_usage":[],"damage_taken":[{"damage":0.0,"enemies":"2 Louse","floor":1.0,"turns":2.0},{"damage":5.0,"enemies":"infinitespire:Voidling","floor":3.0,"turns":3.0},{"damage":0.0,"enemies":"Cultist","floor":4.0,"turns":3.0},{"damage":2.0,"enemies":"Red Slaver","floor":5.0,"turns":5.0},{"damage":9.0,"enemies":"2 Fungi Beasts","floor":6.0,"turns":4.0},{"damage":22.0,"enemies":"Replay:BlueRogue","floor":7.0,"turns":6.0},{"damage":12.0,"enemies":"Blue Slaver","floor":10.0,"turns":3.0},{"damage":7.0,"enemies":"Exordium Thugs","floor":13.0,"turns":4.0},{"damage":18.0,"enemies":"Slime Boss","floor":16.0,"turns":10.0},{"damage":20.0,"enemies":"Shell Parasite","floor":18.0,"turns":6.0}],"seed_played":"-4599524340966701684","potions_obtained":[{"floor":3.0,"key":"Milkshake"},{"floor":5.0,"key":"Doom Potion"},{"floor":7.0,"key":"Ancient Potion"}],"is_trial":false,"path_per_floor":["M","?","M","M","M","M","E","R","T","M","?","$","M","?","R","B",null,"M"],"character_chosen":"DEFECT","items_purchased":[],"campfire_rested":0,"item_purchase_floors":[],"current_hp_per_floor":[75,75,74,74,72,63,41,41,41,36,36,36,36,36,36,18,75,69,69],"gold":636,"neow_bonus":"TRANSFORM_CARD","is_daily":false,"chose_seed":false,"campfire_upgraded":2,"win_rate":0.0,"timestamp":1611022186,"path_taken":["M","?","M","M","?","M","E","R","T","M","?","?","?","?","R","BOSS","M"],"items_purchased_type":[],"build_version":"2020-12-22","purchased_purges":0,"victory":false,"max_hp_per_floor":[75,75,75,75,75,75,75,75,75,75,75,75,75,75,75,75,75,75,75],"card_choices":[{"not_picked":["Steam","Skim"],"picked":"Coolheaded","floor":1.0},{"not_picked":["Rebound","Go for the Eyes"],"picked":"Defragment","floor":3.0},{"not_picked":["Leap","Stack"],"picked":"ReplayTheSpireMod:Calculation Training","floor":4.0},{"not_picked":["Rebound","Steam"],"picked":"Rainbow","floor":5.0},{"not_picked":["Cold Snap","Go for the Eyes"],"picked":"Turbo","floor":6.0},{"not_picked":["Panic Button","Cold Snap"],"picked":"Self Repair","floor":7.0},{"not_picked":["Rebound","Force Field"],"picked":"ReplayTheSpireMod:System Scan","floor":10.0},{"not_picked":["Fission","Coolheaded"],"picked":"Self Repair","floor":13.0},{"not_picked":["All For One","Core Surge"],"picked":"Rainbow","floor":16.0}],"player_experience":97441,"relics_obtained":[{"floor":7.0,"key":"MawBank"}],"event_choices":[{"damage_healed":0.0,"max_hp_gain":0.0,"max_hp_loss":0.0,"gold_gain":0.0,"event_name":"Match and Keep!","player_choice":"1 cards matched","floor":2.0,"gold_loss":0.0,"damage_taken":0.0,"cards_obtained":["Madness"]},{"damage_healed":0.0,"max_hp_gain":0.0,"max_hp_loss":0.0,"gold_gain":30.0,"event_name":"Dead Adventurer","player_choice":"Searched \u00273\u0027 times","floor":14.0,"gold_loss":0.0,"damage_taken":0.0,"relics_obtained":["Pen Nib"]}],"is_beta":false,"boss_relics":[{"not_picked":["SlaversCollar","Empty Cage"],"picked":"Replay:Grab Bag"},{"not_picked":["Velvet Choker","Painkiller Herb"],"picked":"Replay:Wanted Poster"},{"not_picked":["Sozu","Coffee Dripper"],"picked":"Cursed Key"},{"not_picked":["Inserter","FrozenCore"],"picked":"Pandora\u0027s Box"}],"items_purged_floors":[],"is_endless":false,"potions_floor_spawned":[3,5,7,13],"killed_by":"Shell Parasite","ascension_level":0}}