{"host":"r3islh0l1a1ykxfu","time":1611074715,"event":{"mods":["BaseMod","Bestiary","Colored Map","Colored Powertips","Highlight Path","Minty Spire (QoL Compilation)","Relic Stats","Slay-I"],"gold_per_floor":[114,129,129,148,167,205,205,243,243,243,168,168,168,187,187,312,312,331,331,81,100,100,138,149,149,174,212,212,237,275,124,124,249,249,268,268,268,268,268,268,287,287,287,137,137,137,175,175,175,175,175],"floor_reached":50,"language":"ENG","playtime":2580,"items_purged":["Clothesline","Metallicize","Perfected Strike"],"score":628,"play_id":"641353d2-cddc-44c3-8a8d-786d411c6a85","local_time":"20210119104515","daily_mods":["Draft","Flight","Lethality"],"is_ascension_mode":false,"campfire_choices":[{"data":"True Grit","floor":7.0,"key":"SMITH"},{"data":"Sword Boomerang","floor":10.0,"key":"SMITH"},{"data":"True Grit","floor":12.0,"key":"SMITH"},{"data":"True Grit","floor":13.0,"key":"SMITH"},{"data":"Limit Break","floor":15.0,"key":"SMITH"},{"floor":25.0,"key":"REST"},{"floor":28.0,"key":"REST"},{"data":"Heavy Blade","floor":32.0,"key":"SMITH"},{"data":"Madness","floor":40.0,"key":"SMITH"},{"floor":42.0,"key":"REST"},{"data":"Sword Boomerang","floor":46,"key":"SMITH"},{"floor":49,"key":"REST"}],"circlet_count":0,"master_deck":["True Grit+1","Metallicize","Flex","Twin Strike","Sword Boomerang+1","Inflame","Iron Wave","Heavy Blade+1","Thunderclap","Armaments","True Grit+1","True Grit+1","Flex","Shrug It Off","True Grit","Flex","Seeing Red","Heavy Blade+1","Limit Break+1","Immolate","Limit Break+1","Sword Boomerang+1","Heavy Blade+1","Flex","Limit Break+1","Sword Boomerang+1","Madness+1","Finesse","Twin Strike","Madness","Madness"],"relics":["Burning Blood","Golden Idol","Juzu Bracelet","Tiny Chest","Boot","Mark of Pain","DollysMirror","Bird Faced Urn","Red Mask","Omamori","Happy Flower","Lantern","Pocketwatch","Velvet Choker","Darkstone Periapt","HornCleat","Akabeko","PreservedInsect"],"acts_visited":["Exordium","TheCity","TheBeyond"],"potions_floor_usage":[],"damage_taken":[{"damage":0.0,"enemies":"Cultist","floor":1.0,"turns":1.0},{"damage":0.0,"enemies":"2 Louse","floor":2.0,"turns":2.0},{"damage":0.0,"enemies":"Small Slimes","floor":4.0,"turns":1.0},{"damage":0.0,"enemies":"Blue Slaver","floor":5.0,"turns":3.0},{"damage":0.0,"enemies":"Lagavulin","floor":6.0,"turns":3.0},{"damage":2.0,"enemies":"Gremlin Nob","floor":8.0,"turns":3.0},{"damage":13.0,"enemies":"Looter","floor":14.0,"turns":2.0},{"damage":19.0,"enemies":"Slime Boss","floor":16.0,"turns":6.0},{"damage":14.0,"enemies":"2 Thieves","floor":18.0,"turns":3.0},{"damage":6.0,"enemies":"Shell Parasite","floor":21.0,"turns":2.0},{"damage":16.0,"enemies":"Book of Stabbing","floor":23.0,"turns":3.0},{"damage":0.0,"enemies":"Masked Bandits","floor":24.0,"turns":1.0},{"damage":26.0,"enemies":"Slavers","floor":27.0,"turns":3.0},{"damage":28.0,"enemies":"Book of Stabbing","floor":30.0,"turns":4.0},{"damage":14.0,"enemies":"Champ","floor":33.0,"turns":6.0},{"damage":0.0,"enemies":"3 Shapes","floor":35.0,"turns":1.0},{"damage":41.0,"enemies":"3 Darklings","floor":41.0,"turns":3.0},{"damage":11,"enemies":"Nemesis","floor":47,"turns":3},{"damage":93,"enemies":"Awakened One","floor":50,"turns":6}],"seed_played":"-1283480827410872575","potions_obtained":[{"floor":1.0,"key":"Energy Potion"},{"floor":5.0,"key":"LiquidBronze"},{"floor":6.0,"key":"HeartOfIron"},{"floor":23.0,"key":"Fire Potion"},{"floor":33.0,"key":"Explosive Potion"},{"floor":35.0,"key":"EntropicBrew"},{"floor":41.0,"key":"Energy Potion"}],"is_trial":false,"path_per_floor":["M","M","?","M","M","E","R","E","T","R","$","R","R","M","R","B",null,"M","?","$","M","?","E","?","R","T","E","R","T","E","$","R","B",null,"M","?","?","?","T","R","M","R","T","$","?","R","E","?","R","B"],"character_chosen":"IRONCLAD","items_purchased":["DollysMirror","Flex","Akabeko"],"campfire_rested":4,"item_purchase_floors":[20,31,44],"current_hp_per_floor":[80,80,60,66,72,78,78,80,80,80,80,80,80,73,73,60,80,72,72,72,72,57,47,53,78,78,58,83,83,63,63,63,59,85,85,85,80,80,80,80,47,72,72,72,72,72,69,58,83,0,0],"gold":175,"neow_bonus":"","is_daily":true,"chose_seed":false,"campfire_upgraded":8,"win_rate":0.0,"timestamp":1611074715,"path_taken":["M","?","?","M","M","E","R","E","T","R","$","R","R","M","R","BOSS","M","?","$","M","?","E","?","R","T","E","R","?","E","$","R","BOSS","M","?","?","?","?","R","M","R","T","$","?","R","E","?","R","BOSS"],"items_purchased_type":["Relic","Card","Relic"],"build_version":"2020-12-22","purchased_purges":3,"victory":false,"max_hp_per_floor":[80,80,80,80,80,80,80,80,80,80,80,80,80,80,80,80,80,80,80,80,80,85,85,85,85,85,85,85,85,85,85,85,85,85,85,85,85,85,85,85,85,85,85,85,85,85,85,85,85,85,85],"relic_stats":{"Darkstone Periapt":0,"Happy Flower":[7],"counters":[19,56],"Golden Idol":128,"Bird Faced Urn":[14],"Tiny Chest":2,"PreservedInsect":0,"Juzu Bracelet":2,"Boot":[20],"obtain_stats":[{"Darkstone Periapt":39,"Lantern":29,"Happy Flower":27,"Golden Idol":3,"Velvet Choker":34,"PreservedInsect":47,"Juzu Bracelet":6,"Omamori":26,"Boot":9,"Burning Blood":0,"Akabeko":44,"HornCleat":43,"DollysMirror":20,"Bird Faced Urn":23,"Tiny Chest":8,"Mark of Pain":17,"Red Mask":24,"Pocketwatch":30},{"Darkstone Periapt":16,"Lantern":13,"Happy Flower":13,"Golden Idol":2,"Velvet Choker":15,"PreservedInsect":18,"Juzu Bracelet":5,"Omamori":12,"Boot":6,"Burning Blood":0,"Akabeko":17,"HornCleat":17,"DollysMirror":9,"Bird Faced Urn":11,"Tiny Chest":6,"Mark of Pain":8,"Red Mask":12,"Pocketwatch":14},{"Darkstone Periapt":44,"Lantern":33,"Happy Flower":33,"Golden Idol":3,"Velvet Choker":43,"PreservedInsect":50,"Juzu Bracelet":10,"Omamori":30,"Boot":13,"Burning Blood":0,"Akabeko":47,"HornCleat":47,"DollysMirror":24,"Bird Faced Urn":29,"Tiny Chest":13,"Mark of Pain":21,"Red Mask":30,"Pocketwatch":37}],"Burning Blood":88,"Pocketwatch":[6]},"card_choices":[{"not_picked":["Second Wind","Rampage"],"picked":"True Grit","floor":0.0},{"not_picked":["Cleave","Feel No Pain"],"picked":"Metallicize","floor":0.0},{"not_picked":["Anger","Hemokinesis"],"picked":"Flex","floor":0.0},{"not_picked":["Armaments","Clash"],"picked":"Twin Strike","floor":0.0},{"not_picked":["Hemokinesis","Armaments"],"picked":"Sword Boomerang","floor":0.0},{"not_picked":["Cleave","Sentinel"],"picked":"Inflame","floor":0.0},{"not_picked":["Wild Strike","Entrench"],"picked":"Iron Wave","floor":0.0},{"not_picked":["True Grit","Cleave"],"picked":"Heavy Blade","floor":0.0},{"not_picked":["Dual Wield","Cleave"],"picked":"Thunderclap","floor":0.0},{"not_picked":["Dropkick","Flex"],"picked":"Armaments","floor":0.0},{"not_picked":["Feel No Pain","Anger"],"picked":"True Grit","floor":0.0},{"not_picked":["Sentinel","Anger"],"picked":"Clothesline","floor":0.0},{"not_picked":["Armaments","Anger"],"picked":"True Grit","floor":0.0},{"not_picked":["Wild Strike","Armaments"],"picked":"Flex","floor":0.0},{"not_picked":["Warcry","Bloodletting"],"picked":"Shrug It Off","floor":0.0},{"not_picked":["Body Slam","Cleave"],"picked":"True Grit","floor":1.0},{"not_picked":["Anger","Wild Strike"],"picked":"Flex","floor":2.0},{"not_picked":["Evolve","Pommel Strike"],"picked":"Seeing Red","floor":4.0},{"not_picked":["Pommel Strike","Searing Blow","Shrug It Off"],"picked":"SKIP","floor":5.0},{"not_picked":["Juggernaut","Barricade"],"picked":"Heavy Blade","floor":6.0},{"not_picked":["Clash","Thunderclap"],"picked":"Metallicize","floor":8.0},{"not_picked":["Body Slam","Hemokinesis"],"picked":"Limit Break","floor":14.0},{"not_picked":["Impervious","Brutality"],"picked":"Immolate","floor":16.0},{"not_picked":["Iron Wave","Fire Breathing","Clash"],"picked":"SKIP","floor":18.0},{"not_picked":["Disarm","Anger"],"picked":"Sword Boomerang","floor":21.0},{"not_picked":["Intimidate","Cleave+1"],"picked":"Perfected Strike","floor":23.0},{"not_picked":["Ghostly Armor","Clash"],"picked":"Heavy Blade+1","floor":24.0},{"not_picked":["Shrug It Off","Hemokinesis","Armaments+1"],"picked":"SKIP","floor":27.0},{"not_picked":["Perfected Strike+1","Body Slam+1","Ghostly Armor"],"picked":"SKIP","floor":30.0},{"not_picked":["Corruption","Brutality"],"picked":"Limit Break","floor":33.0},{"not_picked":["Clash","Pommel Strike+1"],"picked":"Sword Boomerang+1","floor":35.0},{"not_picked":["The Bomb","Secret Technique"],"picked":"Madness","floor":37.0},{"not_picked":["Discovery","Purity"],"picked":"Finesse","floor":37.0},{"not_picked":["Clash+1","Headbutt+1"],"picked":"Twin Strike","floor":41.0},{"not_picked":["Seeing Red+1","Hemokinesis","Flex"],"picked":"SKIP","floor":47}],"player_experience":1170373,"relics_obtained":[{"floor":6.0,"key":"Juzu Bracelet"},{"floor":8.0,"key":"Tiny Chest"},{"floor":9.0,"key":"Boot"},{"floor":23.0,"key":"Bird Faced Urn"},{"floor":24.0,"key":"Red Mask"},{"floor":26.0,"key":"Omamori"},{"floor":27.0,"key":"Happy Flower"},{"floor":29.0,"key":"Lantern"},{"floor":30.0,"key":"Pocketwatch"},{"floor":39.0,"key":"Darkstone Periapt"},{"floor":43.0,"key":"HornCleat"},{"floor":47,"key":"PreservedInsect"}],"event_choices":[{"damage_healed":0.0,"max_hp_gain":0.0,"max_hp_loss":0.0,"gold_gain":0.0,"event_name":"Golden Idol","player_choice":"Take Damage","floor":3.0,"gold_loss":0.0,"damage_taken":20.0,"relics_obtained":["Golden Idol"]},{"damage_healed":0.0,"max_hp_gain":0.0,"max_hp_loss":0.0,"gold_gain":0.0,"event_name":"Vampires","player_choice":"Ignored","floor":19.0,"gold_loss":0.0,"damage_taken":0.0},{"damage_healed":0.0,"max_hp_gain":5.0,"max_hp_loss":0.0,"gold_gain":0.0,"event_name":"Forgotten Altar","player_choice":"Shed Blood","floor":22.0,"gold_loss":0.0,"damage_taken":20.0},{"damage_healed":0.0,"max_hp_gain":0.0,"max_hp_loss":0.0,"gold_gain":0.0,"event_name":"Masked Bandits","player_choice":"Fought Bandits","floor":24.0,"gold_loss":0.0,"damage_taken":0.0},{"damage_healed":0.0,"max_hp_gain":0.0,"max_hp_loss":0.0,"gold_gain":0.0,"event_name":"Upgrade Shrine","player_choice":"Upgraded","floor":36.0,"gold_loss":0.0,"damage_taken":0.0,"cards_upgraded":["Limit Break"]},{"damage_healed":0.0,"max_hp_gain":0.0,"max_hp_loss":0.0,"gold_gain":0.0,"event_name":"SensoryStone","player_choice":"Memory 2","floor":37.0,"gold_loss":0.0,"damage_taken":5.0},{"damage_healed":0.0,"max_hp_gain":0.0,"max_hp_loss":0.0,"gold_gain":0.0,"event_name":"Accursed Blacksmith","player_choice":"Forge","floor":38.0,"gold_loss":0.0,"damage_taken":0.0,"cards_upgraded":["Heavy Blade"]},{"damage_healed":0,"gold_gain":0,"player_choice":"Cursed","damage_taken":0,"max_hp_gain":0,"max_hp_loss":0,"event_name":"Wheel of Change","floor":45,"gold_loss":0,"cards_obtained":["Decay"]},{"damage_healed":0,"gold_gain":0,"player_choice":"Embrace Madness","damage_taken":11,"max_hp_gain":0,"max_hp_loss":0,"event_name":"Winding Halls","floor":48,"gold_loss":0,"cards_obtained":["Madness","Madness"]}],"is_beta":false,"boss_relics":[{"not_picked":["Runic Dome","Sozu"],"picked":"Mark of Pain"},{"not_picked":["Astrolabe","Coffee Dripper"],"picked":"Velvet Choker"}],"items_purged_floors":[11,20,31],"is_endless":false,"potions_floor_spawned":[1,5,6,23,33,35,41],"killed_by":"Awakened One","ascension_level":0}}