{"host":"mo324zvkdr1xwprd","time":1611098395,"event":{"mods":["BaseMod","Better Note","BetterRewards","Hermit","Highlight Path","Hubris","Minty Spire (QoL Compilation)","Quick Restart","Rare Cards Sparkle","Shop Mod","StSLib","The Cursed","The Hierophant"],"gold_per_floor":[117,134,149,160,171,171,184,184,232,257,257,291,305,305,305,406,406,420,472,22,37,47,82,82,98,98,131,131,164,164,191,191,287,287,303,303,303,315,325,351,368,395,419,419,298,318,318,352,352,352,352],"floor_reached":50,"language":"ENG","playtime":6798,"items_purged":[],"score":735,"play_id":"1d58819c-d3b9-42c0-bd42-02a71aac151f","local_time":"20210119231955","is_ascension_mode":true,"campfire_choices":[{"floor":6,"key":"RECALL"},{"data":"Thunderclap","floor":8,"key":"SMITH"},{"data":"hubris:StunningStrike","floor":11,"key":"SMITH"},{"data":"hubris:ReadiedAction","floor":15,"key":"SMITH"},{"data":"Feed","floor":24,"key":"SMITH"},{"floor":28,"key":"REST"},{"data":"Armaments","floor":30,"key":"SMITH"},{"data":"Inflame","floor":32,"key":"SMITH"},{"floor":47,"key":"REST"},{"floor":49,"key":"REST"}],"circlet_count":0,"master_deck":["Strike_R","Strike_R","Strike_R","Defend_R","Defend_R","Defend_R","Defend_R","Bash","Juggernaut","Thunderclap+1","Uppercut","Headbutt","hubris:ReadiedAction+1","Body Slam","Warcry","hubris:StunningStrike+1","Bloodletting","Pommel Strike","Pommel Strike","Feed+1","Carnage+1","Seeing Red","Anger","Whirlwind","Shrug It Off","Dropkick","Armaments+1","Clothesline","Flex+1","Inflame+1","Reaper","Disarm","Metallicize","Cleave+1","Ghostly Armor","Dual Wield+1","Iron Wave+1","Thunderclap+1","Madness","Madness","Heavy Blade+1"],"relics":["Burning Blood","Bronze Scales","Meat on the Bone","hubris:MysteriousPyramids","hubris:Backtick","Ice Cream","PreservedInsect","hubris:Potato","Anchor","Ginger","Red Mask","hubris:Metronome","Calipers","SlaversCollar","Bag of Marbles","hubris:CuriousFeather","hubris:64BitClover"],"acts_visited":["Exordium","TheCity","TheBeyond"],"potions_floor_usage":[10,12,16,16,18,27,29,31,33,40,41,42,46,48,50],"damage_taken":[{"damage":6,"enemies":"2 Louse","floor":1,"turns":3},{"damage":5,"enemies":"Cultist","floor":2,"turns":4},{"damage":8,"enemies":"Jaw Worm","floor":3,"turns":4},{"damage":7,"enemies":"3 Louse","floor":4,"turns":2},{"damage":9,"enemies":"Red Slaver","floor":5,"turns":5},{"damage":9,"enemies":"Exordium Wildlife","floor":7,"turns":4},{"damage":27,"enemies":"Lagavulin","floor":10,"turns":6},{"damage":16,"enemies":"Gremlin Nob","floor":12,"turns":4},{"damage":10,"enemies":"Exordium Thugs","floor":13,"turns":5},{"damage":26,"enemies":"Hexaghost","floor":16,"turns":8},{"damage":30,"enemies":"2 Thieves","floor":18,"turns":6},{"damage":9,"enemies":"Shell Parasite","floor":21,"turns":3},{"damage":21,"enemies":"3 Cultists","floor":22,"turns":5},{"damage":17,"enemies":"Gremlin Leader","floor":23,"turns":5},{"damage":33,"enemies":"Chosen and Byrds","floor":25,"turns":5},{"damage":19,"enemies":"Masked Bandits","floor":27,"turns":3},{"damage":9,"enemies":"Book of Stabbing","floor":29,"turns":4},{"damage":0,"enemies":"Gremlin Leader","floor":31,"turns":6},{"damage":58,"enemies":"hubris:MusketHawk","floor":33,"turns":8},{"damage":29,"enemies":"Orb Walker","floor":35,"turns":4},{"damage":3,"enemies":"3 Shapes","floor":38,"turns":6},{"damage":53,"enemies":"Transient","floor":39,"turns":5},{"damage":2,"enemies":"Nemesis","floor":40,"turns":5},{"damage":19,"enemies":"3 Darklings","floor":41,"turns":5},{"damage":17,"enemies":"Reptomancer","floor":42,"turns":4},{"damage":79,"enemies":"Maw","floor":46,"turns":9},{"damage":45,"enemies":"Nemesis","floor":48,"turns":5},{"damage":83,"enemies":"Awakened One","floor":50,"turns":10}],"seed_played":"-8579370608494579145","potions_obtained":[{"floor":7,"key":"Dexterity Potion"},{"floor":10,"key":"DuplicationPotion"},{"floor":12,"key":"FearPotion"},{"floor":13,"key":"DuplicationPotion"},{"floor":16,"key":"Weak Potion"},{"floor":25,"key":"Strength Potion"},{"floor":27,"key":"SpeedPotion"},{"floor":29,"key":"Block Potion"},{"floor":31,"key":"Strength Potion"},{"floor":38,"key":"GamblersBrew"},{"floor":39,"key":"SpeedPotion"},{"floor":41,"key":"SkillPotion"},{"floor":46,"key":"BlessingOfTheForge"}],"is_trial":false,"path_per_floor":["M","M","M","M","M","R","M","R","T","E","R","E","M","?","R","B",null,"M","T","$","M","M","E","R","M","T","?","R","E","R","E","R","B",null,"M","?","?","M","M","E","M","E","T","?","$","M","R","E","R","B"],"character_chosen":"IRONCLAD","items_purchased":["Seeing Red","Anger","hubris:Potato","Whirlwind","SkillPotion","LiquidBronze"],"campfire_rested":3,"item_purchase_floors":[20,20,20,20,45,45],"current_hp_per_floor":[80,80,78,77,74,74,71,71,71,50,50,52,48,48,48,40,80,59,59,59,56,53,54,54,43,43,42,68,65,65,75,75,39,95,83,83,83,94,59,63,68,92,92,79,79,27,57,30,60,0,0],"gold":352,"neow_bonus":"TRANSFORM_CARD","is_daily":false,"chose_seed":false,"campfire_upgraded":6,"win_rate":0.0,"timestamp":1611098395,"path_taken":["M","M","M","M","M","R","M","R","T","E","R","E","M","?","R","BOSS","M","?","$","?","M","E","R","M","T","?","R","E","R","E","R","BOSS","M","?","?","?","M","E","M","E","T","?","$","M","R","E","R","BOSS"],"items_purchased_type":["Card","Card","Relic","Card","Potion","Potion"],"build_version":"2020-12-22","purchased_purges":0,"victory":false,"max_hp_per_floor":[80,80,80,80,80,80,80,80,80,80,80,80,80,80,80,80,80,83,83,83,83,83,83,83,87,87,87,87,87,87,91,91,95,95,99,99,99,103,103,103,103,103,103,103,103,103,103,103,103,107,107],"card_choices":[{"not_picked":["Havoc","Perfected Strike"],"picked":"Thunderclap","floor":1},{"not_picked":["hubris:ReadiedAction","Limit Break"],"picked":"Uppercut","floor":2},{"not_picked":["Twin Strike","Clash"],"picked":"Headbutt","floor":3},{"not_picked":["Clash","Feel No Pain"],"picked":"hubris:ReadiedAction","floor":4},{"not_picked":["Warcry","Burning Pact"],"picked":"Body Slam","floor":5},{"not_picked":["True Grit","Body Slam"],"picked":"Warcry","floor":7},{"not_picked":["Wild Strike","Heavy Blade"],"picked":"hubris:StunningStrike","floor":10},{"not_picked":["Power Through","Burning Pact"],"picked":"Bloodletting","floor":12},{"not_picked":["Burning Pact","Thunderclap"],"picked":"Pommel Strike","floor":13},{"not_picked":["Juggernaut","Berserk"],"picked":"Feed","floor":16},{"not_picked":["Second Wind+1","Clash"],"picked":"Carnage+1","floor":18},{"not_picked":["hubris:ReadiedAction","Clothesline"],"picked":"Shrug It Off","floor":21},{"not_picked":["Entrench+1","Sword Boomerang","Combust"],"picked":"SKIP","floor":22},{"not_picked":["Cleave","Sword Boomerang"],"picked":"Dropkick","floor":23},{"not_picked":["Cleave","Rampage"],"picked":"Armaments","floor":25},{"not_picked":["Blood for Blood","Armaments"],"picked":"Clothesline","floor":27},{"not_picked":["Body Slam","hubris:CleavingFinish+1"],"picked":"Flex+1","floor":29},{"not_picked":["Bloodletting","Intimidate"],"picked":"Inflame","floor":31},{"not_picked":["Fiend Fire","Bludgeon"],"picked":"Reaper","floor":33},{"not_picked":["Whirlwind+1","Clash+1"],"picked":"Disarm","floor":35},{"not_picked":["Heavy Blade","True Grit+1"],"picked":"Cleave+1","floor":38},{"not_picked":["Whirlwind+1","True Grit+1"],"picked":"Ghostly Armor","floor":39},{"not_picked":["Second Wind","Rupture"],"picked":"Dual Wield+1","floor":40},{"not_picked":["Clothesline","Combust"],"picked":"Iron Wave+1","floor":41},{"not_picked":["Hemokinesis+1","Body Slam"],"picked":"Thunderclap+1","floor":42},{"not_picked":["Clash+1","Havoc","Wild Strike"],"picked":"SKIP","floor":46},{"not_picked":["Inflame","Warcry+1"],"picked":"Heavy Blade+1","floor":48}],"player_experience":313837,"relics_obtained":[{"floor":9,"key":"Bronze Scales"},{"floor":10,"key":"Meat on the Bone"},{"floor":12,"key":"hubris:MysteriousPyramids"},{"floor":19,"key":"PreservedInsect"},{"floor":23,"key":"Anchor"},{"floor":26,"key":"Ginger"},{"floor":27,"key":"Red Mask"},{"floor":29,"key":"hubris:Metronome"},{"floor":31,"key":"Calipers"},{"floor":40,"key":"Bag of Marbles"},{"floor":42,"key":"hubris:CuriousFeather"},{"floor":48,"key":"hubris:64BitClover"}],"event_choices":[{"damage_healed":0,"gold_gain":0,"cards_transformed":["Strike_R"],"player_choice":"Transformed","damage_taken":0,"max_hp_gain":0,"max_hp_loss":0,"event_name":"Transmorgrifier","floor":14,"gold_loss":0,"cards_obtained":["Pommel Strike"]},{"damage_healed":0,"gold_gain":0,"player_choice":"Fought Bandits","damage_taken":0,"max_hp_gain":0,"max_hp_loss":0,"event_name":"Masked Bandits","floor":27,"gold_loss":0},{"damage_healed":0,"gold_gain":0,"player_choice":"Ignored","damage_taken":0,"max_hp_gain":0,"max_hp_loss":0,"event_name":"SecretPortal","floor":37,"gold_loss":0},{"damage_healed":0,"gold_gain":0,"player_choice":"Embrace Madness","damage_taken":13,"max_hp_gain":0,"max_hp_loss":0,"event_name":"Winding Halls","floor":44,"gold_loss":0,"cards_obtained":["Madness","Madness"]}],"is_beta":false,"boss_relics":[{"not_picked":["hubris:TerracottaHorce","Fusion Hammer"],"picked":"hubris:Backtick"},{"not_picked":["Philosopher\u0027s Stone","Velvet Choker"],"picked":"SlaversCollar"}],"items_purged_floors":[],"is_endless":false,"potions_floor_spawned":[7,10,12,13,16,25,27,29,31,38,39,41,46],"killed_by":"Awakened One","ascension_level":1}}