{"host":"6svvh3ubww6quchd","time":1611021470,"event":{"mods":["AchievementEnabler","BaseMod","Highlight Path","Minty Spire (QoL Compilation)","Rare Cards Sparkle","Relic Stats","StSLib"],"gold_per_floor":[110,129,77,96,96,96,127,127,151,151,151,34,34,75,75,75,75],"floor_reached":16,"language":"ENG","playtime":569,"items_purged":[],"score":127,"play_id":"7622c83c-61a7-4656-ae93-071c5cc8ce10","local_time":"20210118205750","is_ascension_mode":true,"campfire_choices":[{"data":"Conclude","floor":6.0,"key":"SMITH"},{"data":"BowlingBash","floor":10,"key":"SMITH"},{"data":"EmptyFist","floor":13,"key":"SMITH"},{"floor":15,"key":"REST"}],"circlet_count":0,"master_deck":["Strike_P","Strike_P","Strike_P","Strike_P","Defend_P","Defend_P","Defend_P","Defend_P","Eruption","Vigilance","DeusExMachina","BowlingBash+1","Conclude+1","CrushJoints","EmptyBody","LikeWater","EmptyFist+1","WaveOfTheHand"],"relics":["PureWater","Golden Idol","Toy Ornithopter","Centennial Puzzle","Lantern"],"acts_visited":["Exordium"],"potions_floor_usage":[],"damage_taken":[{"damage":8.0,"enemies":"Small Slimes","floor":1.0,"turns":4.0},{"damage":2.0,"enemies":"Jaw Worm","floor":2.0,"turns":3.0},{"damage":13.0,"enemies":"2 Louse","floor":4.0,"turns":2.0},{"damage":8.0,"enemies":"Lagavulin","floor":7.0,"turns":5.0},{"damage":16,"enemies":"Gremlin Nob","floor":14,"turns":3},{"damage":51,"enemies":"The Guardian","floor":16,"turns":12}],"seed_played":"7338587862343731217","potions_obtained":[],"is_trial":false,"path_per_floor":["M","M","$","M","?","R","E","?","T","R","?","$","R","E","R","B"],"character_chosen":"WATCHER","items_purchased":["CrushJoints","LikeWater","EmptyFist"],"campfire_rested":1,"item_purchase_floors":[3,12,12],"current_hp_per_floor":[64,62,62,49,49,49,41,41,41,41,46,46,46,30,51,0,0],"gold":75,"neow_bonus":"ONE_RANDOM_RARE_CARD","is_daily":false,"chose_seed":false,"campfire_upgraded":3,"win_rate":0.0,"timestamp":1611021470,"path_taken":["M","M","$","M","?","R","E","?","T","R","?","?","R","E","R","BOSS"],"items_purchased_type":["Card","Card","Card"],"build_version":"2020-12-22","purchased_purges":0,"victory":false,"max_hp_per_floor":[72,72,72,72,67,67,67,67,67,67,72,72,72,72,72,72,72],"relic_stats":{"Centennial Puzzle":[6],"counters":[6,29],"Golden Idol":14,"obtain_stats":[{"Centennial Puzzle":9,"Lantern":14,"Golden Idol":5,"PureWater":0,"Toy Ornithopter":7},{"Centennial Puzzle":4,"Lantern":5,"Golden Idol":3,"PureWater":0,"Toy Ornithopter":4},{"Centennial Puzzle":14,"Lantern":17,"Golden Idol":9,"PureWater":0,"Toy Ornithopter":14}],"Toy Ornithopter":0},"card_choices":[{"not_picked":["Halt","Nirvana"],"picked":"BowlingBash","floor":1.0},{"not_picked":["Fasting2","Swivel"],"picked":"Conclude","floor":2.0},{"not_picked":["Prostrate","Crescendo"],"picked":"EmptyBody","floor":4.0},{"not_picked":["Evaluate","PathToVictory","ClearTheMind"],"picked":"SKIP","floor":7.0},{"not_picked":["Consecrate","Pray"],"picked":"WaveOfTheHand","floor":14}],"player_experience":142262,"relics_obtained":[{"floor":7.0,"key":"Toy Ornithopter"},{"floor":9,"key":"Centennial Puzzle"},{"floor":14,"key":"Lantern"}],"event_choices":[{"damage_healed":0.0,"max_hp_gain":0.0,"max_hp_loss":5.0,"gold_gain":0.0,"event_name":"Golden Idol","player_choice":"Lose Max HP","floor":5.0,"gold_loss":0.0,"damage_taken":0.0,"relics_obtained":["Golden Idol"]},{"damage_healed":0,"gold_gain":0,"player_choice":"Searched \u00270\u0027 times","damage_taken":0,"max_hp_gain":0,"max_hp_loss":0,"event_name":"Dead Adventurer","floor":8,"gold_loss":0},{"damage_healed":0,"gold_gain":0,"player_choice":"Donut","damage_taken":0,"max_hp_gain":5,"max_hp_loss":0,"event_name":"Big Fish","floor":11,"gold_loss":0}],"is_beta":false,"boss_relics":[],"items_purged_floors":[],"is_endless":false,"potions_floor_spawned":[],"killed_by":"The Guardian","ascension_level":4}}