{"host":"Nexxot","time":1611052719,"event":{"mods":["AchievementEnabler","BaseMod","Colored Map","Highlight Path","Minty Spire (QoL Compilation)","Relic Stats","StSLib"],"gold_per_floor":[111,123,123,136,236,236,270,270,346,356,356,381,27,43,43,140,140,158,184,184,203,217,243,255,279,314,360,372,395,407,519,531,648,660,683,715,190,210,228,263,263,288,288,288,307,18,18,45,45,45,45,45,45,80,80],"floor_reached":56,"language":"ENG","playtime":1610,"items_purged":["Strike_R","Strike_R","Strike_R"],"score":1844,"play_id":"dd455077-6a54-4145-b172-1199f1877b8e","local_time":"20210119113839","is_ascension_mode":true,"campfire_choices":[{"data":"Bash","floor":6,"key":"SMITH"},{"data":"Sword Boomerang","floor":8,"key":"SMITH"},{"data":"Armaments","floor":11,"key":"SMITH"},{"data":"Whirlwind","floor":15,"key":"SMITH"},{"data":"Disarm","floor":24,"key":"SMITH"},{"data":"Shrug It Off","floor":28,"key":"SMITH"},{"data":"Sword Boomerang","floor":30,"key":"SMITH"},{"floor":32,"key":"REST"},{"data":"Double Tap","floor":41,"key":"SMITH"},{"floor":49,"key":"RECALL"},{"data":"Offering","floor":52,"key":"SMITH"}],"circlet_count":0,"master_deck":["Strike_R","Defend_R","Defend_R+1","Defend_R","Defend_R","Bash+1","Sword Boomerang+1","Armaments+1","Thunderclap","Disarm+1","Whirlwind+1","Shrug It Off+1","Headbutt","Juggernaut","Sword Boomerang+1","Reaper","Shrug It Off+1","Double Tap+1","True Grit+1","Headbutt","Offering+1","Inflame+1"],"relics":["Busted Crown","Happy Flower","Mercury Hourglass","Pocketwatch","Brimstone","Philosopher\u0027s Stone","Red Mask","Centennial Puzzle","MawBank","Vajra","Akabeko","Runic Pyramid","Bag of Preparation","Medical Kit","CaptainsWheel","Paper Frog","Gambling Chip","War Paint"],"acts_visited":["Exordium","TheCity","TheBeyond","TheEnding"],"potions_floor_usage":[7,12,22,23,27,38,40,55,55],"damage_taken":[{"damage":3,"enemies":"Small Slimes","floor":1,"turns":4},{"damage":0,"enemies":"Cultist","floor":2,"turns":2},{"damage":2,"enemies":"Jaw Worm","floor":4,"turns":3},{"damage":30,"enemies":"3 Sentries","floor":7,"turns":10},{"damage":0,"enemies":"Exordium Wildlife","floor":10,"turns":3},{"damage":8,"enemies":"Gremlin Nob","floor":12,"turns":3},{"damage":6,"enemies":"Gremlin Gang","floor":14,"turns":2},{"damage":0,"enemies":"Slime Boss","floor":16,"turns":3},{"damage":1,"enemies":"Shell Parasite","floor":18,"turns":2},{"damage":0,"enemies":"Masked Bandits","floor":19,"turns":2},{"damage":7,"enemies":"3 Byrds","floor":21,"turns":2},{"damage":0,"enemies":"Centurion and Healer","floor":22,"turns":2},{"damage":18,"enemies":"Book of Stabbing","floor":23,"turns":2},{"damage":1,"enemies":"Snake Plant","floor":25,"turns":3},{"damage":22,"enemies":"Slavers","floor":27,"turns":2},{"damage":0,"enemies":"Sentry and Sphere","floor":29,"turns":2},{"damage":5,"enemies":"Collector","floor":33,"turns":4},{"damage":0,"enemies":"3 Shapes","floor":35,"turns":1},{"damage":11,"enemies":"Orb Walker","floor":36,"turns":2},{"damage":4,"enemies":"3 Darklings","floor":38,"turns":2},{"damage":17,"enemies":"Writhing Mass","floor":39,"turns":4},{"damage":0,"enemies":"Reptomancer","floor":40,"turns":3},{"damage":0,"enemies":"Nemesis","floor":42,"turns":3},{"damage":13,"enemies":"Spire Growth","floor":45,"turns":3},{"damage":6,"enemies":"Giant Head","floor":48,"turns":5},{"damage":13,"enemies":"Time Eater","floor":50,"turns":4},{"damage":29,"enemies":"Shield and Spear","floor":54,"turns":2},{"damage":91,"enemies":"The Heart","floor":55,"turns":7}],"seed_played":"5487667213899065573","potions_obtained":[{"floor":1,"key":"Block Potion"},{"floor":7,"key":"Regen Potion"},{"floor":14,"key":"BloodPotion"},{"floor":16,"key":"Ancient Potion"},{"floor":21,"key":"DistilledChaos"},{"floor":22,"key":"Swift Potion"},{"floor":23,"key":"Fire Potion"},{"floor":27,"key":"LiquidMemories"},{"floor":38,"key":"ColorlessPotion"},{"floor":45,"key":"AttackPotion"}],"is_trial":false,"path_per_floor":["M","M","?","M","?","R","E","R","T","M","R","E","$","M","R","B",null,"M","?","?","M","M","E","R","M","T","E","R","M","R","?","R","B",null,"M","M","$","M","M","E","R","E","T","?","M","$","?","E","R","B",null,"R","$","E","B",null],"character_chosen":"IRONCLAD","items_purchased":["Whirlwind","Brimstone","Shrug It Off","Bag of Preparation","Medical Kit","Double Tap","Offering"],"campfire_rested":1,"item_purchase_floors":[13,13,13,37,37,37,46],"current_hp_per_floor":[69,69,74,72,72,72,42,42,42,42,42,43,43,37,37,37,73,72,72,72,65,82,64,64,63,63,41,41,41,41,41,66,61,79,85,84,84,85,77,85,85,85,85,85,85,85,85,85,85,85,85,85,85,70,11],"gold":80,"neow_bonus":"BOSS_RELIC","is_daily":false,"chose_seed":false,"campfire_upgraded":9,"win_rate":0.0,"timestamp":1611052719,"path_taken":["M","M","?","M","?","R","E","R","T","M","R","E","$","?","R","BOSS","M","?","?","M","M","E","R","M","T","E","R","?","R","?","R","BOSS","M","M","$","M","M","E","R","E","T","?","M","?","?","E","R","BOSS","R","$","E","BOSS"],"items_purchased_type":["Card","Relic","Card","Relic","Relic","Card","Card"],"build_version":"2020-12-18","purchased_purges":3,"victory":true,"max_hp_per_floor":[80,80,85,85,85,85,85,85,85,85,85,85,85,85,85,85,85,85,85,85,85,85,85,85,85,85,85,85,85,85,85,85,85,85,85,85,85,85,85,85,85,85,85,85,85,85,85,85,85,85,85,85,85,85,85],"relic_stats":{"Centennial Puzzle":[39],"Busted Crown":52,"Happy Flower":[22],"counters":[28,87],"Gambling Chip":[8],"Bag of Preparation":[18],"War Paint":["Defend_R","Shrug It Off"],"MawBank":168,"Medical Kit":[3],"obtain_stats":[{"Happy Flower":7,"Vajra":26,"Bag of Preparation":37,"War Paint":54,"MawBank":23,"Medical Kit":37,"Burning Blood":0,"Akabeko":27,"Mercury Hourglass":9,"Centennial Puzzle":20,"CaptainsWheel":40,"Busted Crown":0,"Brimstone":13,"Gambling Chip":48,"Philosopher\u0027s Stone":17,"Red Mask":19,"Pocketwatch":12,"Runic Pyramid":34,"Paper Frog":42},{"Happy Flower":4,"Vajra":14,"Bag of Preparation":19,"War Paint":27,"MawBank":13,"Medical Kit":19,"Burning Blood":0,"Akabeko":15,"Mercury Hourglass":4,"Centennial Puzzle":10,"CaptainsWheel":22,"Busted Crown":0,"Brimstone":6,"Gambling Chip":25,"Philosopher\u0027s Stone":8,"Red Mask":10,"Pocketwatch":6,"Runic Pyramid":17,"Paper Frog":23},{"Happy Flower":19,"Vajra":43,"Bag of Preparation":54,"War Paint":80,"MawBank":40,"Medical Kit":54,"Burning Blood":0,"Akabeko":45,"Mercury Hourglass":19,"Centennial Puzzle":34,"CaptainsWheel":63,"Busted Crown":0,"Brimstone":25,"Gambling Chip":74,"Philosopher\u0027s Stone":30,"Red Mask":34,"Pocketwatch":25,"Runic Pyramid":51,"Paper Frog":66}],"Mercury Hourglass":[282],"Pocketwatch":[26]},"card_choices":[{"not_picked":["Fire Breathing"],"picked":"SKIP","floor":1},{"not_picked":["Body Slam"],"picked":"SKIP","floor":2},{"not_picked":[],"picked":"Sword Boomerang","floor":4},{"not_picked":[],"picked":"Armaments","floor":7},{"not_picked":[],"picked":"Thunderclap","floor":10},{"not_picked":[],"picked":"Disarm","floor":12},{"not_picked":[],"picked":"Headbutt","floor":14},{"not_picked":[],"picked":"Juggernaut","floor":16},{"not_picked":["Wild Strike"],"picked":"SKIP","floor":18},{"not_picked":["Seeing Red"],"picked":"SKIP","floor":21},{"not_picked":["Armaments"],"picked":"SKIP","floor":22},{"not_picked":["Rampage"],"picked":"SKIP","floor":23},{"not_picked":["Clash"],"picked":"SKIP","floor":25},{"not_picked":["Blood for Blood"],"picked":"SKIP","floor":27},{"not_picked":[],"picked":"Sword Boomerang","floor":29},{"not_picked":[],"picked":"Reaper","floor":33},{"not_picked":["Clothesline"],"picked":"SKIP","floor":35},{"not_picked":[],"picked":"Shrug It Off","floor":36},{"not_picked":["Cleave"],"picked":"SKIP","floor":38},{"not_picked":[],"picked":"True Grit+1","floor":39},{"not_picked":["Heavy Blade"],"picked":"SKIP","floor":40},{"not_picked":["Heavy Blade+1"],"picked":"SKIP","floor":42},{"not_picked":["Body Slam"],"picked":"SKIP","floor":45},{"not_picked":[],"picked":"Inflame+1","floor":48},{"not_picked":["Blood for Blood+1"],"picked":"SKIP","floor":54}],"player_experience":321309,"relics_obtained":[{"floor":7,"key":"Happy Flower"},{"floor":9,"key":"Mercury Hourglass"},{"floor":12,"key":"Pocketwatch"},{"floor":19,"key":"Red Mask"},{"floor":20,"key":"Centennial Puzzle"},{"floor":23,"key":"MawBank"},{"floor":26,"key":"Vajra"},{"floor":27,"key":"Akabeko"},{"floor":40,"key":"CaptainsWheel"},{"floor":42,"key":"Paper Frog"},{"floor":48,"key":"Gambling Chip"},{"floor":54,"key":"War Paint"}],"event_choices":[{"damage_healed":0,"gold_gain":0,"player_choice":"Donut","damage_taken":0,"max_hp_gain":5,"max_hp_loss":0,"event_name":"Big Fish","floor":3,"gold_loss":0},{"damage_healed":0,"gold_gain":100,"player_choice":"Pray","damage_taken":0,"max_hp_gain":0,"max_hp_loss":0,"event_name":"Golden Shrine","floor":5,"gold_loss":0},{"damage_healed":0,"gold_gain":0,"player_choice":"Fought Bandits","damage_taken":0,"max_hp_gain":0,"max_hp_loss":0,"event_name":"Masked Bandits","floor":19,"gold_loss":0},{"damage_healed":0,"gold_gain":0,"player_choice":"Relic","damage_taken":0,"max_hp_gain":0,"max_hp_loss":0,"event_name":"Wheel of Change","floor":20,"gold_loss":0},{"damage_healed":0,"gold_gain":100,"player_choice":"Pray","damage_taken":0,"max_hp_gain":0,"max_hp_loss":0,"event_name":"Golden Shrine","floor":31,"gold_loss":0},{"damage_healed":0,"gold_gain":0,"cards_transformed":["Strike_R"],"player_choice":"Transformed","damage_taken":0,"max_hp_gain":0,"max_hp_loss":0,"event_name":"Transmorgrifier","floor":44,"gold_loss":0,"cards_obtained":["Headbutt"]},{"damage_healed":0,"gold_gain":0,"player_choice":"Ignored","damage_taken":0,"max_hp_gain":0,"max_hp_loss":0,"event_name":"SecretPortal","floor":47,"gold_loss":0}],"is_beta":true,"boss_relics":[{"not_picked":["Fusion Hammer","Calling Bell"],"picked":"Philosopher\u0027s Stone"},{"not_picked":["Runic Cube","SacredBark"],"picked":"Runic Pyramid"}],"items_purged_floors":[13,37,46],"is_endless":false,"potions_floor_spawned":[1,7,14,16,21,22,23,27,38,45],"ascension_level":8}}