{"host":"bf9sa99gaumonoeu","time":1611092575,"event":{"mods":["AchievementEnabler","Act Like it!","Aspiration","BaseMod","Bestiary","Better Note","Block Reminder","Colored Map","Colored Powertips","Fox Events","Friendly Minions","Gensokyo","GifTheSpireLib","Googly Eyes","Hallownest","Hermit","Highlight Path","Jorbs\u0027s Wanderer Trilogy","KinomotoSakuraMod(????)","Koishi","Marisa????????","Minty Spire (QoL Compilation)","Rare Cards Sparkle","Relic Stats","Remilia??????","Replay The Spire","Spire Arcade","StS++","StSLib","The Administrix","The Animator","The Blue Laboratory","The Bug Knight","The Construct","The Cursed","The Hierophant","The Mystic","The Necromancer","The Poker Player","The Runesmith","The Senshi","The Servant 0.9.4","ojb\u0027s Info Mod"],"gold_per_floor":[109,123,137,154,167,200,200,213,236,236,236],"floor_reached":10,"language":"ENG","playtime":513,"items_purged":[],"score":144,"play_id":"2d10935e-5833-49b2-8a0b-2d01f9b0f64f","local_time":"20210119194255","is_ascension_mode":true,"campfire_choices":[{"floor":7,"key":"REST"}],"circlet_count":0,"master_deck":["AscendersBane","Strike_G","Strike_G","Strike_G+1","Strike_G","Strike_G","Defend_G","Defend_G","Defend_G","Defend_G","Defend_G","Survivor","Neutralize","Poisoned Stab","All Out Attack+1","Bane","Bouncing Flask","Crippling Poison","Backstab","StSpp:ChainedTrap"],"relics":["Ring of the Snake","Whetstone","Blood Vial"],"acts_visited":["Exordium"],"potions_floor_usage":[5,10,10],"damage_taken":[{"damage":1,"enemies":"2 Louse","floor":1,"turns":3},{"damage":2,"enemies":"Jaw Worm","floor":2,"turns":4},{"damage":1,"enemies":"Cultist","floor":3,"turns":3},{"damage":6,"enemies":"Blue Slaver","floor":4,"turns":3},{"damage":23,"enemies":"Exordium Thugs","floor":5,"turns":4},{"damage":26,"enemies":"Gremlin Nob","floor":6,"turns":4},{"damage":1,"enemies":"3 Louse","floor":8,"turns":2},{"damage":33,"enemies":"Lagavulin","floor":10,"turns":6}],"seed_played":"-9057500161896052912","potions_obtained":[{"floor":3,"key":"blueLaboratory:NinjaPotion"},{"floor":5,"key":"Dexterity Potion"},{"floor":6,"key":"Strength Potion"}],"is_trial":false,"path_per_floor":["M","M","M","M","M","E","R","M","T","E"],"character_chosen":"THE_SILENT","items_purchased":[],"campfire_rested":1,"item_purchase_floors":[],"current_hp_per_floor":[64,62,61,55,32,6,27,26,26,0,0],"gold":236,"neow_bonus":"TEN_PERCENT_HP_BONUS","is_daily":false,"chose_seed":false,"campfire_upgraded":0,"win_rate":0.0,"timestamp":1611092575,"path_taken":["M","M","M","M","M","E","R","M","T","E"],"items_purchased_type":[],"build_version":"2020-12-22","purchased_purges":0,"victory":false,"max_hp_per_floor":[72,72,72,72,72,72,72,72,72,72,72],"relic_stats":{"Blood Vial":2,"counters":[8,29],"Whetstone":["Strike_G","All Out Attack"],"obtain_stats":[{"Blood Vial":9,"Whetstone":6,"Ring of the Snake":0},{"Blood Vial":7,"Whetstone":6,"Ring of the Snake":0},{"Blood Vial":23,"Whetstone":21,"Ring of the Snake":0}],"Ring of the Snake":[16]},"card_choices":[{"not_picked":["Underhanded Strike","Backflip"],"picked":"Poisoned Stab","floor":1},{"not_picked":["Underhanded Strike","Quick Slash"],"picked":"All Out Attack","floor":2},{"not_picked":["StSpp:Throw","Underhanded Strike"],"picked":"Bane","floor":3},{"not_picked":["Dagger Throw","Backflip"],"picked":"Bouncing Flask","floor":4},{"not_picked":["Reflex","StSpp:PoisonousPunch"],"picked":"Crippling Poison","floor":5},{"not_picked":["Acrobatics","Bane"],"picked":"Backstab","floor":6},{"not_picked":["Infinite Blades","Slice"],"picked":"StSpp:ChainedTrap","floor":8}],"player_experience":1001436,"relics_obtained":[{"floor":6,"key":"Whetstone"},{"floor":9,"key":"Blood Vial"}],"event_choices":[],"is_beta":false,"boss_relics":[],"items_purged_floors":[],"is_endless":false,"potions_floor_spawned":[3,5,6],"killed_by":"Lagavulin","ascension_level":20}}