{"host":"19stjawbpc2pvkmg","time":1611082037,"event":{"mods":["Always Whale","BaseMod","Faster Ascension Climbing","Hubris","Infinite Spire","Mimic Mod","Minty Spire (QoL Compilation)","Replay The Spire","Shop Mod","StSLib","The Necromancer"],"gold_per_floor":[109,122,47,47,61,61,76,111,134,152,152,185,197,210,210,282,282,298,278,38,56,73,73,73],"floor_reached":23,"language":"ENG","playtime":849,"items_purged":["Strike_W"],"score":410,"play_id":"c8718be6-f656-4f4c-9c57-a58e57fa099b","local_time":"20210119194717","is_ascension_mode":true,"campfire_choices":[{"data":"Siphon_Strength","floor":6,"key":"SMITH"},{"data":"Violent_Necrosis","floor":11,"key":"SMITH"},{"data":"Plague_Bolt","floor":15,"key":"SMITH"}],"circlet_count":0,"master_deck":["AscendersBane","Strike_W","Strike_W","Strike_W","Defend_W","Defend_W+1","Defend_W","Defend_W","Negative_Energy_Arrows","Bone_Wall+1","Hellfire","Siphon_Strength+1","Plague_Bolt+1","Acid_Javelin","Bone_Armor","Violent_Necrosis+1","Negative_Energy_Shield","Spectral_Armor","Hellfire","Blood_Is_Power","Toxic_Smoke_Screen"],"relics":["Vampire_Amulet","Bag of Preparation","Potion Belt","Centennial Puzzle","Replay:Grab Bag","hubris:RunicObelisk","infinitespire:Cupcake","Black Star","Replay:Mystery Machine"],"acts_visited":["Exordium","TheCity"],"potions_floor_usage":[14,16,16],"damage_taken":[{"damage":1,"enemies":"Cultist","floor":1,"turns":3},{"damage":0,"enemies":"2 Louse","floor":2,"turns":3},{"damage":0,"enemies":"Jaw Worm","floor":5,"turns":3},{"damage":0,"enemies":"Large Slime","floor":7,"turns":3},{"damage":18,"enemies":"Gremlin Nob","floor":8,"turns":4},{"damage":4,"enemies":"Blue Slaver","floor":10,"turns":3},{"damage":7,"enemies":"Lagavulin","floor":12,"turns":3},{"damage":3,"enemies":"Looter","floor":13,"turns":2},{"damage":9,"enemies":"Gremlin Gang","floor":14,"turns":4},{"damage":15,"enemies":"Slime Boss","floor":16,"turns":11},{"damage":19,"enemies":"2 Thieves","floor":18,"turns":4},{"damage":20,"enemies":"3 Byrds","floor":21,"turns":5},{"damage":16,"enemies":"Shelled Parasite and Fungi","floor":22,"turns":4},{"damage":23,"enemies":"Slavers","floor":23,"turns":3}],"seed_played":"3667905260527753665","potions_obtained":[{"floor":1,"key":"FairyPotion"},{"floor":2,"key":"Explosive Potion"},{"floor":13,"key":"DistilledChaos"},{"floor":14,"key":"SkillPotion"},{"floor":16,"key":"BlessingOfTheForge"},{"floor":19,"key":"Death Potion"},{"floor":22,"key":"Languid Potion"}],"is_trial":false,"path_per_floor":["M","M","$","?","M","R","M","E","T","M","R","E","M","M","R","B",null,"M","?","$","M","M","E"],"character_chosen":"NECROMANCER","items_purchased":["Plague_Bolt","Replay:Mystery Machine"],"campfire_rested":0,"item_purchase_floors":[3,20],"current_hp_per_floor":[65,69,69,48,50,50,54,38,38,36,36,31,30,29,29,20,58,43,43,43,29,17,23,23],"gold":73,"neow_bonus":"ONE_RANDOM_RARE_CARD","is_daily":false,"chose_seed":false,"campfire_upgraded":3,"win_rate":0.0,"timestamp":1611082037,"path_taken":["M","M","$","?","M","R","M","E","T","M","R","E","M","M","R","BOSS","M","?","$","?","M","E"],"items_purchased_type":["Card","Relic"],"build_version":"2020-12-22","purchased_purges":1,"victory":false,"max_hp_per_floor":[71,71,71,71,71,71,71,71,71,71,71,71,71,71,71,71,71,71,71,71,71,71,71,71],"card_choices":[{"not_picked":["Shackles_Of_Pain","Toxic_Smoke_Screen"],"picked":"Siphon_Strength","floor":1},{"not_picked":["Death_March_Dance","Exploit","Negative_Energy_Javelin"],"picked":"SKIP","floor":2},{"not_picked":["Bone_Shift","Bones_to_Steel"],"picked":"Acid_Javelin","floor":5},{"not_picked":["Death_March_Dance","Chill_Blood"],"picked":"Bone_Armor","floor":7},{"not_picked":["Blood_Wake","Shackles_Of_Pain"],"picked":"Violent_Necrosis","floor":8},{"not_picked":["Scare","Finger_Of_Death","Bone_Spikes"],"picked":"SKIP","floor":10},{"not_picked":["Blood_Whip","Death_Coil","Negative_Energy_Sphere"],"picked":"SKIP","floor":12},{"not_picked":["Chill_Blood","Death_March_Dance"],"picked":"Negative_Energy_Shield","floor":13},{"not_picked":["Negative_Energy_Javelin","Consume_Illness"],"picked":"Spectral_Armor","floor":14},{"not_picked":["Blood_Wake","Detonate_Bones"],"picked":"Hellfire","floor":16},{"not_picked":["Slay_Living","Chill_Blood"],"picked":"Blood_Is_Power","floor":18},{"not_picked":["Summon_Lich","Bone_Shift"],"picked":"Toxic_Smoke_Screen","floor":21},{"not_picked":["Scare","Toxic_Smoke_Screen","Epidemic"],"picked":"SKIP","floor":22}],"player_experience":427619,"relics_obtained":[{"floor":8,"key":"Bag of Preparation"},{"floor":9,"key":"Potion Belt"},{"floor":12,"key":"Centennial Puzzle"}],"event_choices":[{"damage_healed":0,"gold_gain":0,"player_choice":"Entered Light","damage_taken":21,"max_hp_gain":0,"max_hp_loss":0,"event_name":"Shining Light","floor":4,"gold_loss":0,"cards_upgraded":["Defend_W","Bone_Wall"]},{"damage_healed":0,"gold_gain":0,"player_choice":"Bought 1 Potion","damage_taken":0,"max_hp_gain":0,"max_hp_loss":0,"event_name":"The Woman in Blue","floor":19,"gold_loss":0}],"is_beta":false,"boss_relics":[{"not_picked":["Runic Dome","Ring of Chaos"],"picked":"Replay:Grab Bag"},{"not_picked":["Cursed Key","Fusion Hammer"],"picked":"hubris:RunicObelisk"},{"not_picked":["Replay:Wanted Poster","ChewingGum"],"picked":"infinitespire:Cupcake"},{"not_picked":["Replay:Drink Me","SacredBark"],"picked":"Black Star"}],"items_purged_floors":[20],"is_endless":false,"potions_floor_spawned":[1,2,13,14,16,22],"killed_by":"Slavers","ascension_level":20}}