{"host":"7qqg3hyzrz6apiso","time":1611076997,"event":{"mods":["AchievementEnabler","BaseMod","Better Debug","Colored Map","Colored Powertips","KOR Keyword Fix","Keyboard Shortcuts","Minty Spire (QoL Compilation)","Permanent Neow","Quick Restart","StSLib","SuperFastMode"],"gold_per_floor":[116,116,116,132,207,207,207,207,252,285,2,2,2,12,12,107,107,119,22,22,22,22,22,22,22,22,22,35,35,46,46,46,143,143,160,215,5,5,0,0,0,0,46,146,158,186,186,202,202,202,202],"floor_reached":50,"language":"KOR","playtime":1825,"items_purged":["Strike_B","Defend_B","Recycle"],"score":670,"play_id":"9a9f8e92-9159-4072-a1b2-647a1449d56c","local_time":"20210120022317","is_ascension_mode":true,"campfire_choices":[{"data":"Zap","floor":6.0,"key":"SMITH"},{"floor":13,"key":"REST"},{"floor":15,"key":"REST"},{"data":"Storm","floor":23,"key":"SMITH"},{"data":"Thunder Strike","floor":25,"key":"SMITH"},{"data":"Buffer","floor":27,"key":"SMITH"},{"data":"Coolheaded","floor":32,"key":"SMITH"},{"floor":40,"key":"REST"},{"data":"Genetic Algorithm","floor":42,"key":"SMITH"},{"data":"Loop","floor":47,"key":"SMITH"},{"floor":49,"key":"REST"}],"circlet_count":0,"master_deck":["Zap+1","Dualcast","Cold Snap","Buffer+1","Coolheaded+1","Leap","Loop+1","Loop","Thunder Strike+1","Go for the Eyes+1","Sweeping Beam+1","BootSequence+1","Storm+1","Conserve Battery","Shame","Core Surge","Electrodynamics","Melter","Genetic Algorithm+1","Writhe","Capacitor+1"],"relics":["Cracked Core","Juzu Bracelet","Singing Bowl","Ancient Tea Set","Oddly Smooth Stone","Membership Card","Astrolabe","Blood Vial","Pear","Mango","Bird Faced Urn","SlaversCollar","Dead Branch","Lantern","Red Mask","Bronze Scales","Ice Cream"],"acts_visited":["Exordium","TheCity","TheBeyond"],"potions_floor_usage":[36,46,50],"damage_taken":[{"damage":6.0,"enemies":"Cultist","floor":1.0,"turns":3.0},{"damage":0.0,"enemies":"2 Louse","floor":4.0,"turns":2.0},{"damage":31.0,"enemies":"3 Sentries","floor":10.0,"turns":11.0},{"damage":0,"enemies":"Small Slimes","floor":14,"turns":3},{"damage":21,"enemies":"The Guardian","floor":16,"turns":20},{"damage":26,"enemies":"3 Byrds","floor":18,"turns":6},{"damage":14,"enemies":"2 Thieves","floor":28,"turns":4},{"damage":13,"enemies":"Centurion and Healer","floor":30,"turns":7},{"damage":30,"enemies":"Champ","floor":33,"turns":11},{"damage":1,"enemies":"3 Shapes","floor":35,"turns":6},{"damage":104,"enemies":"2 Orb Walkers","floor":36,"turns":6},{"damage":0,"enemies":"Orb Walker","floor":45,"turns":4},{"damage":28,"enemies":"Nemesis","floor":46,"turns":5},{"damage":19,"enemies":"Sphere and 2 Shapes","floor":48,"turns":5},{"damage":110,"enemies":"Awakened One","floor":50,"turns":7}],"seed_played":"-4696203776599798706","potions_obtained":[{"floor":35,"key":"Dexterity Potion"},{"floor":45,"key":"Ancient Potion"},{"floor":48,"key":"Fire Potion"}],"is_trial":false,"path_per_floor":["M","?","?","M","?","R","?","T","T","E","$","?","R","M","R","B",null,"M","$","?","?","?","R","T","R","T","R","M","?","M","$","R","B",null,"M","?","$","?","?","R","?","R","T","?","M","E","R","M","R","B"],"character_chosen":"DEFECT","items_purchased":["Membership Card","Coolheaded","Leap","Loop","Storm","Conserve Battery","Melter","Lantern","Genetic Algorithm"],"campfire_rested":4,"item_purchase_floors":[11,11,11,11,19,19,37,37,37],"current_hp_per_floor":[62,62,55,55,44,44,44,44,44,13,13,13,35,35,57,36,65,41,41,41,66,76,76,90,90,90,90,88,88,87,87,87,67,96,105,5,5,32,32,64,66,66,66,66,78,62,62,57,90,0,0],"gold":202,"neow_bonus":"RANDOM_COMMON_RELIC","is_daily":false,"chose_seed":false,"campfire_upgraded":7,"win_rate":0.0,"timestamp":1611076997,"path_taken":["M","?","?","M","?","R","?","?","T","E","$","?","R","M","R","BOSS","M","$","?","?","?","R","?","R","T","R","M","?","M","?","R","BOSS","M","?","$","?","?","R","?","R","T","?","M","E","R","M","R","BOSS"],"items_purchased_type":["Relic","Card","Card","Card","Card","Card","Card","Relic","Card"],"build_version":"2020-12-22","purchased_purges":3,"victory":false,"max_hp_per_floor":[75,75,75,75,75,75,75,75,75,75,75,75,75,75,75,75,75,77,77,77,77,87,87,101,101,101,101,103,103,105,105,105,105,105,107,107,107,107,107,107,109,109,109,109,111,111,111,113,113,113,113],"card_choices":[{"not_picked":["Streamline","Barrage","Steam"],"picked":"SKIP","floor":1.0},{"not_picked":["Leap","Gash"],"picked":"Cold Snap","floor":4.0},{"not_picked":["Recycle","Ball Lightning"],"picked":"Buffer","floor":10.0},{"not_picked":["Steam","Beam Cell"],"picked":"Loop","floor":14},{"not_picked":["All For One","Reboot"],"picked":"Thunder Strike","floor":16},{"not_picked":["Hologram","Turbo","Cold Snap"],"picked":"Singing Bowl","floor":18},{"not_picked":["Rip and Tear","Tempest","Blizzard"],"picked":"Singing Bowl","floor":28},{"not_picked":["Compile Driver","White Noise","Recycle"],"picked":"Singing Bowl","floor":30},{"not_picked":["Electrodynamics","Thunder Strike"],"picked":"Core Surge","floor":33},{"not_picked":["Redo","Compile Driver","Conserve Battery"],"picked":"Singing Bowl","floor":35},{"not_picked":["Hologram","Leap"],"picked":"Electrodynamics","floor":36},{"not_picked":["Flash of Steel","Jack Of All Trades","Mind Blast"],"picked":"Singing Bowl","floor":41},{"not_picked":["Consume","Compile Driver","Aggregate+1"],"picked":"Singing Bowl","floor":45},{"not_picked":["Aggregate+1","Ball Lightning+1"],"picked":"Capacitor+1","floor":46},{"not_picked":["Lockon+1","Beam Cell+1","Sweeping Beam+1"],"picked":"Singing Bowl","floor":48}],"player_experience":242132,"relics_obtained":[{"floor":8.0,"key":"Singing Bowl"},{"floor":9.0,"key":"Ancient Tea Set"},{"floor":10.0,"key":"Oddly Smooth Stone"},{"floor":24,"key":"Mango"},{"floor":26,"key":"Bird Faced Urn"},{"floor":36,"key":"Dead Branch"},{"floor":43,"key":"Bronze Scales"},{"floor":46,"key":"Ice Cream"}],"event_choices":[{"damage_healed":0.0,"max_hp_gain":0.0,"max_hp_loss":0.0,"gold_gain":0.0,"event_name":"Shining Light","player_choice":"Ignored","floor":2.0,"gold_loss":0.0,"damage_taken":0.0},{"cards_removed":["Strike_B"],"damage_healed":0.0,"max_hp_gain":0.0,"max_hp_loss":0.0,"gold_gain":0.0,"event_name":"Golden Wing","player_choice":"Card Removal","floor":3.0,"gold_loss":0.0,"damage_taken":7.0},{"damage_healed":0.0,"max_hp_gain":0.0,"max_hp_loss":0.0,"gold_gain":75.0,"event_name":"World of Goop","player_choice":"Gather Gold","floor":5.0,"gold_loss":0.0,"damage_taken":11.0},{"cards_removed":["Strike_B"],"damage_healed":0.0,"max_hp_gain":0.0,"max_hp_loss":0.0,"gold_gain":0.0,"event_name":"Living Wall","player_choice":"Forget","floor":7.0,"gold_loss":0.0,"damage_taken":0.0},{"damage_healed":0,"gold_gain":0,"player_choice":"Leave","damage_taken":0,"max_hp_gain":0,"max_hp_loss":0,"event_name":"FaceTrader","floor":12,"gold_loss":0},{"damage_healed":0,"gold_gain":0,"player_choice":"Stole Relic","damage_taken":0,"relics_obtained":["Blood Vial"],"max_hp_gain":0,"max_hp_loss":0,"event_name":"Addict","floor":20,"gold_loss":0,"cards_obtained":["Shame"]},{"damage_healed":25,"gold_gain":0,"player_choice":"Heal","damage_taken":0,"max_hp_gain":0,"max_hp_loss":0,"event_name":"The Library","floor":21,"gold_loss":0},{"damage_healed":0,"gold_gain":0,"player_choice":"Opened","damage_taken":0,"relics_obtained":["Pear"],"max_hp_gain":0,"max_hp_loss":0,"event_name":"The Mausoleum","floor":22,"gold_loss":0},{"damage_healed":0,"gold_gain":0,"cards_transformed":["Defend_B"],"player_choice":"Transformed","damage_taken":0,"max_hp_gain":0,"max_hp_loss":0,"event_name":"Transmorgrifier","floor":29,"gold_loss":0,"cards_obtained":["Recycle"]},{"damage_healed":0,"gold_gain":0,"player_choice":"Fight","damage_taken":0,"max_hp_gain":0,"max_hp_loss":0,"event_name":"Mysterious Sphere","floor":36,"gold_loss":0},{"damage_healed":27,"gold_gain":0,"player_choice":"Writhe","damage_taken":0,"max_hp_gain":0,"max_hp_loss":0,"event_name":"Winding Halls","floor":38,"gold_loss":0,"cards_obtained":["Writhe"]},{"damage_healed":0,"gold_gain":0,"player_choice":"Paid","damage_taken":0,"relics_obtained":["Red Mask"],"max_hp_gain":0,"max_hp_loss":0,"event_name":"Tomb of Lord Red Mask","floor":39,"gold_loss":5},{"damage_healed":0,"gold_gain":0,"player_choice":"Memory 1","damage_taken":0,"max_hp_gain":0,"max_hp_loss":0,"event_name":"SensoryStone","floor":41,"gold_loss":0},{"damage_healed":0,"gold_gain":100,"player_choice":"Pray","damage_taken":0,"max_hp_gain":0,"max_hp_loss":0,"event_name":"Golden Shrine","floor":44,"gold_loss":0}],"is_beta":false,"boss_relics":[{"not_picked":["Sozu","Ectoplasm"],"picked":"Astrolabe"},{"not_picked":["Pandora\u0027s Box","Philosopher\u0027s Stone"],"picked":"SlaversCollar"}],"items_purged_floors":[11,19,37],"is_endless":false,"potions_floor_spawned":[35,45,48],"killed_by":"Awakened One","ascension_level":6}}