{"host":"oigynbtg272c19pw","time":1611072380,"event":{"mods":["BaseMod","Colored Map","Minty Spire (QoL Compilation)","Relic Stats","Slay the Relics Exporter","StSLib"],"gold_per_floor":[109,126,140,159,175,175,192,220,266,266,278,278,30,57,57,57,57],"floor_reached":16,"playtime":708,"items_purged":["Strike_R"],"score":228,"play_id":"072bcc60-3ab2-475b-9b61-aa2fcc26b521","local_time":"20210119170620","is_ascension_mode":true,"campfire_choices":[{"data":"Flame Barrier","floor":6,"key":"SMITH"},{"floor":10,"key":"REST"},{"data":"Rupture","floor":15,"key":"SMITH"}],"circlet_count":0,"master_deck":["AscendersBane","Strike_R","Strike_R","Defend_R","Defend_R","Defend_R","Bash","True Grit","Offering","Blood for Blood","Rupture+1","Flame Barrier+1","Clothesline","Carnage","Dark Embrace","Sentinel","Berserk","Battle Trance","Inflame","Flame Barrier"],"relics":["Burning Blood","Pantograph","Potion Belt","Blue Candle"],"acts_visited":["Exordium"],"potions_floor_usage":[8,14,16,16],"damage_taken":[{"damage":9.0,"enemies":"Small Slimes","floor":1.0,"turns":4.0},{"damage":2.0,"enemies":"Jaw Worm","floor":2.0,"turns":5.0},{"damage":12,"enemies":"Cultist","floor":3,"turns":3},{"damage":21,"enemies":"Large Slime","floor":4,"turns":7},{"damage":11,"enemies":"2 Fungi Beasts","floor":5,"turns":3},{"damage":2,"enemies":"Red Slaver","floor":7,"turns":3},{"damage":14,"enemies":"Gremlin Nob","floor":8,"turns":3},{"damage":13,"enemies":"Exordium Wildlife","floor":11,"turns":4},{"damage":19,"enemies":"3 Sentries","floor":14,"turns":6},{"damage":43,"enemies":"Slime Boss","floor":16,"turns":10}],"seed_played":"3873137477236228591","potions_obtained":[{"floor":2,"key":"SpeedPotion"},{"floor":7,"key":"AttackPotion"},{"floor":8,"key":"AttackPotion"},{"floor":11,"key":"DistilledChaos"}],"is_trial":false,"path_per_floor":["M","M","M","M","M","R","M","E","T","R","M","?","$","E","R","B"],"character_chosen":"IRONCLAD","items_purchased":["Battle Trance","Inflame"],"campfire_rested":1,"item_purchase_floors":[13,13],"current_hp_per_floor":[47,51,45,30,25,25,29,21,21,43,36,29,29,16,16,0,0],"gold":57,"neow_bonus":"TRANSFORM_TWO_CARDS","is_daily":false,"chose_seed":false,"campfire_upgraded":2,"win_rate":0.0,"timestamp":1611072380,"path_taken":["M","M","M","M","M","R","M","E","T","R","M","?","$","E","R","BOSS"],"items_purchased_type":["Card","Card"],"build_version":"2020-12-13","purchased_purges":1,"victory":false,"max_hp_per_floor":[75,75,75,75,75,75,75,75,75,75,75,75,75,75,75,75,75],"relic_stats":{"counters":[10,48],"Pantograph":25,"Blue Candle":[0],"obtain_stats":[{"Potion Belt":9,"Pantograph":8,"Blue Candle":14,"Burning Blood":0},{"Potion Belt":7,"Pantograph":7,"Blue Candle":9,"Burning Blood":0},{"Potion Belt":28,"Pantograph":28,"Blue Candle":38,"Burning Blood":0}],"Burning Blood":54},"card_choices":[{"not_picked":["Heavy Blade","Hemokinesis"],"picked":"Blood for Blood","floor":1.0},{"not_picked":["Disarm","Body Slam"],"picked":"Rupture","floor":2},{"not_picked":["Iron Wave","Shrug It Off"],"picked":"Flame Barrier","floor":3},{"not_picked":["Pommel Strike","Fire Breathing"],"picked":"Clothesline","floor":4},{"not_picked":["Clothesline","Wild Strike"],"picked":"Carnage","floor":5},{"not_picked":["Twin Strike","Rampage"],"picked":"Dark Embrace","floor":7},{"not_picked":["Headbutt","Seeing Red"],"picked":"Sentinel","floor":8},{"not_picked":["Carnage","Iron Wave"],"picked":"Berserk","floor":11},{"not_picked":["Armaments","Warcry"],"picked":"Flame Barrier","floor":14}],"player_experience":1437726,"relics_obtained":[{"floor":8,"key":"Pantograph"},{"floor":9,"key":"Potion Belt"},{"floor":14,"key":"Blue Candle"}],"event_choices":[{"cards_removed":["Defend_R"],"damage_healed":0,"gold_gain":0,"player_choice":"Card Removal","damage_taken":7,"max_hp_gain":0,"max_hp_loss":0,"event_name":"Golden Wing","floor":12,"gold_loss":0}],"is_beta":false,"boss_relics":[],"items_purged_floors":[13],"is_endless":false,"potions_floor_spawned":[2,7,8,11],"killed_by":"Slime Boss","ascension_level":20}}