{"host":"h9c2ptiayi21rmia","time":1611085894,"event":{"mods":["AchievementEnabler","Aspiration","BaseMod","Better Altar","Better Match","Better Note","Better Sensory Stone","Better Skull","Better Third Choice","Better Vampires","Block Reminder","ChefMod","Dio Mod","Evolution","Hermit","Hubris","JesterMod","Jorbs\u0027s Wanderer Trilogy","Kratos Character Expansion","Minty Spire (QoL Compilation)","Permanent Neow","Relic Stats","Replay The Spire","Shade Mod","Small Relic Pack","Spicy Shops","StS++","StSLib","The Dragon Tamer","The Marked","TheSwordswoman"],"gold_per_floor":[117,137,188,206,222,222,247,247,247,257,257,274,291,325,325,426,426,442,458,458,46,46,71,71,71,71,102,114,114,129,140,140,235,235,249,524,824,824,853,899,911,941,964,964,964,964,1028,1069,1069,1081],"floor_reached":51,"language":"ENG","playtime":5768,"items_purged":[],"score":1182,"play_id":"ae7e2ae6-7e5c-4770-bb3a-0d3ae489b4a6","local_time":"20210119145134","is_ascension_mode":false,"campfire_choices":[{"data":"Shade:AnimateDead","floor":6.0,"key":"SMITH"},{"data":"Shade:Carnophage","floor":8.0,"key":"SMITH"},{"floor":11.0,"key":"REST"},{"floor":15.0,"key":"DIG"},{"data":"Crow Ritual","floor":25.0,"key":"SMITH"},{"data":"Shade:UnbarTheGrave","floor":29.0,"key":"SMITH"},{"floor":32.0,"key":"DIG"},{"data":"Shade:SpectralStrikes","floor":45,"key":"SMITH"},{"data":"Shade:SanguineRitual","floor":49,"key":"SMITH"}],"circlet_count":0,"master_deck":["Shade:Strike_Shade","Shade:Strike_Shade","Shade:Strike_Shade","Shade:Strike_Shade","Shade:Defend_Shade","Shade:Defend_Shade","Shade:Defend_Shade","Shade:AnimateDead+1","Shade:CarefulCut+1","Shade:Defend_Shade","Strike_G","hubris:EnhanceAbility","Shade:Premonition","Shade:Brains","Shade:SoulToxin","Shade:Consume+1","Shade:Carnophage+1","Shade:Bite_Shade+1","Shade:Trample+1","Shade:CommandSoldier","Shade:UnbarTheGrave+1","Shade:LoseControl","Shade:CoffinDance+1","Shade:FreshBones","Crow Ritual+1","Shade:Frenzy","Shade:FeralStrike+1","Shade:Trample+1","Shade:StitchTogether","Decay","Shade:AuraOfUnlife+1","dioMod:ZaWarudo+1","Shade:SanguineRitual+1","Shade:Carnophage","Shade:Bonestorm+1","Shade:Bonestorm+1","Shade:OfferingToTheBeyond","Shade:FingerOfDeath+1","Regret","Shade:FeralStrike+1","Shade:CoffinDance+1","Shade:FleshOffering","Shade:FleshToFlesh","Shade:PotionOfRestlessness","ReplayTheSpireMod:Private Reserves","Shade:SpectralStrikes+1","Shade:LyeBath+1","Shade:Carnophage+1","Shade:AuraOfUnlife+1","Shade:Frenzy+1","Shade:FreshBones+1"],"relics":["Shade:YorickSkull","EVO:Axolotl","Orichalcum","Molten Egg 2","aspiration:Lifesprig","aspiration:HatOfInfinitePower","Whetstone","Replay:Grab Bag","ChewingGum","aspiration:FutureDiary","Black Star","BargainBundle","Matryoshka","Lizard Tail","hubris:TenFootPole","Vajra","ReplayFunnel","Pen Nib","hubris:Potato","aspiration:RunicSpoon","hubris:NiceRug","Nunchaku","Meat on the Bone","StSpp:JackpotMachine","StSpp:XCola","StSpp:PetrifiedCaterpillar","Lee\u0027s Waffle","relicPack:DarknessArmor","Smiling Mask","Bronze Scales","Strawberry","relicPack:DSword","StSpp:SailorCap","hubris:FunFungus","hubris:MedicalManual","Potion Belt"],"acts_visited":["Exordium","TheCity","TheBeyond"],"potions_floor_usage":[37,37,37,39,40,40,47,50],"damage_taken":[{"damage":2.0,"enemies":"Cultist","floor":1.0,"turns":3.0},{"damage":0.0,"enemies":"Small Slimes","floor":2.0,"turns":4.0},{"damage":0.0,"enemies":"Jaw Worm","floor":4.0,"turns":3.0},{"damage":6.0,"enemies":"Exordium Thugs","floor":5.0,"turns":7.0},{"damage":17.0,"enemies":"Gremlin Nob","floor":7.0,"turns":5.0},{"damage":0.0,"enemies":"Looter","floor":10.0,"turns":4.0},{"damage":0.0,"enemies":"Large Slime","floor":12.0,"turns":6.0},{"damage":0.0,"enemies":"Gremlin Gang","floor":13.0,"turns":4.0},{"damage":0.0,"enemies":"3 Sentries","floor":14.0,"turns":6.0},{"damage":22.0,"enemies":"Hexaghost","floor":16.0,"turns":11.0},{"damage":0.0,"enemies":"Spheric Guardian","floor":18.0,"turns":3.0},{"damage":6.0,"enemies":"2 Thieves","floor":19.0,"turns":4.0},{"damage":0.0,"enemies":"Book of Stabbing","floor":23.0,"turns":3.0},{"damage":21.0,"enemies":"Slavers","floor":27.0,"turns":3.0},{"damage":5.0,"enemies":"Centurion and Healer","floor":28.0,"turns":4.0},{"damage":2.0,"enemies":"Snecko","floor":30.0,"turns":3.0},{"damage":3.0,"enemies":"Chosen and Byrds","floor":31.0,"turns":5.0},{"damage":4.0,"enemies":"Pondfish","floor":33.0,"turns":7.0},{"damage":34.0,"enemies":"3 Darklings","floor":35.0,"turns":5.0},{"damage":29,"enemies":"hubris:Merchant","floor":37,"turns":9},{"damage":0,"enemies":"Orb Walker","floor":39,"turns":2},{"damage":0,"enemies":"Giant Head","floor":40,"turns":5},{"damage":9,"enemies":"Spire Growth","floor":41,"turns":6},{"damage":0,"enemies":"Sphere and 2 Shapes","floor":42,"turns":4},{"damage":0,"enemies":"2 Orb Walkers","floor":47,"turns":3},{"damage":0,"enemies":"R_Hoarder","floor":48,"turns":6},{"damage":0,"enemies":"Jotaro","floor":50,"turns":4}],"seed_played":"6223626159878450801","potions_obtained":[{"floor":2.0,"key":"GamblersBrew"},{"floor":4.0,"key":"SteroidPotion"},{"floor":7.0,"key":"StSpp:SecondWindPotion"},{"floor":16.0,"key":"Strength Potion"},{"floor":27.0,"key":"Milkshake"},{"floor":28.0,"key":"SpeedPotion"},{"floor":31.0,"key":"Milkshake"},{"floor":35.0,"key":"Elixir"},{"floor":37,"key":"PowerPotion"},{"floor":37,"key":"AttackPotion"},{"floor":37,"key":"Adrenaline Potion"},{"floor":42,"key":"LifebloodPotion"},{"floor":48,"key":"PowerPotion"}],"is_trial":false,"path_per_floor":["M","M","T","M","M","R","E","R","T","M","R","M","M","E","R","B",null,"M","M","?","$","?","E","?","R","T","E","M","R","M","M","R","B",null,"M","?","$","$","M","E","M","M","T","?","R","T","?","E","R","B",null],"character_chosen":"SHADE","items_purchased":["BargainBundle","Crow Ritual","Matryoshka","Shade:Frenzy","Shade:FeralStrike+1","Shade:Trample+1","Shade:StitchTogether","PowerPotion","PowerPotion"],"campfire_rested":1,"item_purchase_floors":[21,21,21,21,21,21,21,21,21],"current_hp_per_floor":[63,63,63,63,57,57,40,40,40,40,59,65,65,65,65,43,65,65,59,59,59,59,59,59,59,59,38,36,36,34,41,41,47,65,34,34,72,72,72,72,63,63,70,53,53,53,59,65,65,75],"gold":1081,"neow_bonus":"RANDOM_COLORLESS_2","is_daily":false,"chose_seed":false,"campfire_upgraded":6,"win_rate":0.0,"timestamp":1611085894,"path_taken":["M","M","?","M","M","R","E","R","T","M","R","M","M","E","R","BOSS","M","M","?","?","?","E","?","R","T","E","M","R","M","?","R","BOSS","M","?","?","$","M","E","M","M","T","?","R","?","?","E","R","BOSS"],"items_purchased_type":["Relic","Card","Relic","Card","Card","Card","Card","Potion","Potion"],"build_version":"2020-12-22","purchased_purges":0,"victory":true,"max_hp_per_floor":[65,65,65,65,65,65,65,65,65,65,65,65,65,65,65,65,65,65,65,65,65,65,65,65,65,65,65,65,65,65,65,65,65,65,65,65,72,72,72,72,72,72,79,79,79,79,79,79,79,79],"relic_stats":{"Lee\u0027s Waffle":64,"counters":[27,128],"aspiration:RunicSpoon":[88],"Pen Nib":[13],"Whetstone":["Shade:CarefulCut","Shade:Consume"],"Orichalcum":[408],"Smiling Mask":0,"Lizard Tail":0,"Nunchaku":[6],"Bronze Scales":[44],"Black Star":4,"obtain_stats":[{"ReplayFunnel":27,"aspiration:Lifesprig":9,"relicPack:DSword":44,"Shade:YorickSkull":0,"Vajra":26,"EVO:Axolotl":0,"Whetstone":15,"StSpp:PetrifiedCaterpillar":37,"relicPack:DarknessArmor":40,"Smiling Mask":40,"Lizard Tail":23,"Nunchaku":37,"Matryoshka":21,"Strawberry":43,"hubris:FunFungus":47,"aspiration:FutureDiary":17,"StSpp:XCola":37,"Potion Belt":48,"BargainBundle":21,"Lee\u0027s Waffle":37,"StSpp:SailorCap":46,"StSpp:JackpotMachine":37,"Replay:Grab Bag":17,"aspiration:RunicSpoon":34,"Pen Nib":27,"hubris:MedicalManual":48,"Orichalcum":3,"Bronze Scales":43,"Molten Egg 2":7,"ChewingGum":17,"Black Star":17,"hubris:TenFootPole":23,"aspiration:HatOfInfinitePower":14,"hubris:Potato":32,"hubris:NiceRug":37,"Meat on the Bone":37},{"ReplayFunnel":14,"aspiration:Lifesprig":5,"relicPack:DSword":24,"Shade:YorickSkull":0,"Vajra":13,"EVO:Axolotl":0,"Whetstone":9,"StSpp:PetrifiedCaterpillar":20,"relicPack:DarknessArmor":22,"Smiling Mask":22,"Lizard Tail":13,"Nunchaku":20,"Matryoshka":12,"Strawberry":24,"hubris:FunFungus":25,"aspiration:FutureDiary":10,"StSpp:XCola":20,"Potion Belt":26,"BargainBundle":12,"Lee\u0027s Waffle":20,"StSpp:SailorCap":24,"StSpp:JackpotMachine":20,"Replay:Grab Bag":10,"aspiration:RunicSpoon":18,"Pen Nib":14,"hubris:MedicalManual":26,"Orichalcum":2,"Bronze Scales":24,"Molten Egg 2":5,"ChewingGum":10,"Black Star":10,"hubris:TenFootPole":13,"aspiration:HatOfInfinitePower":9,"hubris:Potato":17,"hubris:NiceRug":20,"Meat on the Bone":20},{"ReplayFunnel":66,"aspiration:Lifesprig":22,"relicPack:DSword":115,"Shade:YorickSkull":0,"Vajra":63,"EVO:Axolotl":0,"Whetstone":42,"StSpp:PetrifiedCaterpillar":99,"relicPack:DarknessArmor":106,"Smiling Mask":106,"Lizard Tail":63,"Nunchaku":99,"Matryoshka":60,"Strawberry":115,"hubris:FunFungus":118,"aspiration:FutureDiary":53,"StSpp:XCola":99,"Potion Belt":124,"BargainBundle":60,"Lee\u0027s Waffle":99,"StSpp:SailorCap":115,"StSpp:JackpotMachine":99,"Replay:Grab Bag":53,"aspiration:RunicSpoon":85,"Pen Nib":66,"hubris:MedicalManual":124,"Orichalcum":7,"Bronze Scales":115,"Molten Egg 2":22,"ChewingGum":53,"Black Star":53,"hubris:TenFootPole":63,"aspiration:HatOfInfinitePower":42,"hubris:Potato":78,"hubris:NiceRug":99,"Meat on the Bone":99}],"Meat on the Bone":0},"card_choices":[{"not_picked":["Chrysalis","StSpp:MakeshiftWeapon"],"picked":"hubris:EnhanceAbility","floor":0.0},{"not_picked":["Shade:SoulToxin","Shade:GreyBargain"],"picked":"Shade:Premonition","floor":1.0},{"not_picked":["Shade:FeralStrike","Shade:CommandSoldier"],"picked":"Shade:Brains","floor":2.0},{"not_picked":["Shade:FleshToFlesh","Shade:FeralStrike"],"picked":"Shade:SoulToxin","floor":4.0},{"not_picked":["Shade:BoneShards","Shade:SoulToxin"],"picked":"Shade:Consume","floor":5.0},{"not_picked":["Shade:FreshBones","Shade:Bonestorm+1"],"picked":"Shade:Carnophage","floor":7.0},{"not_picked":["Shade:SkeletonHug+1","Shade:AncientSpear+1"],"picked":"Shade:Bite_Shade+1","floor":10.0},{"not_picked":["Shade:FuneraryArmor","Shade:Premonition"],"picked":"Shade:Trample+1","floor":12.0},{"not_picked":["Shade:AblativeArmor","Shade:SkeletonHug+1"],"picked":"Shade:CommandSoldier","floor":13.0},{"not_picked":["Shade:Patience","Shade:BoneShards+1"],"picked":"Shade:UnbarTheGrave","floor":14.0},{"not_picked":["Shade:OminousRitual+1","Shade:Tombstone+1"],"picked":"Shade:LoseControl","floor":16.0},{"not_picked":["Shade:FleshToFlesh","Shade:ClawBack+1"],"picked":"Shade:CoffinDance+1","floor":18.0},{"not_picked":["Shade:SkeletonHug+1","Shade:FuneraryArmor"],"picked":"Shade:FreshBones","floor":19.0},{"not_picked":["Shade:Trample+1","Shade:SanguineRitual"],"picked":"Shade:AuraOfUnlife+1","floor":23.0},{"not_picked":["Shade:Trample+1","Shade:Awaken"],"picked":"Shade:SanguineRitual","floor":27.0},{"not_picked":["Shade:FuneraryArmor","Shade:CommandSoldier"],"picked":"Shade:Carnophage","floor":28.0},{"not_picked":["Shade:Brains","Shade:AuraOfUnlife"],"picked":"Shade:Bonestorm+1","floor":30.0},{"not_picked":["Shade:SoulPierce","Shade:FuneraryArmor"],"picked":"Shade:Bonestorm+1","floor":31.0},{"not_picked":["Shade:DarkOfNight","Shade:MadHubris"],"picked":"Shade:OfferingToTheBeyond","floor":33.0},{"not_picked":["Shade:CloudOfShrapnel+1","Shade:PressTheAttack+1"],"picked":"Shade:FingerOfDeath+1","floor":35.0},{"not_picked":[],"picked":"Shade:FeralStrike+1","floor":37},{"not_picked":[],"picked":"Shade:CoffinDance+1","floor":37},{"not_picked":[],"picked":"Shade:FleshOffering","floor":37},{"not_picked":[],"picked":"Shade:FleshToFlesh","floor":37},{"not_picked":[],"picked":"Shade:PotionOfRestlessness","floor":37},{"not_picked":[],"picked":"ReplayTheSpireMod:Private Reserves","floor":37},{"not_picked":["StSpp:MakeshiftWeapon+1"],"picked":"SKIP","floor":37},{"not_picked":["Shade:Bonestorm+1","Shade:Haruspicy"],"picked":"Shade:SpectralStrikes","floor":39},{"not_picked":["Shade:GreyBargain+1","Shade:SkeletonHug+1"],"picked":"Shade:LyeBath+1","floor":40},{"not_picked":["Shade:WallOfFlesh+1","Shade:ClawBack+1"],"picked":"Shade:Carnophage+1","floor":41},{"not_picked":["Shade:DangerousRitual+1","Shade:FingerOfDeath+1"],"picked":"Shade:AuraOfUnlife+1","floor":42},{"not_picked":["Shade:Premonition+1","Shade:PotionOfRestlessness+1"],"picked":"Shade:Frenzy+1","floor":47},{"not_picked":["Shade:DangerousRitual+1","Shade:SpontaneousRitual+1"],"picked":"Shade:FreshBones+1","floor":48}],"player_experience":212112,"relics_obtained":[{"floor":3.0,"key":"Orichalcum"},{"floor":7.0,"key":"Molten Egg 2"},{"floor":9.0,"key":"aspiration:Lifesprig"},{"floor":14.0,"key":"aspiration:HatOfInfinitePower"},{"floor":15.0,"key":"Whetstone"},{"floor":23.0,"key":"Lizard Tail"},{"floor":23.0,"key":"hubris:TenFootPole"},{"floor":26.0,"key":"Vajra"},{"floor":27.0,"key":"ReplayFunnel"},{"floor":27.0,"key":"Pen Nib"},{"floor":32.0,"key":"hubris:Potato"},{"floor":37,"key":"Nunchaku"},{"floor":37,"key":"Meat on the Bone"},{"floor":37,"key":"StSpp:JackpotMachine"},{"floor":37,"key":"StSpp:XCola"},{"floor":37,"key":"StSpp:PetrifiedCaterpillar"},{"floor":37,"key":"Lee\u0027s Waffle"},{"floor":40,"key":"relicPack:DarknessArmor"},{"floor":40,"key":"Smiling Mask"},{"floor":43,"key":"Bronze Scales"},{"floor":43,"key":"Strawberry"},{"floor":46,"key":"StSpp:SailorCap"},{"floor":47,"key":"hubris:FunFungus"},{"floor":48,"key":"hubris:MedicalManual"},{"floor":48,"key":"Potion Belt"}],"event_choices":[{"cards_removed":["Shade:Defend_Shade"],"damage_healed":0.0,"max_hp_gain":0.0,"max_hp_loss":0.0,"gold_gain":0.0,"event_name":"Purifier","player_choice":"Purged","floor":20.0,"gold_loss":0.0,"damage_taken":0.0},{"damage_healed":0.0,"max_hp_gain":0.0,"max_hp_loss":0.0,"gold_gain":0.0,"event_name":"Wheel of Change","player_choice":"Cursed","floor":22.0,"gold_loss":0.0,"damage_taken":0.0,"cards_obtained":["Decay"]},{"cards_removed":["Crow Ritual"],"damage_healed":0.0,"max_hp_gain":0.0,"max_hp_loss":0.0,"gold_gain":0.0,"event_name":"betterNote:BetterNote","player_choice":"Take \u0026 Give","floor":24.0,"gold_loss":0.0,"damage_taken":0.0,"cards_obtained":["dioMod:ZaWarudo"]},{"damage_healed":0.0,"max_hp_gain":0.0,"max_hp_loss":0.0,"gold_gain":275.0,"event_name":"Golden Shrine","player_choice":"Desecrate","floor":36.0,"gold_loss":0.0,"damage_taken":0.0,"cards_obtained":["Regret"]},{"damage_healed":0,"gold_gain":0,"player_choice":"Fight","damage_taken":0,"max_hp_gain":0,"max_hp_loss":0,"event_name":"Mysterious Sphere","floor":47,"gold_loss":0}],"is_beta":false,"boss_relics":[{"not_picked":["SlaversCollar","hubris:GrandSneckoEye"],"picked":"Replay:Grab Bag"},{"not_picked":["Abe\u0027s Treasure","Replay:Bronze Core"],"picked":"ChewingGum"},{"not_picked":["Velvet Choker","hubris:CrackedHourglass"],"picked":"aspiration:FutureDiary"},{"not_picked":["relicPack:KazumaCape","Shade:YorickPolishedSkull"],"picked":"Black Star"},{"not_picked":["hubris:HollowSoul","Replay:Drink Me"],"picked":"aspiration:RunicSpoon"}],"items_purged_floors":[],"is_endless":false,"potions_floor_spawned":[2,4,7,16,27,28,31,35,42,48],"ascension_level":0}}