{"host":"4gr5irrdjh39ysed","time":1611072032,"event":{"mods":["AchievementEnabler","BaseMod","Colored Map","Downfall","Hermit","Minty Spire (QoL Compilation)","Random Character Button","StSLib","The Construct","The Cursed","The Disciple","The Hierophant","The Mystic","The Necromancer","The Runesmith"],"gold_per_floor":[217,266,266,280,46,81,93,118,166,166,177,196,221,258,258,362,362,373,273,273,287,301,333,333,343,343,343,374,374,421,432,432,536,536,554,566,298,333,349,378,391,391,463,463,508,508,539,552,552,552,552,552,149,184,184],"floor_reached":56,"language":"ENG","playtime":3981,"items_purged":["Defend_B","Defend_B","Zap","Redo"],"score":1758,"play_id":"6fbf7a14-d2b2-4fa3-af3b-9049ba1f6031","local_time":"20210119090032","is_ascension_mode":true,"campfire_choices":[{"floor":10,"key":"RECALL"},{"data":"Machine Learning","floor":15,"key":"SMITH"},{"data":"Meteor Strike","floor":24,"key":"SMITH"},{"data":"Fission","floor":27,"key":"SMITH"},{"data":"Beam Cell","floor":32,"key":"SMITH"},{"data":"Core Surge","floor":42,"key":"SMITH"},{"data":"Fusion","floor":46,"key":"PURGE"},{"data":"Hyperbeam","floor":49,"key":"SMITH"},{"data":"Dualcast","floor":52,"key":"PURGE"}],"circlet_count":0,"master_deck":["Static Discharge+1","Capacitor","Jack Of All Trades+1","Compile Driver","Genetic Algorithm","Machine Learning+1","Aggregate","Beam Cell+1","Sweeping Beam","Fission+1","Turbo+1","Meteor Strike+1","Rip and Tear","Sweeping Beam","Ghostly","Ghostly","Ghostly","Ghostly","Ghostly","Streamline","Scrape","Core Surge+1","Steam Power+1","Conserve Battery","Go for the Eyes","Steam Power","Ball Lightning","Doom and Gloom","Compile Driver","Gash","Jack Of All Trades","White Noise","Beam Cell+1","Barrage+1","Go for the Eyes+1","Mind Blast","Melter+1","Hyperbeam+1","Go for the Eyes+1","Mind Blast","Transmutation","Scrape+1"],"relics":["FrozenCore","Orichalcum","War Paint","construct:BoolHorns","Blood Vial","Odd Mushroom","Symbiotic Virus","Kunai","Ancient Tea Set","Anchor","Pandora\u0027s Box","construct:RocketBooster","Letter Opener","Peace Pipe","Nunchaku","Turnip"],"acts_visited":["Exordium","TheCity","TheBeyond","TheEnding"],"potions_floor_usage":[22,28,33,33,40,50,55],"damage_taken":[{"damage":6,"enemies":"Cultist","floor":1,"turns":3},{"damage":12,"enemies":"Small Slimes","floor":4,"turns":3},{"damage":43,"enemies":"Gremlin Nob","floor":6,"turns":5},{"damage":7,"enemies":"Jaw Worm","floor":7,"turns":4},{"damage":22,"enemies":"3 Sentries","floor":8,"turns":4},{"damage":5,"enemies":"Looter","floor":11,"turns":2},{"damage":17,"enemies":"Exordium Thugs","floor":12,"turns":3},{"damage":33,"enemies":"The Mushroom Lair","floor":13,"turns":3},{"damage":16,"enemies":"Large Slime","floor":14,"turns":5},{"damage":62,"enemies":"Slime Boss","floor":16,"turns":8},{"damage":20,"enemies":"Chosen","floor":18,"turns":5},{"damage":17,"enemies":"Spheric Guardian","floor":21,"turns":4},{"damage":47,"enemies":"Centurion and Healer","floor":22,"turns":6},{"damage":59,"enemies":"Book of Stabbing","floor":23,"turns":5},{"damage":31,"enemies":"Snake Plant","floor":25,"turns":3},{"damage":47,"enemies":"Slavers","floor":28,"turns":6},{"damage":11,"enemies":"Book of Stabbing","floor":30,"turns":6},{"damage":0,"enemies":"3 Cultists","floor":31,"turns":5},{"damage":54,"enemies":"Collector","floor":33,"turns":11},{"damage":0,"enemies":"3 Darklings","floor":35,"turns":6},{"damage":0,"enemies":"Orb Walker","floor":36,"turns":5},{"damage":0,"enemies":"Maw","floor":38,"turns":8},{"damage":33,"enemies":"4 Shapes","floor":39,"turns":4},{"damage":62,"enemies":"Reptomancer","floor":40,"turns":8},{"damage":0,"enemies":"Sphere and 2 Shapes","floor":41,"turns":6},{"damage":27,"enemies":"2 Orb Walkers","floor":45,"turns":3},{"damage":51,"enemies":"Giant Head","floor":47,"turns":8},{"damage":0,"enemies":"Transient","floor":48,"turns":5},{"damage":54,"enemies":"Donu and Deca","floor":50,"turns":10},{"damage":20,"enemies":"Shield and Spear","floor":54,"turns":6},{"damage":93,"enemies":"The Heart","floor":55,"turns":8}],"seed_played":"-2709701534701358082","potions_obtained":[{"floor":6,"key":"Fire Potion"},{"floor":8,"key":"Energy Potion"},{"floor":16,"key":"EssenceOfSteel"},{"floor":22,"key":"SpeedPotion"},{"floor":25,"key":"PowerPotion"},{"floor":31,"key":"CultistPotion"},{"floor":33,"key":"Energy Potion"},{"floor":38,"key":"Weak Potion"},{"floor":41,"key":"bronze:BurnAndBuffPotion"}],"is_trial":false,"path_per_floor":["M","T","?","M","$","E","M","E","T","R","M","M","?","M","R","B",null,"M","$","?","M","M","E","R","M","T","R","E","?","E","M","R","B",null,"M","M","$","M","M","E","M","R","T","?","?","R","E","M","R","B",null,"R","$","E","B",null],"character_chosen":"DEFECT","items_purchased":["Capacitor","Jack Of All Trades","Gash","Jack Of All Trades","Mind Blast","Transmutation"],"campfire_rested":0,"item_purchase_floors":[5,5,37,37,53,53],"current_hp_per_floor":[2062,2062,2062,2050,2050,2007,2000,1978,1978,1978,1975,1960,1929,1915,1915,1855,2020,2002,2002,2002,1987,1942,1885,1885,1856,1856,1856,1811,1037,1026,1028,1028,976,1022,1024,1026,1026,1028,997,937,939,939,939,939,914,914,865,867,867,815,982,982,982,964,873],"gold":184,"neow_bonus":"HUNDRED_GOLD","is_daily":false,"chose_seed":false,"campfire_upgraded":6,"win_rate":0.0,"timestamp":1611072032,"path_taken":["M","?","?","M","$","E","M","E","T","R","M","?","?","M","R","BOSS","M","$","?","?","M","E","R","M","T","R","E","?","E","M","R","BOSS","M","M","$","M","M","E","M","R","T","?","?","R","E","M","R","BOSS","R","$","E","BOSS"],"items_purchased_type":["Card","Card","Card","Card","Card","Card"],"build_version":"2020-12-22","purchased_purges":4,"victory":true,"max_hp_per_floor":[2075,2075,2075,2075,2075,2075,2075,2075,2075,2075,2075,2075,2075,2075,2075,2075,2075,2075,2075,2075,2075,2075,2075,2075,2075,2075,2075,2075,1037,1037,1037,1037,1037,1037,1037,1037,1037,1037,1037,1037,1037,1037,1037,1037,1037,1037,1037,1037,1037,1037,1037,1037,1037,1037,1037],"card_choices":[{"not_picked":["Rebound","Ball Lightning"],"picked":"Static Discharge","floor":1},{"not_picked":["Barrage","Steam"],"picked":"Fusion","floor":4},{"not_picked":["Redo","Beam Cell"],"picked":"Compile Driver","floor":6},{"not_picked":["Static Discharge","Capacitor"],"picked":"Genetic Algorithm","floor":7},{"not_picked":["Ball Lightning","Barrage"],"picked":"Machine Learning","floor":8},{"not_picked":["Ball Lightning","Conserve Battery"],"picked":"Aggregate","floor":11},{"not_picked":["Leap","Hologram"],"picked":"Redo","floor":12},{"not_picked":["Fusion","Conserve Battery"],"picked":"Beam Cell","floor":13},{"not_picked":["Auto Shields","Chill"],"picked":"Sweeping Beam","floor":14},{"not_picked":["Electrodynamics","Reboot"],"picked":"Fission","floor":16},{"not_picked":["Conserve Battery","Loop+1","Hologram+1"],"picked":"SKIP","floor":18},{"not_picked":["Compile Driver+1","Defragment"],"picked":"Turbo+1","floor":21},{"not_picked":["Steam+1","Glacier"],"picked":"Meteor Strike","floor":22},{"not_picked":["Fusion","Redo"],"picked":"Rip and Tear","floor":23},{"not_picked":["Tempest+1","Reinforced Body+1","Hologram"],"picked":"SKIP","floor":25},{"not_picked":["Genetic Algorithm","Storm+1"],"picked":"Sweeping Beam","floor":28},{"not_picked":["Cold Snap","Hologram"],"picked":"Streamline","floor":30},{"not_picked":["Coolheaded","Static Discharge"],"picked":"Scrape","floor":31},{"not_picked":["Biased Cognition","Rainbow"],"picked":"Core Surge","floor":33},{"not_picked":["Undo","Sweeping Beam","Stack"],"picked":"SKIP","floor":35},{"not_picked":["Turbo","Self Repair"],"picked":"Compile Driver","floor":36},{"not_picked":["Conserve Battery","Ball Lightning"],"picked":"White Noise","floor":38},{"not_picked":["Steam","Tempest+1"],"picked":"Beam Cell","floor":39},{"not_picked":["Melter+1","Heatsinks+1"],"picked":"Barrage+1","floor":40},{"not_picked":["Turbo","Streamline+1"],"picked":"Go for the Eyes+1","floor":41},{"not_picked":["Deep Breath","Bandage Up"],"picked":"Mind Blast","floor":44},{"not_picked":["Streamline+1","Compile Driver"],"picked":"Melter+1","floor":45},{"not_picked":["Conserve Battery+1","Tempest+1"],"picked":"Hyperbeam","floor":47},{"not_picked":["Loop+1","Steam Power+1"],"picked":"Go for the Eyes+1","floor":48},{"not_picked":["Beam Cell+1","Rip and Tear+1"],"picked":"Scrape+1","floor":54}],"player_experience":236029,"relics_obtained":[{"floor":2,"key":"Orichalcum"},{"floor":6,"key":"War Paint"},{"floor":8,"key":"construct:BoolHorns"},{"floor":9,"key":"Blood Vial"},{"floor":13,"key":"Odd Mushroom"},{"floor":23,"key":"Kunai"},{"floor":28,"key":"Ancient Tea Set"},{"floor":30,"key":"Anchor"},{"floor":40,"key":"construct:RocketBooster"},{"floor":43,"key":"Letter Opener"},{"floor":45,"key":"Peace Pipe"},{"floor":47,"key":"Nunchaku"},{"floor":54,"key":"Turnip"}],"event_choices":[{"damage_healed":0,"gold_gain":0,"player_choice":"Forge","damage_taken":0,"max_hp_gain":0,"max_hp_loss":0,"event_name":"Accursed Blacksmith","floor":3,"gold_loss":0,"cards_upgraded":["Static Discharge"]},{"damage_healed":0,"gold_gain":0,"player_choice":"Fought Mushrooms","damage_taken":0,"max_hp_gain":0,"max_hp_loss":0,"event_name":"Mushrooms","floor":13,"gold_loss":0},{"damage_healed":0,"gold_gain":0,"player_choice":"Gave Potion","damage_taken":0,"relics_obtained":["Symbiotic Virus"],"max_hp_gain":0,"max_hp_loss":0,"event_name":"WeMeetAgain","floor":20,"gold_loss":0},{"damage_healed":0,"gold_gain":0,"player_choice":"Became a Ghost","damage_taken":0,"max_hp_gain":0,"max_hp_loss":1038,"event_name":"Ghosts","floor":29,"gold_loss":0,"cards_obtained":["Ghostly","Ghostly","Ghostly","Ghostly","Ghostly"]},{"damage_healed":0,"gold_gain":0,"player_choice":"Memory 1","damage_taken":0,"max_hp_gain":0,"max_hp_loss":0,"event_name":"SensoryStone","floor":44,"gold_loss":0},{"damage_healed":0,"gold_gain":0,"player_choice":"Fight","damage_taken":0,"max_hp_gain":0,"max_hp_loss":0,"event_name":"Mysterious Sphere","floor":45,"gold_loss":0}],"is_beta":false,"boss_relics":[{"not_picked":["Tiny House","SacredBark"],"picked":"FrozenCore"},{"not_picked":["Sozu","Astrolabe"],"picked":"Pandora\u0027s Box"}],"items_purged_floors":[5,19,37,53],"is_endless":false,"potions_floor_spawned":[6,8,16,18,22,25,31,33,38,39,41],"ascension_level":9}}