{"host":"6a92uynocv4elkyp","time":1611080303,"event":{"mods":["AchievementEnabler","BaseMod","Infinite Spire","Minty Spire (QoL Compilation)","Quick Restart","StSLib"],"gold_per_floor":[138,174,174,174,174,255,255,255],"floor_reached":7,"language":"ENG","playtime":287,"items_purged":[],"score":98,"play_id":"9737af4b-c5b4-4517-92df-73b195dfc1c3","local_time":"20210119191823","daily_mods":["SealedDeck","Red Cards","Green Cards","Blue Cards","Purple Cards","Colorless Cards","Heirloom","Flight","DeadlyEvents","Elite Swarm","Midas"],"is_ascension_mode":true,"campfire_choices":[],"circlet_count":0,"master_deck":["AscendersBane","Sanctity","Blade Dance","Clash","Melter","Coolheaded","Noxious Fumes+1","Deadly Poison","FlyingSleeves","Go for the Eyes","FollowUp","Evaluate","Scrape","Alpha"],"relics":["Ring of the Snake","Ice Cream","Darkstone Periapt","infinitespire:Cubic Diamond","infinitespire:Eraser"],"acts_visited":["Exordium"],"potions_floor_usage":[6],"damage_taken":[{"damage":0,"enemies":"Cultist","floor":1,"turns":2},{"damage":4,"enemies":"Small Slimes","floor":2,"turns":3},{"damage":29,"enemies":"Gremlin Nob","floor":6,"turns":4},{"damage":21,"enemies":"3 Sentries","floor":7,"turns":4}],"seed_played":"-305826804135105467","potions_obtained":[{"floor":2,"key":"DuplicationPotion"}],"is_trial":true,"path_per_floor":["M","M","?","?","?","E","E"],"character_chosen":"DEFECT","items_purchased":[],"campfire_rested":0,"item_purchase_floors":[],"current_hp_per_floor":[64,60,60,60,60,31,10,10],"gold":255,"neow_bonus":"","is_daily":false,"chose_seed":false,"campfire_upgraded":0,"win_rate":0.0,"timestamp":1611080303,"path_taken":["M","?","?","?","?","E","E"],"items_purchased_type":[],"build_version":"2020-12-22","purchased_purges":0,"victory":false,"max_hp_per_floor":[71,71,71,71,71,71,71,71],"card_choices":[{"not_picked":["Steam","PiercingWail"],"picked":"Evaluate","floor":1},{"not_picked":["Slice","Capacitor"],"picked":"Scrape","floor":2},{"not_picked":["Meteor Strike","Wraith Form v2"],"picked":"Alpha","floor":6}],"player_experience":116456,"relics_obtained":[{"floor":3,"key":"Darkstone Periapt"},{"floor":6,"key":"infinitespire:Eraser"}],"event_choices":[{"damage_healed":0,"gold_gain":0,"player_choice":"Grow","damage_taken":0,"max_hp_gain":0,"max_hp_loss":0,"event_name":"Living Wall","floor":4,"gold_loss":0,"cards_upgraded":["Noxious Fumes"]}],"is_beta":false,"boss_relics":[],"items_purged_floors":[],"is_endless":false,"potions_floor_spawned":[2],"killed_by":"3 Sentries","ascension_level":20}}