{"host":"gj3450u0c4def4mj","time":1611045558,"event":{"mods":["2.2 Compatiblity","BaseMod","Downfall","Minty Spire (QoL Compilation)","StSLib"],"gold_per_floor":[99,111,411,411,422,452,502,522,548,548,548,282,282,14,26,130,130,130,141,17,102,125,137,137,137,137,137,35,35,108,129,142,245,245,245,273,293,179,179,203,203,229,229,229,229,57,57,70,80,80],"floor_reached":51,"language":"ENG","playtime":4232,"items_purged":["downfall:Icky","downfall:Icky","hexamod:Strike","hexamod:Strike","hexamod:DynamicBlow"],"score":730,"play_id":"3927f364-9581-4dc3-9f21-df5d24a92bfb","local_time":"20210119033918","is_ascension_mode":false,"campfire_choices":[{"data":"hexamod:Float","floor":1,"key":"SMITH"},{"data":"hexamod:HeatMetal","floor":11,"key":"SMITH"},{"data":"expansioncontent:DashGenerateEvil","floor":13,"key":"SMITH"},{"data":"hexamod:PhantomCloak","floor":18,"key":"SMITH"},{"data":"hexamod:SearingWound","floor":25,"key":"SMITH"},{"data":"Apotheosis","floor":29,"key":"SMITH"},{"data":"hexamod:HeatShield","floor":35,"key":"SMITH"},{"data":"hexamod:HeatShield","floor":43,"key":"SMITH"},{"data":"hexamod:SearingWound","floor":45,"key":"SMITH"},{"data":"hexamod:Incineration","floor":47,"key":"SMITH"}],"circlet_count":0,"master_deck":["hexamod:Defend","hexamod:Defend","hexamod:Defend","hexamod:Defend","hexamod:Sear","hexamod:Float+1","hexamod:HeatShield+1","hexamod:HeatMetal+1","hexamod:ChargedBarrage","hexamod:BurningTouch","expansioncontent:DashGenerateEvil+1","hexamod:PhantomCloak+1","hexamod:HeatMetal","hexamod:WildfireWeapon","hexamod:ExtraCrispy","hexamod:SearingWound+1","hexamod:GhostflameBarrier","hexamod:GhostflameBarrier","hexamod:ThermalTransfer","hexamod:SearingWound+1","hexamod:GhostLash","hexamod:NightmareGuise+1","Apotheosis+1","hexamod:BurningTouch+1","hexamod:PhantomFireball","hexamod:BurningTouch","hexamod:ExtraCrispy","hexamod:HeatShield+1","hexamod:WildfireWeapon","CurseOfTheBell","hexamod:HeatShield+1","hexamod:ShieldOfDarkness+1","hexamod:BurningTouch","hexamod:FourthSeal","hexamod:ShieldOfDarkness","hexamod:Incineration+1","hexamod:ExtraCrispy","hexamod:NightmareGuise+1"],"relics":["hexamod:SpiritBrand","Nunchaku","MealTicket","hexamod:InflammatoryLetter","Membership Card","Snecko Eye","Incense Burner","Bag of Preparation","Oddly Smooth Stone","Calling Bell","Akabeko","White Beast Statue","Dead Branch","StrikeDummy","hexamod:TheBrokenSeal","Mummified Hand"],"acts_visited":["Exordium","TheCity","TheBeyond"],"potions_floor_usage":[16,16,33,33,48,50,50,50],"damage_taken":[{"damage":0,"enemies":"Small Slimes","floor":2,"turns":3},{"damage":9,"enemies":"Jaw Worm","floor":5,"turns":6},{"damage":25,"enemies":"Lagavulin","floor":6,"turns":10},{"damage":2,"enemies":"2 Louse","floor":8,"turns":3},{"damage":25,"enemies":"3 Sentries","floor":9,"turns":8},{"damage":0,"enemies":"downfall:FleeingMerchant","floor":12,"turns":4},{"damage":0,"enemies":"downfall:FleeingMerchant","floor":14,"turns":4},{"damage":0,"enemies":"Exordium Wildlife","floor":15,"turns":3},{"damage":33,"enemies":"DF_ARCHETYPE_STREAMLINE","floor":16,"turns":9},{"damage":10,"enemies":"3 Byrds","floor":19,"turns":6},{"damage":0,"enemies":"downfall:FleeingMerchant","floor":20,"turns":4},{"damage":8,"enemies":"Shell Parasite","floor":22,"turns":6},{"damage":0,"enemies":"Snecko","floor":23,"turns":5},{"damage":0,"enemies":"downfall:FleeingMerchant","floor":28,"turns":4},{"damage":0,"enemies":"downfall:FleeingMerchant","floor":30,"turns":3},{"damage":0,"enemies":"Chosen and Byrds","floor":31,"turns":5},{"damage":5,"enemies":"Centurion and Healer","floor":32,"turns":7},{"damage":25,"enemies":"SI_MIRROR_ARCHETYPE","floor":33,"turns":10},{"damage":21,"enemies":"3 Darklings","floor":36,"turns":4},{"damage":1,"enemies":"Orb Walker","floor":37,"turns":4},{"damage":9,"enemies":"4 Shapes","floor":40,"turns":5},{"damage":29,"enemies":"Jaw Worm Horde","floor":42,"turns":9},{"damage":26,"enemies":"Spire Growth","floor":48,"turns":3},{"damage":0,"enemies":"Sphere and 2 Shapes","floor":49,"turns":7},{"damage":37,"enemies":"IC_BLOCK_ARCHETYPE","floor":50,"turns":6}],"seed_played":"4290648313085863037","potions_obtained":[{"floor":2,"key":"Weak Potion"},{"floor":5,"key":"LiquidBronze"},{"floor":15,"key":"EssenceOfSteel"},{"floor":19,"key":"SpeedPotion"},{"floor":27,"key":"CultistPotion"},{"floor":31,"key":"hexamod:InfernoChargePotion"},{"floor":33,"key":"EssenceOfSteel"},{"floor":36,"key":"PowerPotion"},{"floor":37,"key":"Fruit Juice"},{"floor":48,"key":"DuplicationPotion"},{"floor":49,"key":"hexamod:SoulburnPotion"}],"is_trial":false,"path_per_floor":["R","M","?","?","M","E","T","M","E","?","R","$","R","$","M","B",null,"R","M","$","?","M","M","T","R","?","?","$","R","$","M","M","B",null,"R","M","M","$","?","M","T","M","R","T","R","$","R","M","M","B",null],"character_chosen":"THE_SPIRIT","items_purchased":["expansioncontent:DashGenerateEvil","Membership Card","hexamod:FirstSeal","hexamod:HeatMetal","hexamod:ExtraCrispy","hexamod:SearingWound","hexamod:GhostflameBarrier","Apotheosis","hexamod:ThirdSeal","hexamod:PhantomFireball","Bag of Preparation","Oddly Smooth Stone","hexamod:HeatShield","hexamod:ShieldOfDarkness","hexamod:Incineration","hexamod:ExtraCrispy"],"campfire_rested":0,"item_purchase_floors":[12,14,14,14,20,20,20,28,30,30,30,30,38,46,46,46],"current_hp_per_floor":[77,77,77,82,73,48,48,46,21,21,21,36,36,51,58,25,82,82,79,82,68,60,67,67,67,67,67,82,82,82,82,82,57,82,82,61,67,82,82,73,73,92,92,92,92,92,92,71,71,34],"gold":80,"neow_bonus":"TEN_PERCENT_HP_BONUS","is_daily":false,"chose_seed":false,"campfire_upgraded":10,"win_rate":0.0,"timestamp":1611045558,"path_taken":["R","M","?","?","M","E","T","M","E","?","R","$","R","$","M","BOSS","R","M","$","?","M","M","T","R","?","?","$","R","?","?","M","BOSS","R","M","M","$","?","M","T","M","R","?","R","$","R","M","M","BOSS"],"items_purchased_type":["Card","Relic","Card","Card","Card","Card","Card","Card","Card","Card","Relic","Relic","Card","Card","Card","Card"],"build_version":"2020-12-22","purchased_purges":5,"victory":true,"max_hp_per_floor":[77,77,77,82,82,82,82,82,82,82,82,82,82,82,82,82,82,82,82,82,82,82,82,82,82,82,82,82,82,82,82,82,82,82,82,82,82,82,82,82,82,92,92,92,92,92,92,97,97,97],"card_choices":[{"not_picked":["hexamod:BacktrackSmack","hexamod:RainOfEmbers"],"picked":"hexamod:HeatShield","floor":2},{"not_picked":["hexamod:ShieldOfDarkness","hexamod:GhostShield"],"picked":"hexamod:HeatMetal","floor":5},{"not_picked":["hexamod:SkipABeat","hexamod:GhostLash"],"picked":"hexamod:DynamicBlow","floor":6},{"not_picked":["hexamod:Rewind","hexamod:NightmareGuise"],"picked":"hexamod:ChargedBarrage","floor":8},{"not_picked":["hexamod:GhostflameInferno","hexamod:HauntingEcho","hexamod:StepThrough"],"picked":"SKIP","floor":9},{"not_picked":["hexamod:InspiringFlames","hexamod:GhostLash"],"picked":"hexamod:BurningTouch","floor":12},{"not_picked":["hexamod:StepThrough","hexamod:NightmareStrike"],"picked":"hexamod:PhantomCloak","floor":14},{"not_picked":["hexamod:Rewind","hexamod:Firestarter","hexamod:SpectersWail"],"picked":"SKIP","floor":15},{"not_picked":["hexamod:TurnItUp","hexamod:ParanormalForm"],"picked":"hexamod:WildfireWeapon","floor":16},{"not_picked":["hexamod:NightmareStrike","hexamod:BacktrackSmack+1","hexamod:RetreatToShadows+1"],"picked":"SKIP","floor":19},{"not_picked":["hexamod:AdvancingGuard","hexamod:EmpoweredFlame"],"picked":"hexamod:SecondSeal","floor":20},{"not_picked":["hexamod:InspiringFlames+1","hexamod:BacktrackSmack"],"picked":"hexamod:GhostflameBarrier","floor":22},{"not_picked":["hexamod:GhostflameInferno","hexamod:ShieldOfDarkness"],"picked":"hexamod:ThermalTransfer","floor":23},{"not_picked":["hexamod:InspiringFlames","hexamod:DynamicBlow"],"picked":"hexamod:NightmareGuise+1","floor":28},{"not_picked":["hexamod:Firestarter+1","hexamod:CatchUp+1"],"picked":"hexamod:BurningTouch+1","floor":30},{"not_picked":["hexamod:Rewind+1","hexamod:Hexaguard"],"picked":"hexamod:BurningTouch","floor":31},{"not_picked":["hexamod:RecurringNightmare","hexamod:InspiringFlames"],"picked":"hexamod:ExtraCrispy","floor":32},{"not_picked":["hexamod:GhostShield","hexamod:FastForward"],"picked":"hexamod:HeatShield","floor":32},{"not_picked":["hexamod:GhostflameInferno","hexamod:GhostOfSpirePresent"],"picked":"hexamod:WildfireWeapon","floor":33},{"not_picked":["hexamod:VolcanoVisage","hexamod:TimeOfNeed"],"picked":"hexamod:FifthSeal","floor":33},{"not_picked":["hexamod:FastForward+1","hexamod:AdvancingGuard","hexamod:BurningTouch"],"picked":"SKIP","floor":36},{"not_picked":["hexamod:FirstSeal","hexamod:ThirdSeal"],"picked":"hexamod:FourthSeal","floor":37},{"not_picked":["hexamod:GhostShield+1","hexamod:SwordOfDarkness+1","hexamod:FifthSeal"],"picked":"SKIP","floor":37},{"not_picked":["hexamod:FourthSeal","hexamod:SecondSeal"],"picked":"hexamod:SixthSeal","floor":40},{"not_picked":["hexamod:HeatMetal","hexamod:ChargedBarrage"],"picked":"hexamod:ShieldOfDarkness+1","floor":40},{"not_picked":["hexamod:HauntingEcho+1","hexamod:ThirdSeal"],"picked":"hexamod:BurningTouch","floor":40},{"not_picked":["hexamod:SecondSeal","hexamod:SixthSeal"],"picked":"hexamod:FourthSeal","floor":42},{"not_picked":["hexamod:DynamicBlow","hexamod:AdvancingGuard","hexamod:RecurringNightmare+1"],"picked":"SKIP","floor":42},{"not_picked":["hexamod:BacktrackSmack+1","hexamod:RetreatToShadows","hexamod:CatchUp"],"picked":"SKIP","floor":48},{"not_picked":["hexamod:FourthSeal","hexamod:Firestarter+1"],"picked":"hexamod:NightmareGuise+1","floor":49}],"player_experience":30824,"relics_obtained":[{"floor":6,"key":"Nunchaku"},{"floor":7,"key":"MealTicket"},{"floor":9,"key":"hexamod:InflammatoryLetter"},{"floor":24,"key":"Incense Burner"},{"floor":34,"key":"Akabeko"},{"floor":34,"key":"White Beast Statue"},{"floor":34,"key":"Dead Branch"},{"floor":41,"key":"StrikeDummy"},{"floor":44,"key":"Mummified Hand"}],"event_choices":[{"damage_healed":0,"gold_gain":0,"player_choice":"Donut","damage_taken":0,"max_hp_gain":5,"max_hp_loss":0,"event_name":"Big Fish","floor":4,"gold_loss":0},{"damage_healed":0,"gold_gain":0,"player_choice":"Grow","damage_taken":0,"max_hp_gain":0,"max_hp_loss":0,"event_name":"Living Wall","floor":10,"gold_loss":0,"cards_upgraded":["hexamod:HeatShield"]},{"damage_healed":0,"gold_gain":0,"cards_transformed":["hexamod:Strike","hexamod:Strike"],"player_choice":"Became Test Subject","damage_taken":0,"max_hp_gain":0,"max_hp_loss":0,"event_name":"Drug Dealer","floor":26,"gold_loss":0,"cards_obtained":["hexamod:SearingWound","hexamod:GhostLash"]}],"is_beta":false,"boss_relics":[{"not_picked":["Fusion Hammer","Tiny House"],"picked":"Snecko Eye"},{"not_picked":["Coffee Dripper","Busted Crown"],"picked":"Calling Bell"}],"items_purged_floors":[12,14,30,38,46],"is_endless":false,"potions_floor_spawned":[2,5,15,19,31,32,33,36,37,40,42,48,49],"ascension_level":0}}