{"host":"7fyy23rucerupe6i","time":1611060975,"event":{"mods":["AchievementEnabler","Act Like it!","BaseMod","BetterRewards","Colored Map","Colored Powertips","Conspire","Custom Start","Downfall","Marisa£®ÏF”Í°°ƒß¿Ì…≥£©","Minty Spire (QoL Compilation)","Quick Restart","Shop Mod","Spicy Shops","StSLib","SuperFastMode","The Factory","The Jungle","UnlockEverythingMod"],"gold_per_floor":[99,99,99,99,99,115,197,197,197,197],"floor_reached":8,"language":"ZHS","playtime":189,"items_purged":[],"score":42,"play_id":"67506a2b-c99c-404b-a52c-f556fbe6c9e4","local_time":"20210119205615","is_ascension_mode":false,"campfire_choices":[{"data":"champ:Taunt","floor":1,"key":"SMITH"}],"circlet_count":0,"master_deck":["champ:Strike+1","champ:Strike","champ:Strike+1","champ:Strike","champ:Defend+1","champ:Defend","champ:Defend","champ:Defend","champ:Execute","champ:Taunt+1","champ:BringItOn","champ:Lariat","downfall:Malfunctioning","champ:IronFortress","champ:Duel"],"relics":["champ:ChampionCrown","downfall:HeartsMalice","Bottled Flame"],"acts_visited":["Exordium"],"potions_floor_usage":[],"damage_taken":[{"damage":0,"enemies":"2 Louse","floor":2,"turns":1},{"damage":0,"enemies":"Jaw Worm","floor":3,"turns":1},{"damage":0,"enemies":"Small Slimes","floor":5,"turns":1},{"damage":33,"enemies":"2 Fungi Beasts","floor":6,"turns":5},{"damage":0,"enemies":"Lagavulin","floor":8,"turns":4}],"seed_played":"4450339274127813667","potions_obtained":[],"is_trial":false,"path_per_floor":["R","M","M","?","M","M","T","E"],"character_chosen":"THE_CHAMP","items_purchased":[],"campfire_rested":0,"item_purchase_floors":[],"current_hp_per_floor":[90,90,90,90,90,77,77,77,77,77],"gold":197,"neow_bonus":"THREE_ENEMY_KILL","is_daily":false,"chose_seed":false,"campfire_upgraded":1,"win_rate":0.0,"timestamp":1611060975,"path_taken":["R","M","M","?","M","M","T","E"],"items_purchased_type":[],"build_version":"2020-12-22","purchased_purges":0,"victory":false,"max_hp_per_floor":[90,90,90,90,90,90,90,90,90,90],"card_choices":[{"not_picked":["champ:RecklessLeap","champ:GladiatorStyle"],"picked":"champ:BringItOn","floor":2},{"not_picked":["champ:FanOfKnives","champ:RecklessLeap"],"picked":"champ:Lariat","floor":3},{"not_picked":["champ:FalseCounter","champ:EnGarde"],"picked":"champ:IronFortress","floor":5},{"not_picked":["champ:GladiatorStyle","champ:BladeFlurry"],"picked":"champ:Duel","floor":6}],"player_experience":372548,"relics_obtained":[{"floor":7,"key":"Bottled Flame"}],"event_choices":[],"is_beta":false,"boss_relics":[],"items_purged_floors":[],"is_endless":false,"potions_floor_spawned":[],"killed_by":"Lagavulin","ascension_level":0}}