{"host":"9czo1ewqehy3yunx","time":1611070500,"event":{"mods":["Act Like it!","BaseMod","CapriCore","DeckTracker","GifTheSpireLib","Hermit","Keyboard Shortcuts","Minty Spire (QoL Compilation)","Permanent Neow","Quick Restart","StSLib","SuperFastMode"],"gold_per_floor":[111,111,111,176,28,28,28,46,72,82,95,270,284,310,310,310,310],"floor_reached":16,"language":"KOR","playtime":591,"items_purged":["hermit:Snapshot"],"score":90,"play_id":"3139c584-a0bc-4f3e-a693-cae1012bb189","local_time":"20210120003500","is_ascension_mode":false,"campfire_choices":[{"data":"hermit:ShadowCloak","floor":6,"key":"SMITH"},{"floor":15,"key":"REST"}],"circlet_count":0,"master_deck":["hermit:Strike_Hermit","hermit:Strike_Hermit","hermit:Strike_Hermit","hermit:Strike_Hermit","hermit:Defend_Hermit","hermit:Defend_Hermit","hermit:Defend_Hermit","hermit:Defend_Hermit","hermit:Covet","hermit:FinalCanter+1","hermit:ShadowCloak+1","hermit:Spite","hermit:Grudge","hermit:Midnight","Doubt","hermit:SprayPray"],"relics":["hermit:Momento","Ornamental Fan","Bag of Preparation"],"acts_visited":["Exordium"],"potions_floor_usage":[16,16],"damage_taken":[{"damage":7,"enemies":"2 Louse","floor":1,"turns":2},{"damage":4,"enemies":"Jaw Worm","floor":8,"turns":3},{"damage":0,"enemies":"Small Slimes","floor":10,"turns":2},{"damage":15,"enemies":"Blue Slaver","floor":11,"turns":4},{"damage":12,"enemies":"Large Slime","floor":13,"turns":6},{"damage":42,"enemies":"Hexaghost","floor":16,"turns":14}],"seed_played":"-7448682024506723489","potions_obtained":[{"floor":8,"key":"Ancient Potion"},{"floor":11,"key":"LiquidMemories"}],"is_trial":false,"path_per_floor":["M","?","?","?","$","R","?","M","T","M","M","?","M","T","R","B"],"character_chosen":"HERMIT","items_purchased":["hermit:Spite"],"campfire_rested":1,"item_purchase_floors":[5],"current_hp_per_floor":[47,47,52,52,52,52,45,41,41,41,26,26,14,14,38,0,0],"gold":310,"neow_bonus":"THREE_RARE_CARDS","is_daily":false,"chose_seed":false,"campfire_upgraded":1,"win_rate":0.0,"timestamp":1611070500,"path_taken":["M","?","?","?","?","R","?","M","T","M","?","?","M","?","R","BOSS"],"items_purchased_type":["Card"],"build_version":"2020-12-22","purchased_purges":1,"victory":false,"max_hp_per_floor":[75,75,80,80,80,80,80,80,80,80,80,80,80,80,80,80,80],"card_choices":[{"not_picked":["hermit:RoundhouseKick","hermit:DeadOrAlive"],"picked":"hermit:FinalCanter","floor":0},{"not_picked":["hermit:Glare","hermit:Manifest"],"picked":"hermit:ShadowCloak","floor":1},{"not_picked":["hermit:Manifest","hermit:LowProfile"],"picked":"hermit:Grudge","floor":8},{"not_picked":["hermit:Determination","hermit:Vantage","hermit:Snipe"],"picked":"SKIP","floor":10},{"not_picked":["hermit:GhostlyPresence","hermit:Enervate"],"picked":"hermit:Midnight","floor":11},{"not_picked":["hermit:Ricochet","hermit:Gestalt"],"picked":"hermit:SprayPray","floor":13}],"player_experience":195614,"relics_obtained":[{"floor":9,"key":"Bag of Preparation"}],"event_choices":[{"damage_healed":0,"gold_gain":0,"player_choice":"Grow","damage_taken":0,"max_hp_gain":0,"max_hp_loss":0,"event_name":"Living Wall","floor":2,"gold_loss":0,"cards_upgraded":["hermit:FinalCanter"]},{"damage_healed":0,"gold_gain":0,"player_choice":"Donut","damage_taken":0,"max_hp_gain":5,"max_hp_loss":0,"event_name":"Big Fish","floor":3,"gold_loss":0},{"damage_healed":0,"gold_gain":65,"player_choice":"Gained Gold","damage_taken":0,"max_hp_gain":0,"max_hp_loss":0,"event_name":"Golden Wing","floor":4,"gold_loss":0},{"damage_healed":0,"gold_gain":0,"player_choice":"Success","damage_taken":7,"relics_obtained":["Ornamental Fan"],"max_hp_gain":0,"max_hp_loss":0,"event_name":"Scrap Ooze","floor":7,"gold_loss":0},{"damage_healed":0,"gold_gain":175,"player_choice":"AGREE","damage_taken":0,"max_hp_gain":0,"max_hp_loss":0,"event_name":"Liars Game","floor":12,"gold_loss":0,"cards_obtained":["Doubt"]}],"is_beta":false,"boss_relics":[],"items_purged_floors":[5],"is_endless":false,"potions_floor_spawned":[8,11],"killed_by":"Hexaghost","ascension_level":0}}