{"host":"kq2g769nefmuyn7c","time":1611067991,"event":{"mods":["ATMod(°¢èªMod)","Act Like it!","BaseMod","Gensokyo","Koishi","Minty Spire (QoL Compilation)","Remilia£¨ÀÙÃ×ÀòÑÇ£©","Replay The Spire","StSLib","The Servant 0.9.4"],"gold_per_floor":[117,117,127,140,155,155,185,197,197,197,272,272,303,317,317,413,413,426,443,31,31,46,46,78,96,119,154,169,200,218,218,218,319,331,359,371,402,414,443,455,494,506,545,557,583,623,329,348,348,348,348],"floor_reached":50,"language":"ZHS","playtime":2548,"items_purged":["Strike_B","Normality"],"score":1174,"play_id":"6fc80cc7-dbf4-4523-bd0b-e2dddf043ec7","local_time":"20210119225311","is_ascension_mode":true,"campfire_choices":[{"data":"AT_DarkMatter","floor":6,"key":"SMITH"},{"data":"AT_ThunderBolt","floor":10,"key":"SMITH"},{"data":"Amplify","floor":23,"key":"SMITH"},{"floor":32,"key":"DIG"},{"data":"Hello World","floor":40,"key":"SMITH"},{"floor":42,"key":"RECALL"},{"data":"Turbo","floor":49,"key":"SMITH"}],"circlet_count":0,"master_deck":["Defend_B+1","Defend_B","Defend_B","Defend_B","Zap","Dualcast","AT_FamilyPortrait","Glacier","Crystallizer+1","AT_WaterDrop","AT_StudyProgram","Electrodynamics","AT_HeatAcrobatics","AT_DarkMatter+1","Time Bomb","AT_EMC2","AT_ThunderBolt+1","BootSequence","ReplayTheSpireMod:Reroute Power+1","Sunder","Amplify+1","Melter+1","Hologram+1","Storm+1","Go for the Eyes","Coolheaded+1","AT_HeatAcrobatics","Auto Shields","Consume","Hello World+1","Skim+1","Ball Lightning","Pot Of Greed","Pot Of Greed","Pot Of Greed","Meteor Strike","ReplaySort","Pot Of Greed","Turbo+1","Trip","Panacea","Sadistic Nature","Madness","Madness","Buffer","Machine Learning","Heatsinks"],"relics":["Cracked Core","AT_ATBox","Prayer Wheel","Symbiotic Virus","Replay:Accelerometer","Mummified Hand","Cursed Key","Incense Burner","Boot","War Paint","AT_BellDemon","FossilizedHelix","HornCleat","Anchor","ReplayTheSpireMod:TigerMarble","Grinning Jar","Mercury Hourglass","MawBank","Empty Cage","Gremlin Food","Singing Bowl","Blue Doll","ReplayTheSpireMod:Lightbulb","AT_DeathDance","White Beast Statue","Durian","Nunchaku","Membership Card","Oddly Smooth Stone","Geode"],"acts_visited":["Exordium","TheCity","TheBeyond"],"potions_floor_usage":[7,39,50,50,50],"damage_taken":[{"damage":2,"enemies":"2 Louse","floor":1,"turns":3},{"damage":6,"enemies":"Jaw Worm","floor":3,"turns":2},{"damage":0,"enemies":"Cultist","floor":4,"turns":3},{"damage":10,"enemies":"Looter","floor":5,"turns":3},{"damage":2,"enemies":"3 Sentries","floor":7,"turns":4},{"damage":2,"enemies":"Exordium Thugs","floor":8,"turns":5},{"damage":20,"enemies":"Gremlin Nob","floor":13,"turns":5},{"damage":0,"enemies":"3 Louse","floor":14,"turns":2},{"damage":0,"enemies":"Hexaghost","floor":16,"turns":8},{"damage":1,"enemies":"Spheric Guardian","floor":18,"turns":5},{"damage":10,"enemies":"3 Byrds","floor":19,"turns":4},{"damage":0,"enemies":"Cultist and Chosen","floor":22,"turns":4},{"damage":5,"enemies":"Gremlin Leader","floor":24,"turns":6},{"damage":0,"enemies":"Sentry and Sphere","floor":25,"turns":3},{"damage":25,"enemies":"Replay:Snechameleon","floor":27,"turns":5},{"damage":9,"enemies":"Snecko","floor":28,"turns":3},{"damage":0,"enemies":"Gremlin Leader","floor":29,"turns":5},{"damage":0,"enemies":"Cultist and Chosen","floor":30,"turns":3},{"damage":6,"enemies":"Pondfish","floor":33,"turns":8},{"damage":0,"enemies":"Orb Walker","floor":35,"turns":3},{"damage":0,"enemies":"3 Shapes","floor":37,"turns":2},{"damage":4,"enemies":"Writhing Mass","floor":39,"turns":4},{"damage":0,"enemies":"Reptomancer","floor":41,"turns":5},{"damage":0,"enemies":"4 Shapes","floor":45,"turns":2},{"damage":37,"enemies":"R_Hoarder","floor":46,"turns":4},{"damage":0,"enemies":"Transient","floor":48,"turns":5},{"damage":55,"enemies":"Awakened One","floor":50,"turns":3}],"seed_played":"-2883904081829352817","potions_obtained":[{"floor":3,"key":"AttackPotion"},{"floor":7,"key":"Fire Potion"},{"floor":8,"key":"Swift Potion"},{"floor":13,"key":"PowerPotion"},{"floor":35,"key":"PotionOfCapacity"},{"floor":39,"key":"PowerPotion"}],"is_trial":false,"path_per_floor":["M","?","M","M","M","R","E","M","T","R","?","?","E","M","R","B",null,"M","M","$","?","M","R","E","M","T","E","M","E","M","?","R","B",null,"M","?","M","?","M","R","E","R","T","?","M","E","$","M","R","B"],"character_chosen":"DEFECT","items_purchased":["Incense Burner","Go for the Eyes","Membership Card","Oddly Smooth Stone","Heatsinks"],"campfire_rested":0,"item_purchase_floors":[20,20,47,47,47],"current_hp_per_floor":[66,59,53,53,43,43,41,39,39,39,28,28,8,8,8,8,68,67,57,57,78,78,78,73,73,73,48,39,39,39,39,39,33,78,78,68,72,62,62,62,64,64,64,64,68,36,36,40,40,0,0],"gold":348,"neow_bonus":"RANDOM_COLORLESS_2","is_daily":false,"chose_seed":false,"campfire_upgraded":5,"win_rate":0.0,"timestamp":1611067991,"path_taken":["M","?","M","M","M","R","E","M","T","R","?","?","E","M","R","BOSS","M","M","$","?","?","R","E","M","T","E","M","E","M","?","R","BOSS","M","?","M","?","M","R","E","R","T","?","M","E","$","M","R","BOSS"],"items_purchased_type":["Relic","Card","Relic","Relic","Card"],"build_version":"2020-12-22","purchased_purges":2,"victory":false,"max_hp_per_floor":[68,68,68,68,68,68,68,68,68,68,68,68,68,68,68,68,68,68,68,68,78,78,78,78,78,78,78,78,78,78,78,78,78,78,78,78,82,82,86,86,88,88,88,88,92,97,97,101,101,101,101],"card_choices":[{"not_picked":["Secret Technique","AT_FamilyPortrait"],"picked":"Metamorphosis","floor":0},{"not_picked":["Redo","Ball Lightning"],"picked":"Glacier","floor":1},{"not_picked":["BasicCrystalCard","Conserve Battery"],"picked":"Crystallizer","floor":1},{"not_picked":["Compile Driver","Stack"],"picked":"AT_WaterDrop","floor":3},{"not_picked":["Gash","Coolheaded"],"picked":"AT_StudyProgram","floor":3},{"not_picked":["ReplayTheSpireMod:Calculation Training","AT_ThunderBolt"],"picked":"Electrodynamics","floor":4},{"not_picked":["Cold Snap","Beam Cell"],"picked":"AT_HeatAcrobatics","floor":4},{"not_picked":["Barrage","Sweeping Beam"],"picked":"AT_DarkMatter","floor":5},{"not_picked":["Reinforced Body","Darkness"],"picked":"Time Bomb","floor":5},{"not_picked":["BasicCrystalCard","Barrage"],"picked":"AT_EMC2","floor":7},{"not_picked":["Barrage","Auto Shields"],"picked":"AT_ThunderBolt","floor":8},{"not_picked":["Fusion","Stack"],"picked":"BootSequence","floor":8},{"not_picked":["Coolheaded","Gash","BootSequence"],"picked":"SKIP","floor":13},{"not_picked":["ReplayTheSpireMod:Fabricate Wheel","Gash"],"picked":"ReplayTheSpireMod:Reroute Power","floor":14},{"not_picked":["Rebound","Steam","Crystallizer"],"picked":"SKIP","floor":14},{"not_picked":["Biased Cognition","Thunder Strike"],"picked":"Amplify","floor":16},{"not_picked":["Streamline","AT_HeatAcrobatics"],"picked":"Melter+1","floor":18},{"not_picked":["Steam+1","BasicCrystalCard","Cold Snap+1"],"picked":"SKIP","floor":18},{"not_picked":["Ball Lightning+1","Go for the Eyes"],"picked":"Hologram+1","floor":19},{"not_picked":["Ball Lightning","AT_ThunderBolt"],"picked":"Storm+1","floor":19},{"not_picked":["Gash+1","Crystallizer"],"picked":"Coolheaded+1","floor":22},{"not_picked":["Go for the Eyes","BasicCrystalCard","All For One"],"picked":"SKIP","floor":22},{"not_picked":["Leap","Melter+1","Gash"],"picked":"SKIP","floor":24},{"not_picked":["AT_EMC2","Go for the Eyes"],"picked":"AT_HeatAcrobatics","floor":25},{"not_picked":["Coolheaded","Beam Cell"],"picked":"Auto Shields","floor":25},{"not_picked":["Sweeping Beam","ReplayTheSpireMod:System Scan"],"picked":"Consume","floor":27},{"not_picked":["Darkness","Cold Snap+1"],"picked":"Hello World","floor":28},{"not_picked":["BootSequence+1","Panic Button","Conserve Battery"],"picked":"SKIP","floor":28},{"not_picked":["Double Energy","Compile Driver","Coolheaded"],"picked":"SKIP","floor":29},{"not_picked":["Static Discharge+1","Rebound"],"picked":"Skim+1","floor":30},{"not_picked":["Stack","Leap"],"picked":"Ball Lightning","floor":30},{"not_picked":["ReplayTheSpireMod:Fabricate Wheel","Seek"],"picked":"Meteor Strike","floor":33},{"not_picked":["Leap","Barrage"],"picked":"ReplaySort","floor":35},{"not_picked":["Panic Button","Leap"],"picked":"Turbo","floor":35},{"not_picked":["Replay:Bootleg Shield Generator","AT_LightSaberMaster"],"picked":"Trip","floor":36},{"not_picked":["Forethought","AT_EmpoweredMortalDraw"],"picked":"Panacea","floor":36},{"not_picked":["Violence","Madness"],"picked":"Sadistic Nature","floor":36},{"not_picked":["Leap","Barrage+1","AT_ThunderBolt+1"],"picked":"Singing Bowl","floor":37},{"not_picked":["Stack","Streamline","Darkness"],"picked":"Singing Bowl","floor":37},{"not_picked":["Panic Button","Glacier+1","Rebound"],"picked":"Singing Bowl","floor":39},{"not_picked":["Gash","Chill","Coolheaded+1"],"picked":"Singing Bowl","floor":39},{"not_picked":["Redo+1","Sweeping Beam+1","Reinforced Body"],"picked":"Singing Bowl","floor":41},{"not_picked":["ReplayTheSpireMod:Reroute Power+1","Rebound+1","AT_StudyProgram+1"],"picked":"Singing Bowl","floor":45},{"not_picked":["Coolheaded","BasicCrystalCard","AT_EMC2"],"picked":"Singing Bowl","floor":45},{"not_picked":["ReplayTheSpireMod:Reroute Power+1","Redo"],"picked":"Machine Learning","floor":46},{"not_picked":["Heatsinks+1","Panic Button+1","Leap"],"picked":"Singing Bowl","floor":48},{"not_picked":["Heatsinks","Gash+1","Blizzard+1"],"picked":"Singing Bowl","floor":48}],"player_experience":288446,"relics_obtained":[{"floor":7,"key":"Symbiotic Virus"},{"floor":9,"key":"Replay:Accelerometer"},{"floor":13,"key":"Mummified Hand"},{"floor":24,"key":"Boot"},{"floor":26,"key":"War Paint"},{"floor":27,"key":"AT_BellDemon"},{"floor":28,"key":"FossilizedHelix"},{"floor":29,"key":"HornCleat"},{"floor":29,"key":"Anchor"},{"floor":30,"key":"ReplayTheSpireMod:TigerMarble"},{"floor":32,"key":"Mercury Hourglass"},{"floor":33,"key":"MawBank"},{"floor":35,"key":"Gremlin Food"},{"floor":37,"key":"Singing Bowl"},{"floor":39,"key":"Blue Doll"},{"floor":41,"key":"ReplayTheSpireMod:Lightbulb"},{"floor":41,"key":"AT_DeathDance"},{"floor":45,"key":"White Beast Statue"},{"floor":46,"key":"Durian"},{"floor":46,"key":"Nunchaku"},{"floor":48,"key":"Geode"}],"event_choices":[{"cards_removed":["Strike_B"],"damage_healed":0,"gold_gain":0,"player_choice":"Card Removal","damage_taken":7,"max_hp_gain":0,"max_hp_loss":0,"event_name":"Golden Wing","floor":2,"gold_loss":0},{"damage_healed":0,"gold_gain":75,"player_choice":"Gather Gold","damage_taken":11,"max_hp_gain":0,"max_hp_loss":0,"event_name":"World of Goop","floor":11,"gold_loss":0},{"cards_removed":["Metamorphosis"],"damage_healed":11,"gold_gain":0,"player_choice":"Offered Rare","damage_taken":0,"max_hp_gain":10,"max_hp_loss":0,"event_name":"Bonfire Elementals","floor":21,"gold_loss":0},{"damage_healed":0,"gold_gain":0,"player_choice":"Gave Potion","damage_taken":0,"relics_obtained":["Grinning Jar"],"max_hp_gain":0,"max_hp_loss":0,"event_name":"WeMeetAgain","floor":31,"gold_loss":0},{"damage_healed":0,"gold_gain":0,"player_choice":"Memory 3","damage_taken":10,"max_hp_gain":0,"max_hp_loss":0,"event_name":"SensoryStone","floor":36,"gold_loss":0},{"damage_healed":0,"gold_gain":0,"player_choice":"Embrace Madness","damage_taken":10,"max_hp_gain":0,"max_hp_loss":0,"event_name":"Winding Halls","floor":38,"gold_loss":0,"cards_obtained":["Madness","Madness"]},{"damage_healed":0,"gold_gain":0,"player_choice":"1 cards matched","damage_taken":0,"max_hp_gain":0,"max_hp_loss":0,"event_name":"Match and Keep!","floor":44,"gold_loss":0,"cards_obtained":["Buffer"]}],"is_beta":false,"boss_relics":[{"not_picked":["Astrolabe","Replay:Bronze Core"],"picked":"Cursed Key"},{"not_picked":["Runic Dome","Ring of Chaos"],"picked":"Empty Cage"}],"items_purged_floors":[20,47],"is_endless":false,"potions_floor_spawned":[3,7,8,13,18,25,27,30,35,39,46,48],"killed_by":"Awakened One","ascension_level":1}}