{"host":"tw7a6rmo9h75ssrt","time":1611081172,"event":{"mods":["AchievementEnabler","Act Like it!","BaseMod","Better Debug","Colored Map","Dark Map","Highlight Path","Minty Spire (QoL Compilation)","Quick Restart","StSLib","SuperFastMode"],"gold_per_floor":[119,133,9,9,9,44,59,87,87,87,87,103,103,128,128,128,128],"floor_reached":16,"language":"ZHS","playtime":470,"items_purged":["Strike_R"],"score":182,"play_id":"378e5e18-ea99-4f06-8d7b-bee20073e670","local_time":"20210120023252","is_ascension_mode":true,"campfire_choices":[{"data":"Armaments","floor":13.0,"key":"SMITH"},{"data":"Seeing Red","floor":15.0,"key":"SMITH"}],"circlet_count":0,"master_deck":["Strike_R","Strike_R","Strike_R","Defend_R","Defend_R","Defend_R","Defend_R","Bash","Body Slam","Seeing Red+1","Armaments+1"],"relics":["Burning Blood","NeowsBlessing","Meat on the Bone","Ginger","TungstenRod","Golden Idol"],"acts_visited":["Exordium"],"potions_floor_usage":[16],"damage_taken":[{"damage":0.0,"enemies":"Jaw Worm","floor":1.0,"turns":1.0},{"damage":0.0,"enemies":"Small Slimes","floor":2.0,"turns":1.0},{"damage":0.0,"enemies":"3 Sentries","floor":6.0,"turns":2.0},{"damage":1.0,"enemies":"2 Louse","floor":7.0,"turns":3.0},{"damage":66.0,"enemies":"Lagavulin","floor":8.0,"turns":9.0},{"damage":11.0,"enemies":"Blue Slaver","floor":12.0,"turns":4.0},{"damage":2.0,"enemies":"3 Louse","floor":14.0,"turns":3.0},{"damage":58,"enemies":"Slime Boss","floor":16,"turns":9}],"seed_played":"-6609674219664495317","potions_obtained":[{"floor":6.0,"key":"Weak Potion"},{"floor":14.0,"key":"GamblersBrew"}],"is_trial":false,"path_per_floor":["M","M","$","?","$","E","M","E","T","?","?","M","R","M","R","B"],"character_chosen":"IRONCLAD","items_purchased":["Body Slam"],"campfire_rested":0,"item_purchase_floors":[3],"current_hp_per_floor":[78,80,80,80,80,80,80,32,32,32,56,51,51,55,55,0,0],"gold":128,"neow_bonus":"THREE_ENEMY_KILL","is_daily":false,"chose_seed":false,"campfire_upgraded":2,"win_rate":0.0,"timestamp":1611081172,"path_taken":["M","M","$","?","$","E","M","E","T","?","?","M","R","M","R","BOSS"],"items_purchased_type":["Card"],"build_version":"2020-12-22","purchased_purges":1,"victory":false,"max_hp_per_floor":[80,80,80,80,80,80,80,80,80,74,74,74,74,74,74,74,74],"card_choices":[{"not_picked":["Warcry","Shockwave","Havoc"],"picked":"SKIP","floor":1.0},{"not_picked":["Headbutt","Flame Barrier","Clash"],"picked":"SKIP","floor":2.0},{"not_picked":["Double Tap","Body Slam"],"picked":"Seeing Red","floor":6.0},{"not_picked":["Feel No Pain","Perfected Strike","Clash"],"picked":"SKIP","floor":7.0},{"not_picked":["Rampage","Spot Weakness","Inflame"],"picked":"SKIP","floor":8.0},{"not_picked":["Pommel Strike","Anger"],"picked":"Armaments","floor":12.0},{"not_picked":["Inflame","Heavy Blade","Evolve"],"picked":"SKIP","floor":14.0}],"player_experience":32714,"relics_obtained":[{"floor":6.0,"key":"Meat on the Bone"},{"floor":8.0,"key":"Ginger"},{"floor":9.0,"key":"TungstenRod"}],"event_choices":[{"cards_removed":["Strike_R"],"damage_healed":0.0,"max_hp_gain":0.0,"max_hp_loss":0.0,"gold_gain":0.0,"event_name":"Living Wall","player_choice":"Forget","floor":4.0,"gold_loss":0.0,"damage_taken":0.0},{"damage_healed":0.0,"max_hp_gain":0.0,"max_hp_loss":6.0,"gold_gain":0.0,"event_name":"Golden Idol","player_choice":"Lose Max HP","floor":10.0,"gold_loss":0.0,"damage_taken":0.0,"relics_obtained":["Golden Idol"]},{"damage_healed":24.0,"max_hp_gain":0.0,"max_hp_loss":0.0,"gold_gain":0.0,"event_name":"Big Fish","player_choice":"Banana","floor":11.0,"gold_loss":0.0,"damage_taken":0.0}],"is_beta":false,"boss_relics":[],"items_purged_floors":[3],"is_endless":false,"potions_floor_spawned":[6,14],"killed_by":"Slime Boss","ascension_level":7}}