{"host":"0j49nvi4cbm626s8","time":1611094967,"event":{"mods":["AchievementEnabler","BaseMod","Highlight Path","Marisa????????","Minty Spire (QoL Compilation)"],"gold_per_floor":[210,210,224,49,80,134,134,189,189,244,244,259,259,16,16,134,134,165,196,196,196,236,286,286,347,370,370,370,429,429,462,462,577,577,596,627,627,502,533,587,626,626,626,677,715,769,547,607,607,607],"floor_reached":51,"language":"ENG","playtime":3034,"items_purged":["Strike_MRS","Strike_MRS","Strike_MRS+1","MasterSpark"],"score":1916,"play_id":"fe629b06-1fbe-4a70-baa4-83b1c9db4990","local_time":"20210119232247","is_ascension_mode":true,"campfire_choices":[{"data":"AsteroidBelt","floor":7,"key":"SMITH"},{"data":"OortCloud","floor":11,"key":"SMITH"},{"data":"SprinkleStarSeal","floor":15,"key":"SMITH"},{"data":"MillisecondPulsars","floor":24,"key":"SMITH"},{"data":"UltimateShortwave","floor":27,"key":"SMITH"},{"data":"Acceleration","floor":32,"key":"SMITH"},{"floor":49,"key":"DIG"}],"circlet_count":0,"master_deck":["AscendersBane","Defend_MRS+1","Defend_MRS+1","UpSweep+1","SprinkleStarSeal+1","AsteroidBelt+1","WitchOfGreed","FairyDestructionRay","OortCloud+1","MillisecondPulsars+1","MilkyWay","GalacticHalo+1","StarBarrage+1","UltimateShortwave+1","Acceleration+1","AsteroidBelt+1","EnergyFlow","TreasureHunter","AsteroidBelt+1","Acceleration+1","Acceleration","Acceleration+1","Parasite","Parasite","OortCloud"],"relics":["MiniHakkero","Golden Idol","Matryoshka","Turnip","Gremlin Horn","SproutingBranch","Strawberry","Bag of Marbles","Bottled Lightning","ClockworkSouvenir","Empty Cage","MutagenicStrength","HandmadeGrimoire","Ginger","Anchor","PreservedInsect","Black Star","Shovel","Ice Cream","Bottled Tornado","Sundial","Bag of Preparation","Singing Bowl","Art of War","Whetstone","ShroomBag","Omamori","Mango","Nunchaku","War Paint","Bronze Scales","Pear","Centennial Puzzle"],"acts_visited":["Exordium","TheCity","TheBeyond"],"potions_floor_usage":[6,8,8,18,19,22,23,25,29,33,36,50],"damage_taken":[{"damage":7,"enemies":"Jaw Worm","floor":1,"turns":3},{"damage":1,"enemies":"2 Louse","floor":3,"turns":3},{"damage":3,"enemies":"Small Slimes","floor":5,"turns":3},{"damage":8,"enemies":"Lagavulin","floor":6,"turns":9},{"damage":17,"enemies":"Gremlin Nob","floor":8,"turns":5},{"damage":18,"enemies":"3 Sentries","floor":10,"turns":9},{"damage":1,"enemies":"3 Louse","floor":12,"turns":2},{"damage":17,"enemies":"The Guardian","floor":16,"turns":23},{"damage":0,"enemies":"Chosen","floor":18,"turns":6},{"damage":0,"enemies":"Shell Parasite","floor":19,"turns":7},{"damage":0,"enemies":"Centurion and Healer","floor":22,"turns":5},{"damage":0,"enemies":"Gremlin Leader","floor":23,"turns":6},{"damage":0,"enemies":"Book of Stabbing","floor":25,"turns":7},{"damage":17,"enemies":"Slavers","floor":29,"turns":5},{"damage":0,"enemies":"Snake Plant","floor":31,"turns":6},{"damage":0,"enemies":"Champ","floor":33,"turns":8},{"damage":0,"enemies":"3 Shapes","floor":35,"turns":3},{"damage":2,"enemies":"3 Darklings","floor":36,"turns":5},{"damage":0,"enemies":"Mind Bloom Boss Battle","floor":39,"turns":9},{"damage":11,"enemies":"Nemesis","floor":40,"turns":11},{"damage":0,"enemies":"Maw","floor":41,"turns":6},{"damage":0,"enemies":"Reptomancer","floor":44,"turns":7},{"damage":1,"enemies":"Transient","floor":45,"turns":5},{"damage":0,"enemies":"Nemesis","floor":46,"turns":5},{"damage":0,"enemies":"Giant Head","floor":48,"turns":5},{"damage":0,"enemies":"Donu and Deca","floor":50,"turns":6}],"seed_played":"5210978419565427454","potions_obtained":[{"floor":3,"key":"Explosive Potion"},{"floor":5,"key":"PowerPotion"},{"floor":6,"key":"ColorlessPotion"},{"floor":8,"key":"SpeedPotion"},{"floor":8,"key":"GamblersBrew"},{"floor":16,"key":"FairyPotion"},{"floor":18,"key":"SkillPotion"},{"floor":19,"key":"Swift Potion"},{"floor":22,"key":"ColorlessPotion"},{"floor":23,"key":"PowerPotion"},{"floor":25,"key":"DuplicationPotion"},{"floor":29,"key":"DuplicationPotion"},{"floor":33,"key":"Energy Potion"},{"floor":36,"key":"CultistPotion"}],"is_trial":false,"path_per_floor":["M","?","M","$","M","E","R","E","T","E","R","M","T","$","R","B",null,"M","M","?","?","M","E","R","E","T","R","?","E","?","M","R","B",null,"M","M","?","$","?","E","M","?","T","E","M","E","$","E","R","B",null],"character_chosen":"MARISA","items_purchased":["WitchOfGreed","FairyDestructionRay","ClockworkSouvenir","OortCloud"],"campfire_rested":0,"item_purchase_floors":[4,4,14,47],"current_hp_per_floor":[56,56,55,55,52,44,44,27,27,31,31,35,35,35,35,33,62,72,72,72,72,72,72,72,72,72,72,72,64,64,72,72,72,72,72,72,72,72,72,67,72,72,72,74,76,92,92,104,104,104],"gold":607,"neow_bonus":"HUNDRED_GOLD","is_daily":false,"chose_seed":false,"campfire_upgraded":6,"win_rate":0.0,"timestamp":1611094967,"path_taken":["M","?","M","$","M","E","R","E","T","E","R","M","?","$","R","BOSS","M","M","?","?","M","E","R","E","T","R","?","E","?","M","R","BOSS","M","M","?","$","?","E","M","?","T","E","?","E","$","E","R","BOSS"],"items_purchased_type":["Card","Card","Relic","Card"],"build_version":"2020-12-22","purchased_purges":4,"victory":true,"max_hp_per_floor":[70,65,65,65,65,65,65,65,65,72,72,72,72,72,72,72,72,72,72,72,72,72,72,72,72,72,72,72,72,72,72,72,72,72,72,72,72,72,72,72,72,72,72,74,76,92,92,104,104,104],"card_choices":[{"not_picked":["AsteroidBelt","OrrerysSun"],"picked":"SprinkleStarSeal","floor":1},{"not_picked":["ShootingEcho","WitchLeyline"],"picked":"AsteroidBelt","floor":3},{"not_picked":["OneTimeOff","GasGiant","ShootTheMoon"],"picked":"SKIP","floor":5},{"not_picked":["AbsoluteMagnitude","WitchOfGreed","WitchLeyline"],"picked":"SKIP","floor":6},{"not_picked":["OneTimeOff","PropBag"],"picked":"OortCloud","floor":8},{"not_picked":["WitchLeyline","MagicAbsorber","AsteroidBelt"],"picked":"SKIP","floor":10},{"not_picked":["6A","DragonMeteor","Occultation"],"picked":"SKIP","floor":12},{"not_picked":["BigCrunch","BlazingStar"],"picked":"MillisecondPulsars","floor":16},{"not_picked":["IllusionStar","LuminesStrike"],"picked":"MilkyWay","floor":18},{"not_picked":["MysteriousBeam","IllusionStar","SporeBomb"],"picked":"SKIP","floor":19},{"not_picked":["SuperPerseids","DC"],"picked":"GalacticHalo","floor":22},{"not_picked":["LuminesStrike","GrandCross"],"picked":"StarBarrage","floor":23},{"not_picked":["BinaryStars","WitchOfGreed"],"picked":"UltimateShortwave","floor":25},{"not_picked":["SporeBomb","MilkyWay"],"picked":"AsteroidBelt","floor":29},{"not_picked":["Orbital","GravityBeat"],"picked":"EnergyFlow","floor":31},{"not_picked":["CollectingQuirk","MaximisePower"],"picked":"TreasureHunter","floor":33},{"not_picked":["DeepEcoloBomb","DoubleSpark"],"picked":"AsteroidBelt+1","floor":35},{"not_picked":["6A","EnergyFlow","DC"],"picked":"SKIP","floor":36},{"not_picked":["MilkyWay","ShootTheMoon"],"picked":"Acceleration","floor":39},{"not_picked":["SporeBomb+1","BlazingStar"],"picked":"Acceleration","floor":40},{"not_picked":["MagicAbsorber","6A"],"picked":"Acceleration+1","floor":41},{"not_picked":["FairyDestructionRay","DC","6A+1"],"picked":"Singing Bowl","floor":44},{"not_picked":["PropBag","PowerUp","AlicesGift"],"picked":"Singing Bowl","floor":45},{"not_picked":["PowerUp+1","MysteriousBeam","Occultation"],"picked":"Singing Bowl","floor":46},{"not_picked":["LuminesStrike+1","MilkyWay","EventHorizon"],"picked":"Singing Bowl","floor":48}],"player_experience":246757,"relics_obtained":[{"floor":6,"key":"Matryoshka"},{"floor":8,"key":"Turnip"},{"floor":9,"key":"Gremlin Horn"},{"floor":9,"key":"SproutingBranch"},{"floor":10,"key":"Strawberry"},{"floor":13,"key":"Bag of Marbles"},{"floor":13,"key":"Bottled Lightning"},{"floor":23,"key":"HandmadeGrimoire"},{"floor":25,"key":"Ginger"},{"floor":26,"key":"Anchor"},{"floor":29,"key":"PreservedInsect"},{"floor":39,"key":"Shovel"},{"floor":39,"key":"Ice Cream"},{"floor":40,"key":"Bottled Tornado"},{"floor":40,"key":"Sundial"},{"floor":40,"key":"Bag of Preparation"},{"floor":43,"key":"Singing Bowl"},{"floor":44,"key":"Art of War"},{"floor":44,"key":"Whetstone"},{"floor":44,"key":"ShroomBag"},{"floor":46,"key":"Omamori"},{"floor":46,"key":"Mango"},{"floor":46,"key":"Nunchaku"},{"floor":48,"key":"War Paint"},{"floor":48,"key":"Bronze Scales"},{"floor":48,"key":"Pear"},{"floor":49,"key":"Centennial Puzzle"}],"event_choices":[{"damage_healed":0,"gold_gain":0,"player_choice":"Lose Max HP","damage_taken":0,"relics_obtained":["Golden Idol"],"max_hp_gain":0,"max_hp_loss":5,"event_name":"Golden Idol","floor":2,"gold_loss":0},{"damage_healed":0,"gold_gain":0,"player_choice":"Inject Mutagens","damage_taken":0,"relics_obtained":["MutagenicStrength"],"max_hp_gain":0,"max_hp_loss":0,"event_name":"Drug Dealer","floor":20,"gold_loss":0},{"damage_healed":0,"gold_gain":0,"player_choice":"Simplicity","damage_taken":0,"max_hp_gain":0,"max_hp_loss":0,"event_name":"Back to Basics","floor":21,"gold_loss":0,"cards_upgraded":["Strike_MRS","Defend_MRS","Defend_MRS","Defend_MRS"]},{"damage_healed":0,"gold_gain":0,"player_choice":"Read","damage_taken":0,"max_hp_gain":0,"max_hp_loss":0,"event_name":"The Library","floor":28,"gold_loss":0,"cards_obtained":["Acceleration"]},{"damage_healed":0,"gold_gain":0,"player_choice":"Ignored","damage_taken":0,"max_hp_gain":0,"max_hp_loss":0,"event_name":"Vampires","floor":30,"gold_loss":0},{"cards_removed":["Defend_MRS"],"damage_healed":0,"gold_gain":0,"player_choice":"Removed Skill","damage_taken":0,"max_hp_gain":0,"max_hp_loss":0,"event_name":"Falling","floor":37,"gold_loss":0},{"damage_healed":0,"gold_gain":0,"player_choice":"Fight","damage_taken":0,"max_hp_gain":0,"max_hp_loss":0,"event_name":"MindBloom","floor":39,"gold_loss":0},{"damage_healed":0,"gold_gain":0,"player_choice":"Forge","damage_taken":0,"max_hp_gain":0,"max_hp_loss":0,"event_name":"Accursed Blacksmith","floor":42,"gold_loss":0,"cards_upgraded":["Acceleration"]}],"is_beta":false,"boss_relics":[{"not_picked":["ExperimentalFamiliar","BewitchedHakkero"],"picked":"Empty Cage"},{"not_picked":["Cursed Key","Tiny House"],"picked":"Black Star"}],"items_purged_floors":[4,14,38,47],"is_endless":false,"potions_floor_spawned":[3,5,8,12,16,22,23,29,36,44,45],"ascension_level":14}}