{"host":"vfjw5z5u57sxa51v","time":1611069197,"event":{"mods":["AchievementEnabler","Act Like it!","Aspiration","BaseMod","Better Altar","Better Match","Better Note","Better Sensory Stone","Better Skull","Better Synergies","Better Third Choice","BetterRewards","CCEM","Colored Map","Conspire","GifTheSpireLib","GungeonMod","Halation","Hallownest","Highlight Path","Hubris","Infinite Spire","Jedi Mod","Minty Spire (QoL Compilation)","Permanent Neow","Replay The Spire","Shop Mod","Spicy Shops","StSLib","Stuff the Spire","The Bug Knight","The Servant 0.9.4","TheWitcher","Unceasing Turn Reminder","everything is the same but u backflip on backflip"],"gold_per_floor":[128,128,128,78,78,78,122,122,122,122,147,167,167,201,201,303,303,320,344,43,58,58,91,43,43,70,111,111,135,135,152,152,272,272,294,294,313,329,344,344,344],"floor_reached":40,"language":"DEU","playtime":7127,"items_purged":["SnafuTest:DefaultCommonAttack"],"score":484,"play_id":"2ba5cb41-688f-432a-bf26-5c66b004e6bf","local_time":"20210119161317","is_ascension_mode":false,"campfire_choices":[{"data":"SnafuTest:QueensGuard","floor":6,"key":"SMITH"},{"floor":8,"key":"REST"},{"data":"SnafuTest:BountyHunt","floor":13,"key":"SMITH"},{"floor":15,"key":"REST"},{"floor":25,"key":"REST"},{"data":"Pot Of Greed","floor":28,"key":"SMITH"}],"circlet_count":0,"master_deck":["SnafuTest:DefaultCommonAttack+1","SnafuTest:BountyHunt+1","SnafuTest:DefaultCommonSkill","SnafuTest:DefaultCommonSkill","SnafuTest:DefaultCommonSkill","SnafuTest:SignIgni","SnafuTest:QueensGuard+1","SnafuTest:SpellTelekinesis","Injury","SnafuTest:MCSuccubusSeduction","SnafuTest:SpellHellfire+1","SnafuTest:PowerBloodLust+1","SnafuTest:PayBank+1","SnafuTest:SpellChainLightning","SnafuTest:BombNorthernWind","SnafuTest:ShoulderSlam+1","SnafuTest:Oriole","Pot Of Greed","Pot Of Greed+1","SnafuTest:BombDevilsPuffball+1","SnafuTest:PowerMahakam+1","SnafuTest:SpellHellfire","SnafuTest:SpellCalcinedMetamorphism","SnafuTest:PowerAlwaysOnRoads+1","SnafuTest:SignIgni+1","Pot Of Greed","SnafuTest:FullCover+1"],"relics":["SnafuTest:UnstableMutagenRelic","aspiration:Nostalgia","Replay:M_SmolderingBlood","Mirror","Blood Vial","Nunchaku","Frozen Egg 2","Durian","hubris:ScarierMask","Juzu Bracelet","Happy Flower","CCEMRelics:PorcelainBowl","Grinning Jar","StuffTheSpire:GrapeVine","CultistMask","Black Star","jedi:hotpepper","SnafuTest:QuenRelic"],"acts_visited":["Exordium","TheCity","TheBeyond"],"potions_floor_usage":[16,33],"damage_taken":[{"damage":0,"enemies":"conspire:RoseBush","floor":1,"turns":3},{"damage":26,"enemies":"3 Sentries","floor":7,"turns":9},{"damage":0,"enemies":"Small Slimes","floor":11,"turns":3},{"damage":4,"enemies":"2 Louse","floor":12,"turns":3},{"damage":8,"enemies":"Replay:BlueRogue","floor":14,"turns":9},{"damage":49,"enemies":"The Guardian","floor":16,"turns":12},{"damage":18,"enemies":"Spheric Guardian","floor":18,"turns":5},{"damage":25,"enemies":"Shell Parasite","floor":19,"turns":10},{"damage":9,"enemies":"Centurion and Healer","floor":21,"turns":4},{"damage":0,"enemies":"Replay:Snechameleon","floor":23,"turns":8},{"damage":0,"enemies":"conspire:SneckoGhost","floor":27,"turns":10},{"damage":11,"enemies":"Snake Plant","floor":29,"turns":4},{"damage":0,"enemies":"conspire:HollyBat","floor":31,"turns":8},{"damage":56,"enemies":"Champ","floor":33,"turns":17},{"damage":6,"enemies":"3 Darklings","floor":35,"turns":4},{"damage":7,"enemies":"Orb Walker","floor":37,"turns":3},{"damage":9,"enemies":"Writhing Mass","floor":38,"turns":4},{"damage":20,"enemies":"3 Darklings","floor":39,"turns":4},{"damage":34,"enemies":"Nemesis","floor":40,"turns":4}],"seed_played":"-2914501374940533231","potions_obtained":[{"floor":1,"key":"Explosive Potion"},{"floor":7,"key":"Strength Potion"},{"floor":16,"key":"DuplicationPotion"},{"floor":19,"key":"Energy Potion"},{"floor":35,"key":"DuplicationPotion"}],"is_trial":false,"path_per_floor":["M","?","?","?","T","R","E","R","T","?","M","M","R","E","R","B",null,"M","M","$","M","?","E","$","R","T","E","R","M","?","M","R_BF","B",null,"M","AVR","M","M","M","E"],"character_chosen":"THE_WITCHER","items_purchased":["Juzu Bracelet","Happy Flower","SnafuTest:Oriole"],"campfire_rested":3,"item_purchase_floors":[20,20,24],"current_hp_per_floor":[75,75,75,75,75,75,49,71,71,71,73,71,71,70,80,31,80,62,39,39,32,32,34,34,58,58,60,60,51,51,53,77,23,80,74,60,53,46,28,0,0],"gold":344,"neow_bonus":"NOSTALGIA","is_daily":false,"chose_seed":false,"campfire_upgraded":3,"win_rate":0.0,"timestamp":1611069197,"path_taken":["M","?","?","?","?","R","E","R","T","?","?","M","R","E","R","BOSS","M","M","$","M","?","E","?","R","T","E","R","M","?","M","R_BF","BOSS","M","AVR","M","M","M","E"],"items_purchased_type":["Relic","Relic","Card"],"build_version":"2020-12-22","purchased_purges":1,"victory":false,"max_hp_per_floor":[75,75,75,75,75,75,75,75,75,75,75,75,75,80,80,80,80,80,80,80,80,80,80,80,80,80,80,80,80,80,80,80,80,80,80,60,60,60,60,60,60],"card_choices":[{"not_picked":["SnafuTest:SignQuen","Whirlwind"],"picked":"SnafuTest:QueensGuard","floor":1},{"not_picked":["SnafuTest:FirstAid","Whirlwind"],"picked":"SnafuTest:SpellTelekinesis","floor":7},{"not_picked":["SnafuTest:FlashingEvasion","SnafuTest:FirstAid"],"picked":"SnafuTest:MCSuccubusSeduction","floor":11},{"not_picked":["BowlingBash","SnafuTest:MelitelesCare","SnafuTest:VitalShield"],"picked":"SKIP","floor":12},{"not_picked":["SnafuTest:SpellBlindFury","SnafuTest:SpellTelekinesis"],"picked":"SnafuTest:SpellHellfire","floor":14},{"not_picked":["SnafuTest:PowerMahakam+1","SnafuTest:WhiteWolfRise"],"picked":"SnafuTest:PowerBloodLust+1","floor":16},{"not_picked":["SnafuTest:PayWeaponSmith","SnafuTest:PowerAlwaysOnRoads+1"],"picked":"SnafuTest:PayBank+1","floor":18},{"not_picked":["SnafuTest:VitalShield+1","SnafuTest:SignQuen+1"],"picked":"SnafuTest:SpellChainLightning","floor":19},{"not_picked":["SnafuTest:MCSongOfPeace","SnafuTest:PaySmithWorkshop"],"picked":"SnafuTest:BombNorthernWind","floor":21},{"not_picked":["SnafuTest:SmashingSlash","SnafuTest:TrackingSense"],"picked":"SnafuTest:ShoulderSlam+1","floor":23},{"not_picked":["SnafuTest:BombMoonDust","SnafuTest:SweetHome"],"picked":"SnafuTest:BombDevilsPuffball","floor":27},{"not_picked":["SnafuTest:PayHappyHour","SnafuTest:SpellLivingArmor"],"picked":"SnafuTest:PowerMahakam+1","floor":29},{"not_picked":["SnafuTest:SignAxii","SnafuTest:WitchHunt"],"picked":"SnafuTest:SpellHellfire","floor":31},{"not_picked":["SnafuTest:MelitelesCare","SnafuTest:Celebration"],"picked":"SnafuTest:SpellCalcinedMetamorphism","floor":33},{"not_picked":["SnafuTest:FlashingEvasion+1","SnafuTest:QueensGuard+1"],"picked":"SnafuTest:PowerAlwaysOnRoads+1","floor":35},{"not_picked":["SnafuTest:Shooting","SnafuTest:BombDimeritium+1"],"picked":"SnafuTest:SignIgni+1","floor":37},{"not_picked":["SnafuTest:LastWish","SnafuTest:ScholarsIntrigue","SnafuTest:FirstAid+1"],"picked":"SKIP","floor":38},{"not_picked":["SnafuTest:BloodForBlood+1","SnafuTest:CalculatingAmbition"],"picked":"SnafuTest:FullCover+1","floor":39}],"player_experience":16406,"relics_obtained":[{"floor":5,"key":"Mirror"},{"floor":7,"key":"Blood Vial"},{"floor":9,"key":"Nunchaku"},{"floor":14,"key":"Durian"},{"floor":23,"key":"CCEMRelics:PorcelainBowl"},{"floor":26,"key":"Grinning Jar"},{"floor":27,"key":"StuffTheSpire:GrapeVine"}],"event_choices":[{"cards_removed":["SnafuTest:DefaultCommonAttack"],"damage_healed":0,"gold_gain":0,"player_choice":"Card Removal","damage_taken":0,"max_hp_gain":0,"max_hp_loss":0,"event_name":"The Cleric","floor":4,"gold_loss":50},{"damage_healed":0,"gold_gain":0,"player_choice":"Forge","damage_taken":0,"max_hp_gain":0,"max_hp_loss":0,"event_name":"Accursed Blacksmith","floor":22,"gold_loss":0,"cards_upgraded":["SnafuTest:SpellHellfire"]},{"damage_healed":0,"gold_gain":0,"player_choice":"Trade","damage_taken":0,"relics_obtained":["CultistMask"],"max_hp_gain":0,"max_hp_loss":0,"event_name":"FaceTrader","floor":30,"gold_loss":0}],"is_beta":false,"boss_relics":[{"not_picked":["ChewingGum","conspire:RoyalGoblet"],"picked":"hubris:ScarierMask"},{"not_picked":["aspiration:ServantSkillbook","hubris:Backtick"],"picked":"Black Star"}],"items_purged_floors":[36],"is_endless":false,"potions_floor_spawned":[1,7,16,19,21,27,35,38],"killed_by":"Nemesis","ascension_level":0}}