{"host":"6a92uynocv4elkyp","time":1611100480,"event":{"mods":["AchievementEnabler","BaseMod","Infinite Spire","Minty Spire (QoL Compilation)","Quick Restart","StSLib"],"gold_per_floor":[459,501,377,431,488,584,674,674,674,468,546,33,108,189,189,420,420,471,451,550,634,634,739,790,813,865,952,952,1054,315,354,354,576,576,633,633,72,105,405,405,405,405],"floor_reached":41,"language":"ENG","playtime":2437,"items_purged":[],"score":1276,"play_id":"003c731c-5924-4fc7-a359-57858e23049d","local_time":"20210120005440","daily_mods":["SealedDeck","Colorless Cards","Heirloom","Flight","DeadlyEvents","Elite Swarm","Midas"],"is_ascension_mode":true,"campfire_choices":[{"floor":8,"key":"REST"},{"floor":15,"key":"REST"},{"floor":28,"key":"REST"},{"floor":32,"key":"DIG"},{"floor":40,"key":"REST"}],"circlet_count":0,"master_deck":["AscendersBane","Force Field","Cold Snap","Barrage+1","Loop","Static Discharge","Consume+1","Beam Cell+1","Bandage Up","Glacier","Scrape","Gash","BootSequence","Loop","Scrape","FTL","Beam Cell","Echo Form","Mayhem","Storm","Apotheosis+1","Machine Learning","Master of Strategy","Creative AI","Gash","Sadistic Nature","Echo Form","Master of Strategy","Echo Form","Meteor Strike","Static Discharge","Machine Learning","Gash","Loop","infinitespire:Collect","Gash"],"relics":["Cracked Core","Old Coin","Shovel","infinitespire:Golems Mask","The Courier","Ornamental Fan","Runic Capacitor","DataDisk","War Paint","infinitespire:Freezer","Odd Mushroom","Omamori","Black Star","MealTicket","Du-Vu Doll","Bird Faced Urn","Matryoshka","Dead Branch","Calling Bell","Nunchaku","Sundial","Gambling Chip","Blood Vial","Bag of Preparation","Vajra","infinitespire:PuzzleCube","Boot","Strawberry","Potion Belt","infinitespire:Eraser","Art of War","Darkstone Periapt","Whetstone","Gremlin Horn","Pantograph","infinitespire:Lucky Rock","Letter Opener","Runic Pyramid","Oddly Smooth Stone","Bag of Marbles","Pen Nib","Anchor","Shuriken","Girya"],"acts_visited":["Exordium","TheCity","TheBeyond"],"potions_floor_usage":[6,14,16,19,21,27,33,35],"damage_taken":[{"damage":16,"enemies":"Small Slimes","floor":1,"turns":3},{"damage":12,"enemies":"Jaw Worm","floor":2,"turns":3},{"damage":0,"enemies":"Cultist","floor":4,"turns":3},{"damage":8,"enemies":"Lots of Slimes","floor":5,"turns":5},{"damage":8,"enemies":"Gremlin Nob","floor":6,"turns":3},{"damage":20,"enemies":"Lagavulin","floor":7,"turns":5},{"damage":11,"enemies":"Gremlin Nob","floor":11,"turns":3},{"damage":15,"enemies":"The Mushroom Lair","floor":13,"turns":5},{"damage":24,"enemies":"3 Sentries","floor":14,"turns":5},{"damage":0,"enemies":"Slime Boss","floor":16,"turns":5},{"damage":15,"enemies":"2 Thieves","floor":18,"turns":4},{"damage":35,"enemies":"Book of Stabbing","floor":20,"turns":4},{"damage":13,"enemies":"Slavers","floor":21,"turns":6},{"damage":11,"enemies":"Gremlin Leader","floor":23,"turns":5},{"damage":19,"enemies":"3 Byrds","floor":24,"turns":3},{"damage":28,"enemies":"Slavers","floor":27,"turns":5},{"damage":26,"enemies":"Book of Stabbing","floor":29,"turns":4},{"damage":0,"enemies":"Sentry and Sphere","floor":31,"turns":3},{"damage":21,"enemies":"Collector","floor":33,"turns":5},{"damage":28,"enemies":"Orb Walker","floor":35,"turns":5},{"damage":0,"enemies":"3 Shapes","floor":38,"turns":3},{"damage":36,"enemies":"infinitespire:Three Voidlings","floor":39,"turns":3},{"damage":83,"enemies":"Nightmare_Alpha","floor":39,"turns":7},{"damage":0,"enemies":"Nemesis","floor":41,"turns":1}],"seed_played":"9211016649391793138","potions_obtained":[{"floor":1,"key":"SteroidPotion"},{"floor":6,"key":"PotionOfCapacity"},{"floor":7,"key":"Fire Potion"},{"floor":11,"key":"AttackPotion"},{"floor":18,"key":"Ancient Potion"},{"floor":19,"key":"Fruit Juice"},{"floor":20,"key":"DuplicationPotion"},{"floor":23,"key":"SkillPotion"},{"floor":29,"key":"Fire Potion"},{"floor":33,"key":"Fruit Juice"},{"floor":35,"key":"PowerPotion"},{"floor":39,"key":"PowerPotion"}],"is_trial":true,"path_per_floor":["M","M","$","M","M","E","E","R","T","$","E","$","?","E","R","B",null,"M","?","E","E","AVR","E","M","T","T","E","R","E","$","M","R","B",null,"M","?","$","M","?","R","E"],"character_chosen":"DEFECT","items_purchased":["Loop","Scrape","Storm","Apotheosis","Runic Capacitor","DataDisk","War Paint","infinitespire:Freezer","Whetstone","Static Discharge","Gremlin Horn","Pantograph","infinitespire:Lucky Rock","Bag of Marbles","Pen Nib","Anchor","Shuriken"],"campfire_rested":4,"item_purchase_floors":[3,3,10,10,12,12,12,12,30,30,30,30,30,37,37,37,37],"current_hp_per_floor":[52,44,44,48,44,40,24,45,45,45,40,40,29,9,30,36,62,51,56,27,18,18,33,30,30,37,33,57,55,70,83,83,83,83,81,81,88,88,11,37,39,39],"gold":405,"neow_bonus":"","is_daily":false,"chose_seed":false,"campfire_upgraded":0,"win_rate":0.0,"timestamp":1611100480,"path_taken":["M","M","$","M","M","E","E","R","T","$","E","$","?","E","R","BOSS","M","?","?","?","AVR","E","?","?","T","E","R","E","$","M","R","BOSS","M","?","$","?","?","R","?"],"items_purchased_type":["Card","Card","Card","Card","Relic","Relic","Relic","Relic","Relic","Card","Relic","Relic","Relic","Relic","Relic","Relic","Relic"],"build_version":"2020-12-22","purchased_purges":0,"victory":false,"max_hp_per_floor":[71,71,71,71,71,71,71,71,71,71,71,71,71,71,71,71,71,71,76,76,76,76,76,76,76,83,83,83,83,83,83,83,83,83,88,88,88,88,88,88,88,88],"card_choices":[{"not_picked":["Turbo","Good Instincts"],"picked":"Gash","floor":1},{"not_picked":["Compile Driver","Go for the Eyes"],"picked":"BootSequence","floor":2},{"not_picked":["Cold Snap","Hologram"],"picked":"FTL","floor":4},{"not_picked":["Redo","Turbo"],"picked":"Beam Cell","floor":5},{"not_picked":["Core Surge","Transmutation"],"picked":"Echo Form","floor":6},{"not_picked":["Thinking Ahead","Violence"],"picked":"Mayhem","floor":7},{"not_picked":["Buffer","HandOfGreed"],"picked":"Machine Learning","floor":11},{"not_picked":["Amplify","Electrodynamics"],"picked":"Master of Strategy","floor":14},{"not_picked":["Violence","Biased Cognition"],"picked":"Creative AI","floor":16},{"not_picked":["Hologram","Doom and Gloom"],"picked":"Gash","floor":18},{"not_picked":["Transmutation","Seek"],"picked":"Sadistic Nature","floor":20},{"not_picked":["Violence","Secret Technique"],"picked":"Echo Form","floor":21},{"not_picked":["All For One","Chrysalis"],"picked":"Master of Strategy","floor":23},{"not_picked":["Reprogram","Streamline","Steam+1"],"picked":"SKIP","floor":24},{"not_picked":["Amplify","Buffer"],"picked":"Echo Form","floor":27},{"not_picked":["Secret Technique","Transmutation"],"picked":"Meteor Strike","floor":29},{"not_picked":["Compile Driver","Barrage","Stack"],"picked":"SKIP","floor":31},{"not_picked":["Apotheosis","Amplify"],"picked":"Machine Learning","floor":33},{"not_picked":["Skim","Swift Strike"],"picked":"Gash","floor":35},{"not_picked":["Steam","Streamline+1"],"picked":"Loop","floor":38},{"not_picked":["infinitespire:SealOfDarkness+","infinitespire:SevenWalls"],"picked":"infinitespire:Collect","floor":39},{"not_picked":["Turbo+1","FTL"],"picked":"Gash","floor":39}],"player_experience":121012,"relics_obtained":[{"floor":6,"key":"Shovel"},{"floor":7,"key":"infinitespire:Golems Mask"},{"floor":9,"key":"The Courier"},{"floor":11,"key":"Ornamental Fan"},{"floor":13,"key":"Odd Mushroom"},{"floor":14,"key":"Omamori"},{"floor":20,"key":"MealTicket"},{"floor":20,"key":"Du-Vu Doll"},{"floor":21,"key":"Bird Faced Urn"},{"floor":21,"key":"Matryoshka"},{"floor":22,"key":"Nunchaku"},{"floor":22,"key":"Sundial"},{"floor":22,"key":"Gambling Chip"},{"floor":23,"key":"Blood Vial"},{"floor":23,"key":"Bag of Preparation"},{"floor":25,"key":"Vajra"},{"floor":25,"key":"infinitespire:PuzzleCube"},{"floor":26,"key":"Boot"},{"floor":26,"key":"Strawberry"},{"floor":27,"key":"Potion Belt"},{"floor":27,"key":"infinitespire:Eraser"},{"floor":29,"key":"Art of War"},{"floor":29,"key":"Darkstone Periapt"},{"floor":32,"key":"Letter Opener"},{"floor":39,"key":"Girya"}],"event_choices":[{"damage_healed":0,"gold_gain":0,"player_choice":"Fought Mushrooms","damage_taken":0,"max_hp_gain":0,"max_hp_loss":0,"event_name":"Mushrooms","floor":13,"gold_loss":0},{"damage_healed":0,"gold_gain":0,"player_choice":"Bought 1 Potion","damage_taken":0,"max_hp_gain":0,"max_hp_loss":0,"event_name":"The Woman in Blue","floor":19,"gold_loss":0},{"damage_healed":0,"gold_gain":0,"player_choice":"Gave Potion","damage_taken":0,"relics_obtained":["Oddly Smooth Stone"],"max_hp_gain":0,"max_hp_loss":0,"event_name":"WeMeetAgain","floor":36,"gold_loss":0}],"is_beta":false,"boss_relics":[{"not_picked":["Nuclear Battery","Sozu"],"picked":"Black Star"},{"not_picked":["Coffee Dripper","infinitespire:Cupcake"],"picked":"Runic Pyramid"}],"items_purged_floors":[],"is_endless":false,"potions_floor_spawned":[1,6,7,11,13,18,20,23,29,33,35,39],"killed_by":"Nemesis","ascension_level":20}}