{"host":"8u7tvcybuv0u72fd","time":1611018898,"event":{"mods":["BaseMod","BetterRewards","Colored Map","Colored Powertips","Minty Spire (QoL Compilation)","Quick Restart","Shop Mod"],"gold_per_floor":[112,287,113,113,133,133,133,133,133,133,160,171,189,203,203,306,306,322,332,257,257,277,277,292,318,318,350,350,106,106,124,124,221,221,236,236,0,19,19,19,31,31,31,46,46,72,72,82,82,82,82,82,34,67,67,67],"floor_reached":55,"language":"ENG","playtime":2440,"items_purged":["Doubt","Writhe"],"score":890,"play_id":"27681b33-2727-4e96-a2f1-abdd0fe3a626","local_time":"20210118201458","is_ascension_mode":false,"campfire_choices":[{"data":"Bash","floor":6.0,"key":"SMITH"},{"floor":8.0,"key":"REST"},{"floor":10.0,"key":"RECALL"},{"data":"Heavy Blade","floor":15.0,"key":"SMITH"},{"data":"Barricade","floor":23.0,"key":"SMITH"},{"data":"Iron Wave","floor":28.0,"key":"SMITH"},{"data":"Defend_R","floor":32.0,"key":"SMITH"},{"data":"Defend_R","floor":40.0,"key":"SMITH"},{"data":"Strike_R","floor":42.0,"key":"SMITH"},{"data":"Strike_R","floor":45.0,"key":"SMITH"},{"data":"Strike_R","floor":47,"key":"SMITH"},{"floor":49,"key":"REST"},{"floor":52,"key":"REST"}],"circlet_count":0,"master_deck":["Strike_R+1","Strike_R+1","Strike_R+1","Defend_R+1","Defend_R+1","Defend_R+1","Defend_R+1","Bash+1","Battle Trance+1","Heavy Blade+1","Iron Wave+1","Flex+1","Barricade+1","Rage+1","Sword Boomerang+1","Clash+1","Entrench+1","Shrug It Off+1","Body Slam+1","Impervious+1","CurseOfTheBell","Uppercut+1","Headbutt+1","Impervious+1"],"relics":["Burning Blood","Gremlin Horn","Toxic Egg 2","Sling","Vajra","Orichalcum","Shuriken","Cursed Key","Art of War","Lee\u0027s Waffle","MutagenicStrength","Calling Bell","Toy Ornithopter","Sundial","Lizard Tail","Red Mask","Darkstone Periapt","Letter Opener"],"acts_visited":["Exordium","TheCity","TheBeyond","TheEnding"],"potions_floor_usage":[50,54,55,55],"damage_taken":[{"damage":5.0,"enemies":"Small Slimes","floor":1.0,"turns":3.0},{"damage":6.0,"enemies":"Jaw Worm","floor":5.0,"turns":3.0},{"damage":10.0,"enemies":"3 Sentries","floor":11.0,"turns":8.0},{"damage":0.0,"enemies":"Cultist","floor":12.0,"turns":3.0},{"damage":2.0,"enemies":"Looter","floor":13.0,"turns":3.0},{"damage":0.0,"enemies":"3 Louse","floor":14.0,"turns":2.0},{"damage":21.0,"enemies":"Slime Boss","floor":16.0,"turns":9.0},{"damage":2.0,"enemies":"Spheric Guardian","floor":18.0,"turns":3.0},{"damage":14.0,"enemies":"2 Thieves","floor":19.0,"turns":3.0},{"damage":15.0,"enemies":"Snake Plant","floor":22.0,"turns":4.0},{"damage":6.0,"enemies":"Shelled Parasite and Fungi","floor":24.0,"turns":3.0},{"damage":16.0,"enemies":"Slavers","floor":27.0,"turns":4.0},{"damage":0.0,"enemies":"Snecko","floor":31.0,"turns":5.0},{"damage":6.0,"enemies":"Champ","floor":33.0,"turns":8.0},{"damage":13.0,"enemies":"Orb Walker","floor":35.0,"turns":4.0},{"damage":0.0,"enemies":"3 Darklings","floor":38.0,"turns":5.0},{"damage":0.0,"enemies":"Sphere and 2 Shapes","floor":41.0,"turns":4.0},{"damage":0.0,"enemies":"Transient","floor":44.0,"turns":5.0},{"damage":20,"enemies":"Reptomancer","floor":46,"turns":6},{"damage":9,"enemies":"Maw","floor":48,"turns":7},{"damage":25,"enemies":"Awakened One","floor":50,"turns":10},{"damage":11,"enemies":"Shield and Spear","floor":54,"turns":8},{"damage":156,"enemies":"The Heart","floor":55,"turns":9}],"seed_played":"-450845669215404741","potions_obtained":[{"floor":7.0,"key":"SteroidPotion"},{"floor":7.0,"key":"EssenceOfSteel"},{"floor":11.0,"key":"BlessingOfTheForge"},{"floor":16.0,"key":"Strength Potion"},{"floor":22.0,"key":"Fire Potion"},{"floor":24.0,"key":"ElixirPotion"},{"floor":27.0,"key":"SpeedPotion"},{"floor":33.0,"key":"CultistPotion"}],"is_trial":false,"path_per_floor":["M","?","$","?","M","R","?","R","T","R","E","M","M","M","R","B",null,"M","M","?","?","M","R","M","T","T","E","R","$","?","M","R","B",null,"M","$","?","M","T","R","M","R","T","M","R","E","R","M","R","B",null,"R","$","E","B"],"character_chosen":"IRONCLAD","items_purchased":["Gremlin Horn","Toxic Egg 2","Sling","Vajra","EntropicBrew","Lee\u0027s Waffle","Swift Potion"],"campfire_rested":3,"item_purchase_floors":[0,0,0,0,3,29,53],"current_hp_per_floor":[46,46,46,30,30,30,30,54,54,54,50,56,60,66,66,51,80,80,72,72,72,63,63,63,63,63,53,53,87,87,87,87,87,87,80,80,80,86,86,86,87,87,87,87,87,73,73,70,87,68,87,87,87,87,0,0],"gold":67,"neow_bonus":"","is_daily":false,"chose_seed":false,"campfire_upgraded":9,"win_rate":0.0,"timestamp":1611018898,"path_taken":["M","?","$","?","M","R","?","R","T","R","E","M","?","M","R","BOSS","M","M","?","?","M","R","?","?","T","E","R","$","?","M","R","BOSS","M","$","?","M","?","R","M","R","T","M","R","E","R","M","R","BOSS","R","$","E","BOSS"],"items_purchased_type":["Relic","Relic","Relic","Relic","Potion","Relic","Potion"],"build_version":"2020-12-22","purchased_purges":2,"victory":false,"max_hp_per_floor":[80,80,80,80,80,80,80,80,80,80,80,80,80,80,80,80,80,80,80,80,80,80,80,80,80,80,80,80,87,87,87,87,87,87,87,87,87,87,87,87,87,87,87,87,87,87,87,87,87,87,87,87,87,87,87,87],"card_choices":[{"not_picked":["Thunderclap","Pummel","Wild Strike"],"picked":"SKIP","floor":1.0},{"not_picked":["Iron Wave","Cleave"],"picked":"Battle Trance+1","floor":5.0},{"not_picked":["Clothesline","Reaper"],"picked":"Heavy Blade","floor":11.0},{"not_picked":["Warcry+1","Heavy Blade"],"picked":"Iron Wave","floor":12.0},{"not_picked":["Anger","Fire Breathing","Cleave"],"picked":"SKIP","floor":13.0},{"not_picked":["Sentinel+1","Anger"],"picked":"Flex+1","floor":14.0},{"not_picked":["Brutality","Feed"],"picked":"Barricade","floor":16.0},{"not_picked":["Combust","Clothesline"],"picked":"Rage+1","floor":18.0},{"not_picked":["Flame Barrier+1","True Grit+1"],"picked":"Sword Boomerang+1","floor":19.0},{"not_picked":["Evolve","Cleave"],"picked":"Clash+1","floor":22.0},{"not_picked":["Pommel Strike","Clash+1"],"picked":"Entrench+1","floor":24.0},{"not_picked":["Seeing Red+1","Flex+1"],"picked":"Shrug It Off+1","floor":27.0},{"not_picked":["Headbutt+1","Perfected Strike+1"],"picked":"Body Slam+1","floor":31.0},{"not_picked":["Juggernaut","Offering+1"],"picked":"Impervious+1","floor":33.0},{"not_picked":["Dual Wield+1","Spot Weakness+1","Bloodletting+1"],"picked":"SKIP","floor":35.0},{"not_picked":["Sword Boomerang","Burning Pact+1"],"picked":"Uppercut+1","floor":38.0},{"not_picked":["Pommel Strike","Spot Weakness+1"],"picked":"Headbutt+1","floor":41.0},{"not_picked":["Cleave+1","Rage+1","Entrench+1"],"picked":"SKIP","floor":44.0},{"not_picked":["Heavy Blade","Anger","Cleave+1"],"picked":"SKIP","floor":46},{"not_picked":["Clothesline+1","Anger","Twin Strike"],"picked":"SKIP","floor":48},{"not_picked":["Shrug It Off+1","Twin Strike+1"],"picked":"Impervious+1","floor":54}],"player_experience":1360342,"relics_obtained":[{"floor":9.0,"key":"Orichalcum"},{"floor":11.0,"key":"Shuriken"},{"floor":27.0,"key":"Art of War"},{"floor":34.0,"key":"Toy Ornithopter"},{"floor":34.0,"key":"Sundial"},{"floor":34.0,"key":"Lizard Tail"},{"floor":46,"key":"Darkstone Periapt"},{"floor":54,"key":"Letter Opener"}],"event_choices":[{"damage_healed":0.0,"max_hp_gain":0.0,"max_hp_loss":0.0,"gold_gain":175.0,"event_name":"Liars Game","player_choice":"AGREE","floor":2.0,"gold_loss":0.0,"damage_taken":0.0,"cards_obtained":["Doubt"]},{"damage_healed":0.0,"max_hp_gain":0.0,"max_hp_loss":0.0,"gold_gain":0.0,"event_name":"Shining Light","player_choice":"Entered Light","floor":4.0,"gold_loss":0.0,"damage_taken":16.0,"cards_upgraded":["Defend_R","Defend_R"]},{"damage_healed":0.0,"max_hp_gain":0.0,"max_hp_loss":0.0,"gold_gain":0.0,"event_name":"Lab","player_choice":"Got Potions","floor":7.0,"gold_loss":0.0,"damage_taken":0.0},{"cards_removed":["Strike_R"],"damage_healed":0.0,"max_hp_gain":0.0,"max_hp_loss":0.0,"gold_gain":0.0,"event_name":"Beggar","player_choice":"Gave Gold","floor":20.0,"gold_loss":75.0,"damage_taken":0.0},{"cards_removed":["Strike_R"],"damage_healed":0.0,"max_hp_gain":0.0,"max_hp_loss":0.0,"gold_gain":0.0,"event_name":"Purifier","player_choice":"Purged","floor":21.0,"gold_loss":0.0,"damage_taken":0.0},{"damage_healed":0.0,"max_hp_gain":0.0,"max_hp_loss":0.0,"gold_gain":0.0,"event_name":"Drug Dealer","player_choice":"Inject Mutagens","floor":30.0,"gold_loss":0.0,"damage_taken":0.0,"relics_obtained":["MutagenicStrength"]},{"damage_healed":0.0,"max_hp_gain":0.0,"max_hp_loss":0.0,"gold_gain":0.0,"event_name":"Tomb of Lord Red Mask","player_choice":"Paid","floor":37.0,"gold_loss":236.0,"damage_taken":0.0,"relics_obtained":["Red Mask"]}],"is_beta":false,"boss_relics":[{"not_picked":["Coffee Dripper","Black Star"],"picked":"Cursed Key"},{"not_picked":["Runic Cube","SacredBark"],"picked":"Calling Bell"}],"items_purged_floors":[3,29],"is_endless":false,"potions_floor_spawned":[11,13,16,22,24,27,33,41,46],"killed_by":"The Heart","ascension_level":0}}