{"host":"2ica2wc1gg7guzbw","time":1611060888,"event":{"mods":["BaseMod","Colored Map","Minty Spire (QoL Compilation)","Replay The Spire","Shop Mod","StSLib"],"gold_per_floor":[114,189,199,211,229,229,261,261,261,291,112,112,139,139,139,113,113,124,33,33,33,52,86,86,112,112,122,22,40,40,56,56,56,56],"floor_reached":33,"language":"RUS","playtime":1211,"items_purged":["Normality","Regret"],"score":706,"play_id":"7b11008e-dd35-4f44-b46b-d698a7aa4c55","local_time":"20210119165448","is_ascension_mode":true,"campfire_choices":[{"floor":6,"key":"REST"},{"floor":8,"key":"REST"},{"data":"Sunder","floor":12,"key":"SMITH"},{"floor":15,"key":"RECALL"},{"floor":24,"key":"REST"},{"floor":32,"key":"REST"}],"circlet_count":0,"master_deck":["AscendersBane","Strike_B+1","Strike_B+1","Strike_B+1","Defend_B+1","Defend_B+1","Defend_B+1","Defend_B+1","Zap","Dualcast","White Noise","Conserve Battery","Ball Lightning","Cold Snap","Go for the Eyes","Sunder+1","Ball Lightning","Voices","ReplayTheSpireMod:Omega Cannon","ReplayTheSpireMod:Private Reserves","Coolheaded","Meteor Strike+1","Compile Driver+1"],"relics":["Cracked Core","Oddly Smooth Stone","ReplayTheSpireMod:Ninjato","ReplayTheSpireMod:CursedCoin","Lantern","Shuriken","Ring of Misfortune","Nuclear Battery","Toy Ornithopter","Replay:Wax Seal","Molten Egg 2","Replay:Bottled Snecko"],"acts_visited":["Exordium","TheCity"],"potions_floor_usage":[7,16,23,25,33],"damage_taken":[{"damage":4,"enemies":"Small Slimes","floor":1,"turns":4},{"damage":6,"enemies":"2 Louse","floor":3,"turns":3},{"damage":12,"enemies":"Jaw Worm","floor":4,"turns":5},{"damage":0,"enemies":"Exordium Wildlife","floor":5,"turns":3},{"damage":28,"enemies":"3 Sentries","floor":7,"turns":10},{"damage":15,"enemies":"Replay:BlueRogue","floor":10,"turns":9},{"damage":0,"enemies":"3 Sentries","floor":13,"turns":6},{"damage":20,"enemies":"Slime Boss","floor":16,"turns":11},{"damage":15,"enemies":"Shell Parasite","floor":18,"turns":3},{"damage":0,"enemies":"Spheric Guardian","floor":22,"turns":3},{"damage":0,"enemies":"Gremlin Leader","floor":23,"turns":6},{"damage":37,"enemies":"Slavers","floor":25,"turns":5},{"damage":0,"enemies":"Cultist and Chosen","floor":27,"turns":3},{"damage":16,"enemies":"Snake Plant","floor":29,"turns":2},{"damage":0,"enemies":"3 Cultists","floor":31,"turns":3},{"damage":76,"enemies":"Pondfish","floor":33,"turns":15}],"seed_played":"-1917949923272686664","potions_obtained":[{"floor":1,"key":"EssenceOfDarkness"},{"floor":3,"key":"Adrenaline Potion"},{"floor":5,"key":"PowerPotion"},{"floor":10,"key":"BlessingOfTheForge"},{"floor":16,"key":"FearPotion"},{"floor":23,"key":"Fire Potion"},{"floor":25,"key":"Energy Potion"},{"floor":31,"key":"FairyPotion"}],"is_trial":false,"path_per_floor":["M","?","M","M","M","R","E","R","T","E","$","R","E","?","R","B",null,"M","$","?","?","M","E","R","E","T","M","$","M","?","M","R","B"],"character_chosen":"DEFECT","items_purchased":["ReplayTheSpireMod:CursedCoin","Lantern","Sunder","ReplayTheSpireMod:Private Reserves"],"campfire_rested":4,"item_purchase_floors":[11,11,11,19],"current_hp_per_floor":[60,49,43,31,31,52,24,45,45,30,30,30,30,30,30,10,56,41,41,41,41,41,46,67,35,35,35,35,19,19,19,40,0,0],"gold":56,"neow_bonus":"RANDOM_EVENT","is_daily":false,"chose_seed":false,"campfire_upgraded":1,"win_rate":0.0,"timestamp":1611060888,"path_taken":["M","?","M","M","M","R","E","R","T","E","$","R","E","?","R","BOSS","M","$","?","?","M","E","R","E","T","M","$","M","?","M","R","BOSS"],"items_purchased_type":["Relic","Relic","Card","Card"],"build_version":"2020-12-22","purchased_purges":2,"victory":false,"max_hp_per_floor":[71,71,71,71,71,71,71,71,71,71,71,71,71,71,71,71,71,71,71,71,71,71,71,71,71,71,71,71,71,71,71,71,71,71],"card_choices":[{"not_picked":["Hologram","Recycle"],"picked":"White Noise","floor":1},{"not_picked":["Gash","FTL"],"picked":"Conserve Battery","floor":3},{"not_picked":["Skim","Panic Button"],"picked":"Ball Lightning","floor":4},{"not_picked":["Beam Cell","Skim"],"picked":"Cold Snap","floor":5},{"not_picked":["Compile Driver","Force Field","Steam"],"picked":"SKIP","floor":7},{"not_picked":["Compile Driver","ReplayTheSpireMod:Reroute Power"],"picked":"Go for the Eyes","floor":10},{"not_picked":["Panic Button","Doom and Gloom"],"picked":"Ball Lightning","floor":13},{"not_picked":["Biased Cognition","ReplayTheSpireMod:Fabricate Wheel"],"picked":"ReplayTheSpireMod:Omega Cannon","floor":16},{"not_picked":["Genetic Algorithm","Redo","Fusion"],"picked":"SKIP","floor":18},{"not_picked":["Static Discharge","Rebound","Stack"],"picked":"SKIP","floor":22},{"not_picked":["Storm","Gash","Fusion"],"picked":"SKIP","floor":23},{"not_picked":["Sweeping Beam+1","Gash+1"],"picked":"Coolheaded","floor":25},{"not_picked":["Turbo","ReplaySort"],"picked":"Meteor Strike+1","floor":27},{"not_picked":["Storm","Streamline+1","Barrage+1"],"picked":"SKIP","floor":29},{"not_picked":["Tempest","Fusion"],"picked":"Compile Driver+1","floor":31}],"player_experience":922446,"relics_obtained":[{"floor":7,"key":"Oddly Smooth Stone"},{"floor":10,"key":"ReplayTheSpireMod:Ninjato"},{"floor":13,"key":"Shuriken"},{"floor":14,"key":"Ring of Misfortune"},{"floor":23,"key":"Replay:Wax Seal"},{"floor":25,"key":"Molten Egg 2"},{"floor":26,"key":"Replay:Bottled Snecko"}],"event_choices":[{"damage_healed":0,"gold_gain":75,"player_choice":"Gather Gold","damage_taken":11,"max_hp_gain":0,"max_hp_loss":0,"event_name":"World of Goop","floor":2,"gold_loss":0},{"damage_healed":0,"gold_gain":0,"player_choice":"Simplicity","damage_taken":0,"max_hp_gain":0,"max_hp_loss":0,"event_name":"Back to Basics","floor":30,"gold_loss":0,"cards_upgraded":["Strike_B","Strike_B","Strike_B","Defend_B","Defend_B","Defend_B","Defend_B"]}],"is_beta":false,"boss_relics":[{"not_picked":["Coffee Dripper","Calling Bell"],"picked":"Nuclear Battery"}],"items_purged_floors":[11,28],"is_endless":false,"potions_floor_spawned":[1,3,5,10,16,23,25,31],"killed_by":"Pondfish","ascension_level":20}}