{"host":"2pmmafybkq7zb6na","time":1611059211,"event":{"mods":["AchievementEnabler","BaseMod","Colored Map","Highlight Path","Keyboard Shortcuts","Minty Spire (QoL Compilation)","Quick Restart","StSLib","SuperFastMode"],"gold_per_floor":[119,135,149,159,179,179,208,225,225,225,237,136,136,152,152,247,247,264,280,280,98,114,114,146,146,146],"floor_reached":25,"language":"KOR","playtime":1330,"items_purged":["Strike_P","Defend_P"],"score":227,"play_id":"629fef9a-4d39-4503-a98d-517e8e72440c","local_time":"20210119212651","is_ascension_mode":false,"campfire_choices":[{"floor":6,"key":"REST"},{"floor":13,"key":"REST"},{"data":"Adaptation","floor":15,"key":"SMITH"},{"data":"Eruption","floor":23,"key":"SMITH"}],"circlet_count":0,"master_deck":["Strike_P","Defend_P","Defend_P","Defend_P","Eruption+1","Vigilance","CutThroughFate","Adaptation+1","SignatureMove","CutThroughFate","Weave","EmptyFist","FollowUp","FearNoEvil","Halt","Evaluate","Judgement","JustLucky","FearNoEvil+1","FlurryOfBlows","ConjureBlade","InnerPeace","Crescendo"],"relics":["HolyWater","Eternal Feather","Mercury Hourglass","Pantograph"],"acts_visited":["Exordium","TheCity"],"potions_floor_usage":[7,7,7,16],"damage_taken":[{"damage":0,"enemies":"Cultist","floor":1,"turns":2},{"damage":7,"enemies":"Small Slimes","floor":2,"turns":3},{"damage":6,"enemies":"Jaw Worm","floor":3,"turns":3},{"damage":20,"enemies":"Looter","floor":4,"turns":3},{"damage":12,"enemies":"Blue Slaver","floor":5,"turns":2},{"damage":37,"enemies":"Lagavulin","floor":7,"turns":4},{"damage":0,"enemies":"Exordium Wildlife","floor":8,"turns":3},{"damage":10,"enemies":"Exordium Thugs","floor":11,"turns":4},{"damage":0,"enemies":"2 Fungi Beasts","floor":14,"turns":2},{"damage":54,"enemies":"Hexaghost","floor":16,"turns":8},{"damage":0,"enemies":"Spheric Guardian","floor":18,"turns":2},{"damage":23,"enemies":"2 Thieves","floor":19,"turns":4},{"damage":15,"enemies":"Centurion and Healer","floor":22,"turns":5},{"damage":48,"enemies":"Gremlin Leader","floor":24,"turns":4},{"damage":0,"enemies":"Chosen and Byrds","floor":25,"turns":1}],"seed_played":"5068831068388178288","potions_obtained":[{"floor":2,"key":"FearPotion"},{"floor":3,"key":"DuplicationPotion"},{"floor":5,"key":"EssenceOfSteel"},{"floor":14,"key":"SpeedPotion"},{"floor":16,"key":"SpeedPotion"},{"floor":24,"key":"Weak Potion"}],"is_trial":false,"path_per_floor":["M","M","M","M","M","R","E","M","T","?","M","$","R","M","R","B",null,"M","M","?","$","M","R","E","M"],"character_chosen":"WATCHER","items_purchased":["Halt","InnerPeace"],"campfire_rested":2,"item_purchase_floors":[12,21],"current_hp_per_floor":[79,72,66,46,34,57,20,20,20,25,15,15,49,49,58,4,84,84,61,61,61,46,58,10,10,10],"gold":146,"neow_bonus":"TEN_PERCENT_HP_BONUS","is_daily":false,"chose_seed":false,"campfire_upgraded":2,"win_rate":0.0,"timestamp":1611059211,"path_taken":["M","?","M","M","M","R","E","M","T","?","M","$","R","M","R","BOSS","M","M","?","$","M","R","E","M"],"items_purchased_type":["Card","Card"],"build_version":"2020-12-22","purchased_purges":2,"victory":false,"max_hp_per_floor":[79,79,79,79,79,79,79,79,79,84,84,84,84,84,84,84,84,84,84,84,84,84,84,84,84,84],"card_choices":[{"not_picked":["Collect","Nirvana"],"picked":"CutThroughFate","floor":1},{"not_picked":["BowlingBash","Pray"],"picked":"Adaptation","floor":2},{"not_picked":["EmptyBody","Pray"],"picked":"SignatureMove","floor":3},{"not_picked":["DeceiveReality","Conclude"],"picked":"CutThroughFate","floor":4},{"not_picked":["Indignation","Wallop"],"picked":"Weave","floor":5},{"not_picked":["CarveReality","WaveOfTheHand"],"picked":"EmptyFist","floor":7},{"not_picked":["CarveReality","FlyingSleeves"],"picked":"FollowUp","floor":8},{"not_picked":["EmptyBody","DeceiveReality"],"picked":"FearNoEvil","floor":11},{"not_picked":["EmptyFist","PathToVictory"],"picked":"Evaluate","floor":14},{"not_picked":["Omniscience","Brilliance"],"picked":"Judgement","floor":16},{"not_picked":["Wallop","PathToVictory"],"picked":"JustLucky","floor":18},{"not_picked":["SashWhip","FlyingSleeves"],"picked":"FearNoEvil+1","floor":19},{"not_picked":["SandsOfTime+1","Worship+1","FlurryOfBlows+1"],"picked":"SKIP","floor":22},{"not_picked":["Fasting2","Evaluate"],"picked":"Crescendo","floor":24}],"player_experience":97599,"relics_obtained":[{"floor":7,"key":"Eternal Feather"},{"floor":9,"key":"Mercury Hourglass"},{"floor":24,"key":"Pantograph"}],"event_choices":[{"damage_healed":0,"gold_gain":0,"player_choice":"Donut","damage_taken":0,"max_hp_gain":5,"max_hp_loss":0,"event_name":"Big Fish","floor":10,"gold_loss":0},{"damage_healed":0,"gold_gain":0,"cards_transformed":["Strike_P","Strike_P"],"player_choice":"Became Test Subject","damage_taken":0,"max_hp_gain":0,"max_hp_loss":0,"event_name":"Drug Dealer","floor":20,"gold_loss":0,"cards_obtained":["FlurryOfBlows","ConjureBlade"]}],"is_beta":false,"boss_relics":[{"not_picked":["Snecko Eye","Black Star"],"picked":"HolyWater"}],"items_purged_floors":[12,21],"is_endless":false,"potions_floor_spawned":[2,3,5,14,16,24],"killed_by":"Chosen and Byrds","ascension_level":0}}