{"host":"9b7hrp48q3pna783","time":1611061828,"event":{"mods":["BaseMod","Colored Map","Colored Powertips","Highlight Path","Minty Spire (QoL Compilation)","Relic Stats"],"gold_per_floor":[218,31,31,206,206,206,240,251,275,289,302,302,314,344,344,344,344],"floor_reached":16,"language":"ENG","playtime":494,"items_purged":[],"score":149,"play_id":"73e12a07-2840-4205-bef1-e21d038d04a4","local_time":"20210119081028","is_ascension_mode":true,"campfire_choices":[{"data":"Defragment","floor":6,"key":"SMITH"},{"data":"Ball Lightning","floor":12,"key":"SMITH"},{"data":"Redo","floor":15,"key":"SMITH"}],"circlet_count":0,"master_deck":["Strike_B","Strike_B","Strike_B","Strike_B","Defend_B","Defend_B","Defend_B","Defend_B+1","Zap+1","Dualcast","Defragment+1","Regret","Doubt","Double Energy","Ball Lightning+1","Redo+1"],"relics":["Cracked Core","Anchor","HornCleat","Sundial","PreservedInsect","Kunai"],"acts_visited":["Exordium"],"potions_floor_usage":[11,14],"damage_taken":[{"damage":12,"enemies":"Jaw Worm","floor":1,"turns":3},{"damage":15,"enemies":"3 Sentries","floor":7,"turns":7},{"damage":1,"enemies":"2 Louse","floor":8,"turns":2},{"damage":3,"enemies":"Small Slimes","floor":10,"turns":3},{"damage":4,"enemies":"Exordium Wildlife","floor":11,"turns":3},{"damage":4,"enemies":"3 Louse","floor":13,"turns":2},{"damage":1,"enemies":"Gremlin Nob","floor":14,"turns":3},{"damage":27,"enemies":"The Guardian","floor":16,"turns":6}],"seed_played":"-4884529247822843614","potions_obtained":[{"floor":10,"key":"Fruit Juice"},{"floor":13,"key":"SteroidPotion"}],"is_trial":false,"path_per_floor":["M","$","?","?","?","R","E","M","T","M","M","R","M","E","R","B"],"character_chosen":"DEFECT","items_purchased":["Anchor","Defragment"],"campfire_rested":0,"item_purchase_floors":[2,2],"current_hp_per_floor":[63,63,63,63,48,48,33,32,32,29,30,30,26,25,25,0,0],"gold":344,"neow_bonus":"HUNDRED_GOLD","is_daily":false,"chose_seed":false,"campfire_upgraded":3,"win_rate":0.0,"timestamp":1611061828,"path_taken":["M","$","?","?","?","R","E","M","T","M","M","R","M","E","R","BOSS"],"items_purchased_type":["Relic","Card"],"build_version":"2020-12-22","purchased_purges":0,"victory":false,"max_hp_per_floor":[75,75,75,75,75,75,75,75,75,75,80,80,80,80,80,80,80],"relic_stats":{"counters":[8,29],"Sundial":[0],"PreservedInsect":21,"Kunai":[0],"obtain_stats":[{"Anchor":2,"HornCleat":3,"Sundial":7,"PreservedInsect":9,"Kunai":14,"Cracked Core":0},{"Anchor":1,"HornCleat":1,"Sundial":2,"PreservedInsect":3,"Kunai":7,"Cracked Core":0},{"Anchor":3,"HornCleat":3,"Sundial":10,"PreservedInsect":12,"Kunai":23,"Cracked Core":0}]},"card_choices":[{"not_picked":["Cold Snap","Turbo","Hologram"],"picked":"SKIP","floor":1},{"not_picked":["Leap","Turbo"],"picked":"Double Energy","floor":7},{"not_picked":["Heatsinks","Steam"],"picked":"Ball Lightning","floor":8},{"not_picked":["Force Field","Capacitor"],"picked":"Redo","floor":10},{"not_picked":["Hologram","Recycle","Cold Snap"],"picked":"SKIP","floor":11},{"not_picked":["Recycle","Blizzard","Steam"],"picked":"SKIP","floor":13},{"not_picked":["Amplify","Scrape","Hologram"],"picked":"SKIP","floor":14}],"player_experience":97067,"relics_obtained":[{"floor":7,"key":"Sundial"},{"floor":9,"key":"PreservedInsect"},{"floor":14,"key":"Kunai"}],"event_choices":[{"damage_healed":0,"gold_gain":0,"player_choice":"Box","damage_taken":0,"relics_obtained":["HornCleat"],"max_hp_gain":0,"max_hp_loss":0,"event_name":"Big Fish","floor":3,"gold_loss":0,"cards_obtained":["Regret"]},{"damage_healed":0,"gold_gain":175,"player_choice":"AGREE","damage_taken":0,"max_hp_gain":0,"max_hp_loss":0,"event_name":"Liars Game","floor":4,"gold_loss":0,"cards_obtained":["Doubt"]},{"damage_healed":0,"gold_gain":0,"player_choice":"Entered Light","damage_taken":15,"max_hp_gain":0,"max_hp_loss":0,"event_name":"Shining Light","floor":5,"gold_loss":0,"cards_upgraded":["Zap","Defend_B"]}],"is_beta":false,"boss_relics":[],"items_purged_floors":[],"is_endless":false,"potions_floor_spawned":[10,13],"killed_by":"The Guardian","ascension_level":2}}