{"host":"6wux4armhsntp4yb","time":1611041524,"event":{"mods":["BaseMod","Colored Map","DeckTracker","Minty Spire (QoL Compilation)","Relic Stats"],"gold_per_floor":[19,19,35,35,49,90,90,131,131,175,36,36,1,24,24,120,120,135,85,0,0,0,0,0],"floor_reached":23,"language":"JPN","playtime":1076,"items_purged":["Strike_G","Strike_G"],"score":460,"play_id":"3c61dde8-2fc3-4752-b7fa-8f19ddface4c","local_time":"20210119163204","is_ascension_mode":true,"campfire_choices":[{"data":"Neutralize","floor":7.0,"key":"SMITH"},{"data":"Accuracy","floor":12.0,"key":"SMITH"},{"data":"Dash","floor":15.0,"key":"SMITH"}],"circlet_count":0,"master_deck":["AscendersBane","Strike_G","Strike_G","Defend_G","Defend_G","Defend_G","Defend_G","Defend_G","Survivor","Neutralize+1","Slice","Infinite Blades","Slice","Dash+1","Die Die Die","Accuracy+1","PiercingWail","Tools of the Trade","Noxious Fumes"],"relics":["Ring of the Snake","Incense Burner","Golden Idol","FaceOfCleric","Bottled Tornado","StrikeDummy","Mercury Hourglass","Smiling Mask","Cursed Key","Darkstone Periapt"],"acts_visited":["Exordium","TheCity"],"potions_floor_usage":[23,23],"damage_taken":[{"damage":0.0,"enemies":"Jaw Worm","floor":1.0,"turns":6.0},{"damage":1.0,"enemies":"2 Louse","floor":3.0,"turns":3.0},{"damage":0.0,"enemies":"Cultist","floor":5.0,"turns":5.0},{"damage":24.0,"enemies":"3 Sentries","floor":6.0,"turns":10.0},{"damage":20.0,"enemies":"Gremlin Nob","floor":8.0,"turns":4.0},{"damage":0.0,"enemies":"3 Sentries","floor":10.0,"turns":6.0},{"damage":1.0,"enemies":"Looter","floor":14.0,"turns":4.0},{"damage":20.0,"enemies":"Slime Boss","floor":16.0,"turns":6.0},{"damage":13.0,"enemies":"Spheric Guardian","floor":18.0,"turns":5.0},{"damage":49,"enemies":"Slavers","floor":23,"turns":4}],"seed_played":"-7945159795316013620","potions_obtained":[{"floor":6.0,"key":"BlessingOfTheForge"},{"floor":8.0,"key":"SteroidPotion"},{"floor":10.0,"key":"LiquidBronze"},{"floor":18.0,"key":"SneckoOil"}],"is_trial":false,"path_per_floor":["M","?","M","?","M","E","R","E","T","E","$","R","?","M","R","B",null,"M","$","?","$","?","E"],"character_chosen":"THE_SILENT","items_purchased":["Accuracy"],"campfire_rested":0,"item_purchase_floors":[11],"current_hp_per_floor":[59,59,58,58,59,36,36,17,17,18,18,18,34,34,34,15,53,41,41,41,41,41,0,0],"gold":0,"neow_bonus":"ONE_RARE_RELIC","is_daily":false,"chose_seed":false,"campfire_upgraded":3,"win_rate":0.0,"timestamp":1611041524,"path_taken":["M","?","M","?","?","E","R","E","T","E","$","R","?","M","R","BOSS","M","$","?","$","?","E"],"items_purchased_type":["Card"],"build_version":"2020-12-22","purchased_purges":2,"victory":false,"max_hp_per_floor":[66,60,60,60,61,62,62,63,63,64,64,64,64,65,65,66,66,67,67,67,67,67,67,67],"relic_stats":{"Darkstone Periapt":0,"FaceOfCleric":7,"counters":[10,51],"Golden Idol":58,"Smiling Mask":75,"Cursed Key":0,"obtain_stats":[{"Darkstone Periapt":20,"FaceOfCleric":4,"Golden Idol":2,"Incense Burner":0,"Bottled Tornado":6,"StrikeDummy":8,"Smiling Mask":10,"Cursed Key":17,"Ring of the Snake":0,"Mercury Hourglass":9},{"Darkstone Periapt":9,"FaceOfCleric":2,"Golden Idol":1,"Incense Burner":0,"Bottled Tornado":4,"StrikeDummy":5,"Smiling Mask":6,"Cursed Key":8,"Ring of the Snake":0,"Mercury Hourglass":5},{"Darkstone Periapt":47,"FaceOfCleric":9,"Golden Idol":6,"Incense Burner":0,"Bottled Tornado":24,"StrikeDummy":28,"Smiling Mask":33,"Cursed Key":42,"Ring of the Snake":0,"Mercury Hourglass":28}],"Ring of the Snake":[20],"Mercury Hourglass":[104]},"card_choices":[{"not_picked":["Deadly Poison","Reflex"],"picked":"Slice","floor":1.0},{"not_picked":["Poisoned Stab","Cloak And Dagger"],"picked":"Infinite Blades","floor":3.0},{"not_picked":["Quick Slash","Outmaneuver"],"picked":"Slice","floor":5.0},{"not_picked":["Backstab","Infinite Blades"],"picked":"Dash","floor":6.0},{"not_picked":["Blur","Outmaneuver"],"picked":"Die Die Die","floor":8.0},{"not_picked":["Bane","Underhanded Strike","Flechettes"],"picked":"SKIP","floor":10.0},{"not_picked":["Slice","Dodge and Roll"],"picked":"PiercingWail","floor":14.0},{"not_picked":["Venomology","Envenom"],"picked":"Tools of the Trade","floor":16.0},{"not_picked":["Slice","Deadly Poison"],"picked":"Noxious Fumes","floor":18.0}],"player_experience":5808288,"relics_obtained":[{"floor":6.0,"key":"Bottled Tornado"},{"floor":8.0,"key":"StrikeDummy"},{"floor":9.0,"key":"Mercury Hourglass"},{"floor":10.0,"key":"Smiling Mask"}],"event_choices":[{"damage_healed":0.0,"max_hp_gain":0.0,"max_hp_loss":6.0,"gold_gain":0.0,"event_name":"Golden Idol","player_choice":"Lose Max HP","floor":2.0,"gold_loss":0.0,"damage_taken":0.0,"relics_obtained":["Golden Idol"]},{"damage_healed":0.0,"max_hp_gain":0.0,"max_hp_loss":0.0,"gold_gain":0.0,"event_name":"FaceTrader","player_choice":"Trade","floor":4.0,"gold_loss":0.0,"damage_taken":0.0,"relics_obtained":["FaceOfCleric"]},{"damage_healed":16.0,"max_hp_gain":0.0,"max_hp_loss":0.0,"gold_gain":0.0,"event_name":"The Cleric","player_choice":"Healed","floor":13.0,"gold_loss":35.0,"damage_taken":0.0},{"damage_healed":0.0,"max_hp_gain":0.0,"max_hp_loss":0.0,"gold_gain":0.0,"event_name":"Addict","player_choice":"Obtained Relic","floor":20.0,"gold_loss":85.0,"damage_taken":0.0,"relics_obtained":["Darkstone Periapt"]},{"cards_removed":["Strike_G"],"damage_healed":0.0,"max_hp_gain":0.0,"max_hp_loss":0.0,"gold_gain":0.0,"event_name":"Purifier","player_choice":"Purged","floor":22.0,"gold_loss":0.0,"damage_taken":0.0}],"is_beta":false,"boss_relics":[{"not_picked":["Coffee Dripper","Ring of the Serpent"],"picked":"Cursed Key"}],"items_purged_floors":[11,19],"is_endless":false,"potions_floor_spawned":[6,8,10,18],"killed_by":"Slavers","ascension_level":20}}