{"host":"uc9rcmnrswh1l0kc","time":1611036362,"event":{"mods":["2.2 Compatiblity","A Magickal Journey","Aspiration","BaseMod","Bestiary","Better Altar","Better Third Choice","BetterRewards","Block Reminder","Colorless Booster Pack","Conspire","Curses Come First","Custom Start","Defective Defect","Defuse TimeMaze Blight","Displayed Cursed Tome","Ekko","Energized Spire","Evolution","Fox Events","GifTheSpireLib","Good Game Mod","Infinite Spire","Ironclad Rager","Marked Mod","Minty Spire (QoL Compilation)","Poor People Problems","Prisma Mod","Rare Cards Sparkle","Red Circlet Mod","Relic Stats","Replay The Spire","Ryuuou??","SacredBarkPlus","Shop Mod","Spicy Shops","StS++","StSLib","Stuff the Spire","The Blackbeard","The Bladedancer","The Blue Laboratory","The Cursed","The Death Knight","The Edgeheg","The Necromancer","Uncapped","Useless Jewels Mod","Watcher Patcher","everything is the same but u backflip on backflip","vexMod"],"gold_per_floor":[113,130,130,130,305,305,336,356,356,356,389,406,419,38,38,141,141,153,166,182,382,395,425,425,440,465,475,475,509,509,528,528,633,633,648,668,686,701,701,735,735,752,752,752,752,772,788,788,788,885,885,893,899,903,946,938,923,923],"floor_reached":57,"language":"ENG","playtime":2455,"items_purged":["Regret","Doubt"],"score":846,"play_id":"ac17df30-89b0-428a-9058-0398a834f865","local_time":"20210119010602","is_ascension_mode":false,"campfire_choices":[{"data":"Summon_Undead","floor":6,"key":"SMITH"},{"data":"Acid_Javelin","floor":10,"key":"SMITH"},{"data":"Negative_Energy_Arrows","floor":10,"key":"SMITH"},{"floor":15,"key":"REST"},{"data":"Summon_Vampire_Lady","floor":24,"key":"SMITH"},{"data":"Summon_Vampire_Lady","floor":24,"key":"SMITH"},{"data":"Summon_Death_Knight","floor":28,"key":"SMITH"},{"data":"Summon_Death_Knight","floor":28,"key":"SMITH"},{"data":"Cloudkill","floor":32,"key":"SMITH"},{"data":"Uncharnel","floor":32,"key":"SMITH"},{"data":"Summon_Death_Knight","floor":41,"key":"SMITH"},{"data":"infinitespire:TheBestDefense","floor":41,"key":"SMITH"},{"floor":44,"key":"REST"}],"circlet_count":0,"master_deck":["Strike_W","Strike_W","Strike_W","Strike_W","Defend_W","Defend_W","Defend_W","Defend_W","Negative_Energy_Arrows+1","Bone_Wall","blademaster:Strike","Spectral_Walk","Summon_Undead+1","Acid_Javelin+1","Summon_Vampire_Lady+1","StuffTheSpire:ReptileScales","Pandemic","Negative_Energy_Javelin","Requiem+1","Acid_Javelin","Necrotic_Claws","Siphon_Strength","Detonate_Bones","Skeleton_Dragon","Grasp_Heart","Blood_Wake","Summon_Vampire_Lady+1","Hellfire","Reap_The_Weak","Summon_Death_Knight+1","Blood_Magic","Cloudkill+1","Requiem","Flash of Steel","Finesse","Spectral_Walk","Bone_Bullets","Summon_Death_Knight+1","Necrotic_Claws","Uncharnel+1","Bone_Shift+1","Summon_Death_Knight+1","Negative_Energy_Javelin","Acid_Javelin+1","Summon_Undead_Army+1","Negative_Energy_Mist+1","infinitespire:FutureSight","infinitespire:NeuralNetwork","infinitespire:TheBestDefense+1","Uncharnel+1","Uncharnel","Cloudkill","Spectral_Armor","Violent_Necrosis+1","Stop_Heart+1","Skeleton_Dragon","Necrotic_Claws","Consume_Illness","Summon_Death_Knight"],"relics":["Vampire_Amulet","EVO:Axolotl","REME:ComplimentaryCards","vexMod:RedPlottingStone","StuffTheSpire:RedRose","Replay:Arrowhead","conspire:Dentures","Omamori","TungstenRod","vexMod:TanglingVine","StSpp:CrystalBall","StSpp:BrokenTotem","Smiling Mask","vexMod:MemoryStick","Dream Catcher","conspire:Boomerang","vexMod:CursedCompass","Blue Candle","Ancient Tea Set","Singing Bowl","ReplayTheSpireMod:Ring of Collecting","Ring of Searing","Runic Dome","Replay:Ringing Soul"],"acts_visited":["Exordium","TheCity","TheBeyond","Exordium"],"potions_floor_usage":[11,16,23,33,50,57,57],"damage_taken":[{"damage":0,"enemies":"2 Louse","floor":1,"turns":3},{"damage":1,"enemies":"conspire:RoseBush","floor":2,"turns":4},{"damage":30,"enemies":"Gremlin Nob","floor":7,"turns":5},{"damage":10,"enemies":"Cultist","floor":8,"turns":4},{"damage":32,"enemies":"3 Sentries","floor":11,"turns":7},{"damage":7,"enemies":"Blue Slaver","floor":12,"turns":4},{"damage":7,"enemies":"Lots of Slimes","floor":13,"turns":4},{"damage":38,"enemies":"The Guardian","floor":16,"turns":10},{"damage":1,"enemies":"conspire:FuzzyDice","floor":18,"turns":5},{"damage":13,"enemies":"Spheric Guardian","floor":19,"turns":4},{"damage":29,"enemies":"3 Cultists","floor":20,"turns":5},{"damage":15,"enemies":"Cultist and Chosen","floor":22,"turns":6},{"damage":31,"enemies":"Gremlin Leader","floor":23,"turns":6},{"damage":20,"enemies":"Snecko","floor":25,"turns":4},{"damage":31,"enemies":"3 Cultists","floor":27,"turns":6},{"damage":14,"enemies":"conspire:SneckoGhost","floor":29,"turns":5},{"damage":28,"enemies":"Centurion and Healer","floor":31,"turns":4},{"damage":56,"enemies":"Champ","floor":33,"turns":9},{"damage":25,"enemies":"3 Darklings","floor":35,"turns":5},{"damage":13,"enemies":"Orb Walker","floor":36,"turns":3},{"damage":5,"enemies":"4 Shapes","floor":37,"turns":4},{"damage":19,"enemies":"Writhing Mass","floor":38,"turns":7},{"damage":85,"enemies":"Nightmare","floor":40,"turns":6},{"damage":1,"enemies":"Transient","floor":42,"turns":5},{"damage":34,"enemies":"3 Darklings","floor":46,"turns":4},{"damage":19,"enemies":"4 Shapes","floor":47,"turns":4},{"damage":165,"enemies":"conspire:OrnateMirror","floor":50,"turns":7},{"damage":16,"enemies":"2 Louse","floor":52,"turns":2},{"damage":14,"enemies":"Jaw Worm","floor":53,"turns":2},{"damage":4,"enemies":"Cultist","floor":54,"turns":2},{"damage":0,"enemies":"Large Slime","floor":56,"turns":4},{"damage":59,"enemies":"Nightmare","floor":57,"turns":3}],"seed_played":"8504887513224866200","potions_obtained":[{"floor":7,"key":"blueLaboratory:LouseDecoction"},{"floor":8,"key":"AttackPotion"},{"floor":12,"key":"blueLaboratory:HummingbirdPotion"},{"floor":16,"key":"blueLaboratory:HummingbirdPotion"},{"floor":18,"key":"Ancient Potion"},{"floor":19,"key":"blueLaboratory:FrostheartPotion"},{"floor":29,"key":"blueLaboratory:ForbiddenFruitJuice"},{"floor":35,"key":"blueLaboratory:BottleOfRum"},{"floor":40,"key":"blueLaboratory:AbyssPotion"},{"floor":50,"key":"Venom Potion"},{"floor":52,"key":"Dexterity Potion"},{"floor":56,"key":"AttackPotion"}],"is_trial":false,"path_per_floor":["M","M","?","?","?","R","E","M","T","R","E","M","M","$","R","B",null,"M","M","M","AVR","M","E","R","M","T","M","R","E","?","M","R","B",null,"M","M","M","M","AVR","NM","R","M","T","R","?","M","M","?","R","B",null,"M","M","M","?","M","NM"],"character_chosen":"NECROMANCER","items_purchased":["TungstenRod"],"campfire_rested":2,"item_purchase_floors":[14],"current_hp_per_floor":[75,75,68,68,68,68,40,41,41,41,15,13,16,16,38,14,75,75,74,62,82,81,77,77,71,71,58,58,49,95,71,71,44,95,81,76,94,92,92,36,36,49,49,77,79,59,69,69,97,11,87,74,67,70,40,56,0,0],"gold":923,"neow_bonus":"ONE_RARE_RELIC","is_daily":false,"chose_seed":false,"campfire_upgraded":11,"win_rate":0.0,"timestamp":1611036362,"path_taken":["M","M","?","?","?","R","E","M","T","R","E","M","M","?","R","BOSS","M","?","M","AVR","M","E","R","M","T","M","R","E","?","M","R","BOSS","M","?","M","M","AVR","NM","R","M","T","R","?","M","M","?","R","BOSS","M","M","M","?","M","NM"],"items_purchased_type":["Relic"],"build_version":"2020-12-22","purchased_purges":2,"victory":false,"max_hp_per_floor":[75,75,75,75,75,75,75,75,75,75,75,75,75,75,75,75,75,75,75,75,85,85,85,85,85,85,85,85,85,95,95,95,95,95,95,95,95,95,95,95,95,95,95,95,97,97,97,97,97,87,87,87,89,91,96,99,99,99],"relic_stats":{"Dream Catcher":2,"Singing Bowl":8,"counters":[32,153],"Blue Candle":[0],"Smiling Mask":0,"obtain_stats":[{"conspire:Dentures":9,"vexMod:MemoryStick":23,"Singing Bowl":43,"Blue Candle":39,"Omamori":11,"conspire:Boomerang":29,"EVO:Axolotl":0,"vexMod:TanglingVine":17,"Smiling Mask":21,"Ancient Tea Set":40,"Replay:Arrowhead":7,"StSpp:CrystalBall":21,"Ring of Searing":48,"Runic Dome":51,"Replay:Ringing Soul":55,"REME:ComplimentaryCards":0,"Dream Catcher":26,"vexMod:RedPlottingStone":0,"ReplayTheSpireMod:Ring of Collecting":48,"StSpp:BrokenTotem":21,"Vampire_Amulet":0,"vexMod:CursedCompass":34,"StuffTheSpire:RedRose":4,"TungstenRod":14},{"conspire:Dentures":4,"vexMod:MemoryStick":13,"Singing Bowl":24,"Blue Candle":22,"Omamori":5,"conspire:Boomerang":16,"EVO:Axolotl":0,"vexMod:TanglingVine":8,"Smiling Mask":11,"Ancient Tea Set":23,"Replay:Arrowhead":3,"StSpp:CrystalBall":11,"Ring of Searing":26,"Runic Dome":27,"Replay:Ringing Soul":30,"REME:ComplimentaryCards":0,"Dream Catcher":14,"vexMod:RedPlottingStone":0,"ReplayTheSpireMod:Ring of Collecting":26,"StSpp:BrokenTotem":11,"Vampire_Amulet":0,"vexMod:CursedCompass":18,"StuffTheSpire:RedRose":2,"TungstenRod":7},{"conspire:Dentures":16,"vexMod:MemoryStick":67,"Singing Bowl":125,"Blue Candle":114,"Omamori":23,"conspire:Boomerang":82,"EVO:Axolotl":0,"vexMod:TanglingVine":41,"Smiling Mask":55,"Ancient Tea Set":120,"Replay:Arrowhead":12,"StSpp:CrystalBall":55,"Ring of Searing":133,"Runic Dome":140,"Replay:Ringing Soul":146,"REME:ComplimentaryCards":0,"Dream Catcher":71,"vexMod:RedPlottingStone":0,"ReplayTheSpireMod:Ring of Collecting":133,"StSpp:BrokenTotem":55,"Vampire_Amulet":0,"vexMod:CursedCompass":95,"StuffTheSpire:RedRose":7,"TungstenRod":31}],"TungstenRod":113},"card_choices":[{"not_picked":["Necromantic_Selection","Chill_Blood"],"picked":"Spectral_Walk","floor":1},{"not_picked":["Blood_Whip","Chill_Blood"],"picked":"Summon_Undead","floor":2},{"not_picked":["Cloudkill","Epidemic","Death_Coil"],"picked":"SKIP","floor":7},{"not_picked":["Cloudkill","Epidemic","Death_Coil"],"picked":"SKIP","floor":7},{"not_picked":["Chill_Blood","Bone_Armor"],"picked":"Acid_Javelin","floor":8},{"not_picked":["Chill_Blood","Finger_Of_Death"],"picked":"Summon_Vampire_Lady","floor":11},{"not_picked":["Bone_Spikes","Death_Coil"],"picked":"Pandemic","floor":12},{"not_picked":["Blood_Whip","Death_Coil"],"picked":"Negative_Energy_Javelin","floor":13},{"not_picked":["Negative_Energy_Bomb","Detonate_Bones"],"picked":"Requiem","floor":16},{"not_picked":["Toxic_Smoke_Screen","Scare"],"picked":"Acid_Javelin","floor":18},{"not_picked":["Bone_Armor+1","Blood_Whip"],"picked":"Necrotic_Claws","floor":19},{"not_picked":["Vampiric_Strike","Life_Tap"],"picked":"Siphon_Strength","floor":20},{"not_picked":["Whirlwind_of_Bones","Death_March_Dance"],"picked":"Spectral_Walk","floor":22},{"not_picked":["Bones_to_Steel","Negative_Energy_Sphere"],"picked":"Bone_Bullets","floor":23},{"not_picked":["Vampiric_Strike+1","Negative_Energy_Shield"],"picked":"Summon_Death_Knight","floor":25},{"not_picked":["Bone_Shift","Flesh_Made_Foul"],"picked":"Necrotic_Claws","floor":27},{"not_picked":["Chill_Blood","Death_March_Dance"],"picked":"Uncharnel","floor":29},{"not_picked":["Negative_Energy_Sphere","Vampiric_Strike+1"],"picked":"Bone_Shift+1","floor":31},{"not_picked":["Cloudkill","Grasp_Heart"],"picked":"Summon_Death_Knight","floor":33},{"not_picked":["Blood_Curse","Blood_Whip"],"picked":"Negative_Energy_Javelin","floor":35},{"not_picked":["Scare","Bone_Shift"],"picked":"Acid_Javelin+1","floor":36},{"not_picked":["Bone_Shift","Blood_Is_Power"],"picked":"Summon_Undead_Army+1","floor":37},{"not_picked":["Death_Knell","Blood_for_Blood+1"],"picked":"Negative_Energy_Mist+1","floor":38},{"not_picked":["infinitespire:FinalStrike","Replay:Fractal Strike"],"picked":"infinitespire:TheBestDefense","floor":40},{"not_picked":["Death_Coil","Necromantic_Selection+1"],"picked":"Uncharnel+1","floor":40},{"not_picked":["Blood_for_Blood+1","Bone_Spikes+1"],"picked":"Uncharnel","floor":42},{"not_picked":["Bone_Armor+1","Negative_Energy_Mist"],"picked":"Cloudkill","floor":44},{"not_picked":["Mind Blast","StSpp:MindBarrier","CBP: BitesTheDust"],"picked":"Singing Bowl","floor":45},{"not_picked":["Bone_Bullets","Negative_Energy_Sphere"],"picked":"Spectral_Armor","floor":46},{"not_picked":["Negative_Energy_Sphere+1","Finger_Of_Death+1"],"picked":"Violent_Necrosis+1","floor":47},{"not_picked":["Negative_Energy_Shield+1","Blood_Curse+1"],"picked":"Stop_Heart+1","floor":49},{"not_picked":["Hellfire","Cloudkill"],"picked":"Skeleton_Dragon","floor":50},{"not_picked":["Deaths_Shadow","Whirlwind_of_Bones"],"picked":"Necrotic_Claws","floor":52},{"not_picked":["Blood_Curse","Thousand_Bone_Knives","Blood_Shield"],"picked":"Singing Bowl","floor":53},{"not_picked":["Negative_Energy_Javelin","Shackles_Of_Pain","Negative_Energy_Shield"],"picked":"Singing Bowl","floor":54},{"not_picked":["Death_March_Dance","Bones_to_Steel"],"picked":"Consume_Illness","floor":55},{"not_picked":["Vampiric_Strike","Negative_Energy_Javelin","Finger_Of_Death"],"picked":"Singing Bowl","floor":55},{"not_picked":["Bones_to_Steel","Chill_Blood"],"picked":"Summon_Death_Knight","floor":56}],"player_experience":470979,"relics_obtained":[{"floor":7,"key":"Replay:Arrowhead"},{"floor":9,"key":"conspire:Dentures"},{"floor":11,"key":"Omamori"},{"floor":23,"key":"vexMod:MemoryStick"},{"floor":26,"key":"Dream Catcher"},{"floor":29,"key":"conspire:Boomerang"},{"floor":40,"key":"Ancient Tea Set"},{"floor":43,"key":"Singing Bowl"},{"floor":48,"key":"ReplayTheSpireMod:Ring of Collecting"},{"floor":48,"key":"Ring of Searing"},{"floor":55,"key":"Replay:Ringing Soul"}],"event_choices":[{"cards_removed":["ICR:CraneWing"],"damage_healed":0,"gold_gain":0,"player_choice":"Card Removal","damage_taken":7,"max_hp_gain":0,"max_hp_loss":0,"event_name":"Golden Wing","floor":3,"gold_loss":0},{"damage_healed":0,"gold_gain":175,"player_choice":"AGREE","damage_taken":130,"max_hp_gain":0,"max_hp_loss":0,"event_name":"betterThird:BetterSerpent","floor":5,"gold_loss":0},{"cards_removed":["Negative_Energy_Bomb"],"damage_healed":36,"gold_gain":0,"player_choice":"Offered Rare","damage_taken":0,"max_hp_gain":10,"max_hp_loss":0,"event_name":"Bonfire Elementals","floor":30,"gold_loss":0},{"damage_healed":0,"gold_gain":0,"player_choice":"Memory 1","damage_taken":0,"max_hp_gain":0,"max_hp_loss":0,"event_name":"SensoryStone","floor":45,"gold_loss":0}],"is_beta":false,"boss_relics":[{"not_picked":["vexMod:FluxCapacitor","Snecko Heart"],"picked":"vexMod:TanglingVine"},{"not_picked":["Astrolabe","StSpp:FireArrow"],"picked":"vexMod:CursedCompass"},{"not_picked":["conspire:SpecialSausage","aspiration:SilentSkillbook"],"picked":"Runic Dome"}],"items_purged_floors":[14,21],"is_endless":true,"potions_floor_spawned":[7,8,12,16,18,19,22,29,35,36,40,46,50,52,56],"killed_by":"Nightmare","ascension_level":0}}