{"host":"3xls0xm49ftugio7","time":1611053895,"event":{"mods":["2.2 Compatiblity","AchievementEnabler","Act Like it!","BaseMod","Colored Powertips","Downfall","GifTheSpireLib","Minty Spire (QoL Compilation)","Quick Restart","Relic Stats","StSLib"],"gold_per_floor":[0,10,10,26,126,126,150,168,180,192,192,192,217,234,246,349,349,349,349,366,199,199,199,274,274,284,284,42,76,76,109,119,220,220,220,240,259,273,8,8,8,8,26,60,60,60,60,60,78,78,78],"floor_reached":50,"language":"ENG","playtime":3081,"items_purged":["Clumsy","Pride"],"score":719,"play_id":"dbce091c-3939-4d77-9063-f3892d14b79b","local_time":"20210119125815","is_ascension_mode":true,"campfire_choices":[{"data":"Magnetism","floor":1.0,"key":"SMITH"},{"floor":6.0,"key":"REST"},{"floor":11.0,"key":"REST"},{"floor":27.0,"key":"REST"},{"data":"RitualDagger","floor":30.0,"key":"SMITH"},{"data":"Mayhem","floor":35.0,"key":"SMITH"},{"floor":40,"key":"REST"},{"floor":42,"key":"REST"},{"floor":46,"key":"REST"},{"floor":47,"key":"REST"}],"circlet_count":0,"master_deck":["sneckomod:Strike","sneckomod:Defend","sneckomod:Defend","sneckomod:Defend","sneckomod:TailWhip+1","sneckomod:SnekBite","sneckomod:Unknown","sneckomod:Unknown","Magnetism+1","sneckomod:Unknown1Cost","sneckomod:UnknownVulnerable","sneckomod:UnknownDraw","sneckomod:Unknown1Cost","sneckomod:SerpentIdol+1","sneckomod:Restock","sneckomod:WideSting","sneckomod:UnknownUncommonPower","sneckomod:SlitherStrike","sneckomod:UnknownDexterity","Mayhem+1","sneckomod:UnknownVulnerable+1","sneckomod:QuickBite+1","sneckomod:QuickMove+1","sneckomod:Unknown0Cost","RitualDagger+1","sneckomod:UnknownStrike+1","sneckomod:UnknownRarePower","sneckomod:UnknownCommonAttack","sneckomod:Rotation+1","sneckomod:UnknownWeak","sneckomod:UnknownRarePower","Reaper","sneckomod:SerpentIdol+1","sneckomod:UnknownBlock","sneckomod:UnknownCommonSkill+1","sneckomod:ImprovisedGuard+1","sneckomod:Unknown1Cost","sneckomod:WideSting+1","sneckomod:IronFang","expansioncontent:GuardianWhirl","Parasite","sneckomod:SoulDraw","sneckomod:SerpentIdol","sneckomod:Unknown3Cost","expansioncontent:GuardianWhirl+1","Madness+1","Madness+1","sneckomod:UnknownStrength+1"],"relics":["sneckomod:SuperSneckoSoul","Anchor","Prayer Wheel","expansioncontent:StudyCardRelic","Pantograph","Shuriken","Membership Card","sneckomod:BlankCard","Centennial Puzzle","Nunchaku","StoneCalendar","Molten Egg 2","Akabeko"],"acts_visited":["Exordium","TheCity","TheBeyond"],"potions_floor_usage":[39,50,50],"damage_taken":[{"damage":7.0,"enemies":"Jaw Worm","floor":2.0,"turns":3.0},{"damage":9.0,"enemies":"2 Louse","floor":4.0,"turns":3.0},{"damage":41.0,"enemies":"downfall:Heads","floor":5.0,"turns":5.0},{"damage":0.0,"enemies":"Cultist","floor":8.0,"turns":3.0},{"damage":16.0,"enemies":"Exordium Thugs","floor":9.0,"turns":6.0},{"damage":6.0,"enemies":"Lots of Slimes","floor":10.0,"turns":4.0},{"damage":13.0,"enemies":"Gremlin Nob","floor":13.0,"turns":3.0},{"damage":0.0,"enemies":"Blue Slaver","floor":14.0,"turns":3.0},{"damage":3.0,"enemies":"3 Louse","floor":15.0,"turns":4.0},{"damage":21.0,"enemies":"DF_ARCHETYPE_STREAMLINE","floor":16.0,"turns":11.0},{"damage":5.0,"enemies":"Shell Parasite","floor":20.0,"turns":5.0},{"damage":0.0,"enemies":"downfall:FleeingMerchant","floor":21.0,"turns":4.0},{"damage":1.0,"enemies":"Snecko","floor":26.0,"turns":3.0},{"damage":0.0,"enemies":"downfall:FleeingMerchant","floor":28.0,"turns":4.0},{"damage":8.0,"enemies":"Book of Stabbing","floor":29.0,"turns":6.0},{"damage":12.0,"enemies":"Slavers","floor":31.0,"turns":4.0},{"damage":0.0,"enemies":"Sentry and Sphere","floor":32.0,"turns":2.0},{"damage":44.0,"enemies":"SI_MIRROR_ARCHETYPE","floor":33.0,"turns":7.0},{"damage":18.0,"enemies":"Orb Walker","floor":36.0,"turns":4.0},{"damage":36,"enemies":"3 Darklings","floor":37,"turns":4},{"damage":30,"enemies":"4 Shapes","floor":38,"turns":5},{"damage":5,"enemies":"downfall:FleeingMerchant","floor":39,"turns":4},{"damage":19,"enemies":"Writhing Mass","floor":43,"turns":6},{"damage":60,"enemies":"Giant Head","floor":44,"turns":7},{"damage":0,"enemies":"Jaw Worm Horde","floor":49,"turns":1},{"damage":316,"enemies":"IC_BLOCK_ARCHETYPE","floor":50,"turns":7}],"seed_played":"-3838869426550981493","potions_obtained":[{"floor":2.0,"key":"sneckomod:DiceRollPotion"},{"floor":10.0,"key":"ColorlessPotion"},{"floor":13.0,"key":"Fire Potion"},{"floor":14.0,"key":"sneckomod:DiceRollPotion"},{"floor":19.0,"key":"downfall:CursedFountainPotion"},{"floor":31.0,"key":"SneckoOil"},{"floor":32.0,"key":"Weak Potion"},{"floor":33.0,"key":"FearPotion"},{"floor":43,"key":"Fruit Juice"}],"is_trial":false,"path_per_floor":["R","M","?","M","?","R","T","M","M","M","R","?","E","M","M","B",null,"R","?","M","$","?","?","T","?","M","R","$","E","R","E","M","B",null,"R","M","M","M","$","R","T","R","M","E","?","R","R","T","M","B"],"character_chosen":"THE_SNECKO","items_purchased":["sneckomod:Unknown0Cost","Membership Card","sneckomod:BlankCard","StoneCalendar","expansioncontent:GuardianWhirl"],"campfire_rested":7,"item_purchase_floors":[21,28,28,39,39],"current_hp_per_floor":[90,83,88,79,38,66,66,66,50,44,72,72,59,59,56,35,80,80,80,78,78,72,52,52,52,51,81,81,73,73,61,61,42,88,88,77,51,34,36,66,66,96,86,32,32,62,92,92,92,0,0],"gold":78,"neow_bonus":"RANDOM_COLORLESS_2","is_daily":false,"chose_seed":false,"campfire_upgraded":3,"win_rate":0.0,"timestamp":1611053895,"path_taken":["R","M","?","M","?","R","T","M","M","M","R","?","E","?","M","BOSS","R","?","?","$","?","?","T","?","M","R","?","E","R","E","M","BOSS","R","M","M","?","$","R","T","R","?","E","?","R","R","?","M","BOSS"],"items_purchased_type":["Card","Relic","Relic","Relic","Card"],"build_version":"2020-12-22","purchased_purges":2,"victory":false,"max_hp_per_floor":[90,90,95,95,95,95,95,95,95,95,95,95,95,95,95,95,95,95,95,98,98,98,103,103,103,103,103,103,103,103,103,103,103,103,103,103,103,103,103,103,103,103,103,103,103,103,103,103,103,108,108],"relic_stats":{"Centennial Puzzle":[27],"Nunchaku":[10],"counters":[26,118],"Shuriken":[25],"Pantograph":36,"Prayer Wheel":10,"StoneCalendar":[101],"obtain_stats":[{"sneckomod:BlankCard":28,"StoneCalendar":39,"expansioncontent:StudyCardRelic":17,"sneckomod:SneckoSoul":0,"Akabeko":44,"sneckomod:SuperSneckoSoul":34,"Anchor":7,"Centennial Puzzle":29,"Nunchaku":31,"Shuriken":25,"Pantograph":24,"Prayer Wheel":13,"Molten Egg 2":41,"Membership Card":28},{"sneckomod:BlankCard":14,"StoneCalendar":22,"expansioncontent:StudyCardRelic":10,"sneckomod:SneckoSoul":0,"Akabeko":24,"sneckomod:SuperSneckoSoul":18,"Anchor":3,"Centennial Puzzle":15,"Nunchaku":16,"Shuriken":12,"Pantograph":12,"Prayer Wheel":7,"Molten Egg 2":22,"Membership Card":14},{"sneckomod:BlankCard":61,"StoneCalendar":97,"expansioncontent:StudyCardRelic":45,"sneckomod:SneckoSoul":0,"Akabeko":110,"sneckomod:SuperSneckoSoul":80,"Anchor":11,"Centennial Puzzle":67,"Nunchaku":71,"Shuriken":54,"Pantograph":54,"Prayer Wheel":27,"Molten Egg 2":97,"Membership Card":61}]},"card_choices":[{"not_picked":["Master of Strategy","Secret Technique"],"picked":"Magnetism","floor":0.0},{"not_picked":["sneckomod:SoulDraw","sneckomod:UnknownBlock"],"picked":"sneckomod:Unknown1Cost","floor":2.0},{"not_picked":["sneckomod:SoulDraw","sneckomod:DefensiveFlair"],"picked":"sneckomod:UnknownVulnerable","floor":4.0},{"not_picked":["sneckomod:CheapStock","sneckomod:DiceBlock"],"picked":"sneckomod:UnknownColorless","floor":5.0},{"not_picked":["sneckomod:DiceCrush","sneckomod:UnknownBlock"],"picked":"sneckomod:UnknownDraw","floor":8.0},{"not_picked":["sneckomod:UnknownCommonAttack","sneckomod:UnknownColorless"],"picked":"sneckomod:Unknown1Cost","floor":9.0},{"not_picked":["sneckomod:Unknown1Cost","sneckomod:DiceBlock"],"picked":"sneckomod:SerpentIdol","floor":10.0},{"not_picked":["sneckomod:GlitteringGambit","sneckomod:Nope"],"picked":"sneckomod:Restock","floor":13.0},{"not_picked":["sneckomod:SoulRoll","sneckomod:IronFang"],"picked":"sneckomod:WideSting","floor":14.0},{"not_picked":["sneckomod:MasterEye","sneckomod:Nope"],"picked":"sneckomod:UnknownUncommonPower","floor":14.0},{"not_picked":["sneckomod:DiceBlock","sneckomod:UnknownDraw"],"picked":"sneckomod:SlitherStrike","floor":15.0},{"not_picked":["sneckomod:WideSting","sneckomod:Restock"],"picked":"sneckomod:UnknownDexterity","floor":15.0},{"not_picked":["sneckomod:Transmogrify","sneckomod:UnknownBoss"],"picked":"sneckomod:UnknownRareAttack","floor":16.0},{"not_picked":["sneckomod:UnknownCommonSkill","sneckomod:WideSting+1"],"picked":"sneckomod:UnknownVulnerable+1","floor":20.0},{"not_picked":["sneckomod:DiceBoulder","sneckomod:UnendingSupply"],"picked":"sneckomod:QuickBite+1","floor":20.0},{"not_picked":["sneckomod:UnknownCommonAttack","sneckomod:Unknown1Cost+1"],"picked":"sneckomod:QuickMove+1","floor":21.0},{"not_picked":["sneckomod:Restock","sneckomod:UnknownUncommonPower+1"],"picked":"sneckomod:UnknownStrike+1","floor":26.0},{"not_picked":["sneckomod:UnknownExhaust","sneckomod:UnknownBlock+1"],"picked":"sneckomod:UnknownUncommonAttack+1","floor":26.0},{"not_picked":["sneckomod:DiceBlock","sneckomod:UnknownBlock","sneckomod:DiceCrush"],"picked":"SKIP","floor":28.0},{"not_picked":["sneckomod:UnknownUncommonSkill","sneckomod:QuickMove+1"],"picked":"sneckomod:UnknownRarePower","floor":29.0},{"not_picked":["sneckomod:SoulDraw","sneckomod:RainOfDice"],"picked":"sneckomod:UnknownCommonAttack","floor":31.0},{"not_picked":["sneckomod:QuickMove+1","sneckomod:DiceBoulder"],"picked":"sneckomod:Rotation+1","floor":32.0},{"not_picked":["sneckomod:QuickMove","sneckomod:UnknownColorless"],"picked":"sneckomod:UnknownWeak","floor":32.0},{"not_picked":["sneckomod:DangerNoodle","sneckomod:Cheat"],"picked":"sneckomod:UnknownRarePower","floor":33.0},{"not_picked":["sneckomod:DiceCrush+1","sneckomod:DiceBlock"],"picked":"sneckomod:SerpentIdol+1","floor":36.0},{"not_picked":["sneckomod:UnknownCommonSkill","sneckomod:QuickMove"],"picked":"sneckomod:UnknownBlock","floor":36.0},{"not_picked":["sneckomod:MixItUp+1","sneckomod:DiceCrush+1"],"picked":"sneckomod:UnknownCommonSkill+1","floor":37},{"not_picked":["sneckomod:WideSting+1","sneckomod:UnendingSupply"],"picked":"sneckomod:ImprovisedGuard+1","floor":37},{"not_picked":["sneckomod:SoulCleanse+1","sneckomod:QuickMove"],"picked":"sneckomod:Unknown1Cost","floor":38},{"not_picked":["sneckomod:SoulDraw","sneckomod:SoulRoll+1"],"picked":"sneckomod:WideSting+1","floor":38},{"not_picked":["sneckomod:UnknownUncommonSkill","sneckomod:TrashToTreasure"],"picked":"sneckomod:IronFang","floor":39},{"not_picked":["sneckomod:UnknownX+1","sneckomod:QuickMove"],"picked":"sneckomod:SoulDraw","floor":43},{"not_picked":["sneckomod:IronFang+1","sneckomod:SoulDraw+1"],"picked":"sneckomod:SerpentIdol","floor":43},{"not_picked":["sneckomod:UnknownColorless","sneckomod:UnendingSupply+1"],"picked":"sneckomod:Unknown3Cost","floor":44},{"not_picked":["expansioncontent:PrepareCrush","expansioncontent:PolyBeam+1"],"picked":"expansioncontent:GuardianWhirl+1","floor":45},{"not_picked":["sneckomod:DefensiveFlair","sneckomod:QuickBite+1"],"picked":"sneckomod:UnknownStrength+1","floor":49},{"not_picked":["sneckomod:UnknownCommonSkill+1","sneckomod:UnknownX+1","sneckomod:Unknown1Cost"],"picked":"SKIP","floor":49}],"player_experience":916392,"relics_obtained":[{"floor":7.0,"key":"Anchor"},{"floor":13.0,"key":"Prayer Wheel"},{"floor":24.0,"key":"Pantograph"},{"floor":29.0,"key":"Centennial Puzzle"},{"floor":31.0,"key":"Nunchaku"},{"floor":41,"key":"Molten Egg 2"},{"floor":44,"key":"Akabeko"}],"event_choices":[{"damage_healed":0.0,"max_hp_gain":5.0,"max_hp_loss":0.0,"gold_gain":0.0,"event_name":"Big Fish","player_choice":"Donut","floor":3.0,"gold_loss":0.0,"damage_taken":0.0},{"damage_healed":0.0,"max_hp_gain":0.0,"max_hp_loss":0.0,"gold_gain":0.0,"event_name":"Addict","player_choice":"Stole Relic","floor":25.0,"gold_loss":0.0,"damage_taken":0.0,"relics_obtained":["Shuriken"],"cards_obtained":["Pride"]}],"is_beta":false,"boss_relics":[{"not_picked":["SlaversCollar","Coffee Dripper"],"picked":"expansioncontent:StudyCardRelic"},{"not_picked":["Empty Cage","Busted Crown"],"picked":"sneckomod:SuperSneckoSoul"}],"items_purged_floors":[21,39],"is_endless":false,"potions_floor_spawned":[2,10,13,14,29,31,32,33,36,43],"killed_by":"IC_BLOCK_ARCHETYPE","ascension_level":5}}