{"host":"og6lam4kt3nibbw0","time":1611082887,"event":{"mods":["AchievementEnabler","BaseMod","Colored Map","DeckTracker","Highlight Path","Keyboard Shortcuts","Minty Spire (QoL Compilation)","Permanent Neow","Quick Restart","StSLib","SuperFastMode"],"gold_per_floor":[112,124,139,159,177,177,45,45,98,98,117,117,134,134,134,206,206,224,224,298,315,365,365,379,379,379,379,7,7,107,124,124,199,199,215,262,262,31,45,45,79,160,160,160,160],"floor_reached":44,"language":"KOR","playtime":2338,"items_purged":["Defend_G","Strike_G","Strike_G"],"score":952,"play_id":"e2cd5aed-3d90-42f4-9639-375d967f2313","local_time":"20210120040127","is_ascension_mode":true,"campfire_choices":[{"data":"Prepared","floor":6.0,"key":"SMITH"},{"data":"Glass Knife","floor":10.0,"key":"SMITH"},{"data":"Calculated Gamble","floor":12.0,"key":"SMITH"},{"data":"Backflip","floor":15.0,"key":"SMITH"},{"floor":23.0,"key":"REST"},{"floor":25.0,"key":"REST"},{"floor":27.0,"key":"REST"},{"data":"Tactician","floor":29.0,"key":"SMITH"},{"floor":32,"key":"REST"},{"data":"Acrobatics","floor":40,"key":"SMITH"}],"circlet_count":0,"master_deck":["AscendersBane","Strike_G","Strike_G","Defend_G","Defend_G","Defend_G","Defend_G","Survivor","Neutralize","Grand Finale","Prepared+1","Glass Knife+1","Dagger Throw","Calculated Gamble+1","Backflip+1","Grand Finale","Tactician+1","Prepared","Acrobatics+1"],"relics":["Ring of the Serpent","Bag of Marbles","Black Star","Matryoshka","White Beast Statue","Paper Crane","Gremlin Horn","Incense Burner","Kunai","Ice Cream","Membership Card","Snake Skull","Meat on the Bone","Bag of Preparation","Molten Egg 2"],"acts_visited":["Exordium","TheCity","TheBeyond"],"potions_floor_usage":[31,33,33,36],"damage_taken":[{"damage":10.0,"enemies":"Cultist","floor":1.0,"turns":5.0},{"damage":7.0,"enemies":"2 Louse","floor":2.0,"turns":3.0},{"damage":3.0,"enemies":"Small Slimes","floor":3.0,"turns":5.0},{"damage":7.0,"enemies":"Exordium Wildlife","floor":4.0,"turns":6.0},{"damage":0.0,"enemies":"3 Louse","floor":5.0,"turns":2.0},{"damage":0.0,"enemies":"Blue Slaver","floor":11.0,"turns":1.0},{"damage":0.0,"enemies":"Looter","floor":13.0,"turns":1.0},{"damage":28.0,"enemies":"The Guardian","floor":16.0,"turns":5.0},{"damage":41.0,"enemies":"Shell Parasite","floor":18.0,"turns":7.0},{"damage":0.0,"enemies":"Chosen","floor":21.0,"turns":3.0},{"damage":19.0,"enemies":"Centurion and Healer","floor":24.0,"turns":5.0},{"damage":0.0,"enemies":"Colosseum Slavers","floor":30.0,"turns":1.0},{"damage":0.0,"enemies":"Colosseum Nobs","floor":30.0,"turns":2.0},{"damage":36,"enemies":"Snecko","floor":31,"turns":8},{"damage":20,"enemies":"Champ","floor":33,"turns":18},{"damage":0,"enemies":"Orb Walker","floor":35,"turns":2},{"damage":14,"enemies":"2 Orb Walkers","floor":36,"turns":5},{"damage":9,"enemies":"3 Darklings","floor":39,"turns":3},{"damage":0,"enemies":"Giant Head","floor":41,"turns":3},{"damage":23,"enemies":"Nemesis","floor":44,"turns":4}],"seed_played":"-7535502038474242148","potions_obtained":[{"floor":1.0,"key":"SteroidPotion"},{"floor":3.0,"key":"DistilledChaos"},{"floor":5.0,"key":"SpeedPotion"},{"floor":16.0,"key":"Poison Potion"},{"floor":18.0,"key":"DistilledChaos"},{"floor":21.0,"key":"BlessingOfTheForge"},{"floor":24.0,"key":"Dexterity Potion"},{"floor":30.0,"key":"AttackPotion"},{"floor":31,"key":"GamblersBrew"},{"floor":33,"key":"ColorlessPotion"},{"floor":35,"key":"SpeedPotion"},{"floor":36,"key":"Dexterity Potion"},{"floor":39,"key":"Block Potion"}],"is_trial":false,"path_per_floor":["M","M","M","M","M","R","$","?","T","R","M","R","M","?","R","B",null,"M","?","T","M","?","R","M","R","T","R","$","R","?","M","R","B",null,"M","?","?","$","M","R","E","T","T","E"],"character_chosen":"THE_SILENT","items_purchased":["Dagger Throw","Gremlin Horn","Membership Card"],"campfire_rested":4,"item_purchase_floors":[7,28,38],"current_hp_per_floor":[49,42,39,32,32,32,32,32,32,32,32,32,32,32,32,4,46,5,5,5,5,5,23,4,22,22,40,40,40,40,4,22,2,46,46,32,32,32,23,23,23,23,23,0,0],"gold":160,"neow_bonus":"THREE_RARE_CARDS","is_daily":false,"chose_seed":false,"campfire_upgraded":6,"win_rate":0.0,"timestamp":1611082887,"path_taken":["M","?","M","M","M","R","$","?","T","R","M","R","M","?","R","BOSS","M","?","?","M","?","R","M","R","T","R","?","R","?","?","R","BOSS","M","?","?","$","M","R","E","?","T","E"],"items_purchased_type":["Card","Relic","Relic"],"build_version":"2020-12-22","purchased_purges":3,"victory":false,"max_hp_per_floor":[60,60,60,60,60,60,60,60,60,60,60,60,60,60,60,60,60,60,60,60,60,60,60,60,60,60,60,60,60,60,60,60,60,60,60,60,57,57,57,57,57,57,57,57,57],"card_choices":[{"not_picked":["Malaise","Adrenaline"],"picked":"Grand Finale","floor":0.0},{"not_picked":["Catalyst","Flying Knee","Endless Agony"],"picked":"SKIP","floor":1.0},{"not_picked":["Sucker Punch","Outmaneuver","Flying Knee"],"picked":"SKIP","floor":2.0},{"not_picked":["Underhanded Strike","Endless Agony"],"picked":"Prepared","floor":3.0},{"not_picked":["Outmaneuver","Deadly Poison","Riddle With Holes"],"picked":"SKIP","floor":4.0},{"not_picked":["All Out Attack","Sucker Punch"],"picked":"Glass Knife","floor":5.0},{"not_picked":["PiercingWail","Dodge and Roll"],"picked":"Calculated Gamble","floor":11.0},{"not_picked":["Outmaneuver","Well Laid Plans"],"picked":"Backflip","floor":13.0},{"not_picked":["Burst","Envenom"],"picked":"Grand Finale","floor":16.0},{"not_picked":["Skewer","Cloak And Dagger"],"picked":"Tactician","floor":18.0},{"not_picked":["Leg Sweep","Choke","Underhanded Strike"],"picked":"SKIP","floor":21.0},{"not_picked":["Underhanded Strike","Poisoned Stab"],"picked":"Prepared","floor":24.0},{"not_picked":["Skewer+1","Infinite Blades"],"picked":"Acrobatics","floor":31},{"not_picked":["Cloak And Dagger+1","Footwork","Dagger Spray"],"picked":"SKIP","floor":35},{"not_picked":["PiercingWail","Backstab","Leg Sweep"],"picked":"SKIP","floor":39},{"not_picked":["Noxious Fumes","Dagger Spray","Dodge and Roll"],"picked":"SKIP","floor":41}],"player_experience":929629,"relics_obtained":[{"floor":9.0,"key":"Bag of Marbles"},{"floor":20.0,"key":"Matryoshka"},{"floor":26.0,"key":"White Beast Statue"},{"floor":26.0,"key":"Paper Crane"},{"floor":30.0,"key":"Incense Burner"},{"floor":30.0,"key":"Kunai"},{"floor":36,"key":"Ice Cream"},{"floor":41,"key":"Snake Skull"},{"floor":41,"key":"Meat on the Bone"},{"floor":42,"key":"Bag of Preparation"},{"floor":43,"key":"Molten Egg 2"}],"event_choices":[{"damage_healed":0.0,"max_hp_gain":0.0,"max_hp_loss":0.0,"gold_gain":0.0,"event_name":"Shining Light","player_choice":"Ignored","floor":8.0,"gold_loss":0.0,"damage_taken":0.0},{"cards_removed":["Strike_G"],"damage_healed":0.0,"max_hp_gain":0.0,"max_hp_loss":0.0,"gold_gain":0.0,"event_name":"Living Wall","player_choice":"Forget","floor":14.0,"gold_loss":0.0,"damage_taken":0.0},{"damage_healed":0.0,"max_hp_gain":0.0,"max_hp_loss":0.0,"gold_gain":0.0,"event_name":"Cursed Tome","player_choice":"Ignored","floor":19.0,"gold_loss":0.0,"damage_taken":0.0},{"damage_healed":0.0,"max_hp_gain":0.0,"max_hp_loss":0.0,"gold_gain":50.0,"event_name":"Nest","player_choice":"Stole From Cult","floor":22.0,"gold_loss":0.0,"damage_taken":0.0},{"damage_healed":0.0,"max_hp_gain":0.0,"max_hp_loss":0.0,"gold_gain":0.0,"event_name":"Colosseum","player_choice":"Fight","floor":30.0,"gold_loss":0.0,"damage_taken":0.0},{"damage_healed":0.0,"max_hp_gain":0.0,"max_hp_loss":0.0,"gold_gain":0.0,"event_name":"Colosseum","player_choice":"Fought Nobs","floor":30.0,"gold_loss":0.0,"damage_taken":0.0},{"damage_healed":0,"gold_gain":0,"player_choice":"Fight","damage_taken":0,"max_hp_gain":0,"max_hp_loss":0,"event_name":"Mysterious Sphere","floor":36,"gold_loss":0},{"damage_healed":0,"gold_gain":0,"player_choice":"Max HP","damage_taken":0,"max_hp_gain":0,"max_hp_loss":3,"event_name":"Winding Halls","floor":37,"gold_loss":0}],"is_beta":false,"boss_relics":[{"not_picked":["Snecko Eye","Sozu"],"picked":"Black Star"},{"not_picked":["Coffee Dripper","SacredBark"],"picked":"Ring of the Serpent"}],"items_purged_floors":[7,28,38],"is_endless":false,"potions_floor_spawned":[1,3,5,16,18,21,24,30,30,31,33,35,36,39,41],"killed_by":"Nemesis","ascension_level":20}}