{"host":"jexbkylv34f8xu3o","time":1611098591,"event":{"mods":["AchievementEnabler","BaseMod","Colored Map","Colored Powertips","GifTheSpireLib","Highlight Path","Minty Spire (QoL Compilation)","Quick Restart","StSLib"],"gold_per_floor":[115,129,129,140,156,186,43,43,43],"floor_reached":8,"language":"ENG","playtime":274,"items_purged":[],"score":87,"play_id":"66585918-da90-41cd-ac4b-8c91075914fd","local_time":"20210119202311","is_ascension_mode":true,"campfire_choices":[],"circlet_count":0,"master_deck":["AscendersBane","Strike_R","Strike_R","Strike_R","Strike_R","Strike_R","Defend_R","Defend_R","Defend_R","Defend_R","Bash","Feed+1","Dual Wield","Spot Weakness","Armaments","Intimidate","Barricade"],"relics":["Burning Blood","TungstenRod","Blood Vial"],"acts_visited":["Exordium"],"potions_floor_usage":[4],"damage_taken":[{"damage":6,"enemies":"2 Louse","floor":1,"turns":3},{"damage":11,"enemies":"Cultist","floor":2,"turns":4},{"damage":5,"enemies":"Small Slimes","floor":4,"turns":3},{"damage":16,"enemies":"Blue Slaver","floor":5,"turns":3},{"damage":52,"enemies":"3 Sentries","floor":6,"turns":10},{"damage":45,"enemies":"Gremlin Nob","floor":8,"turns":4}],"seed_played":"9033481285971471288","potions_obtained":[{"floor":2,"key":"Explosive Potion"}],"is_trial":false,"path_per_floor":["M","M","?","M","M","E","$","E"],"character_chosen":"IRONCLAD","items_purchased":["Blood Vial"],"campfire_rested":0,"item_purchase_floors":[7],"current_hp_per_floor":[75,73,73,78,72,34,34,0,0],"gold":43,"neow_bonus":"THREE_RARE_CARDS","is_daily":false,"chose_seed":false,"campfire_upgraded":0,"win_rate":0.0,"timestamp":1611098591,"path_taken":["M","M","?","?","M","E","$","E"],"items_purchased_type":["Relic"],"build_version":"2020-12-22","purchased_purges":0,"victory":false,"max_hp_per_floor":[75,78,78,82,86,94,94,94,94],"card_choices":[{"not_picked":["Reaper","Immolate"],"picked":"Feed","floor":0},{"not_picked":["Anger","Headbutt"],"picked":"Dual Wield","floor":1},{"not_picked":["Anger","Rupture"],"picked":"Spot Weakness","floor":2},{"not_picked":["Pommel Strike","Whirlwind"],"picked":"Armaments","floor":4},{"not_picked":["Metallicize","Perfected Strike"],"picked":"Intimidate","floor":5},{"not_picked":["Seeing Red","Shockwave"],"picked":"Barricade","floor":6}],"player_experience":568042,"relics_obtained":[{"floor":6,"key":"TungstenRod"}],"event_choices":[{"damage_healed":0,"gold_gain":0,"player_choice":"Upgraded","damage_taken":0,"max_hp_gain":0,"max_hp_loss":0,"event_name":"Upgrade Shrine","floor":3,"gold_loss":0,"cards_upgraded":["Feed"]}],"is_beta":false,"boss_relics":[],"items_purged_floors":[],"is_endless":false,"potions_floor_spawned":[2],"killed_by":"Gremlin Nob","ascension_level":10}}