{"host":"7qoz5gmva6til3yp","time":1611058753,"event":{"mods":["AchievementEnabler","BaseMod","Minty Spire (QoL Compilation)","StSLib","SuperFastMode"],"gold_per_floor":[15,15,15,30,46,46,69,85,85,85,5,19,58,58,58,181,181,202,222,222,247,172,172,192,233,233,233,246,146,161,185,185,185,185],"floor_reached":33,"language":"KOR","playtime":2008,"items_purged":["Strike_G","Defend_G"],"score":362,"play_id":"1b5d7274-e1f8-4a81-b10f-b8eeb07ba515","local_time":"20210119211913","is_ascension_mode":true,"campfire_choices":[{"data":"Blade Dance","floor":6.0,"key":"SMITH"},{"data":"Bouncing Flask","floor":15.0,"key":"SMITH"},{"data":"Corpse Explosion","floor":23.0,"key":"SMITH"},{"floor":27,"key":"REST"},{"floor":32,"key":"REST"}],"circlet_count":0,"master_deck":["Strike_G","Strike_G+1","Strike_G+1","Defend_G","Defend_G","Survivor","Neutralize","Blade Dance+1","Acrobatics","PiercingWail","Bouncing Flask+1","Prepared","After Image","Corpse Explosion+1","Escape Plan","Leg Sweep"],"relics":["Ring of the Snake","Unceasing Top","Golden Idol","Mummified Hand","Whetstone","Empty Cage","Pear","TungstenRod","Paper Crane"],"acts_visited":["Exordium","TheCity"],"potions_floor_usage":[33],"damage_taken":[{"damage":0.0,"enemies":"Cultist","floor":1.0,"turns":4.0},{"damage":2.0,"enemies":"2 Louse","floor":4.0,"turns":2.0},{"damage":1.0,"enemies":"Jaw Worm","floor":5.0,"turns":4.0},{"damage":2.0,"enemies":"Looter","floor":7.0,"turns":3.0},{"damage":0.0,"enemies":"Red Slaver","floor":8.0,"turns":5.0},{"damage":8.0,"enemies":"Lots of Slimes","floor":12.0,"turns":5.0},{"damage":0.0,"enemies":"3 Sentries","floor":13.0,"turns":1.0},{"damage":29.0,"enemies":"The Guardian","floor":16.0,"turns":9.0},{"damage":15.0,"enemies":"Spheric Guardian","floor":18.0,"turns":5.0},{"damage":8.0,"enemies":"Shell Parasite","floor":19.0,"turns":4.0},{"damage":18.0,"enemies":"Snake Plant","floor":21.0,"turns":4.0},{"damage":0,"enemies":"3 Cultists","floor":24,"turns":3},{"damage":21,"enemies":"Gremlin Leader","floor":25,"turns":8},{"damage":23,"enemies":"Shelled Parasite and Fungi","floor":28,"turns":6},{"damage":17,"enemies":"Snecko","floor":30,"turns":5},{"damage":0,"enemies":"Chosen and Byrds","floor":31,"turns":5},{"damage":53,"enemies":"Automaton","floor":33,"turns":6}],"seed_played":"-2084980209934225910","potions_obtained":[{"floor":4.0,"key":"LiquidBronze"},{"floor":8.0,"key":"DuplicationPotion"},{"floor":12.0,"key":"Poison Potion"},{"floor":16.0,"key":"SmokeBomb"}],"is_trial":false,"path_per_floor":["M","?","$","M","M","R","M","M","T","?","$","M","E","?","R","B",null,"M","M","T","M","$","R","M","E","T","R","M","$","M","M","R","B"],"character_chosen":"THE_SILENT","items_purchased":["Bouncing Flask"],"campfire_rested":2,"item_purchase_floors":[11],"current_hp_per_floor":[70,53,53,51,50,50,48,48,48,53,53,45,45,45,45,16,75,60,52,62,44,44,44,44,23,23,48,25,25,8,8,33,0,0],"gold":185,"neow_bonus":"ONE_RARE_RELIC","is_daily":false,"chose_seed":false,"campfire_upgraded":3,"win_rate":0.0,"timestamp":1611058753,"path_taken":["M","?","$","M","M","R","M","M","T","?","?","M","E","?","R","BOSS","M","M","?","M","$","R","M","E","T","R","M","$","?","M","R","BOSS"],"items_purchased_type":["Card"],"build_version":"2020-12-22","purchased_purges":2,"victory":false,"max_hp_per_floor":[70,70,70,70,70,70,70,70,70,75,75,75,75,75,75,75,75,75,75,85,85,85,85,85,85,85,85,85,85,85,85,85,85,85],"card_choices":[{"not_picked":["PiercingWail","Bane","All Out Attack"],"picked":"SKIP","floor":1.0},{"not_picked":["Dash","Slice"],"picked":"Blade Dance","floor":4.0},{"not_picked":["Reflex","Predator","Crippling Poison"],"picked":"SKIP","floor":5.0},{"not_picked":["Prepared","Backflip"],"picked":"Acrobatics","floor":7.0},{"not_picked":["Endless Agony","Infinite Blades"],"picked":"PiercingWail","floor":8.0},{"not_picked":["Dagger Spray","Blade Dance"],"picked":"Prepared","floor":12.0},{"not_picked":["Choke","Dagger Spray"],"picked":"After Image","floor":13.0},{"not_picked":["Wraith Form v2","Glass Knife"],"picked":"Corpse Explosion","floor":16.0},{"not_picked":["Caltrops","Deadly Poison"],"picked":"Escape Plan","floor":18.0},{"not_picked":["Flying Knee","Underhanded Strike","Cloak And Dagger"],"picked":"SKIP","floor":19.0},{"not_picked":["Flechettes","Concentrate","Sucker Punch"],"picked":"SKIP","floor":21.0},{"not_picked":["Choke","Underhanded Strike","Prepared"],"picked":"SKIP","floor":24},{"not_picked":["Night Terror","Bouncing Flask","Dagger Spray"],"picked":"SKIP","floor":25},{"not_picked":["Flying Knee","Blur","Reflex"],"picked":"SKIP","floor":28},{"not_picked":["Heel Hook","Backflip"],"picked":"Leg Sweep","floor":30},{"not_picked":["Bouncing Flask+1","Flechettes","Heel Hook+1"],"picked":"SKIP","floor":31}],"player_experience":402472,"relics_obtained":[{"floor":9.0,"key":"Mummified Hand"},{"floor":13.0,"key":"Whetstone"},{"floor":20.0,"key":"Pear"},{"floor":25,"key":"TungstenRod"},{"floor":26,"key":"Paper Crane"}],"event_choices":[{"damage_healed":0.0,"max_hp_gain":0.0,"max_hp_loss":0.0,"gold_gain":0.0,"event_name":"Golden Idol","player_choice":"Take Damage","floor":2.0,"gold_loss":0.0,"damage_taken":17.0,"relics_obtained":["Golden Idol"]},{"damage_healed":0.0,"max_hp_gain":5.0,"max_hp_loss":0.0,"gold_gain":0.0,"event_name":"Big Fish","player_choice":"Donut","floor":10.0,"gold_loss":0.0,"damage_taken":0.0},{"cards_removed":["Defend_G"],"damage_healed":0.0,"max_hp_gain":0.0,"max_hp_loss":0.0,"gold_gain":0.0,"event_name":"Bonfire Elementals","player_choice":"Offered Basic","floor":14.0,"gold_loss":0.0,"damage_taken":0.0}],"is_beta":false,"boss_relics":[{"not_picked":["HoveringKite","Tiny House"],"picked":"Empty Cage"}],"items_purged_floors":[22,29],"is_endless":false,"potions_floor_spawned":[4,8,12,16,24,28,31],"killed_by":"Automaton","ascension_level":1}}