{"host":"a1eatafr7pisesky","time":1611073127,"event":{"mods":["AchievementEnabler","BaseMod","Colored Map","Keyboard Shortcuts","Minty Spire (QoL Compilation)","Replay The Spire","Say the Spire","StSLib","SuperFastMode","everything is the same but u backflip on backflip"],"gold_per_floor":[114,124,140,140,140,174,194,194,194],"floor_reached":8,"language":"KOR","playtime":248,"items_purged":[],"score":84,"play_id":"b499bf03-a5c1-4d1c-bc95-a491bbb5c8f8","local_time":"20210120011847","is_ascension_mode":true,"campfire_choices":[],"circlet_count":0,"master_deck":["Strike_G","Strike_G","Strike_G","Strike_G","Defend_G","Defend_G","Defend_G","Defend_G","Survivor","Neutralize","Dagger Spray","PiercingWail","Blade Dance","Adrenaline"],"relics":["Ring of the Snake","Durian","Art of War"],"acts_visited":["Exordium"],"potions_floor_usage":[6,6,8],"damage_taken":[{"damage":0,"enemies":"Small Slimes","floor":1,"turns":5},{"damage":11,"enemies":"Jaw Worm","floor":2,"turns":3},{"damage":4,"enemies":"Cultist","floor":3,"turns":5},{"damage":23,"enemies":"Lagavulin","floor":6,"turns":7},{"damage":1,"enemies":"Looter","floor":7,"turns":3},{"damage":31,"enemies":"Gremlin Nob","floor":8,"turns":4}],"seed_played":"5973993939218183644","potions_obtained":[{"floor":2,"key":"DistilledChaos"},{"floor":3,"key":"BlessingOfTheForge"},{"floor":7,"key":"GhostInAJar"}],"is_trial":false,"path_per_floor":["M","M","M","?","?","E","M","E"],"character_chosen":"THE_SILENT","items_purchased":[],"campfire_rested":0,"item_purchase_floors":[],"current_hp_per_floor":[50,39,35,35,35,12,11,0,0],"gold":194,"neow_bonus":"ONE_RARE_RELIC","is_daily":false,"chose_seed":false,"campfire_upgraded":0,"win_rate":0.0,"timestamp":1611073127,"path_taken":["M","M","M","?","?","E","M","E"],"items_purchased_type":[],"build_version":"2020-12-22","purchased_purges":0,"victory":false,"max_hp_per_floor":[75,75,75,75,75,75,75,75,75],"card_choices":[{"not_picked":["Outmaneuver","Dagger Throw"],"picked":"Dagger Spray","floor":1},{"not_picked":["ReplayTheSpireMod:Exploit Weakness","Outmaneuver","ReplayTheSpireMod:The Works"],"picked":"SKIP","floor":2},{"not_picked":["Caltrops","Backflip"],"picked":"PiercingWail","floor":3},{"not_picked":["Quick Slash","Slice"],"picked":"Blade Dance","floor":6},{"not_picked":["Infinite Blades","Accuracy"],"picked":"Adrenaline","floor":7}],"player_experience":329179,"relics_obtained":[{"floor":6,"key":"Art of War"}],"event_choices":[{"cards_removed":["Defend_G"],"damage_healed":0,"gold_gain":0,"player_choice":"Forget","damage_taken":0,"max_hp_gain":0,"max_hp_loss":0,"event_name":"Living Wall","floor":5,"gold_loss":0}],"is_beta":false,"boss_relics":[],"items_purged_floors":[],"is_endless":false,"potions_floor_spawned":[2,3,7],"killed_by":"Gremlin Nob","ascension_level":9}}