{"host":"f9ntswufr8mq3t4y","time":1611090149,"event":{"mods":["AchievementEnabler","BaseMod","Best Route Mod","Block Reminder","Colored Map","Colored Powertips","Curses Come First","DeckTracker","Displayed Cursed Tome","Highlight Path","Minty Spire (QoL Compilation)","Permanent Neow","Quick Restart","Slay-I","StSLib"],"gold_per_floor":[109,74,93,106,19,19,48,48,75,75,75],"floor_reached":10,"language":"ENG","playtime":472,"items_purged":[],"score":86,"play_id":"b4bdef18-5e9d-407c-99fb-c6fdf6188be3","local_time":"20210120000229","is_ascension_mode":true,"campfire_choices":[{"data":"Chrysalis","floor":6,"key":"SMITH"}],"circlet_count":0,"master_deck":["Strike_G","Strike_G","Strike_G","Strike_G","Strike_G","Defend_G","Defend_G","Defend_G","Defend_G","Defend_G","Survivor","Neutralize","Chrysalis+1","Noxious Fumes","Backstab","Good Instincts","Noxious Fumes"],"relics":["Ring of the Snake","Snake Skull","Lantern"],"acts_visited":["Exordium"],"potions_floor_usage":[7,7],"damage_taken":[{"damage":16,"enemies":"Jaw Worm","floor":1,"turns":6},{"damage":4,"enemies":"2 Louse","floor":3,"turns":2},{"damage":1,"enemies":"Small Slimes","floor":4,"turns":5},{"damage":8,"enemies":"3 Sentries","floor":7,"turns":7},{"damage":54,"enemies":"Gremlin Nob","floor":10,"turns":4}],"seed_played":"3122392837021624974","potions_obtained":[{"floor":1,"key":"ColorlessPotion"},{"floor":4,"key":"EssenceOfSteel"}],"is_trial":false,"path_per_floor":["M","?","M","M","$","R","E","$","T","E"],"character_chosen":"THE_SILENT","items_purchased":["Good Instincts"],"campfire_rested":0,"item_purchase_floors":[5],"current_hp_per_floor":[47,62,58,57,57,57,49,49,49,0,0],"gold":75,"neow_bonus":"RANDOM_COLORLESS_2","is_daily":false,"chose_seed":false,"campfire_upgraded":1,"win_rate":0.0,"timestamp":1611090149,"path_taken":["M","?","M","M","$","R","E","$","T","E"],"items_purchased_type":["Card"],"build_version":"2020-12-22","purchased_purges":0,"victory":false,"max_hp_per_floor":[63,63,63,63,63,63,63,63,63,63,63],"card_choices":[{"not_picked":["Panache","Secret Technique"],"picked":"Chrysalis","floor":0},{"not_picked":["Outmaneuver","Acrobatics"],"picked":"Noxious Fumes","floor":1},{"not_picked":["Expertise","Leg Sweep","Sucker Punch"],"picked":"SKIP","floor":3},{"not_picked":["Acrobatics","Caltrops"],"picked":"Backstab","floor":4},{"not_picked":["Underhanded Strike","Slice"],"picked":"Noxious Fumes","floor":7}],"player_experience":357536,"relics_obtained":[{"floor":7,"key":"Snake Skull"},{"floor":9,"key":"Lantern"}],"event_choices":[{"damage_healed":15,"gold_gain":0,"player_choice":"Healed","damage_taken":0,"max_hp_gain":0,"max_hp_loss":0,"event_name":"The Cleric","floor":2,"gold_loss":35}],"is_beta":false,"boss_relics":[],"items_purged_floors":[],"is_endless":false,"potions_floor_spawned":[1,4],"killed_by":"Gremlin Nob","ascension_level":6}}