{"host":"egwexuw5uvnxf11j","time":1611035790,"event":{"mods":["2.2 Compatiblity","Aspiration","BaseMod","Better Altar","Better Note","Better Sensory Stone","Better Third Choice","Displayed Cursed Tome","Downfall","Hermit","Key Reminder","Koishi","Marisa????????","Minty Spire (QoL Compilation)","Quick Restart","Shade Mod","Spicy Shops","StSLib","The Construct","The Cursed","The Hierophant","The Runesmith","The Senshi","The Servant 0.9.4","Transform Curses"],"gold_per_floor":[116,127,7,25,77,111,111,111,187,199,216,229,242,253,253,349,349,365,365,3,17,17,17,30,43,43,43,43,53,53,86,86,183,183,202,222,222,19,19,46,46,58,83,132,150,150,150],"floor_reached":46,"language":"ENG","playtime":4117,"items_purged":[],"score":570,"play_id":"5e715d02-fda8-4673-8661-7b75786be15a","local_time":"20210119005630","is_ascension_mode":true,"campfire_choices":[{"floor":7,"key":"REST"},{"floor":15,"key":"REST"},{"floor":23,"key":"REST"},{"data":"Defragment","floor":28,"key":"SMITH"},{"data":"Defragment","floor":32,"key":"SMITH"},{"floor":41,"key":"REST"}],"circlet_count":0,"master_deck":["Defend_B","Defend_B","Defend_B","Defend_B","Zap","Dualcast","Leap","Sunder","Defragment+1","Streamline","Ball Lightning","BootSequence","Ball Lightning+1","All For One+1","FTL+1","Gash+1","Leap","Cold Snap+1","Electrodynamics","Conserve Battery","Defragment+1","Streamline+1","Rip and Tear+1","Self Repair+1","Gash+1","Go for the Eyes+1","Tempest+1","Slimebound:Tackle+1","Slimebound:Tackle+1","Slimebound:Tackle+1","Static Discharge+1","Amplify","Gash+1","Darkness","Beam Cell+1","Echo Form+1","Darkness+1","Undo","Aggregate","Pain","Beam Cell+1","Thunder Strike+1","Hologram+1"],"relics":["Cracked Core","Anchor","Dream Catcher","keyreminder:keyreminder","Molten Egg 2","construct:WeddingRing","Frozen Egg 2","HornCleat","Akabeko","Cursed Key","HandDrill","DataDisk","Prayer Wheel"],"acts_visited":["Exordium","TheCity","TheBeyond"],"potions_floor_usage":[16,16,21,33,33,40,44],"damage_taken":[{"damage":7,"enemies":"Small Slimes","floor":1,"turns":3},{"damage":0,"enemies":"2 Louse","floor":2,"turns":2},{"damage":0,"enemies":"Cultist","floor":4,"turns":4},{"damage":25,"enemies":"Gremlin Nob","floor":6,"turns":4},{"damage":6,"enemies":"Large Slime","floor":10,"turns":5},{"damage":3,"enemies":"Exordium Thugs","floor":11,"turns":3},{"damage":11,"enemies":"Looter","floor":12,"turns":3},{"damage":8,"enemies":"Blue Slaver","floor":13,"turns":3},{"damage":0,"enemies":"2 Fungi Beasts","floor":14,"turns":2},{"damage":11,"enemies":"Hexaghost","floor":16,"turns":6},{"damage":31,"enemies":"Shell Parasite","floor":18,"turns":5},{"damage":10,"enemies":"3 Byrds","floor":21,"turns":3},{"damage":4,"enemies":"Snake Plant","floor":24,"turns":3},{"damage":0,"enemies":"Centurion and Healer","floor":25,"turns":5},{"damage":2,"enemies":"3 Cultists","floor":29,"turns":3},{"damage":10,"enemies":"Book of Stabbing","floor":31,"turns":4},{"damage":38,"enemies":"Champ","floor":33,"turns":5},{"damage":0,"enemies":"3 Darklings","floor":35,"turns":1},{"damage":4,"enemies":"Orb Walker","floor":36,"turns":3},{"damage":31,"enemies":"Nemesis","floor":40,"turns":5},{"damage":22,"enemies":"Writhing Mass","floor":42,"turns":5},{"damage":0,"enemies":"2 Orb Walkers","floor":44,"turns":3},{"damage":4,"enemies":"3 Darklings","floor":45,"turns":2},{"damage":63,"enemies":"Reptomancer","floor":46,"turns":3}],"seed_played":"6153000602386285513","potions_obtained":[{"floor":1,"key":"GamblersBrew"},{"floor":10,"key":"champ:CounterPotion"},{"floor":11,"key":"Fire Potion"},{"floor":12,"key":"DuplicationPotion"},{"floor":18,"key":"SkillPotion"},{"floor":21,"key":"Block Potion"},{"floor":29,"key":"Strength Potion"},{"floor":36,"key":"SteroidPotion"},{"floor":42,"key":"champ:CounterPotion"}],"is_trial":false,"path_per_floor":["M","M","$","M","?","E","R","?","T","M","M","M","M","M","R","B",null,"M","?","$","M","?","R","M","M","T","$","R","M","?","E","R","B",null,"M","M","?","$","?","E","R","M","T","?","M","E"],"character_chosen":"DEFECT","items_purchased":["Defragment","Frozen Egg 2","Streamline+1","Rip and Tear+1","HandDrill","Beam Cell+1"],"campfire_rested":4,"item_purchase_floors":[3,20,20,20,38,38],"current_hp_per_floor":[68,68,68,68,68,43,65,65,65,59,56,45,37,37,59,48,75,44,44,44,34,34,56,52,62,62,62,62,70,70,70,70,32,75,75,75,75,75,60,29,51,29,29,49,55,0,0],"gold":150,"neow_bonus":"RANDOM_COMMON_RELIC","is_daily":false,"chose_seed":false,"campfire_upgraded":2,"win_rate":0.0,"timestamp":1611035790,"path_taken":["M","M","$","M","?","E","R","?","T","M","M","M","M","M","R","BOSS","M","?","?","M","?","R","M","?","T","$","R","M","?","E","R","BOSS","M","M","?","$","?","E","R","M","T","?","?","E"],"items_purchased_type":["Card","Relic","Card","Card","Relic","Card"],"build_version":"2020-12-22","purchased_purges":0,"victory":false,"max_hp_per_floor":[75,75,75,75,75,75,75,75,75,75,75,75,75,75,75,75,75,75,75,75,75,75,75,75,75,75,75,75,75,75,75,75,75,75,75,75,75,75,75,75,75,75,75,75,75,75,75],"card_choices":[{"not_picked":["Fusion","Steam"],"picked":"Leap","floor":1},{"not_picked":["Darkness","Beam Cell"],"picked":"Sunder","floor":2},{"not_picked":["FTL","Chaos"],"picked":"Streamline","floor":4},{"not_picked":["FTL","Capacitor"],"picked":"Ball Lightning","floor":6},{"not_picked":["Compile Driver","Steam"],"picked":"BootSequence","floor":7},{"not_picked":["Hologram","Chill"],"picked":"Ball Lightning+1","floor":10},{"not_picked":["Sweeping Beam+1","Steam"],"picked":"All For One+1","floor":11},{"not_picked":["Lockon+1","Turbo"],"picked":"FTL+1","floor":12},{"not_picked":["Streamline+1","Compile Driver+1"],"picked":"Gash+1","floor":13},{"not_picked":["Compile Driver+1","Tempest"],"picked":"Leap","floor":14},{"not_picked":["Coolheaded","Reprogram"],"picked":"Cold Snap+1","floor":15},{"not_picked":["Hyperbeam+1","Meteor Strike+1"],"picked":"Electrodynamics","floor":16},{"not_picked":["Stack","Ball Lightning+1"],"picked":"Conserve Battery","floor":18},{"not_picked":["Leap","Barrage+1"],"picked":"Self Repair+1","floor":21},{"not_picked":["Stack","Blizzard+1"],"picked":"Gash+1","floor":24},{"not_picked":["Chill","Double Energy"],"picked":"Go for the Eyes+1","floor":25},{"not_picked":["Fusion","Beam Cell+1"],"picked":"Tempest+1","floor":29},{"not_picked":["Reinforced Body","Leap"],"picked":"Static Discharge+1","floor":31},{"not_picked":["Hyperbeam+1","Seek"],"picked":"Amplify","floor":33},{"not_picked":["Compile Driver+1","Conserve Battery"],"picked":"Gash+1","floor":35},{"not_picked":["Reinforced Body","Gash+1"],"picked":"Darkness","floor":36},{"not_picked":["Creative AI+1","Redo+1"],"picked":"Darkness+1","floor":40},{"not_picked":["Leap","Barrage+1"],"picked":"Undo","floor":41},{"not_picked":["Hello World+1","Rebound+1"],"picked":"Aggregate","floor":42},{"not_picked":["Go for the Eyes+1","Conserve Battery"],"picked":"Beam Cell+1","floor":44},{"not_picked":["Coolheaded","Compile Driver+1"],"picked":"Thunder Strike+1","floor":45},{"not_picked":["Stack+1","Steam+1"],"picked":"Hologram+1","floor":45}],"player_experience":2258595,"relics_obtained":[{"floor":6,"key":"Dream Catcher"},{"floor":9,"key":"Molten Egg 2"},{"floor":26,"key":"HornCleat"},{"floor":31,"key":"Akabeko"},{"floor":40,"key":"DataDisk"},{"floor":44,"key":"Prayer Wheel"}],"event_choices":[{"damage_healed":0,"gold_gain":52,"player_choice":"Gained Gold","damage_taken":0,"max_hp_gain":0,"max_hp_loss":0,"event_name":"Golden Wing","floor":5,"gold_loss":0},{"damage_healed":0,"gold_gain":0,"player_choice":"Leave","damage_taken":0,"max_hp_gain":0,"max_hp_loss":0,"event_name":"The Cleric","floor":8,"gold_loss":0},{"damage_healed":0,"gold_gain":0,"player_choice":"Copied","damage_taken":0,"max_hp_gain":0,"max_hp_loss":0,"event_name":"Duplicator","floor":19,"gold_loss":0,"cards_obtained":["Defragment"]},{"damage_healed":0,"gold_gain":0,"player_choice":"Ignored","damage_taken":0,"max_hp_gain":0,"max_hp_loss":0,"event_name":"Vampires","floor":22,"gold_loss":0},{"damage_healed":0,"gold_gain":0,"player_choice":"Ignored","damage_taken":0,"max_hp_gain":0,"max_hp_loss":0,"event_name":"Tomb of Lord Red Mask","floor":37,"gold_loss":0},{"damage_healed":0,"gold_gain":3,"player_choice":"2","damage_taken":0,"max_hp_gain":0,"max_hp_loss":15,"event_name":"betterStone:BetterStone","floor":39,"gold_loss":0},{"damage_healed":0,"gold_gain":0,"player_choice":"Fight","damage_taken":0,"max_hp_gain":0,"max_hp_loss":0,"event_name":"Mysterious Sphere","floor":44,"gold_loss":0}],"is_beta":false,"boss_relics":[{"not_picked":["FrozenCore","Coffee Dripper"],"picked":"construct:WeddingRing"},{"not_picked":["Inserter","Tiny House"],"picked":"Cursed Key"}],"items_purged_floors":[],"is_endless":false,"potions_floor_spawned":[1,10,11,12,18,21,24,29,36,42],"killed_by":"Reptomancer","ascension_level":3}}