{"host":"y1oqg7uy0jc6f5mb","time":1611049901,"event":{"mods":["BaseMod","Better Altar","Better Match","Better Note","Better Sensory Stone","Better Skull","Better Third Choice","BetterRewards","Block Reminder","Colored Map","Colored Powertips","Custom Start","DeckTracker","Highlight Path","Minty Spire (QoL Compilation)","Permanent Neow","Quick Restart","Relic Sorter","Relic Stats","Shop Mod","StSLib"],"gold_per_floor":[117,67,80,98,108,108,141,153,153,187,232,3,3,3,3,101,101,118,118,131,146,159,159,59,59,59],"floor_reached":25,"language":"ENG","playtime":1992,"items_purged":[],"score":288,"play_id":"038027fc-1e17-4c4c-9846-1aba4cd881bf","local_time":"20210119175141","is_ascension_mode":true,"campfire_choices":[{"data":"Armaments","floor":6.0,"key":"SMITH"},{"floor":13.0,"key":"REST"},{"floor":15.0,"key":"REST"},{"floor":23.0,"key":"REST"}],"circlet_count":0,"master_deck":["Strike_R","Strike_R","Strike_R","Strike_R+1","Defend_R","Defend_R","Defend_R","Defend_R","Bash","Armaments+1","Flame Barrier","Whirlwind","Shrug It Off","Seeing Red","Heavy Blade+1","Pommel Strike","Good Instincts","Battle Trance","Limit Break","Shrug It Off","Uppercut","Infernal Blade+1","Infernal Blade+1"],"relics":["Burning Blood","Orichalcum","Ornamental Fan","Kunai","Dream Catcher","Question Card","Sundial","Black Star","Nloth\u0027s Gift"],"acts_visited":["Exordium","TheCity"],"potions_floor_usage":[25,25,25],"damage_taken":[{"damage":1.0,"enemies":"2 Louse","floor":1.0,"turns":3.0},{"damage":2.0,"enemies":"Jaw Worm","floor":3.0,"turns":6.0},{"damage":2.0,"enemies":"Cultist","floor":4.0,"turns":5.0},{"damage":9.0,"enemies":"Exordium Wildlife","floor":5.0,"turns":8.0},{"damage":27.0,"enemies":"3 Sentries","floor":7.0,"turns":9.0},{"damage":3.0,"enemies":"Blue Slaver","floor":8.0,"turns":6.0},{"damage":35.0,"enemies":"Lagavulin","floor":10.0,"turns":10.0},{"damage":57.0,"enemies":"Slime Boss","floor":16.0,"turns":15.0},{"damage":31.0,"enemies":"Chosen","floor":18.0,"turns":7.0},{"damage":0.0,"enemies":"3 Byrds","floor":20.0,"turns":6.0},{"damage":22.0,"enemies":"Centurion and Healer","floor":21.0,"turns":13.0},{"damage":18.0,"enemies":"Shelled Parasite and Fungi","floor":22.0,"turns":9.0},{"damage":64,"enemies":"Slavers","floor":25,"turns":6}],"seed_played":"6708955501839370161","potions_obtained":[{"floor":0.0,"key":"EntropicBrew"},{"floor":0.0,"key":"BloodPotion"},{"floor":0.0,"key":"SmokeBomb"},{"floor":1.0,"key":"FairyPotion"},{"floor":5.0,"key":"Regen Potion"},{"floor":7.0,"key":"AttackPotion"},{"floor":22.0,"key":"Regen Potion"}],"is_trial":false,"path_per_floor":["M","?","M","M","M","R","E","M","T","E","T","$","R","?","R","B",null,"M","?","M","M","M","R","$","E"],"character_chosen":"IRONCLAD","items_purchased":["Good Instincts","Whetstone","SkillPotion","Block Potion"],"campfire_rested":3,"item_purchase_floors":[12,12,24,24],"current_hp_per_floor":[77,77,80,80,80,80,71,74,74,45,45,45,69,32,56,46,72,47,47,53,37,25,49,49,0,0],"gold":59,"neow_bonus":"THREE_SMALL_POTIONS","is_daily":false,"chose_seed":false,"campfire_upgraded":1,"win_rate":0.0,"timestamp":1611049901,"path_taken":["M","?","M","M","M","R","E","M","T","E","?","$","R","?","R","BOSS","M","?","?","M","M","R","$","E"],"items_purchased_type":["Card","Relic","Potion","Potion"],"build_version":"2020-12-22","purchased_purges":0,"victory":false,"max_hp_per_floor":[80,80,80,80,80,80,80,80,80,80,80,80,80,80,80,80,80,80,80,80,80,80,80,80,80,80],"relic_stats":{"Dream Catcher":3,"counters":[13,103],"Ornamental Fan":[24],"Sundial":[8],"Black Star":0,"Nloth\u0027s Gift":0,"Kunai":[4],"Orichalcum":[84],"Question Card":7,"obtain_stats":[{"Dream Catcher":11,"Ornamental Fan":9,"Sundial":14,"Black Star":17,"Nloth\u0027s Gift":19,"Kunai":10,"Whetstone":12,"Orichalcum":7,"Question Card":14,"Burning Blood":0},{"Dream Catcher":7,"Ornamental Fan":6,"Sundial":7,"Black Star":8,"Nloth\u0027s Gift":9,"Kunai":7,"Whetstone":7,"Orichalcum":5,"Question Card":7,"Burning Blood":0},{"Dream Catcher":47,"Ornamental Fan":37,"Sundial":47,"Black Star":62,"Nloth\u0027s Gift":69,"Kunai":47,"Whetstone":47,"Orichalcum":31,"Question Card":47,"Burning Blood":0}],"Burning Blood":67},"card_choices":[{"not_picked":["Combust","Body Slam"],"picked":"Armaments","floor":1.0},{"not_picked":["Carnage","Warcry"],"picked":"Flame Barrier","floor":3.0},{"not_picked":["Sentinel","Clothesline"],"picked":"Whirlwind","floor":4.0},{"not_picked":["Disarm","Immolate"],"picked":"Shrug It Off","floor":5.0},{"not_picked":["Carnage","Flex"],"picked":"Seeing Red","floor":7.0},{"not_picked":["Entrench","Intimidate"],"picked":"Heavy Blade","floor":8.0},{"not_picked":["Ghostly Armor","Bloodletting"],"picked":"Pommel Strike","floor":10.0},{"not_picked":["Spot Weakness","Rage","Wild Strike"],"picked":"Battle Trance","floor":15.0},{"not_picked":["Corruption","Brutality","Reaper"],"picked":"Limit Break","floor":16.0},{"not_picked":["Dual Wield","Perfected Strike+1","Feel No Pain+1","Wild Strike+1"],"picked":"SKIP","floor":18.0},{"not_picked":["Evolve","Pommel Strike+1","True Grit"],"picked":"Shrug It Off","floor":20.0},{"not_picked":["Havoc","Reckless Charge","Whirlwind"],"picked":"Uppercut","floor":21.0},{"not_picked":["Armaments","Combust","Havoc"],"picked":"Infernal Blade+1","floor":22.0},{"not_picked":["Cleave","Rage","Seeing Red"],"picked":"Infernal Blade+1","floor":23.0}],"player_experience":55375,"relics_obtained":[{"floor":7.0,"key":"Orichalcum"},{"floor":9.0,"key":"Ornamental Fan"},{"floor":10.0,"key":"Kunai"},{"floor":11.0,"key":"Dream Catcher"}],"event_choices":[{"cards_removed":["Strike_R"],"damage_healed":0.0,"max_hp_gain":0.0,"max_hp_loss":0.0,"gold_gain":0.0,"event_name":"The Cleric","player_choice":"Card Removal","floor":2.0,"gold_loss":50.0,"damage_taken":0.0},{"damage_healed":0.0,"max_hp_gain":0.0,"max_hp_loss":0.0,"gold_gain":1.0,"event_name":"betterThird:BetterScrap","player_choice":"Relic Relic ","floor":14.0,"gold_loss":0.0,"damage_taken":37.0,"cards_obtained":["Aggregate"]},{"damage_healed":0.0,"max_hp_gain":0.0,"max_hp_loss":0.0,"gold_gain":0.0,"event_name":"N\u0027loth","player_choice":"Traded Relic","floor":19.0,"relics_lost":["Whetstone"],"gold_loss":0.0,"damage_taken":0.0,"relics_obtained":["Nloth\u0027s Gift"]}],"is_beta":false,"boss_relics":[{"not_picked":["Runic Cube","Empty Cage"],"picked":"Black Star"}],"items_purged_floors":[],"is_endless":false,"potions_floor_spawned":[1,5,7,8,22],"killed_by":"Slavers","ascension_level":7}}