{"host":"h5mpg8xef8fl8s1y","time":1611041772,"event":{"mods":["100% Spire Juice","AchievementEnabler","BaseMod","Bestiary","Block Reminder","CapriCore","Colored Map","Colored Powertips","Curses Come First","Dark Map","Displayed Cursed Tome","Googly Eyes","Koishi","Marisa????????","Minty Spire (QoL Compilation)","Permanent Neow","Quick Restart","Random Character Button","Rare Cards Sparkle","Reimu??????","Relic Stats","Remilia??????","StSLib","Starting Relic: Pandora\u0027s Box","The Immortal","The Marked","The Senshi","The Servant 0.9.4","TheVelvet","Waifu the Spire","Yakumo Yukari mod","Yuyuko","everything is the same but u backflip on backflip"],"gold_per_floor":[115,190,200,200,200,200,200,200,200,200,190,241,246,102,102,208,208,230,514,504,515,524,524,558,558,611,611,636,645,671,715,715,826,835,861,567,594,623,641,641,679,679,679,679,679],"floor_reached":44,"language":"ENG","playtime":4497,"items_purged":["Poor:ReiMu"],"score":544,"play_id":"b0515860-34ab-4d35-9bba-678ffdb3ae8f","local_time":"20210119023612","is_ascension_mode":false,"campfire_choices":[{"data":"Faramita\u0027s Temptation","floor":6,"key":"SMITH"},{"data":"Steamed Phantom","floor":10,"key":"SMITH"},{"floor":15,"key":"REST"},{"floor":23,"key":"REST"},{"data":"Death Dancing","floor":25,"key":"SMITH"},{"floor":27,"key":"REST"},{"floor":32,"key":"REST"},{"data":"Phantom Gift","floor":40,"key":"SMITH"}],"circlet_count":0,"master_deck":["Fantasy Butterflies","Fantasy Butterflies","Fantasy Butterflies","Fantasy Butterflies","Fantasy Butterflies","Dreamy Sakura","Dreamy Sakura","Dreamy Sakura","Dreamy Sakura","Dreamy Sakura","Deathly Ground","Faramita\u0027s Temptation+1","Finesse","Elegance","Steamed Phantom+1","Butterflies Rainbow","Spear of Papilio","Phantom Gift+1","Float on Moon","Butterflies in Dream+1","Regret","Death Dancing+1","Ghost Spot","Showy Withering","Necronomicurse","Gauzy Sakura+1","Final of Final","Bury in The Template","CurseOfTheBell","Dancing Butterflies","The Inky Sakura","Nihility+1","Elegance+1","Madness","Madness","Dark Wind"],"relics":["Coronal","Yuyuko\u0027s fan","YidongShenshe:ReiMu","theSenshi:SuperSailorFukuRelic","CeramicFish","SlaversCollar","Pantograph","Art of War","Necronomicon","Red Mask","Calling Bell","Trap Lamp","Kunai","Du-Vu Doll","Blood Vial","Vajra","White Beast Statue"],"acts_visited":["Exordium","TheCity","TheBeyond"],"potions_floor_usage":[38,44],"damage_taken":[{"damage":68,"enemies":"Jaw Worm","floor":1,"turns":9},{"damage":15,"enemies":"2 Louse","floor":3,"turns":3},{"damage":10,"enemies":"Cultist","floor":11,"turns":5},{"damage":35,"enemies":"Gremlin Gang","floor":13,"turns":5},{"damage":127,"enemies":"Slime Boss","floor":16,"turns":15},{"damage":2,"enemies":"Spheric Guardian","floor":18,"turns":2},{"damage":31,"enemies":"2 Thieves","floor":20,"turns":4},{"damage":69,"enemies":"Snake Plant","floor":21,"turns":7},{"damage":53,"enemies":"Book of Stabbing","floor":24,"turns":5},{"damage":6,"enemies":"Snecko","floor":28,"turns":3},{"damage":28,"enemies":"Centurion and Healer","floor":30,"turns":5},{"damage":75,"enemies":"Masked Bandits","floor":31,"turns":6},{"damage":246,"enemies":"Automaton","floor":33,"turns":23},{"damage":38,"enemies":"3 Shapes","floor":35,"turns":5},{"damage":16,"enemies":"Orb Walker","floor":37,"turns":3},{"damage":60,"enemies":"Spire Growth","floor":38,"turns":6},{"damage":23,"enemies":"Giant Head","floor":41,"turns":6},{"damage":42,"enemies":"2 Orb Walkers","floor":44,"turns":3}],"seed_played":"8375826560368337270","potions_obtained":[{"floor":16,"key":"PowerPotion"},{"floor":20,"key":"Block Potion"},{"floor":21,"key":"FairyPotion"},{"floor":41,"key":"LiquidBronze"}],"is_trial":false,"path_per_floor":["M","?","M","?","?","R","$","?","T","R","M","T","M","$","R","B",null,"M","?","M","M","?","R","E","R","T","R","M","?","M","?","R","B",null,"M","$","M","M","?","R","E","?","T","?"],"character_chosen":"YUYOKO","items_purchased":["Phantom Gift","Blood Vial","The Inky Sakura"],"campfire_rested":4,"item_purchase_floors":[14,36,36],"current_hp_per_floor":[13,2,10,15,15,15,15,15,15,15,39,39,29,29,42,24,45,43,43,31,11,11,24,14,14,14,27,30,14,32,13,26,19,45,16,16,4,39,33,33,27,27,27,0,0],"gold":679,"neow_bonus":"RANDOM_COLORLESS","is_daily":false,"chose_seed":false,"campfire_upgraded":4,"win_rate":0.0,"timestamp":1611041772,"path_taken":["M","?","M","?","?","R","?","?","T","R","M","?","?","$","R","BOSS","M","?","?","?","?","R","E","R","T","R","M","?","M","?","R","BOSS","M","$","M","M","?","R","E","?","T","?"],"items_purchased_type":["Card","Relic","Card"],"build_version":"2020-12-22","purchased_purges":1,"victory":false,"max_hp_per_floor":[40,40,40,45,45,45,45,45,45,45,45,45,45,45,45,45,45,45,45,45,45,45,45,45,45,45,45,45,45,45,45,45,45,45,45,45,45,45,45,45,45,45,45,45,45],"relic_stats":{"Blood Vial":8,"counters":[18,115],"CeramicFish":180,"Pantograph":19,"Art of War":[10],"Necronomicon":[9],"Kunai":[2],"obtain_stats":[{"theSenshi:SuperSailorFukuRelic":9,"CeramicFish":12,"Vajra":41,"White Beast Statue":43,"Calling Bell":34,"Du-Vu Doll":34,"Blood Vial":36,"SlaversCollar":17,"Yuyuko\u0027s fan":0,"Coronal":0,"Pantograph":24,"Trap Lamp":34,"YidongShenshe:ReiMu":8,"Art of War":26,"Necronomicon":29,"Red Mask":31,"Kunai":34},{"theSenshi:SuperSailorFukuRelic":2,"CeramicFish":3,"Vajra":17,"White Beast Statue":17,"Calling Bell":13,"Du-Vu Doll":13,"Blood Vial":14,"SlaversCollar":5,"Yuyuko\u0027s fan":0,"Coronal":0,"Pantograph":9,"Trap Lamp":13,"YidongShenshe:ReiMu":2,"Art of War":9,"Necronomicon":10,"Red Mask":12,"Kunai":13},{"theSenshi:SuperSailorFukuRelic":12,"CeramicFish":17,"Vajra":112,"White Beast Statue":112,"Calling Bell":92,"Du-Vu Doll":92,"Blood Vial":97,"SlaversCollar":37,"Yuyuko\u0027s fan":0,"Coronal":0,"Pantograph":55,"Trap Lamp":92,"YidongShenshe:ReiMu":12,"Art of War":55,"Necronomicon":58,"Red Mask":69,"Kunai":92}]},"card_choices":[{"not_picked":["Good Instincts","Mind Blast"],"picked":"Finesse","floor":0},{"not_picked":["Dark Wind","Unstable Ward"],"picked":"Elegance","floor":1},{"not_picked":["Elegance","Reverse The Screen"],"picked":"Steamed Phantom","floor":3},{"not_picked":["Full Moon","Snow"],"picked":"Butterflies Rainbow","floor":11},{"not_picked":["All Wander","Unknown Petal"],"picked":"Spear of Papilio","floor":13},{"not_picked":["Scenery of Papilio","Dream of Spring"],"picked":"Float on Moon","floor":16},{"not_picked":["Unborn Light","Steamed Phantom+1"],"picked":"Butterflies in Dream+1","floor":18},{"not_picked":["Bloom","Unstable Ward","Childlike"],"picked":"SKIP","floor":20},{"not_picked":["Explore Ghostdom","Full Moon","Elegance"],"picked":"SKIP","floor":21},{"not_picked":["Steamed Phantom","Redemption of Death+1"],"picked":"Ghost Spot","floor":24},{"not_picked":["Steamed Phantom","Nihility"],"picked":"Showy Withering","floor":28},{"not_picked":["The Forgotten Winter+1","Become Phantom+1"],"picked":"Gauzy Sakura+1","floor":30},{"not_picked":["Lunch","Ghostdom Sakura"],"picked":"Final of Final","floor":31},{"not_picked":["Supernatural Nether","Ticket to Heaven"],"picked":"Bury in The Template","floor":33},{"not_picked":["Become Phantom+1","Unstable Ward+1"],"picked":"Dancing Butterflies","floor":35},{"not_picked":["Wandering Soul","Immigrant Phantom"],"picked":"Nihility+1","floor":37},{"not_picked":["All Wander+1","Death Dancing"],"picked":"Elegance+1","floor":38},{"not_picked":["The Inky Sakura","Phantom Village+1"],"picked":"Dark Wind","floor":41}],"player_experience":242867,"relics_obtained":[{"floor":9,"key":"theSenshi:SuperSailorFukuRelic"},{"floor":12,"key":"CeramicFish"},{"floor":24,"key":"Pantograph"},{"floor":26,"key":"Art of War"},{"floor":31,"key":"Red Mask"},{"floor":34,"key":"Trap Lamp"},{"floor":34,"key":"Kunai"},{"floor":34,"key":"Du-Vu Doll"},{"floor":41,"key":"Vajra"},{"floor":43,"key":"White Beast Statue"}],"event_choices":[{"damage_healed":0,"gold_gain":75,"player_choice":"Gather Gold","damage_taken":11,"max_hp_gain":0,"max_hp_loss":0,"event_name":"World of Goop","floor":2,"gold_loss":0},{"damage_healed":0,"gold_gain":0,"player_choice":"Donut","damage_taken":0,"max_hp_gain":5,"max_hp_loss":0,"event_name":"Big Fish","floor":4,"gold_loss":0},{"damage_healed":0,"gold_gain":0,"player_choice":"Ignored","damage_taken":0,"max_hp_gain":0,"max_hp_loss":0,"event_name":"Golden Wing","floor":5,"gold_loss":0},{"damage_healed":0,"gold_gain":0,"player_choice":"Take Tiny Shrine away","damage_taken":0,"relics_obtained":["YidongShenshe:ReiMu"],"max_hp_gain":0,"max_hp_loss":0,"event_name":"yidonshenshe","floor":8,"gold_loss":0,"cards_obtained":["Poor:ReiMu"]},{"damage_healed":0,"gold_gain":275,"player_choice":"Desecrate","damage_taken":0,"max_hp_gain":0,"max_hp_loss":0,"event_name":"Golden Shrine","floor":19,"gold_loss":0,"cards_obtained":["Regret"]},{"damage_healed":0,"gold_gain":0,"player_choice":"Read","damage_taken":0,"max_hp_gain":0,"max_hp_loss":0,"event_name":"The Library","floor":22,"gold_loss":0,"cards_obtained":["Death Dancing"]},{"damage_healed":0,"gold_gain":0,"player_choice":"Obtained Book","damage_taken":16,"max_hp_gain":0,"max_hp_loss":0,"event_name":"Cursed Tome","floor":29,"gold_loss":0},{"damage_healed":0,"gold_gain":0,"player_choice":"Fought Bandits","damage_taken":0,"max_hp_gain":0,"max_hp_loss":0,"event_name":"Masked Bandits","floor":31,"gold_loss":0},{"damage_healed":0,"gold_gain":0,"player_choice":"Embrace Madness","damage_taken":6,"max_hp_gain":0,"max_hp_loss":0,"event_name":"Winding Halls","floor":39,"gold_loss":0,"cards_obtained":["Madness","Madness"]},{"damage_healed":0,"gold_gain":0,"player_choice":"Fight","damage_taken":0,"max_hp_gain":0,"max_hp_loss":0,"event_name":"Mysterious Sphere","floor":44,"gold_loss":0}],"is_beta":false,"boss_relics":[{"not_picked":["Black Star","Velvet Choker"],"picked":"SlaversCollar"},{"not_picked":["Tiny House","Astrolabe"],"picked":"Calling Bell"}],"items_purged_floors":[14],"is_endless":false,"potions_floor_spawned":[16,20,21,31,33,41],"killed_by":"2 Orb Walkers","ascension_level":0}}