{"host":"9l1knhxfturzliqa","time":1611045680,"event":{"mods":["BaseMod","Colored Map","Colored Powertips","DeckTracker","Highlight Path","Keyboard Shortcuts","Minty Spire (QoL Compilation)","Random Character Button"],"gold_per_floor":[369,369,385,69,69,101,114,27,27,0,15,15,25,40,40,114,114,133,147,47,65,65,65],"floor_reached":22,"language":"KOR","playtime":1417,"items_purged":["Defend_G","Strike_G"],"score":464,"play_id":"03128967-b861-4581-a531-d35e7f5c5a6b","local_time":"20210119174120","is_ascension_mode":true,"campfire_choices":[{"floor":12.0,"key":"REST"},{"floor":15.0,"key":"REST"}],"circlet_count":0,"master_deck":["AscendersBane","Strike_G","Strike_G","Strike_G","Defend_G","Defend_G","Defend_G","Defend_G","Survivor","Neutralize","Dagger Throw","Well Laid Plans","Cloak And Dagger","Escape Plan","Blade Dance","Accuracy","Blade Dance","Flechettes","Envenom","Bane"],"relics":["Ring of the Snake","Anchor","Bag of Marbles","Kunai","WristBlade"],"acts_visited":["Exordium","TheCity"],"potions_floor_usage":[22],"damage_taken":[{"damage":4.0,"enemies":"Small Slimes","floor":1.0,"turns":3.0},{"damage":4.0,"enemies":"Jaw Worm","floor":3.0,"turns":5.0},{"damage":33.0,"enemies":"Lagavulin","floor":6.0,"turns":7.0},{"damage":6.0,"enemies":"Cultist","floor":7.0,"turns":4.0},{"damage":0.0,"enemies":"Lots of Slimes","floor":11.0,"turns":3.0},{"damage":0.0,"enemies":"Blue Slaver","floor":13.0,"turns":4.0},{"damage":5.0,"enemies":"Large Slime","floor":14.0,"turns":4.0},{"damage":0.0,"enemies":"Slime Boss","floor":16.0,"turns":8.0},{"damage":23.0,"enemies":"3 Byrds","floor":18.0,"turns":5.0},{"damage":0.0,"enemies":"Spheric Guardian","floor":19.0,"turns":3.0},{"damage":24.0,"enemies":"Shelled Parasite and Fungi","floor":21.0,"turns":6.0},{"damage":20,"enemies":"Snake Plant","floor":22,"turns":2}],"seed_played":"-351578287173363570","potions_obtained":[{"floor":1.0,"key":"DistilledChaos"},{"floor":6.0,"key":"DuplicationPotion"},{"floor":14.0,"key":"Explosive Potion"},{"floor":21.0,"key":"Poison Potion"}],"is_trial":false,"path_per_floor":["M","?","M","$","?","E","M","$","T","?","M","R","M","M","R","B",null,"M","M","$","M","M"],"character_chosen":"THE_SILENT","items_purchased":["Cloak And Dagger","Anchor","SteroidPotion","Accuracy"],"campfire_rested":2,"item_purchase_floors":[4,4,4,8],"current_hp_per_floor":[55,48,44,44,49,16,10,10,10,10,10,29,29,24,43,43,60,37,37,37,13,0,0],"gold":65,"neow_bonus":"TWO_FIFTY_GOLD","is_daily":false,"chose_seed":false,"campfire_upgraded":0,"win_rate":0.0,"timestamp":1611045680,"path_taken":["M","?","M","$","?","E","M","$","T","?","M","R","M","?","R","BOSS","M","?","?","M","M"],"items_purchased_type":["Card","Relic","Potion","Card"],"build_version":"2020-12-22","purchased_purges":2,"victory":false,"max_hp_per_floor":[60,60,60,60,65,65,65,65,65,65,65,65,65,65,65,65,65,65,65,65,65,65,65],"card_choices":[{"not_picked":["Accuracy","Deflect"],"picked":"Dagger Throw","floor":1.0},{"not_picked":["Backstab","Leg Sweep"],"picked":"Well Laid Plans","floor":3.0},{"not_picked":["Night Terror","Slice"],"picked":"Escape Plan","floor":6.0},{"not_picked":["Heel Hook","Deadly Poison"],"picked":"Blade Dance","floor":7.0},{"not_picked":["Acrobatics","Deflect"],"picked":"Blade Dance","floor":11.0},{"not_picked":["Heel Hook","Underhanded Strike","Cloak And Dagger"],"picked":"SKIP","floor":13.0},{"not_picked":["Dagger Spray","Acrobatics"],"picked":"Flechettes","floor":14.0},{"not_picked":["Phantasmal Killer","Adrenaline"],"picked":"Envenom","floor":16.0},{"not_picked":["Dagger Throw","Quick Slash"],"picked":"Bane","floor":18.0},{"not_picked":["Underhanded Strike","Slice","Masterful Stab"],"picked":"SKIP","floor":19.0},{"not_picked":["Skewer","Bouncing Flask","Deadly Poison"],"picked":"SKIP","floor":21.0}],"player_experience":494587,"relics_obtained":[{"floor":6.0,"key":"Bag of Marbles"},{"floor":9.0,"key":"Kunai"}],"event_choices":[{"cards_removed":["Strike_G"],"damage_healed":0.0,"max_hp_gain":0.0,"max_hp_loss":0.0,"gold_gain":0.0,"event_name":"Golden Wing","player_choice":"Card Removal","floor":2.0,"gold_loss":0.0,"damage_taken":7.0},{"damage_healed":0.0,"max_hp_gain":5.0,"max_hp_loss":0.0,"gold_gain":0.0,"event_name":"Big Fish","player_choice":"Donut","floor":5.0,"gold_loss":0.0,"damage_taken":0.0},{"damage_healed":0.0,"max_hp_gain":0.0,"max_hp_loss":0.0,"gold_gain":0.0,"event_name":"World of Goop","player_choice":"Left Gold","floor":10.0,"gold_loss":27.0,"damage_taken":0.0}],"is_beta":false,"boss_relics":[{"not_picked":["Calling Bell","Black Star"],"picked":"WristBlade"}],"items_purged_floors":[4,20],"is_endless":false,"potions_floor_spawned":[1,6,14,21],"killed_by":"Snake Plant","ascension_level":19}}