{"host":"nii9k1idymerq4qj","time":1611036873,"event":{"mods":["Act Like it!","Arknights The Spire","BaseMod","Colored Powertips","Minty Spire (QoL Compilation)","Remilia£®¿Ÿ√◊¿Ú—«£©","Replay The Spire","StSLib","Waifu the Spire","Yuyuko"],"gold_per_floor":[115,128,140,140,156,188,188,220,220,240,240,253,265,278,278,383,383,395,310,320,339,20,20,48,48,48,48,48,75,75,93,93,211,211,227,277,293,333,333,333,0,18,65,80,80,80,80],"floor_reached":46,"language":"ZHS","playtime":9523,"items_purged":["Strike_RM"],"score":704,"play_id":"0fcf9cba-fc41-41f6-bda1-eb5cf78f1d94","local_time":"20210119141433","is_ascension_mode":false,"campfire_choices":[{"data":"ScarletImprint","floor":7,"key":"SMITH"},{"data":"CeilingFear","floor":11,"key":"SMITH"},{"data":"UnstableMagic","floor":15,"key":"SMITH"},{"data":"ScarletSymphony","floor":23,"key":"SMITH"},{"data":"ChaoticDestiny","floor":27,"key":"SMITH"},{"data":"Voices","floor":32,"key":"PURGE"}],"circlet_count":0,"master_deck":["Strike_RM","Strike_RM","Strike_RM","Defend_RM","Defend_RM","Defend_RM","Defend_RM","RedMoon","ScarletShoot","ScarletDevil","UnstableMagic+1","ScarletImprint+1","MillenniumVampire","FitfulNightmare","CeilingFear+1","Stigmanizer","EternalNight","UnderTheZenith","BloodyHallows","ScarletImprint+1","RedRainbow+1","ScarletSymphony+1","ChaoticDestiny+1","BloodRain","Pride","ScarletSymphony","KillingBlow","BlasphemousPunishment","BloodAndWine","FavorOfDestiny+1","EquivalentExchange","BloodHunter","BloodySeventeenLaser","BombardNight"],"relics":["ScarletHat","Strawberry","Darkstone Periapt","Pantograph","Honey Jar","Snack Pack","Replay:Accelerometer","Bird Faced Urn","Ring of Fury","Bottled Lightning","ReplayTheSpireMod:TigerMarble","GreatHeart","Philosopher\u0027s Stone","Ginger","Red Mask","Lantern","ReplayFunnel"],"acts_visited":["Exordium","TheCity","TheBeyond"],"potions_floor_usage":[6,10,29,33,38],"damage_taken":[{"damage":0,"enemies":"Jaw Worm","floor":1,"turns":4},{"damage":0,"enemies":"Small Slimes","floor":2,"turns":4},{"damage":0,"enemies":"2 Louse","floor":3,"turns":3},{"damage":0,"enemies":"Blue Slaver","floor":5,"turns":3},{"damage":6,"enemies":"3 Sentries","floor":6,"turns":12},{"damage":1,"enemies":"Replay:BlueRogue","floor":8,"turns":6},{"damage":4,"enemies":"3 Louse","floor":10,"turns":3},{"damage":3,"enemies":"Looter","floor":12,"turns":4},{"damage":0,"enemies":"Exordium Wildlife","floor":13,"turns":5},{"damage":0,"enemies":"Lots of Slimes","floor":14,"turns":5},{"damage":57,"enemies":"The Guardian","floor":16,"turns":8},{"damage":40,"enemies":"2 Thieves","floor":18,"turns":4},{"damage":20,"enemies":"Spheric Guardian","floor":20,"turns":4},{"damage":16,"enemies":"Snecko","floor":21,"turns":4},{"damage":34,"enemies":"Replay:Snechameleon","floor":24,"turns":5},{"damage":33,"enemies":"Gremlin Leader","floor":29,"turns":5},{"damage":15,"enemies":"Shelled Parasite and Fungi","floor":31,"turns":5},{"damage":37,"enemies":"Pondfish","floor":33,"turns":7},{"damage":4,"enemies":"3 Darklings","floor":35,"turns":2},{"damage":28,"enemies":"Mind Bloom Boss Battle","floor":36,"turns":4},{"damage":17,"enemies":"Orb Walker","floor":37,"turns":1},{"damage":82,"enemies":"Maw","floor":38,"turns":5},{"damage":59,"enemies":"4 Shapes","floor":42,"turns":1},{"damage":27,"enemies":"R_Hoarder","floor":43,"turns":3},{"damage":15,"enemies":"Jaw Worm Horde","floor":44,"turns":4}],"seed_played":"667310624655236261","potions_obtained":[{"floor":2,"key":"LiquidBronze"},{"floor":3,"key":"AttackPotion"},{"floor":6,"key":"Adrenaline Potion"},{"floor":10,"key":"Regen Potion"},{"floor":13,"key":"Swift Potion"},{"floor":20,"key":"PowerPotion"},{"floor":21,"key":"DistilledChaos"},{"floor":24,"key":"Explosive Potion"},{"floor":31,"key":"GamblersBrew"},{"floor":38,"key":"GamblersBrew"},{"floor":42,"key":"Ancient Potion"},{"floor":44,"key":"Elixir"}],"is_trial":false,"path_per_floor":["M","M","M","?","M","E","R","E","T","M","R","M","M","M","R","B",null,"M","?","M","M","$","R","E","?","T","R","$","E","?","M","R","B",null,"M","?","M","M","PTL","PTL","?","M","E","M","T","E"],"character_chosen":"REMILIA","items_purchased":["Replay:Accelerometer"],"campfire_rested":0,"item_purchase_floors":[22],"current_hp_per_floor":[82,82,82,82,82,85,85,88,88,84,84,81,82,84,84,36,89,73,73,57,70,70,70,44,50,50,50,50,28,34,33,33,80,101,101,79,64,101,101,101,101,44,26,28,28,0,0],"gold":80,"neow_bonus":"TEN_PERCENT_HP_BONUS","is_daily":false,"chose_seed":false,"campfire_upgraded":5,"win_rate":0.0,"timestamp":1611036873,"path_taken":["M","M","M","?","M","E","R","E","T","M","R","M","M","M","R","BOSS","M","?","M","M","$","R","E","?","T","R","?","E","?","M","R","BOSS","M","?","M","M","PTL","PTL","?","M","E","M","T","E"],"items_purchased_type":["Relic"],"build_version":"2020-12-22","purchased_purges":1,"victory":false,"max_hp_per_floor":[82,82,82,82,82,89,89,89,89,89,89,89,89,89,89,89,89,89,89,89,89,89,89,89,95,95,95,95,95,101,101,101,101,101,101,101,101,101,101,101,101,101,101,101,101,101,101],"card_choices":[{"not_picked":["MastersStateliness","RedRainbow"],"picked":"ScarletDevil","floor":1},{"not_picked":["FavorOfDestiny","ScarletGensokyo"],"picked":"UnstableMagic","floor":2},{"not_picked":["RedMagic","MastersStateliness"],"picked":"ScarletImprint","floor":3},{"not_picked":["BombardNight","ScarletImprint"],"picked":"MillenniumVampire","floor":5},{"not_picked":["MillenniumVampire","BombardNight"],"picked":"FitfulNightmare","floor":6},{"not_picked":["BloodAndWine","BlasphemousPunishment"],"picked":"CeilingFear","floor":8},{"not_picked":["CharismaGuard","HunterOfTheNight"],"picked":"Stigmanizer","floor":10},{"not_picked":["RedRainbow","BloodyTrap"],"picked":"EternalNight","floor":12},{"not_picked":["ScarletDream","CharismaGuard"],"picked":"UnderTheZenith","floor":13},{"not_picked":["VampireKiss","Stigmanizer","LeisurelyOfLord"],"picked":"SKIP","floor":14},{"not_picked":["ChaoticDestiny","ScarletMeister"],"picked":"BloodyHallows","floor":16},{"not_picked":["BlasphemousPunishment","DiffusionOfMisfortune","VampireSweep"],"picked":"ScarletImprint+1","floor":18},{"not_picked":["SuperhumanBloodyKnife","ScarletDream","UltimateOffering"],"picked":"RedRainbow+1","floor":20},{"not_picked":["BloodHunter","HunterOfTheNight","ForbiddenFruit"],"picked":"ScarletSymphony","floor":21},{"not_picked":["UnstableMagic","VampireKiss","UnderTheZenith"],"picked":"ChaoticDestiny","floor":24},{"not_picked":["UltimateOffering","StarOfDavid","UnstableMagic+1"],"picked":"BloodRain","floor":29},{"not_picked":["ScarletDevil","BloodyMagicSquare","UnstableMagic+1"],"picked":"ScarletSymphony","floor":31},{"not_picked":["QueenOfMidnight","TransientEternity","BloodRain"],"picked":"KillingBlow","floor":33},{"not_picked":["UnderTheZenith","NightDance","UnstableMagic+1"],"picked":"BlasphemousPunishment","floor":35},{"not_picked":["EmergencyRegeneration","BlasphemousPunishment+1","EndlessAdversity+1"],"picked":"BloodAndWine","floor":36},{"not_picked":["RedNightlessCastle","RedRainbow","RedMagic+1"],"picked":"FavorOfDestiny+1","floor":37},{"not_picked":["DiffusionOfMisfortune+1","StarOfDavid+1","UnderTheZenith"],"picked":"EquivalentExchange","floor":38},{"not_picked":["DiffusionOfMisfortune","BloodyMagicSquare+1","Ultimatum"],"picked":"BloodHunter","floor":42},{"not_picked":["CurseOfVladTepes","EndlessAdversity","UnderTheZenith+1"],"picked":"BloodySeventeenLaser","floor":43},{"not_picked":["ChainGang+1","MillenniumVampire+1","BadLadyScramble"],"picked":"BombardNight","floor":44}],"player_experience":97584,"relics_obtained":[{"floor":6,"key":"Strawberry"},{"floor":8,"key":"Darkstone Periapt"},{"floor":9,"key":"Pantograph"},{"floor":24,"key":"Bird Faced Urn"},{"floor":25,"key":"Ring of Fury"},{"floor":26,"key":"Bottled Lightning"},{"floor":29,"key":"ReplayTheSpireMod:TigerMarble"},{"floor":36,"key":"Ginger"},{"floor":43,"key":"Lantern"},{"floor":45,"key":"ReplayFunnel"}],"event_choices":[{"damage_healed":0,"gold_gain":0,"player_choice":"Ignored","damage_taken":0,"max_hp_gain":0,"max_hp_loss":0,"event_name":"Liars Game","floor":4,"gold_loss":0},{"damage_healed":0,"gold_gain":0,"player_choice":"Obtained Relic","damage_taken":0,"relics_obtained":["Snack Pack"],"max_hp_gain":0,"max_hp_loss":0,"event_name":"Addict","floor":19,"gold_loss":85},{"damage_healed":0,"gold_gain":0,"player_choice":"Fight","damage_taken":0,"max_hp_gain":0,"max_hp_loss":0,"event_name":"MindBloom","floor":36,"gold_loss":0},{"damage_healed":0,"gold_gain":0,"player_choice":"Paid","damage_taken":0,"relics_obtained":["Red Mask"],"max_hp_gain":0,"max_hp_loss":0,"event_name":"Tomb of Lord Red Mask","floor":41,"gold_loss":333}],"is_beta":false,"boss_relics":[{"not_picked":["Ectoplasm","Fusion Hammer"],"picked":"Honey Jar"},{"not_picked":["Replay:Ancient Bell","Replay:Drink Me"],"picked":"Philosopher\u0027s Stone"}],"items_purged_floors":[22],"is_endless":false,"potions_floor_spawned":[2,3,6,10,13,20,24,31,38,42,44],"killed_by":"Nemesis","ascension_level":0}}