{"host":"kdt6w7ix8lwe69i9","time":1611023844,"event":{"mods":["100% Spire Juice","Bartender","BaseMod","ChefMod","Downfall","Evolution","Fiend Mod","Jorbs\u0027s Wanderer Trilogy","Minty Spire (QoL Compilation)","Reimu（博丽灵梦）","Robot Space Explorer","Shade Mod","StSLib","The Caster","The Cursed","The Disciple","The Dragon Tamer","The Druid","The Fake Hero","The Forsaken","The Gatherer","The Marked","TheBandit","TheSwordswoman"],"gold_per_floor":[115,115,115,129,9,40,58,68,68,78,78,113,38,50,50,50,50],"floor_reached":16,"language":"ENG","playtime":812,"items_purged":["Regret"],"score":127,"play_id":"acde235a-e5fd-4ab6-9024-0265747edc3f","local_time":"20210118213724","is_ascension_mode":false,"campfire_choices":[{"data":"Moonworks:CloudOfSeagulls","floor":11,"key":"SMITH"},{"data":"Moonworks:CloudOfSeagulls","floor":15,"key":"SMITH"}],"circlet_count":0,"master_deck":["Moonworks:Assault","Moonworks:Assault","Moonworks:Strike","Moonworks:Strike","Moonworks:Defend","Moonworks:Defend","Moonworks:Defend+1","Moonworks:Defend","Moonworks:Ambush","Moonworks:LongDistanceShot+1","Moonworks:CloudOfSeagulls+1","Moonworks:IndiscriminateFireSupport","Moonworks:CookingTime","Moonworks:LuckyCharm","Moonworks:CloudOfSeagulls+1","Moonworks:ReflectiveShell","Moonworks:AwakeningOfTalent"],"relics":["Moonworks:BrokenBomb","Moonworks:Homemark","EVO:Axolotl","NeowsBlessing","Power_Wrist","Ancient Tea Set"],"acts_visited":["Exordium"],"potions_floor_usage":[16,16],"damage_taken":[{"damage":0,"enemies":"2 Louse","floor":1,"turns":1},{"damage":0,"enemies":"Jaw Worm","floor":4,"turns":1},{"damage":0,"enemies":"3 Sentries","floor":6,"turns":2},{"damage":0,"enemies":"Cultist","floor":7,"turns":2},{"damage":2,"enemies":"Blue Slaver","floor":8,"turns":2},{"damage":12,"enemies":"Gremlin Gang","floor":10,"turns":6},{"damage":0,"enemies":"Lots of Slimes","floor":14,"turns":1},{"damage":47,"enemies":"The Guardian","floor":16,"turns":8}],"seed_played":"430656637286113897","potions_obtained":[{"floor":1,"key":"Fire Potion"},{"floor":8,"key":"SpeedPotion"}],"is_trial":false,"path_per_floor":["M","?","T","M","$","E","M","M","T","M","R","?","$","M","R","B"],"character_chosen":"THE_STARBREAKER","items_purchased":[],"campfire_rested":0,"item_purchase_floors":[],"current_hp_per_floor":[60,48,48,48,48,48,48,46,46,37,37,37,37,37,37,0,0],"gold":50,"neow_bonus":"THREE_ENEMY_KILL","is_daily":false,"chose_seed":false,"campfire_upgraded":2,"win_rate":0.0,"timestamp":1611023844,"path_taken":["M","?","?","M","?","E","M","?","T","?","R","?","$","M","R","BOSS"],"items_purchased_type":[],"build_version":"2020-12-22","purchased_purges":1,"victory":false,"max_hp_per_floor":[60,60,60,60,60,60,60,60,60,60,60,60,60,60,60,60,60],"card_choices":[{"not_picked":["Moonworks:ImOnFire","Moonworks:BigMagnum"],"picked":"Moonworks:CloudOfSeagulls","floor":1},{"not_picked":["Moonworks:LulusLuckyEgg","Moonworks:BindingChains"],"picked":"Moonworks:IndiscriminateFireSupport","floor":4},{"not_picked":["Moonworks:IndiscriminateFireSupport","Moonworks:ImOnFire"],"picked":"Moonworks:CookingTime","floor":6},{"not_picked":["Moonworks:CastOff","Moonworks:NicePresent"],"picked":"Moonworks:LuckyCharm","floor":7},{"not_picked":["Moonworks:CompletionReward","Moonworks:WindyEnchantment"],"picked":"Moonworks:CloudOfSeagulls","floor":8},{"not_picked":["Moonworks:UnpaidWork","Moonworks:SakisCookie"],"picked":"Moonworks:ReflectiveShell","floor":10},{"not_picked":["Moonworks:LuckyCharm","Moonworks:BigMagnum"],"picked":"Moonworks:AwakeningOfTalent","floor":14}],"player_experience":1857546,"relics_obtained":[{"floor":3,"key":"Power_Wrist"},{"floor":6,"key":"Ancient Tea Set"}],"event_choices":[{"damage_healed":0,"gold_gain":0,"player_choice":"Entered Light","damage_taken":12,"max_hp_gain":0,"max_hp_loss":0,"event_name":"Shining Light","floor":2,"gold_loss":0,"cards_upgraded":["Moonworks:Defend","Moonworks:LongDistanceShot"]},{"damage_healed":0,"gold_gain":275,"player_choice":"Desecrate","damage_taken":0,"max_hp_gain":0,"max_hp_loss":0,"event_name":"Golden Shrine","floor":12,"gold_loss":0,"cards_obtained":["Regret"]}],"is_beta":false,"boss_relics":[],"items_purged_floors":[13],"is_endless":false,"potions_floor_spawned":[1,8],"killed_by":"The Guardian","ascension_level":0}}