{"host":"l5xpox9cbdko122s","time":1611088353,"event":{"mods":["AchievementEnabler","BaseMod","Minty Spire (QoL Compilation)"],"gold_per_floor":[113,133,34,61,136,171,182,182,182,192,227,227,245,257,257,257,257],"floor_reached":16,"language":"ENG","playtime":652,"items_purged":[],"score":162,"play_id":"4817758a-53a8-4ae9-9583-50f2e7deb9ca","local_time":"20210119153233","is_ascension_mode":false,"campfire_choices":[{"floor":12,"key":"RECALL"},{"floor":15,"key":"REST"}],"circlet_count":0,"master_deck":["Strike_B","Strike_B","Strike_B","Strike_B","Defend_B","Defend_B","Defend_B","Defend_B","Zap","Dualcast","Sunder","Conserve Battery","Redo","Doom and Gloom","Lockon+1"],"relics":["Cracked Core","Oddly Smooth Stone","Cables","Question Card","Bottled Lightning"],"acts_visited":["Exordium"],"potions_floor_usage":[2,6,10,10,11,11,11],"damage_taken":[{"damage":0,"enemies":"Cultist","floor":1,"turns":4},{"damage":0,"enemies":"2 Louse","floor":2,"turns":2},{"damage":16,"enemies":"Lagavulin","floor":6,"turns":7},{"damage":11,"enemies":"Small Slimes","floor":7,"turns":3},{"damage":13,"enemies":"Red Slaver","floor":10,"turns":2},{"damage":0,"enemies":"Gremlin Nob","floor":11,"turns":2},{"damage":6,"enemies":"2 Fungi Beasts","floor":13,"turns":2},{"damage":12,"enemies":"Blue Slaver","floor":14,"turns":2},{"damage":43,"enemies":"Slime Boss","floor":16,"turns":7}],"seed_played":"-2342126533021539078","potions_obtained":[{"floor":1,"key":"GamblersBrew"},{"floor":2,"key":"Weak Potion"},{"floor":7,"key":"LiquidMemories"},{"floor":10,"key":"EntropicBrew"}],"is_trial":false,"path_per_floor":["M","M","$","T","?","E","M","?","T","M","E","R","M","M","R","B"],"character_chosen":"DEFECT","items_purchased":["Redo","Doom and Gloom"],"campfire_rested":1,"item_purchase_floors":[3,3],"current_hp_per_floor":[75,75,75,75,64,48,37,37,37,24,29,29,23,11,33,0,0],"gold":257,"neow_bonus":"RANDOM_COMMON_RELIC","is_daily":false,"chose_seed":false,"campfire_upgraded":0,"win_rate":0.0,"timestamp":1611088353,"path_taken":["M","M","$","?","?","E","M","?","T","M","E","R","M","?","R","BOSS"],"items_purchased_type":["Card","Card"],"build_version":"2020-12-22","purchased_purges":0,"victory":false,"max_hp_per_floor":[75,75,75,75,75,75,75,75,75,75,75,75,75,75,75,75,75],"card_choices":[{"not_picked":["Blizzard","Cold Snap"],"picked":"Sunder","floor":1},{"not_picked":["Sweeping Beam","Steam Power"],"picked":"Conserve Battery","floor":2},{"not_picked":["Core Surge","Static Discharge","Storm"],"picked":"SKIP","floor":6},{"not_picked":["Ball Lightning","Melter"],"picked":"Lockon","floor":7},{"not_picked":["Cold Snap","Steam","Leap","Coolheaded"],"picked":"SKIP","floor":10},{"not_picked":["Melter","Gash","Barrage","Beam Cell"],"picked":"SKIP","floor":11},{"not_picked":["Heatsinks","Consume","White Noise","Coolheaded"],"picked":"SKIP","floor":13},{"not_picked":["Streamline","Stack","Chaos","Steam Power"],"picked":"SKIP","floor":14}],"player_experience":136527,"relics_obtained":[{"floor":6,"key":"Cables"},{"floor":9,"key":"Question Card"},{"floor":11,"key":"Bottled Lightning"}],"event_choices":[{"damage_healed":0,"gold_gain":75,"player_choice":"Gather Gold","damage_taken":11,"max_hp_gain":0,"max_hp_loss":0,"event_name":"World of Goop","floor":5,"gold_loss":0},{"damage_healed":0,"gold_gain":0,"player_choice":"Forge","damage_taken":0,"max_hp_gain":0,"max_hp_loss":0,"event_name":"Accursed Blacksmith","floor":8,"gold_loss":0,"cards_upgraded":["Lockon"]}],"is_beta":false,"boss_relics":[],"items_purged_floors":[],"is_endless":false,"potions_floor_spawned":[1,2,7,10],"killed_by":"Slime Boss","ascension_level":0}}