{"host":"78zdngn0u28jm0pp","time":1611091003,"event":{"mods":["BaseMod","Jorbs\u0027s Wanderer Trilogy","Minty Spire (QoL Compilation)","Permanent Neow","Quick Restart","Relic Stats","StSLib","Unceasing Turn Reminder"],"gold_per_floor":[17,31,48,48,62,96,96,135,135,135,135,150,150,0,0,0,0],"floor_reached":16,"language":"ENG","playtime":646,"items_purged":["Strike_R"],"score":132,"play_id":"3b96a655-b979-4a04-a005-26d813022852","local_time":"20210119141643","is_ascension_mode":true,"campfire_choices":[{"data":"Dark Embrace","floor":7,"key":"SMITH"},{"floor":10,"key":"REST"},{"data":"Metallicize","floor":13,"key":"SMITH"},{"data":"Flame Barrier","floor":15,"key":"SMITH"}],"circlet_count":0,"master_deck":["Strike_R","Strike_R","Strike_R","Strike_R","Defend_R","Defend_R","Defend_R","Defend_R","Bash","Ghostly Armor","Dark Embrace+1","Metallicize+1","Hemokinesis","Seeing Red","Flame Barrier+1"],"relics":["Burning Blood","Calipers","Golden Idol","Centennial Puzzle","Lantern","Bronze Scales","InkBottle"],"acts_visited":["Exordium"],"potions_floor_usage":[6,6,12],"damage_taken":[{"damage":11,"enemies":"Small Slimes","floor":1,"turns":3},{"damage":1,"enemies":"Jaw Worm","floor":2,"turns":4},{"damage":1,"enemies":"2 Louse","floor":3,"turns":4},{"damage":5,"enemies":"Red Slaver","floor":5,"turns":7},{"damage":37,"enemies":"Lagavulin","floor":6,"turns":11},{"damage":24,"enemies":"3 Sentries","floor":8,"turns":9},{"damage":8,"enemies":"Lots of Slimes","floor":12,"turns":4},{"damage":5,"enemies":"Hexaghost","floor":16,"turns":7}],"seed_played":"5076370400925854885","potions_obtained":[{"floor":1,"key":"SneckoOil"},{"floor":5,"key":"PowerPotion"},{"floor":8,"key":"AttackPotion"}],"is_trial":false,"path_per_floor":["M","M","M","?","M","E","R","E","T","R","?","M","R","$","R","B"],"character_chosen":"IRONCLAD","items_purchased":["Flame Barrier"],"campfire_rested":1,"item_purchase_floors":[14],"current_hp_per_floor":[75,80,80,60,61,30,30,12,12,36,18,16,16,16,16,11,11],"gold":0,"neow_bonus":"ONE_RARE_RELIC","is_daily":false,"chose_seed":false,"campfire_upgraded":3,"win_rate":0.0,"timestamp":1611091003,"path_taken":["M","M","M","?","M","E","R","E","T","R","?","M","R","?","R","BOSS"],"items_purchased_type":["Card"],"build_version":"2020-12-22","purchased_purges":1,"victory":false,"max_hp_per_floor":[80,80,80,80,80,80,80,80,80,80,80,80,80,80,80,80,80],"relic_stats":{"Centennial Puzzle":[9],"counters":[8,49],"Golden Idol":21,"Bronze Scales":[50],"obtain_stats":[{"Centennial Puzzle":6,"Lantern":8,"Calipers":0,"Golden Idol":4,"Bronze Scales":9,"Burning Blood":0,"InkBottle":11},{"Centennial Puzzle":5,"Lantern":6,"Calipers":0,"Golden Idol":3,"Bronze Scales":6,"Burning Blood":0,"InkBottle":6},{"Centennial Puzzle":29,"Lantern":38,"Calipers":0,"Golden Idol":11,"Bronze Scales":38,"Burning Blood":0,"InkBottle":38}],"Burning Blood":37,"InkBottle":[3]},"card_choices":[{"not_picked":["Clothesline","Headbutt"],"picked":"Ghostly Armor","floor":1},{"not_picked":["Pommel Strike","Iron Wave"],"picked":"Dark Embrace","floor":2},{"not_picked":["Spot Weakness","Juggernaut"],"picked":"Metallicize","floor":3},{"not_picked":["Wild Strike","Sword Boomerang","Bloodletting"],"picked":"SKIP","floor":5},{"not_picked":["Infernal Blade","Warcry"],"picked":"Hemokinesis","floor":6},{"not_picked":["Sentinel","Sword Boomerang"],"picked":"Seeing Red","floor":8},{"not_picked":["Thunderclap","Blood for Blood","Anger"],"picked":"SKIP","floor":12},{"not_picked":["Thunderclap","Blood for Blood","Anger"],"picked":"SKIP","floor":12}],"player_experience":773237,"relics_obtained":[{"floor":6,"key":"Centennial Puzzle"},{"floor":8,"key":"Lantern"},{"floor":9,"key":"Bronze Scales"}],"event_choices":[{"damage_healed":0,"gold_gain":0,"player_choice":"Take Damage","damage_taken":20,"relics_obtained":["Golden Idol"],"max_hp_gain":0,"max_hp_loss":0,"event_name":"Golden Idol","floor":4,"gold_loss":0},{"damage_healed":0,"gold_gain":0,"player_choice":"Success","damage_taken":18,"relics_obtained":["InkBottle"],"max_hp_gain":0,"max_hp_loss":0,"event_name":"Scrap Ooze","floor":11,"gold_loss":0}],"is_beta":false,"boss_relics":[],"items_purged_floors":[14],"is_endless":false,"potions_floor_spawned":[1,5,8],"killed_by":"Hexaghost","ascension_level":4}}