{"host":"skr63qsdfgeey3it","time":1611092338,"event":{"mods":["BaseMod","Colored Map","Hubris","Minty Spire (QoL Compilation)","Replay The Spire","Spicy Shops","StSLib"],"gold_per_floor":[114,114,114,129,140,140,153,8,62,62,62,24,67,87,87,170,170,197,223,0,0,0,0,26,361,361,395,444,482,12,74,74,172,172,210,210,20,42,83,83,133,159,159],"floor_reached":42,"language":"ENG","playtime":1785,"items_purged":["Looming Evil"],"score":959,"play_id":"e10c09fc-6d30-4c8b-b9c0-e1de026d4a52","local_time":"20210119153858","is_ascension_mode":true,"campfire_choices":[{"data":"Bash","floor":6,"key":"SMITH"},{"data":"Bludgeon","floor":15,"key":"SMITH"},{"data":"True Grit","floor":23,"key":"SMITH"},{"floor":32,"key":"REST"},{"data":"ReplayTheSpireMod:LeadingStrike","floor":40,"key":"SMITH"}],"circlet_count":0,"master_deck":["AscendersBane","Strike_R","Strike_R","Strike_R","Strike_R","Strike_R","Defend_R","Defend_R","Defend_R","Bash+1","Power Through","Clash","Rampage","Bludgeon+1","Wild Strike","Berserk","Heavy Blade+1","Perfected Strike","Havoc","Pummel","Feel No Pain","Flex","Replay:Sssssssssstrike","True Grit+1","Metallicize","True Grit","Eclipse","Inflame+1","Evolve","Perfected Strike","Exhume","Madness","Madness","Second Wind","ReplayTheSpireMod:LeadingStrike+1","Pot Of Greed","Pot Of Greed","Pot Of Greed","Corruption","Pot Of Greed"],"relics":["Burning Blood","NeowsBlessing","Membership Card","Replay:Bandana","Ring of Searing","ReplayTheSpireMod:Ring of Addiction","White Beast Statue","SacredBark","hubris:Towel","Another Sword","hubris:TerracottaHorce","hubris:SlimyHat","Old Coin","Calipers","ReplayTheSpireMod:TigerMarble","hubris:64BitClover","Kunai","hubris:IronBody","Happy Flower","hubris:RunicObelisk","Charon\u0027s Ashes","Potion Belt","Lee\u0027s Waffle","Grinning Jar"],"acts_visited":["Exordium","TheCity","TheBeyond"],"potions_floor_usage":[7,13,14,16,16,19,24,24,27,27,28,31,33,33,38,41,41,41],"damage_taken":[{"damage":0,"enemies":"Small Slimes","floor":1,"turns":1},{"damage":0,"enemies":"Cultist","floor":4,"turns":1},{"damage":0,"enemies":"Jaw Worm","floor":5,"turns":1},{"damage":1,"enemies":"Blue Slaver","floor":7,"turns":3},{"damage":30,"enemies":"3 Sentries","floor":13,"turns":7},{"damage":7,"enemies":"Exordium Wildlife","floor":14,"turns":2},{"damage":13,"enemies":"Slime Boss","floor":16,"turns":6},{"damage":10,"enemies":"Spheric Guardian","floor":18,"turns":3},{"damage":10,"enemies":"Chosen","floor":19,"turns":3},{"damage":5,"enemies":"Snake Plant","floor":24,"turns":2},{"damage":18,"enemies":"Gremlin Leader","floor":25,"turns":2},{"damage":10,"enemies":"Centurion and Healer","floor":27,"turns":4},{"damage":30,"enemies":"Slavers","floor":28,"turns":8},{"damage":12,"enemies":"3 Cultists","floor":29,"turns":4},{"damage":0,"enemies":"Gremlin Leader","floor":31,"turns":3},{"damage":30,"enemies":"Champ","floor":33,"turns":6},{"damage":19,"enemies":"3 Shapes","floor":35,"turns":4},{"damage":5,"enemies":"Orb Walker","floor":38,"turns":2},{"damage":17,"enemies":"3 Darklings","floor":39,"turns":3},{"damage":95,"enemies":"Nemesis","floor":41,"turns":7},{"damage":31,"enemies":"Transient","floor":42,"turns":5}],"seed_played":"-5489742339115676374","potions_obtained":[{"floor":1,"key":"FearPotion"},{"floor":4,"key":"Block Potion"},{"floor":7,"key":"DuplicationPotion"},{"floor":13,"key":"AttackPotion"},{"floor":14,"key":"GamblersBrew"},{"floor":16,"key":"Block Potion"},{"floor":18,"key":"Languid Potion"},{"floor":19,"key":"SteroidPotion"},{"floor":24,"key":"Elixir"},{"floor":25,"key":"Adrenaline Potion"},{"floor":27,"key":"AttackPotion"},{"floor":28,"key":"SpeedPotion"},{"floor":29,"key":"SteroidPotion"},{"floor":31,"key":"Strength Potion"},{"floor":33,"key":"Strength Potion"},{"floor":35,"key":"Cursed Concoction"},{"floor":38,"key":"Venom Potion"},{"floor":39,"key":"Reflective Coating"},{"floor":41,"key":"GamblersBrew"}],"is_trial":false,"path_per_floor":["M","?","?","M","M","R","M","$","T","?","?","$","E","M","R","B",null,"M","M","$","?","T","R","M","E","T","M","E","M","$","E","R","B",null,"M","?","$","M","M","R","E","M"],"character_chosen":"IRONCLAD","items_purchased":["Membership Card","Havoc","Pummel","Feel No Pain","Flex","Replay:Sssssssssstrike","hubris:64BitClover","Kunai","hubris:IronBody","Evolve","Charon\u0027s Ashes","Potion Belt","Lee\u0027s Waffle","BloodPotion"],"campfire_rested":1,"item_purchase_floors":[8,20,20,20,20,20,30,30,30,30,37,37,37,37],"current_hp_per_floor":[78,78,80,80,80,80,80,80,80,80,80,80,56,55,55,48,72,68,64,64,64,64,64,65,53,53,49,25,19,19,25,48,24,65,52,38,83,83,72,72,23,0,0],"gold":159,"neow_bonus":"THREE_ENEMY_KILL","is_daily":false,"chose_seed":false,"campfire_upgraded":4,"win_rate":0.0,"timestamp":1611092338,"path_taken":["M","?","?","?","M","R","M","$","T","?","?","?","E","M","R","BOSS","M","M","$","?","?","R","?","E","T","M","E","M","$","E","R","BOSS","M","?","$","M","M","R","E","M"],"items_purchased_type":["Relic","Card","Card","Card","Card","Card","Relic","Relic","Relic","Card","Relic","Relic","Relic","Potion"],"build_version":"2020-12-22","purchased_purges":1,"victory":false,"max_hp_per_floor":[80,80,80,80,80,80,80,80,80,80,80,80,80,80,80,80,80,80,80,80,80,80,78,78,78,78,78,78,78,78,78,78,78,78,78,78,83,83,83,83,83,83,83],"card_choices":[{"not_picked":["Burning Pact","Replay:Undeath\u0027s Touch"],"picked":"Infernal Blade","floor":1},{"not_picked":["Ghostly Armor","Perfected Strike"],"picked":"Power Through","floor":4},{"not_picked":["Flex","Massacre"],"picked":"Clash","floor":5},{"not_picked":["Havoc","Armaments"],"picked":"Rampage","floor":7},{"not_picked":["Headbutt","Wild Strike"],"picked":"Bludgeon","floor":13},{"not_picked":["ReplayTheSpireMod:Muscle Training","Sentinel"],"picked":"Wild Strike","floor":14},{"not_picked":["Feed","Reaper"],"picked":"Berserk","floor":16},{"not_picked":["Inflame","Massacre"],"picked":"Heavy Blade+1","floor":18},{"not_picked":["Wild Strike","Battle Trance"],"picked":"Perfected Strike","floor":19},{"not_picked":["Inflame","Battle Trance"],"picked":"Metallicize","floor":24},{"not_picked":["Uppercut+1","Havoc"],"picked":"True Grit","floor":25},{"not_picked":["Inflame","Dropkick"],"picked":"Eclipse","floor":27},{"not_picked":["Shockwave","Flex"],"picked":"Inflame+1","floor":28},{"not_picked":["Iron Wave","Pommel Strike","Headbutt"],"picked":"SKIP","floor":29},{"not_picked":["Body Slam","Warcry"],"picked":"Perfected Strike","floor":31},{"not_picked":["Demonic Infusion","Brutality"],"picked":"Exhume","floor":33},{"not_picked":["Reckless Charge","Run Through","Pommel Strike"],"picked":"SKIP","floor":35},{"not_picked":["Anger","Combust"],"picked":"Second Wind","floor":38},{"not_picked":["Replay:Undeath\u0027s Touch","Headbutt"],"picked":"ReplayTheSpireMod:LeadingStrike","floor":39},{"not_picked":["Exhume","Armaments"],"picked":"Corruption","floor":41}],"player_experience":758937,"relics_obtained":[{"floor":9,"key":"Replay:Bandana"},{"floor":10,"key":"Ring of Searing"},{"floor":10,"key":"ReplayTheSpireMod:Ring of Addiction"},{"floor":10,"key":"White Beast Statue"},{"floor":10,"key":"SacredBark"},{"floor":13,"key":"Another Sword"},{"floor":22,"key":"hubris:SlimyHat"},{"floor":25,"key":"Old Coin"},{"floor":26,"key":"Calipers"},{"floor":28,"key":"ReplayTheSpireMod:TigerMarble"},{"floor":31,"key":"Happy Flower"},{"floor":41,"key":"Grinning Jar"}],"event_choices":[{"cards_removed":["Infernal Blade"],"damage_healed":2,"gold_gain":0,"player_choice":"Offered Uncommon","damage_taken":0,"max_hp_gain":0,"max_hp_loss":0,"event_name":"Bonfire Elementals","floor":3,"gold_loss":0},{"damage_healed":0,"gold_gain":0,"player_choice":"Embrace Madness","damage_taken":14,"max_hp_gain":0,"max_hp_loss":0,"event_name":"Winding Halls","floor":36,"gold_loss":0,"cards_obtained":["Madness","Madness"]}],"is_beta":false,"boss_relics":[{"not_picked":["Velvet Choker","Replay:Wanted Poster"],"picked":"hubris:TerracottaHorce"},{"not_picked":["Electric Blood","Tiny House"],"picked":"hubris:RunicObelisk"}],"items_purged_floors":[12],"is_endless":false,"potions_floor_spawned":[1,4,7,13,14,16,18,19,24,25,27,28,29,31,33,35,38,39,41],"killed_by":"Transient","ascension_level":13}}