{"host":"627up2rvtmm0cf0r","time":1611059332,"event":{"mods":["100% Spire Juice","ATMod(阿瑾Mod)","Act Like it!","BaseMod","Better Vampires","CapriCore","Card Filter","Card Forge","Colored Powertips","DeckTracker","Dota2Spire","Energized Spire","Friendly Minions","Highlight Path","Infinite Spire","Jedi Mod","Marked Mod","Mimic Mod","Minty Spire (QoL Compilation)","MostiFishMod","Permanent Neow","Practice Mode","Quick Restart","Relic Stats","Shop Mod","Spicy Shops","StSLib","SuperFastMode","TestMod","The Blackbeard","The Marked","【遗物卡牌】REMEMod","残留之物","篝火指南"],"gold_per_floor":[111,111,127,147,167,167,167,208,231,266,286,326,251,276,276,397,397,411,411,411,336,374,374,417,417,458,458,496,245,264,282,282,402,402,423,823,626,641,655,505,536,869,900,914,838,884,521,563,575,587,599,219,6,63,123],"floor_reached":56,"language":"ZHS","playtime":1414,"items_purged":["Strike_B","Strike_B","Defend_B","jedi:bruteforce","Dualcast","Defend_B","Defend_B","Defend_B"],"score":2144,"play_id":"e7846d72-5914-4e2a-a06f-ddbf0c8f8837","local_time":"20210119202852","is_ascension_mode":true,"campfire_choices":[{"data":"AT_ShadowStep","floor":6.0,"key":"SMITH"},{"data":"MostiFishMod:ReadyAimFire","floor":15.0,"key":"SMITH"},{"data":"Recycle","floor":23.0,"key":"SMITH"},{"data":"Moonworks:AccelHyper","floor":27,"key":"SMITH"},{"data":"infinitespire:Collect","floor":32,"key":"SMITH"},{"floor":49,"key":"RECALL"}],"circlet_count":0,"master_deck":["Zap","AT_ShadowStep+1","Moonworks:AccelHyper+1","infinitespire:Collect+1","MostiFishMod:ReadyAimFire+1","Recycle+1","MostiFishMod:ActiveDefenseSystem","Coolheaded+1"],"relics":["Cracked Core","Hammer of Thor","Seething Fire","Anvil of the Gods","DaveBox","testmod-TestBox","AT_ATBox","BirthdayGift-Icosahedron","SynthV:TestCard","infinitespire:Lucky Rock","infinitespire:PuzzleCube","Orichalcum","energizedSpire:OgreHead","AT_GuinsooRageblade","Dota2Spire:BlackKingBar","testmod-Déjàvu","jedi:Pinwheel","Anchor","AT_SunfireAegis","AT_TrinityForce","Medical Kit","testmod-FatalChain","testmod-Nyarlathotep","MawBank","Ancient Tea Set","Molten Egg 2","Unceasing Top","REME_ArchaeologicalTools","testmod-Maize"],"acts_visited":["Exordium","TheCity","TheBeyond","TheEnding"],"potions_floor_usage":[],"damage_taken":[{"damage":0.0,"enemies":"Cultist","floor":1.0,"turns":3.0},{"damage":0.0,"enemies":"Small Slimes","floor":3.0,"turns":2.0},{"damage":0.0,"enemies":"Jaw Worm","floor":4.0,"turns":2.0},{"damage":0.0,"enemies":"Looter","floor":5.0,"turns":1.0},{"damage":0.0,"enemies":"Gremlin Nob","floor":8.0,"turns":2.0},{"damage":20.0,"enemies":"Lagavulin","floor":10.0,"turns":4.0},{"damage":0.0,"enemies":"Large Slime","floor":11.0,"turns":3.0},{"damage":0.0,"enemies":"Gremlin Nob","floor":12.0,"turns":2.0},{"damage":0.0,"enemies":"Red Slaver","floor":14.0,"turns":2.0},{"damage":0.0,"enemies":"Hexaghost","floor":16.0,"turns":3.0},{"damage":0.0,"enemies":"Spheric Guardian","floor":18.0,"turns":1.0},{"damage":0.0,"enemies":"2 Thieves","floor":22.0,"turns":1.0},{"damage":0.0,"enemies":"REME_1_Revenger","floor":24.0,"turns":2.0},{"damage":0,"enemies":"2 Thieves","floor":26,"turns":2},{"damage":0,"enemies":"Slavers","floor":28,"turns":1},{"damage":0,"enemies":"2 Thieves","floor":30,"turns":1},{"damage":0,"enemies":"Snecko","floor":31,"turns":2},{"damage":0,"enemies":"Automaton","floor":33,"turns":2},{"damage":0,"enemies":"3 Shapes","floor":35,"turns":1},{"damage":0,"enemies":"3 Darklings","floor":38,"turns":1},{"damage":0,"enemies":"Writhing Mass","floor":39,"turns":1},{"damage":0,"enemies":"Reptomancer","floor":41,"turns":1},{"damage":0,"enemies":"Jaw Worm Horde","floor":43,"turns":1},{"damage":0,"enemies":"Jaw Worm Horde","floor":44,"turns":1},{"damage":0,"enemies":"Giant Head","floor":46,"turns":1},{"damage":0,"enemies":"Nemesis","floor":48,"turns":1},{"damage":0,"enemies":"infinitespire:MassOfShapes","floor":50,"turns":1},{"damage":0,"enemies":"Shield and Spear","floor":54,"turns":1},{"damage":0,"enemies":"The Heart","floor":55,"turns":3}],"seed_played":"-6427980542488047121","potions_obtained":[{"floor":8.0,"key":"Dota2Spire:HealingSalve"},{"floor":11.0,"key":"FearPotion"},{"floor":12.0,"key":"FearPotion"},{"floor":18.0,"key":"ColorlessPotion"}],"is_trial":false,"path_per_floor":["M","?","M","M","M","R","?","E","T","E","M","E","$","M","R","B",null,"M","?","?","?","MIM","R","E","AVR","MIM","R","E","R","M","M","R","B",null,"M","?","$","M","M","R","E","?","MIM","M","R","E","R","E","R","B",null,"R","$","E","B",null],"character_chosen":"DEFECT","items_purchased":["AT_SunfireAegis","Medical Kit","MawBank","Unceasing Top","REME_ArchaeologicalTools"],"campfire_rested":0,"item_purchase_floors":[29,37,45,52,52],"current_hp_per_floor":[75,57,58,59,60,60,42,43,43,24,25,26,26,27,27,28,75,75,75,75,75,75,75,75,75,75,75,75,75,75,75,75,75,75,75,75,75,75,75,75,75,75,75,75,75,75,75,75,75,75,75,75,75,75,75],"gold":123,"neow_bonus":"ONE_RANDOM_RARE_CARD","is_daily":false,"chose_seed":false,"campfire_upgraded":5,"win_rate":0.0,"timestamp":1611059332,"path_taken":["M","?","M","M","M","R","?","E","T","E","?","E","$","M","R","BOSS","M","?","?","?","?","R","E","AVR","MIM","R","E","R","M","?","R","BOSS","M","?","$","M","M","R","E","?","MIM","M","R","E","R","E","R","BOSS","R","$","E","BOSS"],"items_purchased_type":["Relic","Relic","Relic","Relic","Relic"],"build_version":"2020-12-22","purchased_purges":8,"victory":true,"max_hp_per_floor":[75,75,75,75,75,75,75,75,75,75,75,75,75,75,75,75,75,75,75,75,75,75,75,75,75,75,75,75,75,75,75,75,75,75,75,75,75,75,75,75,75,75,75,75,75,75,75,75,75,75,75,75,75,75,75],"relic_stats":{"counters":[29,49],"Orichalcum":[6],"Medical Kit":[4],"MawBank":96,"obtain_stats":[{"AT_ATBox":0,"DaveBox":0,"Hammer of Thor":0,"BirthdayGift-Icosahedron":0,"testmod-Nyarlathotep":43,"jedi:Pinwheel":26,"Ancient Tea Set":46,"AT_TrinityForce":34,"testmod-Déjàvu":25,"REME_ArchaeologicalTools":52,"Cracked Core":0,"AT_GuinsooRageblade":22,"testmod-Maize":54,"testmod-TestBox":0,"Dota2Spire:BlackKingBar":24,"Golden Idol":7,"testmod-FatalChain":41,"energizedSpire:OgreHead":17,"Seething Fire":0,"infinitespire:Lucky Rock":8,"Orichalcum":12,"Medical Kit":37,"MawBank":45,"Anchor":28,"SynthV:TestCard":1,"Anvil of the Gods":0,"Molten Egg 2":48,"AT_SunfireAegis":29,"infinitespire:PuzzleCube":10,"Unceasing Top":52,"REME_ComplimentaryCards":0},{"AT_ATBox":0,"DaveBox":0,"Hammer of Thor":0,"BirthdayGift-Icosahedron":0,"testmod-Nyarlathotep":23,"jedi:Pinwheel":14,"Ancient Tea Set":25,"AT_TrinityForce":18,"testmod-Déjàvu":13,"REME_ArchaeologicalTools":27,"Cracked Core":0,"AT_GuinsooRageblade":12,"testmod-Maize":28,"testmod-TestBox":0,"Dota2Spire:BlackKingBar":13,"Golden Idol":4,"testmod-FatalChain":22,"energizedSpire:OgreHead":10,"Seething Fire":0,"infinitespire:Lucky Rock":5,"Orichalcum":8,"Medical Kit":19,"MawBank":24,"Anchor":15,"SynthV:TestCard":1,"Anvil of the Gods":0,"Molten Egg 2":26,"AT_SunfireAegis":15,"infinitespire:PuzzleCube":6,"Unceasing Top":27,"REME_ComplimentaryCards":0},{"AT_ATBox":0,"DaveBox":0,"Hammer of Thor":0,"BirthdayGift-Icosahedron":0,"testmod-Nyarlathotep":41,"jedi:Pinwheel":30,"Ancient Tea Set":43,"AT_TrinityForce":36,"testmod-Déjàvu":28,"REME_ArchaeologicalTools":45,"Cracked Core":0,"AT_GuinsooRageblade":26,"testmod-Maize":46,"testmod-TestBox":0,"Dota2Spire:BlackKingBar":28,"Golden Idol":8,"testmod-FatalChain":40,"energizedSpire:OgreHead":24,"Seething Fire":0,"infinitespire:Lucky Rock":10,"Orichalcum":19,"Medical Kit":37,"MawBank":42,"Anchor":31,"SynthV:TestCard":3,"Anvil of the Gods":0,"Molten Egg 2":44,"AT_SunfireAegis":31,"infinitespire:PuzzleCube":14,"Unceasing Top":45,"REME_ComplimentaryCards":0}],"Unceasing Top":[0]},"card_choices":[{"not_picked":["Cold Snap","Streamline","Barrage"],"picked":"SKIP","floor":1.0},{"not_picked":["infinitespire:FinalStrike","infinitespire:Fortify"],"picked":"infinitespire:Collect","floor":2.0},{"not_picked":["Steam","Stack","Steam Power","Compile Driver","Capacitor"],"picked":"SKIP","floor":3.0},{"not_picked":["jedi:locknload","AT_HeatAcrobatics","Doom and Gloom","Leap","jedi:blockon"],"picked":"SKIP","floor":4.0},{"not_picked":["Heatsinks","Echo Form","Rebound","Beam Cell","jedi:locknload"],"picked":"SKIP","floor":5.0},{"not_picked":["AT_WarpDrive","jedi:sharpshooter","Skim","Stack","Redo"],"picked":"SKIP","floor":8.0},{"not_picked":["MostiFishMod:ReprogramOld","jedi:hex","Stack","Streamline","jedi:BurstLightning"],"picked":"SKIP","floor":10.0},{"not_picked":["Conserve Battery","Fusion","jedi:sharpshooter","Glacier"],"picked":"MostiFishMod:ReadyAimFire","floor":11.0},{"not_picked":["Turbo","Defragment","Ball Lightning","Sweeping Beam"],"picked":"Recycle","floor":12.0},{"not_picked":["Rebound","Sunder","Multi-Cast","Barrage","Cold Snap"],"picked":"SKIP","floor":14.0},{"not_picked":["Amplify","MostiFishMod:ATRI","MostiFishMod:InterfaceCompatibility","All For One"],"picked":"MostiFishMod:ActiveDefenseSystem","floor":16.0},{"not_picked":["Cold Snap","Sweeping Beam+1","MostiFishMod:PushDownKick","Steam"],"picked":"Coolheaded+1","floor":18.0},{"not_picked":["Darkness","MostiFishMod:GatherIntelligence","Coolheaded+1","Gash+1","jedi:BurstDark"],"picked":"SKIP","floor":24.0},{"not_picked":["AT_HeatAcrobatics","Ball Lightning+1","Core Surge","Leap","Coolheaded"],"picked":"SKIP","floor":28},{"not_picked":["Gash","Tempest+1","Ball Lightning","Sweeping Beam","MostiFishMod:IceShield"],"picked":"SKIP","floor":30},{"not_picked":["Leap","Beam Cell","Sweeping Beam","Barrage","Stack"],"picked":"SKIP","floor":31},{"not_picked":["Tempest","Leap+1","MostiFishMod:PushDownKick+1","jedi:BurstFrost+1","Sweeping Beam"],"picked":"SKIP","floor":35},{"not_picked":["White Noise","Barrage+1","Hologram+1","Coolheaded+1","jedi:BurstLightning+1"],"picked":"SKIP","floor":38},{"not_picked":["AT_WarpDrive","Streamline+1","Steam+1","Ball Lightning+1","jedi:hex"],"picked":"SKIP","floor":39},{"not_picked":["jedi:markofdeath","Biased Cognition","MostiFishMod:Culaccino","Lockon","Ball Lightning"],"picked":"SKIP","floor":41},{"not_picked":["Self Repair+1","Go for the Eyes+1","Beam Cell","AT_HeatAcrobatics","Redo"],"picked":"SKIP","floor":44},{"not_picked":["Coolheaded+1","Redo+1","Steam","Echo Form","Sweeping Beam"],"picked":"SKIP","floor":46},{"not_picked":["Tempest","Capacitor","jedi:markofdeath","Chaos+1","Redo+1"],"picked":"SKIP","floor":48},{"not_picked":["Leap+1","Barrage+1","Ball Lightning+1","Steam+1","Rebound+1"],"picked":"SKIP","floor":54}],"player_experience":106030,"relics_obtained":[{"floor":1.0,"key":"SynthV:TestCard"},{"floor":8.0,"key":"infinitespire:Lucky Rock"},{"floor":10.0,"key":"infinitespire:PuzzleCube"},{"floor":12.0,"key":"Orichalcum"},{"floor":22.0,"key":"AT_GuinsooRageblade"},{"floor":24.0,"key":"Dota2Spire:BlackKingBar"},{"floor":26,"key":"jedi:Pinwheel"},{"floor":28,"key":"Anchor"},{"floor":41,"key":"testmod-FatalChain"},{"floor":43,"key":"testmod-Nyarlathotep"},{"floor":46,"key":"Ancient Tea Set"},{"floor":48,"key":"Molten Egg 2"},{"floor":54,"key":"testmod-Maize"}],"event_choices":[{"damage_healed":0.0,"max_hp_gain":0.0,"max_hp_loss":0.0,"gold_gain":0.0,"event_name":"Golden Idol","player_choice":"Take Damage","floor":7.0,"gold_loss":0.0,"damage_taken":18.0,"relics_obtained":["Golden Idol"]},{"cards_removed":["Strike_B"],"damage_healed":0.0,"max_hp_gain":0.0,"max_hp_loss":0.0,"gold_gain":0.0,"event_name":"Back to Basics","player_choice":"Elegance","floor":19.0,"gold_loss":0.0,"damage_taken":0.0},{"damage_healed":0.0,"max_hp_gain":0.0,"max_hp_loss":0.0,"gold_gain":0.0,"event_name":"Vampires","player_choice":"Ignored","floor":20.0,"gold_loss":0.0,"damage_taken":0.0},{"cards_removed":["Strike_B"],"damage_healed":0.0,"max_hp_gain":0.0,"max_hp_loss":0.0,"gold_gain":0.0,"event_name":"Beggar","player_choice":"Gave Gold","floor":21.0,"gold_loss":75.0,"damage_taken":0.0},{"damage_healed":0,"gold_gain":400,"player_choice":"Sell","damage_taken":0,"max_hp_gain":0,"max_hp_loss":0,"event_name":"恩洛斯的盘子","floor":36,"relics_lost":["REME_ComplimentaryCards"],"gold_loss":0},{"damage_healed":0,"gold_gain":333,"player_choice":"Gave Idol","damage_taken":0,"max_hp_gain":0,"max_hp_loss":0,"event_name":"The Moai Head","floor":42,"relics_lost":["Golden Idol"],"gold_loss":0}],"is_beta":false,"boss_relics":[{"not_picked":["Dota2Spire:RefresherOrb","AT_MortalBlade"],"picked":"energizedSpire:OgreHead"},{"not_picked":["HereWithMe","testmod-StringDisintegrator"],"picked":"AT_TrinityForce"}],"items_purged_floors":[13,25,29,37,40,47,47,53],"is_endless":false,"potions_floor_spawned":[8,11,12,14,18,28,30,31,39,41,44],"ascension_level":4}}