{"host":"uuvgh10w62e1mtrt","time":1611018657,"event":{"mods":["AchievementEnabler","Act Like it!","BaseMod","Card Forge","Elementarium","Hallownest","HololiveMod","Menagerie","Minty Spire (QoL Compilation)","StSLib","The Bug Knight"],"gold_per_floor":[79,41,41,53,53,150,150,162,177,177,177],"floor_reached":10,"language":"ENG","playtime":605,"items_purged":[],"score":108,"play_id":"45a05124-b2f6-4806-b5bd-49ab6753197f","local_time":"20210119021057","is_ascension_mode":false,"campfire_choices":[],"circlet_count":0,"master_deck":["Hololive_Strike+1","Hololive_Defend+1","Hololive_Defend+1","Hololive_Drill+1","Hololive_CallNekomataOkayu+1","Hololive_CallUsadaPekora+1","Hololive_CallOzoraSubaru+1","Hololive_CallArtia+1","Hololive_CallHoushouMarine+1","Hololive_CallAyundaRisu+1","Hololive_CallRosalyn+1","Hololive_ILoveYou+1","Hololive_CallTsunomakiWatame+1","Hololive_Rebirth+1","Hololive_CallTokinoSora+1","Hololive_CallYuzukiChoco+1"],"relics":["Hololive_TheStar","Hammer of Thor","Seething Fire","Anvil of the Gods","Hololive_ChaosS"],"acts_visited":["Exordium","Hallownest:Greenpath"],"potions_floor_usage":[9],"damage_taken":[{"damage":0,"enemies":"Hallownest:monsterHuskGuard","floor":1,"turns":4},{"damage":0,"enemies":"2_ Uuma","floor":4,"turns":3},{"damage":0,"enemies":"Hallownest:BossBrokenVessel","floor":6,"turns":8},{"damage":0,"enemies":"Hallownest:2_Mistakes","floor":8,"turns":3},{"damage":23,"enemies":"Hallownest:Guard_and_Sentry","floor":9,"turns":6}],"seed_played":"5423057751487038689","potions_obtained":[{"floor":6,"key":"SkillPotion"},{"floor":9,"key":"SteroidPotion"}],"is_trial":false,"path_per_floor":["M","$","?","M","?","B",null,"M","M","$"],"character_chosen":"Hololive_HololiveCharacter","items_purchased":["Hololive_CallRosalyn"],"campfire_rested":0,"item_purchase_floors":[2],"current_hp_per_floor":[35,35,35,35,35,35,35,35,12,12,12],"gold":177,"neow_bonus":"RANDOM_COLORLESS","is_daily":false,"chose_seed":false,"campfire_upgraded":0,"win_rate":0.0,"timestamp":1611018657,"path_taken":["M","$","?","M","?","BOSS","M","M","$"],"items_purchased_type":["Card"],"build_version":"2020-12-22","purchased_purges":0,"victory":false,"max_hp_per_floor":[35,35,35,35,35,35,35,35,35,35,35],"card_choices":[{"not_picked":["Hololive_CocoNews","Hololive_LuckPotion","Hololive_CallRosalyn"],"picked":"Hololive_CallAyundaRisu","floor":1},{"not_picked":["Hololive_StrengthChampion","Hololive_CallTokoyamiTowa","Hololive_HuntDinosaur"],"picked":"Hololive_CallTsunomakiWatame","floor":4},{"not_picked":["Hololive_ScarfAndHalo","Hololive_FlareMind","Hololive_DurableLive"],"picked":"Hololive_Rebirth","floor":6},{"not_picked":["Hololive_CallCivia+1","Hololive_CallTsunomakiWatame","Hololive_CallRoboco"],"picked":"Hololive_CallTokinoSora+1","floor":8},{"not_picked":["Hololive_CallYukihanaLamy","Hololive_CallRoboco","Hololive_CandyCastle"],"picked":"Hololive_CallYuzukiChoco+1","floor":9}],"player_experience":39542,"relics_obtained":[],"event_choices":[],"is_beta":false,"boss_relics":[{"not_picked":["Tiny House","Coffee Dripper"],"picked":"Hololive_ChaosS"}],"items_purged_floors":[],"is_endless":false,"potions_floor_spawned":[6,9],"ascension_level":0}}