{"host":"r428wgyz1934czl7","time":1611063301,"event":{"mods":["100% Spire Juice","2.2 Compatiblity","Act Like it!","Aspiration","Bard","BaseMod","Beaked The Cultist","Bestiary","Better Altar","Better Match","Better Note","Better Sensory Stone","Better Skull","Better Third Choice","CCEM","CapriCore","Conspire","Displayed Cursed Tome","Duelist Mod","Elementarium","Gensokyo","GifTheSpireLib","Hubris","Infinite Spire","Jedi Mod","Jorbs\u0027s Wanderer Trilogy","Menagerie","Minty Spire (QoL Compilation)","Permanent Neow","Prisma Mod","Replay The Spire","Robot Space Explorer","Spicy Shops","StSLib","Stuff the Spire","The Alterego","The Animator","The Dragon Tamer","The Gatherer","The Immortal","The Marked","The Poker Player","WarShipGirlsR/??¤Ö¤kR mod","vexMod"],"gold_per_floor":[110,138,151,163,163,163,196,215,293,293,90,90,90,120,120,222,222,235,160,34,46,58,58,68,88,88,104,134,150,150,150,150,249,249,259,272,285,285,308,308,23,56,83,83,83,100,113,131,131,131,131,131,1,33,33,33],"floor_reached":55,"language":"ENG","playtime":3363,"items_purged":["PokerPlayerMod:CardBurn"],"score":868,"play_id":"23020fc3-6e43-4cd5-8ae1-e731a30d2729","local_time":"20210119213501","is_ascension_mode":true,"metric_token":2834,"campfire_choices":[{"data":"PokerPlayerMod:Raise","floor":6.0,"key":"SMITH"},{"data":"PokerPlayerMod:Club1","floor":10.0,"key":"SMITH"},{"floor":15.0,"key":"RECALL"},{"data":"PokerPlayerMod:Raise","floor":30.0,"key":"SMITH"},{"data":"Magnetism","floor":32.0,"key":"SMITH"},{"data":"PokerPlayerMod:FakeSymbols","floor":40.0,"key":"SMITH"},{"data":"PokerPlayerMod:Club2","floor":45.0,"key":"SMITH"},{"floor":49.0,"key":"REST"},{"data":"infinitespire:NeuralNetwork","floor":52.0,"key":"SMITH"}],"circlet_count":0,"master_deck":["PokerPlayerMod:Diamond2","PokerPlayerMod:Diamond2","PokerPlayerMod:Diamond3","PokerPlayerMod:Diamond4","PokerPlayerMod:Diamond5","PokerPlayerMod:Spade2","PokerPlayerMod:Spade2","PokerPlayerMod:Spade3","PokerPlayerMod:Spade4","PokerPlayerMod:Club3","PokerPlayerMod:Club2","PokerPlayerMod:Heart2","PokerPlayerMod:BadJoker","PokerPlayerMod:Mulligan","PokerPlayerMod:Sharpen+1","PokerPlayerMod:Diamond4","PokerPlayerMod:Raise+1","PokerPlayerMod:Manipulation+1","PokerPlayerMod:Spade4","PokerPlayerMod:SpadeStrike","Flash of Steel","PokerPlayerMod:Diamond6","PokerPlayerMod:ChangeRules","PokerPlayerMod:Raise+1","PokerPlayerMod:FillThePot","Magnetism+1","PokerPlayerMod:CloakAndDiamond","PokerPlayerMod:MagicTrick","PokerPlayerMod:Diamond4","PokerPlayerMod:Heart4","PokerPlayerMod:Spade3","PokerPlayerMod:Spade4","infinitespire:NeuralNetwork+1","PokerPlayerMod:FakeSymbols+1","PokerPlayerMod:Harden+1","PokerPlayerMod:Club5","PokerPlayerMod:Spade4","Specialist"],"relics":["PokerPlayerMod:DeckCase","PreservedInsect","aspiration:HiddenCompartment","Guide Book","jedi:shrinkray","vexMod:EndlessSickness","infinitespire:WardingShard","Ice Cream","Philosopher\u0027s Stone","MealTicket","Calipers","Singing Bowl","Replay:Wax Seal","hubris:Towel","Anchor"],"acts_visited":["Exordium","TheCity","TheBeyond","TheEnding"],"potions_floor_usage":[],"damage_taken":[{"damage":8.0,"enemies":"Small Slimes","floor":1.0,"turns":3.0},{"damage":0.0,"enemies":"conspire:MimicChest","floor":2.0,"turns":4.0},{"damage":0.0,"enemies":"2 Louse","floor":3.0,"turns":1.0},{"damage":0.0,"enemies":"Cultist","floor":4.0,"turns":2.0},{"damage":6.0,"enemies":"3 Sentries","floor":7.0,"turns":3.0},{"damage":8.0,"enemies":"2 Fungi Beasts","floor":8.0,"turns":3.0},{"damage":0.0,"enemies":"Gremlin Nob","floor":14.0,"turns":2.0},{"damage":10.0,"enemies":"The Guardian","floor":16.0,"turns":8.0},{"damage":0.0,"enemies":"Chosen","floor":18.0,"turns":3.0},{"damage":4.0,"enemies":"Spheric Guardian","floor":21.0,"turns":3.0},{"damage":0.0,"enemies":"3 Cultists","floor":22.0,"turns":3.0},{"damage":0.0,"enemies":"Centurion and Healer","floor":24.0,"turns":2.0},{"damage":7.0,"enemies":"conspire:HollyBat","floor":25.0,"turns":4.0},{"damage":7.0,"enemies":"Chosen and Byrds","floor":27.0,"turns":4.0},{"damage":23.0,"enemies":"theDuelist:KaibaA2","floor":28.0,"turns":4.0},{"damage":0.0,"enemies":"Snake Plant","floor":29.0,"turns":2.0},{"damage":0.0,"enemies":"conspire:MysteriousRune","floor":33.0,"turns":7.0},{"damage":5.0,"enemies":"3 Shapes","floor":35.0,"turns":3.0},{"damage":2.0,"enemies":"Orb Walker","floor":36.0,"turns":3.0},{"damage":12.0,"enemies":"Writhing Mass","floor":37.0,"turns":4.0},{"damage":0.0,"enemies":"Giant Head","floor":42.0,"turns":7.0},{"damage":14.0,"enemies":"3 Darklings","floor":46.0,"turns":4.0},{"damage":18.0,"enemies":"Transient","floor":47.0,"turns":5.0},{"damage":21.0,"enemies":"Jaw Worm Horde","floor":48.0,"turns":5.0},{"damage":8.0,"enemies":"Awakened One","floor":50.0,"turns":12.0},{"damage":24.0,"enemies":"Shield and Spear","floor":54.0,"turns":4.0},{"damage":73,"enemies":"The Heart","floor":55,"turns":3}],"seed_played":"7415239055069825385","potions_obtained":[{"floor":3.0,"key":"Elixir"},{"floor":4.0,"key":"FearPotion"},{"floor":7.0,"key":"Swift Potion"},{"floor":18.0,"key":"Dexterity Potion"},{"floor":21.0,"key":"ColorlessPotion"},{"floor":25.0,"key":"jedi:wingpotion"},{"floor":27.0,"key":"SkillPotion"},{"floor":29.0,"key":"Energy Potion"},{"floor":36.0,"key":"EntropicBrew"},{"floor":48.0,"key":"PowerPotion"}],"is_trial":false,"path_per_floor":["M","?","M","M","?","R","E","M","T","R","$","?","?","E","R","B",null,"M","?","$","M","M","?","M","M","T","M","E","M","R","AVR","R","B",null,"M","M","M","?","T","R","$","E","T","?","R","M","M","M","R","B",null,"R","$","E","B"],"character_chosen":"THE_POKER_PLAYER","items_purchased":["Guide Book","PokerPlayerMod:SpadeStrike","PokerPlayerMod:MagicTrick","Calipers","Specialist"],"campfire_rested":1,"item_purchase_floors":[11,11,20,41,53],"current_hp_per_floor":[46,48,48,48,48,48,42,38,38,38,38,38,38,38,38,33,52,52,52,52,48,48,48,48,44,44,37,37,45,45,45,45,52,52,47,50,52,52,52,52,52,54,54,54,54,48,38,23,39,52,56,56,56,47,0,0],"gold":33,"neow_bonus":"THREE_CARDS","is_daily":false,"chose_seed":false,"campfire_upgraded":7,"win_rate":0.0,"timestamp":1611063301,"path_taken":["M","?","?","M","?","R","E","M","T","R","$","?","?","E","R","BOSS","M","?","$","M","M","?","?","M","T","?","E","M","R","AVR","R","BOSS","M","M","?","?","?","R","$","E","T","?","R","M","M","M","R","BOSS","R","$","E","BOSS"],"items_purchased_type":["Relic","Card","Card","Relic","Card"],"build_version":"2020-12-22","purchased_purges":1,"victory":false,"max_hp_per_floor":[52,52,52,52,52,52,52,52,52,52,52,52,52,52,52,52,52,52,52,52,52,52,52,52,52,52,52,52,52,52,52,52,52,52,52,52,52,52,52,52,52,54,54,54,54,54,56,56,56,56,56,56,56,58,58,58],"card_choices":[{"not_picked":["PokerPlayerMod:DiamondStrike","PokerPlayerMod:Fold"],"picked":"PokerPlayerMod:Sharpen","floor":0.0},{"not_picked":["PokerPlayerMod:SpadeStrike","PokerPlayerMod:Configure"],"picked":"PokerPlayerMod:CardBurn","floor":1.0},{"not_picked":["PokerPlayerMod:Configure","PokerPlayerMod:Fold"],"picked":"PokerPlayerMod:Diamond4","floor":2.0},{"not_picked":["PokerPlayerMod:Spade8","PokerPlayerMod:Harden"],"picked":"PokerPlayerMod:Raise","floor":3.0},{"not_picked":["PokerPlayerMod:Spade3","PokerPlayerMod:Diamond1"],"picked":"PokerPlayerMod:Manipulation","floor":4.0},{"not_picked":["PokerPlayerMod:FillThePot","PokerPlayerMod:Configure"],"picked":"PokerPlayerMod:Spade4","floor":7.0},{"not_picked":["PokerPlayerMod:Fold","PokerPlayerMod:SpadeStrike","PokerPlayerMod:Trickery"],"picked":"SKIP","floor":8.0},{"not_picked":["Magnetism","Replay:Bootleg Shield Generator"],"picked":"Flash of Steel","floor":12.0},{"not_picked":["PokerPlayerMod:HeartStrike","PokerPlayerMod:Club2"],"picked":"PokerPlayerMod:Diamond6","floor":14.0},{"not_picked":["PokerPlayerMod:Spade9","PokerPlayerMod:Club9"],"picked":"PokerPlayerMod:ChangeRules","floor":16.0},{"not_picked":["PokerPlayerMod:Diamond1","PokerPlayerMod:Sharpen"],"picked":"PokerPlayerMod:Raise","floor":18.0},{"not_picked":["PokerPlayerMod:HeartStrike","PokerPlayerMod:ClubDance"],"picked":"PokerPlayerMod:FillThePot","floor":19.0},{"not_picked":["Metamorphosis","jedi:cleanse"],"picked":"Magnetism","floor":19.0},{"not_picked":["PokerPlayerMod:ClubsClub","PokerPlayerMod:DiamondStrike"],"picked":"PokerPlayerMod:CloakAndDiamond","floor":19.0},{"not_picked":["PokerPlayerMod:Fold","PokerPlayerMod:Diamond3","PokerPlayerMod:HotShotCut+1"],"picked":"SKIP","floor":21.0},{"not_picked":["PokerPlayerMod:HeartStrike+1","PokerPlayerMod:Club1"],"picked":"PokerPlayerMod:Diamond4","floor":22.0},{"not_picked":["PokerPlayerMod:CardPrinter+1","PokerPlayerMod:Diamond1","PokerPlayerMod:ClubShade"],"picked":"SKIP","floor":24.0},{"not_picked":["PokerPlayerMod:ClubShade","PokerPlayerMod:Diamond3","PokerPlayerMod:Spade2"],"picked":"SKIP","floor":25.0},{"not_picked":["PokerPlayerMod:SecondChance+1","PokerPlayerMod:Diamond2"],"picked":"PokerPlayerMod:Heart4","floor":27.0},{"not_picked":["PokerPlayerMod:Fold+1","PokerPlayerMod:Diamond3"],"picked":"PokerPlayerMod:Spade3","floor":28.0},{"not_picked":["PokerPlayerMod:FillThePot","PokerPlayerMod:HotShotCut"],"picked":"PokerPlayerMod:Spade4","floor":29.0},{"not_picked":["PokerPlayerMod:Duplicate","PokerPlayerMod:Diamond9"],"picked":"PokerPlayerMod:FakeSymbols","floor":33.0},{"not_picked":["PokerPlayerMod:DartThrow+1","PokerPlayerMod:Diamond1"],"picked":"PokerPlayerMod:Harden+1","floor":35.0},{"not_picked":["PokerPlayerMod:ClubsClub","PokerPlayerMod:SpadeStrike+1","PokerPlayerMod:Heart6"],"picked":"SKIP","floor":36.0},{"not_picked":["PokerPlayerMod:Extraction","PokerPlayerMod:Diamond6","PokerPlayerMod:CloakAndDiamond+1"],"picked":"SKIP","floor":37.0},{"not_picked":["PokerPlayerMod:SpadeStrike","PokerPlayerMod:Diamond7","PokerPlayerMod:Heart4"],"picked":"Singing Bowl","floor":42.0},{"not_picked":["PokerPlayerMod:Diamond4","PokerPlayerMod:DiamondStrike"],"picked":"PokerPlayerMod:Club5","floor":46.0},{"not_picked":["PokerPlayerMod:Diamond1","PokerPlayerMod:Spade2","PokerPlayerMod:Diamond3"],"picked":"Singing Bowl","floor":47.0},{"not_picked":["PokerPlayerMod:Trickery+1","PokerPlayerMod:Configure+1"],"picked":"PokerPlayerMod:Spade4","floor":48.0},{"not_picked":["PokerPlayerMod:HeartStrike+1","PokerPlayerMod:ClubsClub+1","PokerPlayerMod:Spade1"],"picked":"Singing Bowl","floor":54.0}],"player_experience":183064,"relics_obtained":[{"floor":2.0,"key":"PreservedInsect"},{"floor":7.0,"key":"aspiration:HiddenCompartment"},{"floor":14.0,"key":"jedi:shrinkray"},{"floor":26.0,"key":"infinitespire:WardingShard"},{"floor":28.0,"key":"Ice Cream"},{"floor":39.0,"key":"MealTicket"},{"floor":42.0,"key":"Singing Bowl"},{"floor":43.0,"key":"Replay:Wax Seal"},{"floor":54.0,"key":"Anchor"}],"event_choices":[{"damage_healed":0.0,"max_hp_gain":0.0,"max_hp_loss":0.0,"gold_gain":1.0,"event_name":"betterStone:BetterStone","player_choice":"1","floor":12.0,"gold_loss":0.0,"damage_taken":0.0},{"damage_healed":0.0,"max_hp_gain":0.0,"max_hp_loss":0.0,"gold_gain":0.0,"event_name":"Living Wall","player_choice":"Grow","floor":13.0,"gold_loss":0.0,"damage_taken":0.0,"cards_upgraded":["PokerPlayerMod:Spade2"]},{"damage_healed":0.0,"max_hp_gain":0.0,"max_hp_loss":0.0,"gold_gain":0.0,"event_name":"betterMatch:BetterMatch","player_choice":"1","floor":19.0,"gold_loss":0.0,"damage_taken":0.0,"cards_obtained":["betterMatch:UncommonCard","betterMatch:UncommonCard","betterMatch:ColorlessRareCard","betterMatch:CommonCard"]},{"damage_healed":0.0,"max_hp_gain":0.0,"max_hp_loss":0.0,"gold_gain":0.0,"event_name":"Accursed Blacksmith","player_choice":"Forge","floor":23.0,"gold_loss":0.0,"damage_taken":0.0,"cards_upgraded":["PokerPlayerMod:Diamond2"]},{"cards_removed":["PokerPlayerMod:TrumpStrike"],"damage_healed":0.0,"max_hp_gain":0.0,"max_hp_loss":0.0,"gold_gain":0.0,"event_name":"Falling","player_choice":"Removed Attack","floor":38.0,"gold_loss":0.0,"damage_taken":0.0}],"is_beta":false,"boss_relics":[{"not_picked":["beaked:MawFillet","Snecko Eye"],"picked":"vexMod:EndlessSickness"},{"not_picked":["Replay:Ancient Bell","StuffTheSpire:RunicHypercube"],"picked":"Philosopher\u0027s Stone"}],"items_purged_floors":[20],"is_endless":false,"potions_floor_spawned":[3,4,7,18,21,25,27,29,35,36,48],"killed_by":"The Heart","ascension_level":1}}