{"host":"7zdktqb5xjtif29d","time":1611097136,"event":{"mods":["AchievementEnabler","BaseMod","Colored Map","Colored Powertips","Dark Map","Highlight Path","Minty Spire (QoL Compilation)","Rare Cards Sparkle","SuperFastMode","Waifu the Spire","everything is the same but u backflip on backflip"],"gold_per_floor":[113,131,131,142,159,184,203,228,251,251,279,279,294,305,305,404,404,404,404,404,404,404,404,404,404,404,404,319,319,319,319,319,319,319,319,319,319,18,18,18,18,18,18,18,18,18,18,18,18,18,18],"floor_reached":50,"language":"ENG","playtime":2941,"items_purged":[],"score":887,"play_id":"3db47742-1f1c-4c2e-8f32-7a782e0536d1","local_time":"20210119225856","is_ascension_mode":true,"campfire_choices":[{"data":"Choke","floor":10.0,"key":"SMITH"},{"data":"Cloak And Dagger","floor":15.0,"key":"SMITH"},{"data":"Accuracy","floor":32.0,"key":"SMITH"},{"data":"Accuracy","floor":45.0,"key":"SMITH"},{"data":"Accuracy","floor":49,"key":"SMITH"}],"circlet_count":0,"master_deck":["Strike_G+1","Strike_G+1","Strike_G+1","Strike_G+1","Strike_G+1","Defend_G+1","Defend_G+1","Defend_G+1","Defend_G+1","Defend_G+1","Survivor+1","Neutralize","Deflect","Backstab","Cloak And Dagger+1","Choke+1","Cloak And Dagger","Doppelganger","Cloak And Dagger","Backflip","Finisher+1","Accuracy+1","Die Die Die","Accuracy+1","Cloak And Dagger","Backstab","Deflect","Accuracy+1","Deflect+1","Phantasmal Killer","Deflect+1","Choke+1"],"relics":["Coffee Dripper","Mercury Hourglass","Gremlin Horn","Toy Ornithopter","Juzu Bracelet","FaceOfCleric","Ectoplasm","Whetstone","The Courier","Ginger","Bag of Marbles","Meat on the Bone","Lizard Tail","Busted Crown","Orrery","Blood Vial","Darkstone Periapt","Pear","Vajra"],"acts_visited":["Exordium","TheCity","TheBeyond"],"potions_floor_usage":[46,48,50,50],"damage_taken":[{"damage":3.0,"enemies":"Jaw Worm","floor":1.0,"turns":5.0},{"damage":1.0,"enemies":"Cultist","floor":2.0,"turns":4.0},{"damage":0.0,"enemies":"2 Louse","floor":4.0,"turns":3.0},{"damage":0.0,"enemies":"Looter","floor":5.0,"turns":3.0},{"damage":34.0,"enemies":"3 Sentries","floor":6.0,"turns":18.0},{"damage":0.0,"enemies":"2 Fungi Beasts","floor":7.0,"turns":2.0},{"damage":28.0,"enemies":"Gremlin Nob","floor":8.0,"turns":4.0},{"damage":0.0,"enemies":"Lagavulin","floor":11.0,"turns":6.0},{"damage":0.0,"enemies":"3 Louse","floor":13.0,"turns":2.0},{"damage":0.0,"enemies":"Exordium Wildlife","floor":14.0,"turns":3.0},{"damage":13.0,"enemies":"Slime Boss","floor":16.0,"turns":6.0},{"damage":4.0,"enemies":"3 Byrds","floor":18.0,"turns":4.0},{"damage":0.0,"enemies":"Chosen","floor":20.0,"turns":6.0},{"damage":8.0,"enemies":"3 Cultists","floor":21.0,"turns":5.0},{"damage":25.0,"enemies":"Snake Plant","floor":22.0,"turns":4.0},{"damage":3.0,"enemies":"Gremlin Leader","floor":23.0,"turns":4.0},{"damage":22.0,"enemies":"Slavers","floor":25.0,"turns":6.0},{"damage":0.0,"enemies":"Gremlin Leader","floor":27.0,"turns":6.0},{"damage":18.0,"enemies":"Book of Stabbing","floor":30.0,"turns":5.0},{"damage":22.0,"enemies":"Champ","floor":33.0,"turns":11.0},{"damage":13.0,"enemies":"3 Darklings","floor":35.0,"turns":4.0},{"damage":10.0,"enemies":"Orb Walker","floor":36.0,"turns":2.0},{"damage":23.0,"enemies":"Transient","floor":39.0,"turns":5.0},{"damage":54.0,"enemies":"Giant Head","floor":40.0,"turns":8.0},{"damage":6.0,"enemies":"Jaw Worm Horde","floor":41.0,"turns":4.0},{"damage":39.0,"enemies":"Nemesis","floor":42.0,"turns":7.0},{"damage":0.0,"enemies":"Maw","floor":44.0,"turns":5.0},{"damage":59,"enemies":"Giant Head","floor":46,"turns":8},{"damage":19,"enemies":"4 Shapes","floor":48,"turns":2},{"damage":102,"enemies":"Awakened One","floor":50,"turns":13}],"seed_played":"5680015211206154146","potions_obtained":[{"floor":1.0,"key":"Fruit Juice"},{"floor":5.0,"key":"CultistPotion"},{"floor":7.0,"key":"Ancient Potion"},{"floor":8.0,"key":"PowerPotion"},{"floor":11.0,"key":"Energy Potion"},{"floor":14.0,"key":"CultistPotion"},{"floor":18.0,"key":"Energy Potion"},{"floor":20.0,"key":"FairyPotion"},{"floor":22.0,"key":"AttackPotion"},{"floor":27.0,"key":"EssenceOfSteel"},{"floor":33.0,"key":"Poison Potion"},{"floor":36.0,"key":"AttackPotion"},{"floor":40.0,"key":"ColorlessPotion"},{"floor":41.0,"key":"GamblersBrew"},{"floor":44.0,"key":"Dexterity Potion"},{"floor":47,"key":"SkillPotion"},{"floor":47,"key":"Dexterity Potion"},{"floor":47,"key":"SmokeBomb"},{"floor":48,"key":"SneckoOil"}],"is_trial":false,"path_per_floor":["M","M","?","M","M","E","M","E","T","R","E","?","M","M","R","B",null,"M","?","M","M","M","E","?","E","T","E","?","?","E","?","R","B",null,"M","M","?","$","M","E","M","E","T","M","R","E","?","M","R","B"],"character_chosen":"THE_SILENT","items_purchased":["Accuracy","Cloak And Dagger","Backstab","Deflect","Orrery"],"campfire_rested":0,"item_purchase_floors":[38,38,38,38,38],"current_hp_per_floor":[72,71,71,71,71,37,37,9,9,9,24,24,25,26,26,24,78,75,75,76,69,45,43,43,22,22,28,28,28,28,28,28,19,87,75,66,66,66,54,40,54,35,45,60,60,21,21,22,22,0,0],"gold":18,"neow_bonus":"BOSS_RELIC","is_daily":false,"chose_seed":false,"campfire_upgraded":5,"win_rate":0.0,"timestamp":1611097136,"path_taken":["M","M","?","M","M","E","M","E","T","R","E","?","M","M","R","BOSS","M","?","M","M","M","E","?","E","T","E","?","?","E","?","R","BOSS","M","M","?","$","M","E","M","E","T","M","R","E","?","M","R","BOSS"],"items_purchased_type":["Card","Card","Card","Card","Relic"],"build_version":"2020-12-22","purchased_purges":0,"victory":false,"max_hp_per_floor":[75,75,75,75,75,75,75,75,75,75,75,75,76,77,77,78,78,79,79,80,81,82,83,83,84,84,85,85,85,86,86,86,87,87,88,89,89,89,90,91,92,93,103,104,104,105,105,106,106,106,106],"card_choices":[{"not_picked":["Underhanded Strike","Reflex"],"picked":"Deflect","floor":1.0},{"not_picked":["PiercingWail","Prepared"],"picked":"Backstab","floor":2.0},{"not_picked":["Prepared","Tactician","Deadly Poison"],"picked":"SKIP","floor":4.0},{"not_picked":["Deflect","Tactician"],"picked":"Cloak And Dagger","floor":5.0},{"not_picked":["Outmaneuver","Dagger Spray"],"picked":"Choke","floor":6.0},{"not_picked":["Choke","Reflex","Deflect"],"picked":"SKIP","floor":7.0},{"not_picked":["Outmaneuver","Poisoned Stab","Quick Slash"],"picked":"SKIP","floor":8.0},{"not_picked":["Deflect","Dodge and Roll","Malaise"],"picked":"SKIP","floor":11.0},{"not_picked":["Dash","Noxious Fumes","Underhanded Strike"],"picked":"SKIP","floor":13.0},{"not_picked":["Dash","Noxious Fumes","Underhanded Strike"],"picked":"SKIP","floor":13.0},{"not_picked":["Flechettes","Bane"],"picked":"Cloak And Dagger","floor":14.0},{"not_picked":["Bullet Time","Die Die Die"],"picked":"Doppelganger","floor":16.0},{"not_picked":["Masterful Stab","Concentrate+1","Leg Sweep"],"picked":"SKIP","floor":18.0},{"not_picked":["Dagger Throw","Skewer"],"picked":"Backflip","floor":20.0},{"not_picked":["Dagger Spray","Underhanded Strike","Dash"],"picked":"SKIP","floor":21.0},{"not_picked":["Dagger Throw","Flying Knee","Tools of the Trade"],"picked":"SKIP","floor":22.0},{"not_picked":["PiercingWail","Bane","Concentrate"],"picked":"SKIP","floor":23.0},{"not_picked":["Expertise","Tactician","Heel Hook"],"picked":"SKIP","floor":25.0},{"not_picked":["Leg Sweep+1","Heel Hook+1"],"picked":"Finisher+1","floor":27.0},{"not_picked":["Riddle With Holes","Dagger Throw"],"picked":"Accuracy","floor":30.0},{"not_picked":["Envenom","Burst"],"picked":"Die Die Die","floor":33.0},{"not_picked":["Endless Agony+1"],"picked":"SKIP","floor":35.0},{"not_picked":["Escape Plan"],"picked":"SKIP","floor":36.0},{"not_picked":[],"picked":"Accuracy","floor":38.0},{"not_picked":[],"picked":"Deflect+1","floor":38.0},{"not_picked":[],"picked":"Phantasmal Killer","floor":39.0},{"not_picked":["Malaise"],"picked":"SKIP","floor":40.0},{"not_picked":["Masterful Stab+1"],"picked":"SKIP","floor":41.0},{"not_picked":["Sucker Punch+1"],"picked":"SKIP","floor":42.0},{"not_picked":[],"picked":"Deflect+1","floor":44.0},{"not_picked":["Bane+1"],"picked":"SKIP","floor":46},{"not_picked":[],"picked":"Choke+1","floor":48}],"player_experience":246011,"relics_obtained":[{"floor":6.0,"key":"Mercury Hourglass"},{"floor":8.0,"key":"Gremlin Horn"},{"floor":9.0,"key":"Toy Ornithopter"},{"floor":11.0,"key":"Juzu Bracelet"},{"floor":23.0,"key":"Whetstone"},{"floor":25.0,"key":"Ginger"},{"floor":27.0,"key":"Bag of Marbles"},{"floor":30.0,"key":"Lizard Tail"},{"floor":40.0,"key":"Blood Vial"},{"floor":42.0,"key":"Darkstone Periapt"},{"floor":43.0,"key":"Pear"},{"floor":46,"key":"Vajra"}],"event_choices":[{"damage_healed":0.0,"max_hp_gain":0.0,"max_hp_loss":0.0,"gold_gain":0.0,"event_name":"Accursed Blacksmith","player_choice":"Forge","floor":3.0,"gold_loss":0.0,"damage_taken":0.0,"cards_upgraded":["Survivor"]},{"damage_healed":0.0,"max_hp_gain":0.0,"max_hp_loss":0.0,"gold_gain":0.0,"event_name":"FaceTrader","player_choice":"Trade","floor":12.0,"gold_loss":0.0,"damage_taken":0.0,"relics_obtained":["FaceOfCleric"]},{"damage_healed":0.0,"max_hp_gain":0.0,"max_hp_loss":0.0,"gold_gain":0.0,"event_name":"The Library","player_choice":"Read","floor":19.0,"gold_loss":0.0,"damage_taken":0.0,"cards_obtained":["Cloak And Dagger"]},{"damage_healed":0.0,"max_hp_gain":0.0,"max_hp_loss":0.0,"gold_gain":0.0,"event_name":"The Mausoleum","player_choice":"Opened","floor":24.0,"gold_loss":0.0,"damage_taken":0.0,"relics_obtained":["The Courier"]},{"damage_healed":0.0,"max_hp_gain":0.0,"max_hp_loss":0.0,"gold_gain":0.0,"event_name":"Addict","player_choice":"Obtained Relic","floor":28.0,"gold_loss":85.0,"damage_taken":0.0,"relics_obtained":["Meat on the Bone"]},{"damage_healed":0.0,"max_hp_gain":0.0,"max_hp_loss":0.0,"gold_gain":99.0,"event_name":"Nest","player_choice":"Stole From Cult","floor":29.0,"gold_loss":0.0,"damage_taken":0.0},{"damage_healed":0.0,"max_hp_gain":0.0,"max_hp_loss":0.0,"gold_gain":0.0,"event_name":"Back to Basics","player_choice":"Simplicity","floor":31.0,"gold_loss":0.0,"damage_taken":0.0,"cards_upgraded":["Strike_G","Strike_G","Strike_G","Defend_G","Defend_G","Defend_G","Defend_G","Defend_G"]},{"damage_healed":0.0,"max_hp_gain":0.0,"max_hp_loss":0.0,"gold_gain":0.0,"event_name":"SecretPortal","player_choice":"Ignored","floor":37.0,"gold_loss":0.0,"damage_taken":0.0},{"damage_healed":0,"gold_gain":0,"player_choice":"Got Potions","damage_taken":0,"max_hp_gain":0,"max_hp_loss":0,"event_name":"Lab","floor":47,"gold_loss":0}],"is_beta":false,"boss_relics":[{"not_picked":["Pandora\u0027s Box","Black Star"],"picked":"Ectoplasm"},{"not_picked":["Empty Cage","Velvet Choker"],"picked":"Busted Crown"}],"items_purged_floors":[],"is_endless":false,"potions_floor_spawned":[1,5,7,8,11,14,18,20,22,27,33,36,40,41,44,48],"killed_by":"Awakened One","ascension_level":3}}