{"host":"uv5ws9rdk87e8i5k","time":1611083491,"event":{"mods":["AchievementEnabler","BaseMod","Colored Map","Minty Spire (QoL Compilation)","StSLib","SuperFastMode"],"gold_per_floor":[111,111,126,126,126,152,152,171,171,196,296,306,306,324,324,426,426,436,446,81,6,16,16,16,16],"floor_reached":24,"language":"ENG","playtime":499,"items_purged":["Strike_G"],"score":272,"play_id":"1a5eca5d-5e4e-44ff-a3f2-303bb2818509","local_time":"20210119131131","is_ascension_mode":true,"campfire_choices":[{"data":"Deadly Poison","floor":7,"key":"SMITH"},{"floor":13,"key":"REST"},{"data":"Bouncing Flask","floor":15,"key":"SMITH"},{"data":"Venomology","floor":23,"key":"SMITH"}],"circlet_count":0,"master_deck":["Strike_G","Strike_G","Defend_G","Defend_G","Defend_G","Defend_G","Defend_G","Survivor","Neutralize","Deadly Poison+1","Backflip","Quick Slash+1","Deadly Poison","Bouncing Flask+1","Venomology+1","Deadly Poison"],"relics":["Ring of the Snake","Blood Vial","Bronze Scales","Molten Egg 2","HornCleat","Runic Dome","Mango"],"acts_visited":["Exordium","TheCity"],"potions_floor_usage":[10,18,18,18,22,22,22],"damage_taken":[{"damage":0,"enemies":"2 Louse","floor":1,"turns":4},{"damage":0,"enemies":"Jaw Worm","floor":3,"turns":4},{"damage":28,"enemies":"Lagavulin","floor":6,"turns":9},{"damage":0,"enemies":"Cultist","floor":8,"turns":4},{"damage":20,"enemies":"Gremlin Nob","floor":10,"turns":3},{"damage":3,"enemies":"Blue Slaver","floor":12,"turns":4},{"damage":7,"enemies":"2 Fungi Beasts","floor":14,"turns":3},{"damage":31,"enemies":"The Guardian","floor":16,"turns":7},{"damage":2,"enemies":"2 Thieves","floor":18,"turns":4},{"damage":7,"enemies":"Chosen","floor":19,"turns":4},{"damage":1,"enemies":"Centurion and Healer","floor":22,"turns":6},{"damage":0,"enemies":"3 Cultists","floor":24,"turns":1}],"seed_played":"6327425001125225871","potions_obtained":[{"floor":6,"key":"AttackPotion"},{"floor":8,"key":"GamblersBrew"},{"floor":14,"key":"GamblersBrew"},{"floor":18,"key":"SpeedPotion"},{"floor":19,"key":"LiquidBronze"}],"is_trial":false,"path_per_floor":["M","?","M","?","T","E","R","M","T","E","?","M","R","M","R","B",null,"M","M","$","?","M","R","M"],"character_chosen":"THE_SILENT","items_purchased":["Mango"],"campfire_rested":1,"item_purchase_floors":[20],"current_hp_per_floor":[77,70,70,70,70,44,44,46,46,28,28,27,50,45,45,16,77,75,70,84,84,85,85,87,87],"gold":16,"neow_bonus":"TEN_PERCENT_HP_BONUS","is_daily":false,"chose_seed":false,"campfire_upgraded":3,"win_rate":0.0,"timestamp":1611083491,"path_taken":["M","?","M","?","?","E","R","M","T","E","?","M","R","?","R","BOSS","M","M","$","?","M","R","M"],"items_purchased_type":["Relic"],"build_version":"2020-12-22","purchased_purges":1,"victory":false,"max_hp_per_floor":[77,77,77,77,77,77,77,77,77,77,77,77,77,77,77,77,77,77,77,91,91,91,91,91,91],"card_choices":[{"not_picked":["Riddle With Holes","Dagger Spray"],"picked":"Deadly Poison","floor":1},{"not_picked":["Deflect","Skewer","Dagger Spray"],"picked":"SKIP","floor":3},{"not_picked":["Dash","Quick Slash"],"picked":"Backflip","floor":6},{"not_picked":["Terror","Quick Slash","Bullet Time"],"picked":"SKIP","floor":8},{"not_picked":["Outmaneuver","Acrobatics"],"picked":"Quick Slash+1","floor":10},{"not_picked":["Riddle With Holes+1","Outmaneuver"],"picked":"Deadly Poison","floor":12},{"not_picked":["Skewer+1","Endless Agony+1"],"picked":"Bouncing Flask","floor":14},{"not_picked":["A Thousand Cuts","Grand Finale+1"],"picked":"Venomology","floor":16},{"not_picked":["Blade Dance","Outmaneuver","Flying Knee+1"],"picked":"SKIP","floor":18},{"not_picked":["Dagger Spray+1","Footwork","Slice+1"],"picked":"SKIP","floor":19},{"not_picked":["PiercingWail","Backflip"],"picked":"Deadly Poison","floor":22}],"player_experience":128944,"relics_obtained":[{"floor":5,"key":"Blood Vial"},{"floor":6,"key":"Bronze Scales"},{"floor":9,"key":"Molten Egg 2"},{"floor":10,"key":"HornCleat"}],"event_choices":[{"cards_removed":["Strike_G"],"damage_healed":0,"gold_gain":0,"player_choice":"Card Removal","damage_taken":7,"max_hp_gain":0,"max_hp_loss":0,"event_name":"Golden Wing","floor":2,"gold_loss":0},{"damage_healed":0,"gold_gain":0,"player_choice":"Ignored","damage_taken":0,"max_hp_gain":0,"max_hp_loss":0,"event_name":"Liars Game","floor":4,"gold_loss":0},{"damage_healed":0,"gold_gain":100,"player_choice":"Pray","damage_taken":0,"max_hp_gain":0,"max_hp_loss":0,"event_name":"Golden Shrine","floor":11,"gold_loss":0},{"cards_removed":["Strike_G"],"damage_healed":0,"gold_gain":0,"player_choice":"Gave Gold","damage_taken":0,"max_hp_gain":0,"max_hp_loss":0,"event_name":"Beggar","floor":21,"gold_loss":75}],"is_beta":false,"boss_relics":[{"not_picked":["SlaversCollar","Cursed Key"],"picked":"Runic Dome"}],"items_purged_floors":[20],"is_endless":false,"potions_floor_spawned":[6,8,14,18,19],"killed_by":"3 Cultists","ascension_level":4}}