{"host":"rzkgkvyh4u9ypzaj","time":1611054987,"event":{"mods":["2.2 Compatiblity","AchievementEnabler","BaseMod","BetterRewards","Colored Map","Custom Start","Disable Question Mark Monsters","Highlight Path","Minty Spire (QoL Compilation)","Relic Sorter","Relic Stats"],"gold_per_floor":[109,109,127,139,37,67,83,83,83,126,138,177,265,20,20,124,124,138,88,98,197,211,211,243,253,277,277,295,326,326,344,344,440,440,453,465,317,365,365,393,393,2,2,2,2,2,2,19,19,19,19],"floor_reached":50,"language":"ENG","playtime":7646,"items_purged":[],"score":601,"play_id":"cb5d2d5f-90d4-4bfb-b7ec-965a34045415","local_time":"20210119111627","is_ascension_mode":false,"campfire_choices":[{"data":"Eruption","floor":8.0,"key":"SMITH"},{"data":"WindmillStrike","floor":11.0,"key":"SMITH"},{"data":"FlyingSleeves","floor":15.0,"key":"SMITH"},{"floor":23.0,"key":"RECALL"},{"floor":27.0,"key":"REST"},{"data":"Wallop","floor":32.0,"key":"SMITH"},{"floor":41,"key":"REST"},{"floor":44,"key":"REST"},{"data":"Establishment","floor":46,"key":"SMITH"},{"data":"Defend_P","floor":49,"key":"PURGE"}],"circlet_count":0,"master_deck":["Strike_P","Strike_P","Strike_P","Strike_P","Defend_P","Defend_P","Defend_P","Eruption+1","Vigilance","Wallop+1","ThirdEye","Protect","WindmillStrike+1","FlyingSleeves+1","Ragnarok+1","CurseOfTheBell","WindmillStrike+1","Indignation+1","FearNoEvil+1","PathToVictory","Establishment+1","Protect+1","BowlingBash+1","Crescendo+1","Secret Technique","Dramatic Entrance+1","Mind Blast+1","Tantrum+1","Rampage+1"],"relics":["PureWater","NeowsBlessing","Toy Ornithopter","HornCleat","MawBank","Matryoshka","Anchor","Dream Catcher","Molten Egg 2","Calling Bell","MealTicket","Gremlin Horn","Torii","Centennial Puzzle","Boot","Oddly Smooth Stone","Mercury Hourglass","Velvet Choker","PrismaticShard","WingedGreaves","Peace Pipe","Bag of Marbles","Pen Nib","Pantograph","Letter Opener"],"acts_visited":["TheBeyond"],"potions_floor_usage":[38,40,50,50,50],"damage_taken":[{"damage":0.0,"enemies":"2 Louse","floor":1.0,"turns":2.0},{"damage":0.0,"enemies":"Jaw Worm","floor":3.0,"turns":1.0},{"damage":0.0,"enemies":"Small Slimes","floor":4.0,"turns":1.0},{"damage":1.0,"enemies":"3 Sentries","floor":6.0,"turns":4.0},{"damage":2.0,"enemies":"Looter","floor":7.0,"turns":2.0},{"damage":14.0,"enemies":"Gremlin Nob","floor":10.0,"turns":3.0},{"damage":6.0,"enemies":"3 Sentries","floor":12.0,"turns":5.0},{"damage":17.0,"enemies":"Hexaghost","floor":16.0,"turns":7.0},{"damage":0.0,"enemies":"Shell Parasite","floor":18.0,"turns":1.0},{"damage":10.0,"enemies":"3 Byrds","floor":20.0,"turns":7.0},{"damage":0.0,"enemies":"Sentry and Sphere","floor":22.0,"turns":3.0},{"damage":25.0,"enemies":"Slavers","floor":24.0,"turns":3.0},{"damage":0.0,"enemies":"Snake Plant","floor":25.0,"turns":2.0},{"damage":0.0,"enemies":"Centurion and Healer","floor":28.0,"turns":4.0},{"damage":0.0,"enemies":"Gremlin Leader","floor":29.0,"turns":4.0},{"damage":0.0,"enemies":"Snecko","floor":31.0,"turns":4.0},{"damage":38.0,"enemies":"Champ","floor":33.0,"turns":10.0},{"damage":10,"enemies":"Orb Walker","floor":35,"turns":3},{"damage":9,"enemies":"3 Darklings","floor":36,"turns":3},{"damage":1,"enemies":"2 Orb Walkers","floor":38,"turns":2},{"damage":56,"enemies":"Giant Head","floor":40,"turns":8},{"damage":0,"enemies":"Spire Growth","floor":48,"turns":2},{"damage":115,"enemies":"Time Eater","floor":50,"turns":4}],"seed_played":"8659507359533157558","potions_obtained":[{"floor":1.0,"key":"Ancient Potion"},{"floor":6.0,"key":"EssenceOfSteel"},{"floor":10.0,"key":"SkillPotion"},{"floor":16.0,"key":"Explosive Potion"},{"floor":20.0,"key":"Strength Potion"},{"floor":24.0,"key":"LiquidMemories"},{"floor":29.0,"key":"StancePotion"},{"floor":33.0,"key":"BlessingOfTheForge"},{"floor":35,"key":"FearPotion"},{"floor":48,"key":"CultistPotion"}],"is_trial":false,"path_per_floor":["M","?","M","M","$","E","M","R","T","E","R","E","T","$","R","B",null,"M","$","M","?","M","R","E","M","T","R","M","E","?","M","R","B",null,"M","M","$","?","?","E","R","$","T","R","T","R","?","M","R","B"],"character_chosen":"WATCHER","items_purchased":["ThirdEye","BlessingOfTheForge","Molten Egg 2","SteroidPotion","PrismaticShard","Bag of Marbles","Pen Nib","BottledMiracle","PowerPotion"],"campfire_rested":3,"item_purchase_floors":[5,5,14,19,37,42,42,42,42],"current_hp_per_floor":[72,69,69,69,69,72,70,70,70,56,56,50,50,50,50,38,72,72,72,62,62,67,67,47,47,47,68,68,68,68,68,68,35,72,62,53,68,71,61,10,31,46,46,67,67,67,67,67,67,0,0],"gold":19,"neow_bonus":"THREE_ENEMY_KILL","is_daily":false,"chose_seed":false,"campfire_upgraded":5,"win_rate":0.0,"timestamp":1611054987,"path_taken":["M","?","M","M","$","E","M","R","T","E","R","E","?","?","R","BOSS","M","$","M","?","M","R","E","M","T","R","M","E","?","M","R","BOSS","M","M","$","?","?","E","R","$","T","R","?","R","?","?","R","BOSS"],"items_purchased_type":["Card","Potion","Relic","Potion","Relic","Relic","Relic","Potion","Potion"],"build_version":"2020-12-22","purchased_purges":0,"victory":false,"max_hp_per_floor":[72,72,72,72,72,72,72,72,72,72,72,72,72,72,72,72,72,72,72,72,72,72,72,72,72,72,72,72,72,72,72,72,72,72,72,72,72,72,72,72,72,72,72,72,72,72,68,68,68,68,68],"relic_stats":{"Gremlin Horn":[3,3],"Torii":5,"counters":[6,22],"Pen Nib":[1],"Letter Opener":[0],"MawBank":0,"Boot":[3],"Mercury Hourglass":[81],"Peace Pipe":1,"Dream Catcher":2,"Centennial Puzzle":[15],"Pantograph":1,"MealTicket":30,"obtain_stats":[{"Gremlin Horn":0,"Torii":0,"Boot":0,"PrismaticShard":37,"Dream Catcher":0,"Centennial Puzzle":0,"HornCleat":0,"Matryoshka":0,"Pantograph":43,"MealTicket":0,"WingedGreaves":38,"NeowsBlessing":0,"Oddly Smooth Stone":0,"Velvet Choker":34,"Pen Nib":42,"Letter Opener":45,"MawBank":0,"Mercury Hourglass":0,"Calling Bell":0,"Peace Pipe":40,"Anchor":0,"Molten Egg 2":0,"Bag of Marbles":42,"PureWater":0,"Toy Ornithopter":0},{"Gremlin Horn":0,"Torii":0,"Boot":0,"PrismaticShard":2,"Dream Catcher":0,"Centennial Puzzle":0,"HornCleat":0,"Matryoshka":0,"Pantograph":4,"MealTicket":0,"WingedGreaves":3,"NeowsBlessing":0,"Oddly Smooth Stone":0,"Velvet Choker":0,"Pen Nib":4,"Letter Opener":4,"MawBank":0,"Mercury Hourglass":0,"Calling Bell":0,"Peace Pipe":4,"Anchor":0,"Molten Egg 2":0,"Bag of Marbles":4,"PureWater":0,"Toy Ornithopter":0},{"Gremlin Horn":0,"Torii":0,"Boot":0,"PrismaticShard":6,"Dream Catcher":0,"Centennial Puzzle":0,"HornCleat":0,"Matryoshka":0,"Pantograph":16,"MealTicket":0,"WingedGreaves":8,"NeowsBlessing":0,"Oddly Smooth Stone":0,"Velvet Choker":0,"Pen Nib":16,"Letter Opener":16,"MawBank":0,"Mercury Hourglass":0,"Calling Bell":0,"Peace Pipe":16,"Anchor":0,"Molten Egg 2":0,"Bag of Marbles":16,"PureWater":0,"Toy Ornithopter":0}],"Toy Ornithopter":14},"card_choices":[{"not_picked":["EmptyFist","Crescendo"],"picked":"Wallop","floor":1.0},{"not_picked":["Halt","FlurryOfBlows","SashWhip"],"picked":"SKIP","floor":3.0},{"not_picked":["Pray","Vengeance","Halt"],"picked":"SKIP","floor":4.0},{"not_picked":["Halt","Consecrate"],"picked":"Protect","floor":6.0},{"not_picked":["Crescendo","SashWhip","Weave"],"picked":"SKIP","floor":7.0},{"not_picked":["Weave","JustLucky"],"picked":"WindmillStrike","floor":10.0},{"not_picked":["Crescendo","Pray"],"picked":"FlyingSleeves","floor":12.0},{"not_picked":["Judgement","Brilliance+1"],"picked":"Ragnarok+1","floor":16.0},{"not_picked":["SashWhip+1","Halt","JustLucky+1"],"picked":"SKIP","floor":18.0},{"not_picked":["WindmillStrike+1","Indignation","Worship+1"],"picked":"SKIP","floor":20.0},{"not_picked":["Indignation","Worship+1"],"picked":"WindmillStrike+1","floor":20.0},{"not_picked":["Nirvana","Indignation","CarveReality+1"],"picked":"SKIP","floor":22.0},{"not_picked":["JustLucky+1","Study"],"picked":"Indignation+1","floor":24.0},{"not_picked":["CutThroughFate+1","SashWhip+1"],"picked":"FearNoEvil+1","floor":25.0},{"not_picked":["DevaForm","Swivel"],"picked":"PathToVictory","floor":28.0},{"not_picked":["CutThroughFate+1","Pray","BattleHymn"],"picked":"SKIP","floor":29.0},{"not_picked":["ThirdEye","Consecrate+1","Fasting2"],"picked":"SKIP","floor":31.0},{"not_picked":["MasterReality","ConjureBlade"],"picked":"Establishment","floor":33.0},{"not_picked":["FlurryOfBlows+1","JustLucky+1"],"picked":"Protect+1","floor":35},{"not_picked":["FlyingSleeves+1","EmptyBody+1"],"picked":"BowlingBash+1","floor":36},{"not_picked":["HandOfGreed+1","PathToVictory+1"],"picked":"Crescendo+1","floor":38},{"not_picked":["Panacea","Finesse"],"picked":"Secret Technique","floor":39},{"not_picked":["Jack Of All Trades","Blind"],"picked":"Dramatic Entrance+1","floor":39},{"not_picked":["Sadistic Nature","Flash of Steel+1"],"picked":"Mind Blast+1","floor":39},{"not_picked":["Compile Driver+1","Rip and Tear+1"],"picked":"Tantrum+1","floor":40},{"not_picked":["WindmillStrike+1","Steam+1"],"picked":"Rampage+1","floor":41},{"not_picked":["Thunderclap+1","Mind Blast+1","Bane+1"],"picked":"SKIP","floor":48}],"player_experience":10340,"relics_obtained":[{"floor":6.0,"key":"HornCleat"},{"floor":9.0,"key":"MawBank"},{"floor":10.0,"key":"Matryoshka"},{"floor":12.0,"key":"Anchor"},{"floor":13.0,"key":"Dream Catcher"},{"floor":17.0,"key":"MealTicket"},{"floor":17.0,"key":"Gremlin Horn"},{"floor":17.0,"key":"Torii"},{"floor":24.0,"key":"Centennial Puzzle"},{"floor":26.0,"key":"Boot"},{"floor":26.0,"key":"Oddly Smooth Stone"},{"floor":29.0,"key":"Mercury Hourglass"},{"floor":38,"key":"WingedGreaves"},{"floor":40,"key":"Peace Pipe"},{"floor":43,"key":"Pantograph"},{"floor":45,"key":"Letter Opener"}],"event_choices":[{"damage_healed":0.0,"max_hp_gain":0.0,"max_hp_loss":0.0,"gold_gain":0.0,"event_name":"Scrap Ooze","player_choice":"Success","floor":2.0,"gold_loss":0.0,"damage_taken":3.0,"relics_obtained":["Toy Ornithopter"]},{"damage_healed":0.0,"max_hp_gain":0.0,"max_hp_loss":0.0,"gold_gain":99.0,"event_name":"Nest","player_choice":"Stole From Cult","floor":21.0,"gold_loss":0.0,"damage_taken":0.0},{"damage_healed":0.0,"max_hp_gain":0.0,"max_hp_loss":0.0,"gold_gain":0.0,"event_name":"Vampires","player_choice":"Ignored","floor":30.0,"gold_loss":0.0,"damage_taken":0.0},{"damage_healed":0,"gold_gain":0,"player_choice":"Fight","damage_taken":0,"max_hp_gain":0,"max_hp_loss":0,"event_name":"Mysterious Sphere","floor":38,"gold_loss":0},{"damage_healed":0,"gold_gain":0,"player_choice":"Memory 3","damage_taken":10,"max_hp_gain":0,"max_hp_loss":0,"event_name":"SensoryStone","floor":39,"gold_loss":0},{"damage_healed":0,"gold_gain":0,"player_choice":"Max HP","damage_taken":0,"max_hp_gain":0,"max_hp_loss":4,"event_name":"Winding Halls","floor":47,"gold_loss":0}],"is_beta":false,"boss_relics":[{"not_picked":["SacredBark","Fusion Hammer"],"picked":"Calling Bell"},{"not_picked":["Runic Dome","Philosopher\u0027s Stone"],"picked":"Velvet Choker"}],"items_purged_floors":[],"is_endless":false,"potions_floor_spawned":[1,6,10,16,20,24,29,33,35,36,48],"killed_by":"Time Eater","ascension_level":0}}