{"host":"sc0o2qwpf9j16a4i","time":1611090930,"event":{"mods":["AchievementEnabler","BaseMod","BetterRewards","Block Reminder","Colored Map","Colored Powertips","Custom Start","Highlight Path","Minty Spire (QoL Compilation)","Relic Stats"],"gold_per_floor":[113,38,38,54,71,71,99,110,189,189,221,233,277,300,312,403,415,441,469,151,166,184,184,184,184,184,195,225,238,21,41,41,113,113,125,150,150,164,164,197,211,211,211,245,265,265,32,52,52,52,52,52],"floor_reached":51,"language":"ENG","playtime":2086,"items_purged":["Strike_P","Strike_P","WindmillStrike"],"score":1973,"play_id":"fdf1f547-4e61-404b-ae8c-a6049fba503e","local_time":"20210119231530","is_ascension_mode":true,"campfire_choices":[{"floor":6,"key":"REST"},{"floor":10,"key":"REST"},{"floor":15,"key":"REST"},{"data":"SashWhip","floor":23,"key":"SMITH"},{"data":"ConjureBlade","floor":25,"key":"SMITH"},{"floor":32,"key":"REST"},{"floor":42,"key":"REST"},{"data":"1","floor":46,"key":"LIFT"},{"floor":49,"key":"RECALL"}],"circlet_count":0,"master_deck":["AscendersBane","Eruption","Vigilance","Tantrum","CarveReality","Adaptation","FollowUp","Wallop","SashWhip+1","FlurryOfBlows","Wireheading","TalkToTheHand","Vault","MentalFortress+1","MentalFortress","Conclude","Crescendo+1","Protect","ConjureBlade+1","CarveReality+1","FearNoEvil","WheelKick","WreathOfFlame","InnerPeace","DevaForm","Nirvana","DeusExMachina","Ragnarok","Wireheading","Consecrate","MentalFortress+1","WaveOfTheHand","Scrawl"],"relics":["PureWater","Girya","HornCleat","ClockworkSouvenir","Bird Faced Urn","Shuriken","Mercury Hourglass","StoneCalendar","MawBank","FaceOfCleric","Orichalcum","Busted Crown","Orrery","The Courier","Ice Cream","Strange Spoon","Pandora\u0027s Box","TungstenRod","Singing Bowl","Pantograph","Eternal Feather"],"acts_visited":["Exordium","TheCity","TheBeyond"],"potions_floor_usage":[7,7,11,16,19,28,36,40],"damage_taken":[{"damage":0.0,"enemies":"Small Slimes","floor":1.0,"turns":2.0},{"damage":2.0,"enemies":"Jaw Worm","floor":4.0,"turns":3.0},{"damage":5,"enemies":"2 Louse","floor":5,"turns":2},{"damage":0,"enemies":"3 Sentries","floor":7,"turns":2},{"damage":12,"enemies":"Exordium Thugs","floor":8,"turns":6},{"damage":35,"enemies":"Lagavulin","floor":11,"turns":5},{"damage":2,"enemies":"3 Sentries","floor":13,"turns":3},{"damage":1,"enemies":"Red Slaver","floor":14,"turns":2},{"damage":0,"enemies":"The Guardian","floor":16,"turns":6},{"damage":0,"enemies":"Spheric Guardian","floor":18,"turns":2},{"damage":0,"enemies":"Shell Parasite","floor":19,"turns":2},{"damage":0,"enemies":"Snecko","floor":21,"turns":2},{"damage":0,"enemies":"3 Cultists","floor":22,"turns":3},{"damage":14,"enemies":"Centurion and Healer","floor":27,"turns":5},{"damage":33,"enemies":"Book of Stabbing","floor":28,"turns":6},{"damage":18,"enemies":"Snake Plant","floor":29,"turns":4},{"damage":15,"enemies":"Cultist and Chosen","floor":31,"turns":5},{"damage":4,"enemies":"Champ","floor":33,"turns":7},{"damage":15,"enemies":"3 Shapes","floor":35,"turns":7},{"damage":46,"enemies":"Mind Bloom Boss Battle","floor":36,"turns":5},{"damage":2,"enemies":"Orb Walker","floor":38,"turns":3},{"damage":14,"enemies":"Giant Head","floor":40,"turns":6},{"damage":20,"enemies":"4 Shapes","floor":41,"turns":7},{"damage":27,"enemies":"Nemesis","floor":44,"turns":5},{"damage":2,"enemies":"Maw","floor":45,"turns":6},{"damage":6,"enemies":"Spire Growth","floor":48,"turns":5},{"damage":58,"enemies":"Donu and Deca","floor":50,"turns":6},{"damage":77,"enemies":"Time Eater","floor":51,"turns":6}],"seed_played":"-259393048563598826","potions_obtained":[{"floor":4.0,"key":"EntropicBrew"},{"floor":7,"key":"Ancient Potion"},{"floor":13,"key":"ColorlessPotion"},{"floor":16,"key":"DistilledChaos"},{"floor":21,"key":"PowerPotion"},{"floor":29,"key":"Energy Potion"},{"floor":38,"key":"Weak Potion"},{"floor":44,"key":"FearPotion"},{"floor":48,"key":"BlessingOfTheForge"}],"is_trial":false,"path_per_floor":["M","?","?","M","M","R","E","M","T","R","E","?","E","M","R","B",null,"M","M","$","M","M","R","?","R","T","M","E","M","$","M","R","B",null,"M","?","?","M","?","E","M","R","T","E","M","R","$","M","R","B","B"],"character_chosen":"WATCHER","items_purchased":["Girya","HornCleat","ClockworkSouvenir","Bird Faced Urn","Tantrum","Shuriken","CarveReality","Adaptation","Mercury Hourglass","Orrery","FearNoEvil","Strange Spoon","Scrawl"],"campfire_rested":5,"item_purchase_floors":[0,0,0,0,0,0,0,0,0,20,20,30,47],"current_hp_per_floor":[21,21,21,21,16,36,36,26,26,46,13,13,12,12,33,38,63,66,71,71,74,75,75,71,71,71,64,42,29,29,21,44,49,72,70,29,29,32,32,27,20,45,45,31,44,62,62,73,91,39,0,0],"gold":52,"neow_bonus":"","is_daily":false,"chose_seed":false,"campfire_upgraded":2,"win_rate":0.0,"timestamp":1611090930,"path_taken":["M","?","?","M","?","R","E","M","T","R","E","?","E","M","R","BOSS","M","M","$","M","M","R","?","R","T","?","E","M","$","M","R","BOSS","M","?","?","M","?","E","M","R","T","E","M","R","$","M","R","BOSS","BOSS"],"items_purchased_type":["Relic","Relic","Relic","Relic","Card","Relic","Card","Card","Relic","Relic","Card","Relic","Card"],"build_version":"2020-12-22","purchased_purges":3,"victory":false,"max_hp_per_floor":[68,68,68,68,68,68,68,68,68,68,68,68,69,70,70,71,71,72,73,73,74,75,75,75,75,75,76,77,78,78,79,79,80,80,81,82,82,83,83,84,85,85,85,88,91,91,91,94,94,95,95,95],"relic_stats":{"Singing Bowl":6,"counters":[99,480],"StoneCalendar":[74],"Eternal Feather":78,"Orichalcum":[96],"MawBank":108,"Mercury Hourglass":[470],"Strange Spoon":[44],"Busted Crown":44,"FaceOfCleric":21,"Shuriken":[62],"Bird Faced Urn":[144],"Pantograph":28,"Pandora\u0027s Box":["Nirvana","DeusExMachina","WindmillStrike","Ragnarok","Wireheading"],"obtain_stats":[{"Ice Cream":28,"Gremlin Horn":31,"Whetstone":6,"Old Coin":24,"Centennial Puzzle":44,"HornCleat":7,"FaceOfCleric":12,"MealTicket":7,"VioletLotus":34,"Kunai":40,"Girya":0,"Pear":30,"Oddly Smooth Stone":7,"Eternal Feather":24,"WarpedTongs":2,"Shuriken":0,"Bronze Scales":9,"Bird Faced Urn":0,"Snecko Eye":17,"Pandora\u0027s Box":34,"NlothsMask":4,"Meat on the Bone":0,"Torii":47,"Singing Bowl":40,"StoneCalendar":7,"Bag of Preparation":29,"Ancient Tea Set":0,"Smiling Mask":28,"ClockworkSouvenir":0,"Dream Catcher":0,"Pantograph":9,"Red Mask":28,"Runic Pyramid":17,"Lee\u0027s Waffle":0,"Golden Idol":8,"Damaru":44,"PreservedInsect":9,"The Courier":26,"Orichalcum":11,"GoldenEye":8,"MawBank":26,"Mercury Hourglass":0,"Peace Pipe":31,"Strange Spoon":30,"Anchor":42,"Busted Crown":17,"Ornamental Fan":9,"Orrery":20,"Bag of Marbles":0,"Membership Card":13,"Bottled Lightning":27,"PureWater":0,"TungstenRod":36},{"Ice Cream":86,"Gremlin Horn":32,"Whetstone":4,"Old Coin":26,"Centennial Puzzle":66,"HornCleat":49,"FaceOfCleric":77,"MealTicket":20,"VioletLotus":61,"Kunai":64,"Girya":71,"Pear":30,"Oddly Smooth Stone":11,"Eternal Feather":57,"WarpedTongs":16,"Shuriken":71,"Bronze Scales":49,"Bird Faced Urn":71,"Snecko Eye":23,"Pandora\u0027s Box":89,"NlothsMask":36,"Meat on the Bone":45,"Torii":68,"Singing Bowl":93,"StoneCalendar":75,"Bag of Preparation":59,"Ancient Tea Set":0,"Smiling Mask":29,"ClockworkSouvenir":71,"Dream Catcher":7,"Pantograph":5,"Red Mask":59,"Runic Pyramid":43,"Lee\u0027s Waffle":45,"Golden Idol":11,"Damaru":66,"PreservedInsect":11,"The Courier":84,"Orichalcum":40,"GoldenEye":5,"MawBank":27,"Mercury Hourglass":71,"Peace Pipe":32,"Strange Spoon":87,"Anchor":66,"Busted Crown":80,"Ornamental Fan":20,"Orrery":82,"Bag of Marbles":33,"Membership Card":21,"Bottled Lightning":58,"PureWater":0,"TungstenRod":91},{"Ice Cream":408,"Gremlin Horn":154,"Whetstone":15,"Old Coin":132,"Centennial Puzzle":317,"HornCleat":239,"FaceOfCleric":377,"MealTicket":104,"VioletLotus":288,"Kunai":302,"Girya":358,"Pear":147,"Oddly Smooth Stone":57,"Eternal Feather":271,"WarpedTongs":84,"Shuriken":358,"Bronze Scales":239,"Bird Faced Urn":358,"Snecko Eye":118,"Pandora\u0027s Box":424,"NlothsMask":172,"Meat on the Bone":227,"Torii":328,"Singing Bowl":445,"StoneCalendar":367,"Bag of Preparation":276,"Ancient Tea Set":0,"Smiling Mask":142,"ClockworkSouvenir":358,"Dream Catcher":28,"Pantograph":22,"Red Mask":276,"Runic Pyramid":214,"Lee\u0027s Waffle":227,"Golden Idol":57,"Damaru":317,"PreservedInsect":57,"The Courier":397,"Orichalcum":195,"GoldenEye":22,"MawBank":135,"Mercury Hourglass":358,"Peace Pipe":154,"Strange Spoon":412,"Anchor":317,"Busted Crown":388,"Ornamental Fan":104,"Orrery":392,"Bag of Marbles":162,"Membership Card":106,"Bottled Lightning":273,"PureWater":0,"TungstenRod":436}],"TungstenRod":29},"card_choices":[{"not_picked":["ReachHeaven","Halt"],"picked":"FollowUp","floor":1.0},{"not_picked":["EmptyBody","Pray"],"picked":"Wallop","floor":4.0},{"not_picked":["JustLucky","BowlingBash"],"picked":"SashWhip","floor":5},{"not_picked":["Adaptation","Pray","WreathOfFlame"],"picked":"SKIP","floor":7},{"not_picked":["BowlingBash","Evaluate"],"picked":"FlurryOfBlows","floor":8},{"not_picked":["Nirvana","Collect"],"picked":"Wireheading","floor":11},{"not_picked":["JustLucky","Wireheading","WreathOfFlame"],"picked":"SKIP","floor":13},{"not_picked":["WindmillStrike","Conclude"],"picked":"TalkToTheHand","floor":14},{"not_picked":["DevaForm","Judgement"],"picked":"Vault","floor":16},{"not_picked":[],"picked":"MentalFortress+1","floor":18},{"not_picked":[],"picked":"MentalFortress","floor":19},{"not_picked":[],"picked":"Conclude","floor":20},{"not_picked":[],"picked":"Crescendo+1","floor":20},{"not_picked":[],"picked":"Protect","floor":20},{"not_picked":[],"picked":"ConjureBlade","floor":20},{"not_picked":[],"picked":"CarveReality+1","floor":20},{"not_picked":[],"picked":"WheelKick","floor":21},{"not_picked":["Collect"],"picked":"SKIP","floor":22},{"not_picked":[],"picked":"WreathOfFlame","floor":27},{"not_picked":[],"picked":"InnerPeace","floor":28},{"not_picked":["FlurryOfBlows"],"picked":"SKIP","floor":29},{"not_picked":["Vengeance+1"],"picked":"SKIP","floor":31},{"not_picked":[],"picked":"DevaForm","floor":33},{"not_picked":["JustLucky+1"],"picked":"SKIP","floor":35},{"not_picked":[],"picked":"Consecrate","floor":36},{"not_picked":["Prostrate"],"picked":"SKIP","floor":38},{"not_picked":[],"picked":"MentalFortress+1","floor":40},{"not_picked":[],"picked":"WaveOfTheHand","floor":41},{"not_picked":["CrushJoints"],"picked":"Singing Bowl","floor":44},{"not_picked":["Crescendo"],"picked":"Singing Bowl","floor":45},{"not_picked":["Collect"],"picked":"Singing Bowl","floor":48}],"player_experience":772733,"relics_obtained":[{"floor":7,"key":"StoneCalendar"},{"floor":11,"key":"MawBank"},{"floor":13,"key":"Orichalcum"},{"floor":26,"key":"The Courier"},{"floor":28,"key":"Ice Cream"},{"floor":36,"key":"TungstenRod"},{"floor":40,"key":"Singing Bowl"},{"floor":43,"key":"Pantograph"},{"floor":44,"key":"Eternal Feather"}],"event_choices":[{"cards_removed":["Strike_P"],"damage_healed":0.0,"max_hp_gain":0.0,"max_hp_loss":0.0,"gold_gain":0.0,"event_name":"The Cleric","player_choice":"Card Removal","floor":2.0,"gold_loss":75.0,"damage_taken":0.0},{"damage_healed":0.0,"max_hp_gain":0.0,"max_hp_loss":0.0,"gold_gain":0.0,"event_name":"Liars Game","player_choice":"Ignored","floor":3.0,"gold_loss":0.0,"damage_taken":0.0},{"damage_healed":0,"gold_gain":0,"player_choice":"Trade","damage_taken":0,"relics_obtained":["FaceOfCleric"],"max_hp_gain":0,"max_hp_loss":0,"event_name":"FaceTrader","floor":12,"gold_loss":0},{"damage_healed":0,"gold_gain":0,"player_choice":"Bought 0 Potions","damage_taken":0,"max_hp_gain":0,"max_hp_loss":0,"event_name":"The Woman in Blue","floor":24,"gold_loss":0},{"damage_healed":0,"gold_gain":0,"player_choice":"Fight","damage_taken":0,"max_hp_gain":0,"max_hp_loss":0,"event_name":"MindBloom","floor":36,"gold_loss":0},{"damage_healed":0,"gold_gain":0,"player_choice":"Ignored","damage_taken":0,"max_hp_gain":0,"max_hp_loss":0,"event_name":"Tomb of Lord Red Mask","floor":37,"gold_loss":0},{"damage_healed":0,"gold_gain":0,"player_choice":"Ignored","damage_taken":0,"max_hp_gain":0,"max_hp_loss":0,"event_name":"Mysterious Sphere","floor":39,"gold_loss":0}],"is_beta":false,"boss_relics":[{"not_picked":["Empty Cage","Velvet Choker"],"picked":"Busted Crown"},{"not_picked":["Coffee Dripper","Philosopher\u0027s Stone"],"picked":"Pandora\u0027s Box"}],"items_purged_floors":[20,30,47],"is_endless":false,"potions_floor_spawned":[4,7,13,16,18,21,27,29,38,44,48],"killed_by":"Time Eater","ascension_level":20}}