{"host":"8d3fefv2347kqkpz","time":1611018649,"event":{"mods":["100% Spire Juice","AchievementEnabler","Act Like it!","Aspiration","BaseMod","Better Vampires","Colored Map","Colored Powertips","Conspire","GifTheSpireLib","Highlight Path","Mimic Mod","Minty Spire (QoL Compilation)","Quick Restart","Reimu£®≤©¿ˆ¡È√Œ£©","Relic Stats","Remilia£®¿Ÿ√◊¿Ú—«£©","Replay The Spire","Spicy Shops","StSLib","The Gatherer","The Jungle","The Senshi","The Servant 0.9.4","Waifu the Spire","vexMod"],"gold_per_floor":[112,132,194,194,74,93,109,109,109,120,120,139,139,89,89,187,187,203,203,203,220,135,164,164,239,239,239,239],"floor_reached":27,"language":"ZHS","playtime":923,"items_purged":[],"score":271,"play_id":"28eb841d-ede7-4f83-8f01-c7738307aa56","local_time":"20210119091049","is_ascension_mode":false,"campfire_choices":[{"floor":8,"key":"REST"},{"floor":11,"key":"REST"},{"floor":13,"key":"REST"},{"data":"Loop","floor":15,"key":"SMITH"},{"floor":24,"key":"REST"}],"circlet_count":0,"master_deck":["conspire:GhostlyStrike","conspire:GhostlyStrike","conspire:GhostlyStrike","conspire:GhostlyDefend","conspire:GhostlyDefend","conspire:GhostlyDefend","conspire:GhostlyDefend","Zap","Dualcast","Time Bomb","White Noise","Loop+1","BasicCrystalCard","White Noise","Self Repair","Redo","ReplayRNGCard","Redo","Chill+1"],"relics":["Cracked Core","Tiny Chest","Divine Protection","Nuclear Battery","Peace Pipe","conspire:DecoderRing","Incense Burner","vexMod:Dragonfruit"],"acts_visited":["Exordium","TheCity"],"potions_floor_usage":[7,16],"damage_taken":[{"damage":0,"enemies":"Small Slimes","floor":1,"turns":2},{"damage":0,"enemies":"2 Louse","floor":2,"turns":2},{"damage":1,"enemies":"Cultist","floor":6,"turns":3},{"damage":10,"enemies":"Large Slime","floor":7,"turns":4},{"damage":28,"enemies":"Gremlin Gang","floor":10,"turns":5},{"damage":1,"enemies":"Blue Slaver","floor":12,"turns":3},{"damage":87,"enemies":"Fading Forest","floor":16,"turns":11},{"damage":30,"enemies":"3 Byrds","floor":18,"turns":6},{"damage":9,"enemies":"Spheric Guardian","floor":21,"turns":4},{"damage":50,"enemies":"Replay:Snechameleon","floor":23,"turns":6},{"damage":44,"enemies":"3 Cultists","floor":27,"turns":4}],"seed_played":"4202858811963843642","potions_obtained":[{"floor":3,"key":"Swift Potion"},{"floor":7,"key":"Cursed Concoction"},{"floor":10,"key":"LiquidBronze"},{"floor":16,"key":"Fruit Juice"},{"floor":19,"key":"ColorlessPotion"},{"floor":19,"key":"LiquidBronze"}],"is_trial":false,"path_per_floor":["M","M","?","?","$","M","M","R","T","M","R","M","R","?","R","B",null,"M","?","T","M","?","E","R","?","T","M"],"character_chosen":"DEFECT","items_purchased":["Loop","BasicCrystalCard"],"campfire_rested":4,"item_purchase_floors":[5,5],"current_hp_per_floor":[82,82,50,50,50,49,39,63,63,35,59,58,82,82,82,23,87,64,64,64,62,62,19,45,37,42,0,0],"gold":239,"neow_bonus":"TEN_PERCENT_HP_BONUS","is_daily":false,"chose_seed":false,"campfire_upgraded":1,"win_rate":0.0,"timestamp":1611018649,"path_taken":["M","M","?","?","$","M","M","R","T","M","R","M","R","?","R","BOSS","M","?","?","M","?","E","R","?","T","?"],"items_purchased_type":["Card","Card"],"build_version":"2020-12-22","purchased_purges":0,"victory":false,"max_hp_per_floor":[82,82,82,82,82,82,82,82,82,82,82,82,82,82,82,87,87,87,87,87,87,87,87,87,87,92,92,92],"relic_stats":{"Peace Pipe":0,"counters":[11,49],"Tiny Chest":1,"obtain_stats":[{"Peace Pipe":20,"vexMod:Dragonfruit":26,"Divine Protection":9,"conspire:DecoderRing":22,"Tiny Chest":3,"Incense Burner":23,"Cracked Core":0,"Nuclear Battery":17},{"Peace Pipe":8,"vexMod:Dragonfruit":10,"Divine Protection":4,"conspire:DecoderRing":9,"Tiny Chest":2,"Incense Burner":10,"Cracked Core":0,"Nuclear Battery":7},{"Peace Pipe":35,"vexMod:Dragonfruit":45,"Divine Protection":11,"conspire:DecoderRing":39,"Tiny Chest":4,"Incense Burner":45,"Cracked Core":0,"Nuclear Battery":30}]},"card_choices":[{"not_picked":["Stack","Go for the Eyes"],"picked":"Time Bomb","floor":1},{"not_picked":["Compile Driver","Undo","Leap"],"picked":"SKIP","floor":2},{"not_picked":["Steam","Stack"],"picked":"White Noise","floor":3},{"not_picked":["Hologram","Compile Driver","All For One"],"picked":"SKIP","floor":6},{"not_picked":["Compile Driver","Stack"],"picked":"White Noise","floor":7},{"not_picked":["Leap","Steam"],"picked":"Self Repair","floor":10},{"not_picked":["Streamline","Rebound"],"picked":"Redo","floor":12},{"not_picked":["Reboot","ReplayTheSpireMod:Omega Cannon"],"picked":"ReplayRNGCard","floor":16},{"not_picked":["Hologram","Panic Button+1","Compile Driver"],"picked":"SKIP","floor":18},{"not_picked":["Hologram+1","Turbo"],"picked":"Redo","floor":21},{"not_picked":["Leap","Beam Cell"],"picked":"Chill+1","floor":23}],"player_experience":113817,"relics_obtained":[{"floor":3,"key":"Tiny Chest"},{"floor":9,"key":"Divine Protection"},{"floor":20,"key":"Peace Pipe"},{"floor":23,"key":"Incense Burner"},{"floor":26,"key":"vexMod:Dragonfruit"}],"event_choices":[{"damage_healed":0,"gold_gain":0,"player_choice":"Agree","damage_taken":0,"max_hp_gain":0,"max_hp_loss":0,"event_name":"conspire:LoneGhost","floor":4,"gold_loss":0},{"cards_removed":["conspire:GhostlyStrike"],"damage_healed":0,"gold_gain":0,"player_choice":"Card Removal","damage_taken":0,"max_hp_gain":0,"max_hp_loss":0,"event_name":"The Cleric","floor":14,"gold_loss":50},{"damage_healed":0,"gold_gain":0,"player_choice":"Got Potions","damage_taken":0,"max_hp_gain":0,"max_hp_loss":0,"event_name":"Lab","floor":19,"gold_loss":0},{"damage_healed":0,"gold_gain":0,"player_choice":"Obtained Relic","damage_taken":0,"relics_obtained":["conspire:DecoderRing"],"max_hp_gain":0,"max_hp_loss":0,"event_name":"Addict","floor":22,"gold_loss":85},{"damage_healed":0,"gold_gain":75,"player_choice":"Touch","damage_taken":8,"max_hp_gain":0,"max_hp_loss":0,"event_name":"FaceTrader","floor":25,"gold_loss":0}],"is_beta":false,"boss_relics":[{"not_picked":["Coffee Dripper","aspiration:RunicSpoon"],"picked":"Nuclear Battery"}],"items_purged_floors":[],"is_endless":false,"potions_floor_spawned":[7,10,16,23],"killed_by":"3 Cultists","ascension_level":0}}