{"host":"foq4mrde4mssg7vt","time":1611072458,"event":{"mods":["AchievementEnabler","BaseMod","Colored Map","Colored Powertips","Highlight Path","Minty Spire (QoL Compilation)","Relic Stats","everything is the same but u backflip on backflip"],"gold_per_floor":[363,375,390,390,203,232,248,279,304,324,324,354,354,365,365,365,365],"floor_reached":16,"language":"ENG","playtime":941,"items_purged":[],"score":238,"play_id":"e43a6b76-2666-4136-a32a-aca24bc4940c","local_time":"20210120000738","is_ascension_mode":true,"campfire_choices":[{"floor":11,"key":"REST"},{"floor":13,"key":"REST"},{"data":"Go for the Eyes","floor":15,"key":"SMITH"}],"circlet_count":0,"master_deck":["AscendersBane","Strike_B+1","Strike_B+1","Strike_B","Strike_B","Defend_B","Defend_B","Defend_B","Defend_B","Zap","Dualcast","Rip and Tear+1","Coolheaded","Glacier","Ball Lightning","Genetic Algorithm","FTL","Conserve Battery","Go for the Eyes+1","Sweeping Beam","Hello World"],"relics":["Cracked Core","Orrery","Shovel","Whetstone","Lantern","Orichalcum"],"acts_visited":["Exordium"],"potions_floor_usage":[8,10],"damage_taken":[{"damage":0.0,"enemies":"2 Louse","floor":1.0,"turns":2.0},{"damage":1.0,"enemies":"Cultist","floor":2.0,"turns":3.0},{"damage":7.0,"enemies":"Jaw Worm","floor":3.0,"turns":3.0},{"damage":19,"enemies":"3 Sentries","floor":6,"turns":7},{"damage":12,"enemies":"Exordium Wildlife","floor":7,"turns":4},{"damage":15,"enemies":"Lagavulin","floor":8,"turns":9},{"damage":4,"enemies":"Gremlin Gang","floor":10,"turns":3},{"damage":20,"enemies":"Gremlin Nob","floor":12,"turns":4},{"damage":0,"enemies":"3 Louse","floor":14,"turns":3},{"damage":24,"enemies":"Hexaghost","floor":16,"turns":11}],"seed_played":"-8908550617341169822","potions_obtained":[{"floor":2.0,"key":"Dexterity Potion"},{"floor":6,"key":"Weak Potion"},{"floor":8,"key":"ColorlessPotion"}],"is_trial":false,"path_per_floor":["M","M","M","?","$","E","M","E","T","M","R","E","R","M","R","B"],"character_chosen":"DEFECT","items_purchased":["Orrery","Conserve Battery"],"campfire_rested":2,"item_purchase_floors":[5,5],"current_hp_per_floor":[64,63,56,56,56,37,25,10,10,6,25,5,24,24,24,0,0],"gold":365,"neow_bonus":"TWO_FIFTY_GOLD","is_daily":false,"chose_seed":false,"campfire_upgraded":1,"win_rate":0.0,"timestamp":1611072458,"path_taken":["M","M","M","?","$","E","M","E","T","M","R","E","R","M","R","BOSS"],"items_purchased_type":["Relic","Card"],"build_version":"2020-12-22","purchased_purges":0,"victory":false,"max_hp_per_floor":[64,64,64,64,64,64,64,64,64,64,64,64,64,64,64,64,64],"relic_stats":{"Shovel":0,"counters":[10,49],"Whetstone":["Strike_B","Strike_B"],"Orichalcum":[30],"obtain_stats":[{"Lantern":9,"Shovel":6,"Orrery":5,"Whetstone":8,"Orichalcum":12,"Cracked Core":0},{"Lantern":6,"Shovel":4,"Orrery":3,"Whetstone":6,"Orichalcum":8,"Cracked Core":0},{"Lantern":28,"Shovel":15,"Orrery":8,"Whetstone":28,"Orichalcum":35,"Cracked Core":0}]},"card_choices":[{"not_picked":["Coolheaded","Conserve Battery"],"picked":"Rip and Tear","floor":1.0},{"not_picked":["Loop","Fusion"],"picked":"Coolheaded","floor":2.0},{"not_picked":["Undo","Fusion"],"picked":"Glacier","floor":3.0},{"not_picked":["Streamline","Reprogram"],"picked":"Ball Lightning","floor":5},{"not_picked":["Conserve Battery","Beam Cell"],"picked":"Genetic Algorithm","floor":5},{"not_picked":["Loop","Turbo"],"picked":"FTL","floor":5},{"not_picked":["Chill","Amplify","White Noise"],"picked":"SKIP","floor":6},{"not_picked":["Hologram","Turbo"],"picked":"Go for the Eyes","floor":7},{"not_picked":["Conserve Battery","Steam","Aggregate"],"picked":"SKIP","floor":8},{"not_picked":["Melter","Leap"],"picked":"Sweeping Beam","floor":10},{"not_picked":["Hologram","Force Field"],"picked":"Hello World","floor":12},{"not_picked":["Amplify","Heatsinks","Cold Snap"],"picked":"SKIP","floor":14}],"player_experience":499426,"relics_obtained":[{"floor":6,"key":"Shovel"},{"floor":8,"key":"Whetstone"},{"floor":9,"key":"Lantern"},{"floor":12,"key":"Orichalcum"}],"event_choices":[{"damage_healed":0.0,"max_hp_gain":0.0,"max_hp_loss":0.0,"gold_gain":0.0,"event_name":"Living Wall","player_choice":"Grow","floor":4.0,"gold_loss":0.0,"damage_taken":0.0,"cards_upgraded":["Rip and Tear"]}],"is_beta":false,"boss_relics":[],"items_purged_floors":[],"is_endless":false,"potions_floor_spawned":[2,6,8],"killed_by":"Hexaghost","ascension_level":19}}