{"host":"y193d0agu1dp5x1y","time":1611056240,"event":{"mods":["AchievementEnabler","BaseMod","Googly Eyes","Minty Spire (QoL Compilation)"],"gold_per_floor":[117,292,292,308,323,323,333,352,352,352,363,380,149,99,99,200,200,218,118,118,0,0,0,14,14,63,63,63,76,86,104,104,104,104],"floor_reached":33,"language":"ENG","playtime":1278,"items_purged":["Strike_B","Strike_B"],"score":251,"play_id":"55766c85-c4ae-4906-9120-cd1dd89efbba","local_time":"20210119053720","is_ascension_mode":true,"campfire_choices":[{"data":"Zap","floor":6.0,"key":"SMITH"},{"data":"Creative AI","floor":15,"key":"SMITH"},{"floor":23,"key":"RECALL"},{"floor":25,"key":"REST"},{"floor":32,"key":"REST"}],"circlet_count":0,"master_deck":["Strike_B+1","Strike_B+1","Defend_B+1","Defend_B+1","Defend_B+1","Defend_B+1","Zap+1","Dualcast","Beam Cell+1","Doubt","Gash+1","Auto Shields","Ball Lightning+1","Conserve Battery+1","Leap","Creative AI+1","Thunder Strike+1","Ball Lightning+1","Barrage+1"],"relics":["Cracked Core","NeowsBlessing","Molten Egg 2","Torii","Busted Crown","Enchiridion"],"acts_visited":["Exordium","TheCity"],"potions_floor_usage":[11,12,16,16,24,24,31,31],"damage_taken":[{"damage":0.0,"enemies":"Small Slimes","floor":1.0,"turns":1.0},{"damage":0.0,"enemies":"Jaw Worm","floor":4.0,"turns":1.0},{"damage":0.0,"enemies":"2 Louse","floor":5.0,"turns":1.0},{"damage":5.0,"enemies":"Exordium Wildlife","floor":7.0,"turns":4.0},{"damage":3,"enemies":"3 Louse","floor":8,"turns":3},{"damage":0,"enemies":"Large Slime","floor":11,"turns":4},{"damage":1,"enemies":"Lots of Slimes","floor":12,"turns":4},{"damage":10,"enemies":"Hexaghost","floor":16,"turns":11},{"damage":26,"enemies":"2 Thieves","floor":18,"turns":4},{"damage":1,"enemies":"Chosen","floor":24,"turns":3},{"damage":18,"enemies":"3 Cultists","floor":29,"turns":6},{"damage":7,"enemies":"Snecko","floor":30,"turns":5},{"damage":3,"enemies":"Snake Plant","floor":31,"turns":3},{"damage":51,"enemies":"Automaton","floor":33,"turns":6}],"seed_played":"127875129660873975","potions_obtained":[{"floor":4.0,"key":"PotionOfCapacity"},{"floor":7.0,"key":"FocusPotion"},{"floor":8,"key":"DistilledChaos"},{"floor":12,"key":"ColorlessPotion"},{"floor":16,"key":"CultistPotion"},{"floor":18,"key":"FocusPotion"},{"floor":29,"key":"Weak Potion"},{"floor":30,"key":"Explosive Potion"}],"is_trial":false,"path_per_floor":["M","?","T","M","M","R","M","M","T","?","M","M","$","?","R","B",null,"M","$","?","?","?","R","M","R","T","$","?","M","M","M","R","B"],"character_chosen":"DEFECT","items_purchased":["Creative AI"],"campfire_rested":2,"item_purchase_floors":[13],"current_hp_per_floor":[75,75,75,75,75,75,70,67,67,52,52,51,51,51,51,41,75,49,49,33,33,33,33,32,54,54,54,54,36,29,26,48,0,0],"gold":104,"neow_bonus":"THREE_ENEMY_KILL","is_daily":false,"chose_seed":false,"campfire_upgraded":2,"win_rate":0.0,"timestamp":1611056240,"path_taken":["M","?","?","M","M","R","M","M","T","?","M","M","$","?","R","BOSS","M","$","?","?","?","R","M","R","T","$","?","M","M","?","R","BOSS"],"items_purchased_type":["Card"],"build_version":"2020-12-22","purchased_purges":2,"victory":false,"max_hp_per_floor":[75,75,75,75,75,75,75,75,75,75,75,75,75,75,75,75,75,75,75,75,75,75,75,75,75,75,75,75,75,75,75,75,75,75],"card_choices":[{"not_picked":["Sweeping Beam","Redo"],"picked":"Beam Cell","floor":1.0},{"not_picked":["Turbo","Go for the Eyes+1"],"picked":"Gash+1","floor":4.0},{"not_picked":["Coolheaded","Self Repair","Loop"],"picked":"SKIP","floor":5.0},{"not_picked":["Blizzard+1","Consume"],"picked":"Auto Shields","floor":7.0},{"not_picked":["BootSequence","Compile Driver+1"],"picked":"Ball Lightning+1","floor":8},{"not_picked":["Doom and Gloom+1","Streamline+1"],"picked":"Conserve Battery","floor":11},{"not_picked":["Rebound+1","Steam"],"picked":"Leap","floor":12},{"not_picked":["All For One+1","Machine Learning"],"picked":"Thunder Strike+1","floor":16},{"not_picked":[],"picked":"Ball Lightning+1","floor":18},{"not_picked":["Rebound+1"],"picked":"SKIP","floor":24},{"not_picked":["Skim"],"picked":"SKIP","floor":29},{"not_picked":["Compile Driver+1"],"picked":"SKIP","floor":30},{"not_picked":[],"picked":"Barrage+1","floor":31}],"player_experience":129648,"relics_obtained":[{"floor":3.0,"key":"Molten Egg 2"},{"floor":9,"key":"Torii"},{"floor":20,"key":"Enchiridion"}],"event_choices":[{"damage_healed":0.0,"max_hp_gain":0.0,"max_hp_loss":0.0,"gold_gain":175.0,"event_name":"Liars Game","player_choice":"AGREE","floor":2.0,"gold_loss":0.0,"damage_taken":0.0,"cards_obtained":["Doubt"]},{"damage_healed":0,"gold_gain":0,"player_choice":"Entered Light","damage_taken":15,"max_hp_gain":0,"max_hp_loss":0,"event_name":"Shining Light","floor":10,"gold_loss":0,"cards_upgraded":["Strike_B","Beam Cell"]},{"damage_healed":0,"gold_gain":0,"player_choice":"Left Gold","damage_taken":0,"max_hp_gain":0,"max_hp_loss":0,"event_name":"World of Goop","floor":14,"gold_loss":50},{"damage_healed":0,"gold_gain":0,"player_choice":"Obtained Book","damage_taken":16,"max_hp_gain":0,"max_hp_loss":0,"event_name":"Cursed Tome","floor":20,"gold_loss":0},{"damage_healed":0,"gold_gain":0,"player_choice":"Paid Fearfully","damage_taken":0,"max_hp_gain":0,"max_hp_loss":0,"event_name":"Masked Bandits","floor":21,"gold_loss":118},{"damage_healed":0,"gold_gain":0,"player_choice":"Simplicity","damage_taken":0,"max_hp_gain":0,"max_hp_loss":0,"event_name":"Back to Basics","floor":22,"gold_loss":0,"cards_upgraded":["Strike_B","Defend_B","Defend_B","Defend_B","Defend_B"]},{"damage_healed":0,"gold_gain":0,"player_choice":"Forge","damage_taken":0,"max_hp_gain":0,"max_hp_loss":0,"event_name":"Accursed Blacksmith","floor":28,"gold_loss":0,"cards_upgraded":["Conserve Battery"]}],"is_beta":false,"boss_relics":[{"not_picked":["SlaversCollar","Inserter"],"picked":"Busted Crown"}],"items_purged_floors":[13,19],"is_endless":false,"potions_floor_spawned":[4,7,8,12,16,18,29,30],"killed_by":"Automaton","ascension_level":1}}