{"host":"onsldz53rrjogmmj","time":1611020427,"event":{"mods":["BaseMod","Colored Powertips","Downfall","Koishi","KomeijiMod","Minty Spire (QoL Compilation)","StSLib","Yakumo Yukari mod","Yuyuko","[IsaacMod]ÒÔÈö¼âËþ"],"gold_per_floor":[117,117,131,131,131,131,147,147,147,147,147,39,39,59,59,164,164,89,0,0,17,17,17,17,17],"floor_reached":24,"language":"ZHS","playtime":1080,"items_purged":[],"score":180,"play_id":"453e8f6b-eaa0-40c6-b67b-661064cb368d","local_time":"20210119094027","is_ascension_mode":false,"campfire_choices":[{"floor":6.0,"key":"REST"},{"data":"HelanNingyou","floor":8.0,"key":"SMITH"},{"data":"Sabishigari+1","floor":10.0,"key":"SWEEP"},{"data":"1","floor":13.0,"key":"LIFT"},{"data":"2","floor":15.0,"key":"LIFT"},{"floor":23.0,"key":"REST"}],"circlet_count":0,"master_deck":["Strike_Komeiji+1","Strike_Komeiji+1","Strike_Komeiji+1","Strike_Komeiji+1","Defend_Komeiji+1","Defend_Komeiji+1","Defend_Komeiji+1","Dash_Komeiji","Chrysalis+1","NingyouSP+1","HelanNingyou+1","LittleLegion","Sabishigari+1","MakuraSeki","GasuOrimono","LunaDial","TenguhouSokujitsuken","RoshinSou+1","KimairaNoYoku+1"],"relics":["KomeijisEye","SpellCardsRule","MusicBox","HushsDoor","KeepersGift","Darkstone Periapt","Girya","SacredBark"],"acts_visited":["Exordium","TheCity"],"potions_floor_usage":[],"damage_taken":[{"damage":1.0,"enemies":"Cultist","floor":1.0,"turns":4.0},{"damage":6.0,"enemies":"Jaw Worm","floor":3.0,"turns":5.0},{"damage":3.0,"enemies":"2 Louse","floor":7.0,"turns":2.0},{"damage":11.0,"enemies":"2 Fungi Beasts","floor":14.0,"turns":4.0},{"damage":17.0,"enemies":"The Guardian","floor":16.0,"turns":10.0},{"damage":26.0,"enemies":"2 Thieves","floor":18.0,"turns":5.0},{"damage":3.0,"enemies":"Spheric Guardian","floor":21.0,"turns":7.0},{"damage":40,"enemies":"Slavers","floor":24,"turns":3}],"seed_played":"2007363272159227333","potions_obtained":[{"floor":3.0,"key":"champ:CounterPotion"}],"is_trial":false,"path_per_floor":["M","?","M","?","?","R","M","R","T","R","T","$","R","M","R","B",null,"M","?","?","M","?","R","E"],"character_chosen":"KomeijiSatori","items_purchased":["MakuraSeki","GasuOrimono"],"campfire_rested":2,"item_purchase_floors":[12,12],"current_hp_per_floor":[49,49,43,43,33,48,45,45,45,50,50,50,50,39,39,22,50,24,24,24,25,16,31,0,0],"gold":17,"neow_bonus":"TRANSFORM_CARD","is_daily":false,"chose_seed":false,"campfire_upgraded":1,"win_rate":0.0,"timestamp":1611020427,"path_taken":["M","?","?","?","?","R","?","R","T","R","?","$","R","M","R","BOSS","M","?","?","?","?","R","E"],"items_purchased_type":["Card","Card"],"build_version":"2020-12-22","purchased_purges":0,"victory":false,"max_hp_per_floor":[50,50,50,50,50,50,50,50,50,50,50,50,50,50,50,50,50,50,50,50,50,50,50,50,50],"card_choices":[{"not_picked":[],"picked":"BettingIsNotGood","floor":0.0},{"not_picked":["JyouchiJin+1","SeekerDolls"],"picked":"NingyouSP+1","floor":1.0},{"not_picked":["Melting","SelfTokamak"],"picked":"LittleLegion","floor":3.0},{"not_picked":["SelfTokamak","ShyakuBuku"],"picked":"RikonNoKama+1","floor":7.0},{"not_picked":["MakuraSeki","Melting"],"picked":"LunaDial","floor":14.0},{"not_picked":["MunenMusou","IceTornado"],"picked":"TenguhouSokujitsuken","floor":16.0},{"not_picked":["NingyouFukuhei+1","RikonNoKama+1"],"picked":"RoshinSou+1","floor":18.0},{"not_picked":["Sabishigari+1","KouPou+1"],"picked":"KimairaNoYoku+1","floor":21.0}],"player_experience":310175,"relics_obtained":[{"floor":9.0,"key":"Darkstone Periapt"},{"floor":11.0,"key":"Girya"}],"event_choices":[{"damage_healed":0.0,"max_hp_gain":0.0,"max_hp_loss":0.0,"gold_gain":0.0,"cards_transformed":["Defend_Komeiji"],"event_name":"Living Wall","player_choice":"Change","floor":2.0,"gold_loss":0.0,"damage_taken":0.0,"cards_obtained":["HelanNingyou"]},{"damage_healed":0.0,"max_hp_gain":0.0,"max_hp_loss":0.0,"gold_gain":0.0,"event_name":"The Cleric","player_choice":"Leave","floor":4.0,"gold_loss":0.0,"damage_taken":0.0},{"damage_healed":0.0,"max_hp_gain":0.0,"max_hp_loss":0.0,"gold_gain":0.0,"event_name":"Shining Light","player_choice":"Entered Light","floor":5.0,"gold_loss":0.0,"damage_taken":10.0,"cards_upgraded":["Strike_Komeiji","Chrysalis"]},{"damage_healed":0.0,"max_hp_gain":0.0,"max_hp_loss":0.0,"gold_gain":0.0,"event_name":"Masked Bandits","player_choice":"Paid Fearfully","floor":19.0,"gold_loss":89.0,"damage_taken":0.0},{"damage_healed":0.0,"max_hp_gain":0.0,"max_hp_loss":0.0,"gold_gain":0.0,"event_name":"Back to Basics","player_choice":"Simplicity","floor":20.0,"gold_loss":0.0,"damage_taken":0.0,"cards_upgraded":[]},{"damage_healed":0.0,"max_hp_gain":0.0,"max_hp_loss":0.0,"gold_gain":0.0,"event_name":"Cursed Tome","player_choice":"Stopped","floor":22.0,"gold_loss":0.0,"damage_taken":9.0}],"is_beta":false,"boss_relics":[{"not_picked":["Philosopher\u0027s Stone","Velvet Choker"],"picked":"SacredBark"},{"not_picked":[]}],"items_purged_floors":[],"is_endless":false,"potions_floor_spawned":[3],"killed_by":"Slavers","ascension_level":0}}