{"host":"b1dzdo8uo7e6jx8g","time":1611091046,"event":{"mods":["AchievementEnabler","BaseMod","BetterRewards","Colored Map","Highlight Path","Minty Spire (QoL Compilation)","StSLib"],"gold_per_floor":[112,112,112,123,143,156,187,202,202,231,231,231,248,263,263,362,362,375,66,83,114,114,149,149,161,161,179,24,36,36,53,53,53,53],"floor_reached":33,"language":"ENG","playtime":1173,"items_purged":["Parasite"],"score":381,"play_id":"88bd88d3-bd7c-4710-9993-8388b19c0a97","local_time":"20210119221726","is_ascension_mode":false,"campfire_choices":[{"floor":12,"key":"REST"},{"floor":15,"key":"REST"},{"floor":24,"key":"REST"},{"floor":32,"key":"REST"}],"circlet_count":0,"master_deck":["Strike_R+1","Strike_R","Strike_R","Strike_R","Strike_R","Defend_R","Defend_R+1","Defend_R","Defend_R","Bash","Rupture","Hemokinesis","Cleave","Uppercut+1","Infernal Blade+1","Armaments","Pommel Strike","Shockwave","Rage","Seeing Red","Dual Wield","Offering","Trip","Combust+1"],"relics":["Black Blood","MealTicket","Darkstone Periapt","Torii","Anchor","Red Mask","Singing Bowl","Shuriken","War Paint"],"acts_visited":["Exordium","TheCity"],"potions_floor_usage":[7,10,16,21,33,33],"damage_taken":[{"damage":8,"enemies":"2 Louse","floor":1,"turns":2},{"damage":4,"enemies":"Small Slimes","floor":4,"turns":3},{"damage":13,"enemies":"Jaw Worm","floor":5,"turns":2},{"damage":10,"enemies":"2 Fungi Beasts","floor":6,"turns":3},{"damage":23,"enemies":"Lagavulin","floor":7,"turns":5},{"damage":3,"enemies":"Exordium Wildlife","floor":8,"turns":2},{"damage":30,"enemies":"Gremlin Nob","floor":10,"turns":4},{"damage":19,"enemies":"Large Slime","floor":13,"turns":5},{"damage":14,"enemies":"3 Louse","floor":14,"turns":3},{"damage":53,"enemies":"Hexaghost","floor":16,"turns":9},{"damage":21,"enemies":"Chosen","floor":18,"turns":6},{"damage":50,"enemies":"Spheric Guardian","floor":20,"turns":6},{"damage":4,"enemies":"Masked Bandits","floor":21,"turns":3},{"damage":45,"enemies":"Slavers","floor":23,"turns":6},{"damage":30,"enemies":"Cultist and Chosen","floor":25,"turns":5},{"damage":25,"enemies":"Shelled Parasite and Fungi","floor":27,"turns":4},{"damage":23,"enemies":"Centurion and Healer","floor":29,"turns":5},{"damage":12,"enemies":"Snake Plant","floor":31,"turns":4},{"damage":109,"enemies":"Collector","floor":33,"turns":10}],"seed_played":"-4606028840524513579","potions_obtained":[{"floor":1,"key":"Fire Potion"},{"floor":5,"key":"SteroidPotion"},{"floor":7,"key":"Weak Potion"},{"floor":14,"key":"FairyPotion"},{"floor":18,"key":"SkillPotion"},{"floor":23,"key":"Swift Potion"},{"floor":27,"key":"Block Potion"},{"floor":29,"key":"PowerPotion"}],"is_trial":false,"path_per_floor":["M","?","?","M","M","M","E","M","T","E","?","R","M","M","R","B",null,"M","$","M","?","?","E","R","M","T","M","$","M","?","M","R","B"],"character_chosen":"IRONCLAD","items_purchased":["Rupture","Hemokinesis","Cleave","Trip","Anchor","War Paint"],"campfire_rested":4,"item_purchase_floors":[0,0,0,19,19,28],"current_hp_per_floor":[73,73,57,59,52,48,31,34,34,10,36,61,48,40,65,18,86,77,83,45,53,80,49,74,58,58,47,62,53,53,55,82,0,0],"gold":53,"neow_bonus":"","is_daily":false,"chose_seed":false,"campfire_upgraded":0,"win_rate":0.0,"timestamp":1611091046,"path_taken":["M","?","?","M","M","M","E","M","T","E","?","R","?","M","R","BOSS","M","$","M","?","?","E","R","M","T","M","$","M","?","M","R","BOSS"],"items_purchased_type":["Card","Card","Card","Card","Relic","Relic"],"build_version":"2020-12-22","purchased_purges":1,"victory":false,"max_hp_per_floor":[80,80,80,80,80,80,80,80,80,80,86,86,86,86,86,86,86,86,83,83,83,83,85,85,87,87,89,89,91,91,93,93,93,93],"card_choices":[{"not_picked":["Whirlwind","Perfected Strike"],"picked":"Uppercut","floor":1},{"not_picked":["Clothesline","Iron Wave"],"picked":"Infernal Blade","floor":4},{"not_picked":["Wild Strike","Clothesline"],"picked":"Armaments","floor":5},{"not_picked":["Immolate","Sever Soul"],"picked":"Pommel Strike","floor":6},{"not_picked":["Armaments","True Grit"],"picked":"Shockwave","floor":7},{"not_picked":["Wild Strike","Ghostly Armor"],"picked":"Rage","floor":8},{"not_picked":["Shockwave","Iron Wave"],"picked":"Seeing Red","floor":10},{"not_picked":["Clothesline","True Grit","Cleave"],"picked":"SKIP","floor":13},{"not_picked":["Ghostly Armor","Sword Boomerang"],"picked":"Dual Wield","floor":14},{"not_picked":["Impervious","Reaper"],"picked":"Offering","floor":16},{"not_picked":["True Grit","Feel No Pain","Body Slam"],"picked":"SKIP","floor":18},{"not_picked":["Intimidate","Fire Breathing"],"picked":"Combust+1","floor":20},{"not_picked":["Wild Strike","Infernal Blade","Headbutt"],"picked":"Singing Bowl","floor":23},{"not_picked":["Warcry","Clothesline","Anger"],"picked":"Singing Bowl","floor":25},{"not_picked":["Shrug It Off","Body Slam","Metallicize"],"picked":"Singing Bowl","floor":27},{"not_picked":["Twin Strike","Sword Boomerang","Rampage"],"picked":"Singing Bowl","floor":29},{"not_picked":["Headbutt","Armaments","Dark Embrace"],"picked":"Singing Bowl","floor":31}],"player_experience":215883,"relics_obtained":[{"floor":7,"key":"MealTicket"},{"floor":9,"key":"Darkstone Periapt"},{"floor":10,"key":"Torii"},{"floor":21,"key":"Red Mask"},{"floor":23,"key":"Singing Bowl"},{"floor":26,"key":"Shuriken"}],"event_choices":[{"damage_healed":0,"gold_gain":0,"player_choice":"Leave","damage_taken":0,"max_hp_gain":0,"max_hp_loss":0,"event_name":"The Cleric","floor":2,"gold_loss":0},{"damage_healed":0,"gold_gain":0,"player_choice":"Entered Light","damage_taken":16,"max_hp_gain":0,"max_hp_loss":0,"event_name":"Shining Light","floor":3,"gold_loss":0,"cards_upgraded":["Strike_R","Uppercut"]},{"damage_healed":20,"gold_gain":0,"player_choice":"Healed and dodged fight","damage_taken":0,"max_hp_gain":0,"max_hp_loss":0,"event_name":"Mushrooms","floor":11,"gold_loss":0,"cards_obtained":["Parasite"]},{"damage_healed":0,"gold_gain":0,"player_choice":"Fought Bandits","damage_taken":0,"max_hp_gain":0,"max_hp_loss":0,"event_name":"Masked Bandits","floor":21,"gold_loss":0},{"damage_healed":27,"gold_gain":0,"player_choice":"Heal","damage_taken":0,"max_hp_gain":0,"max_hp_loss":0,"event_name":"The Library","floor":22,"gold_loss":0},{"damage_healed":0,"gold_gain":0,"player_choice":"Ignored","damage_taken":0,"max_hp_gain":0,"max_hp_loss":0,"event_name":"Ghosts","floor":30,"gold_loss":0}],"is_beta":false,"boss_relics":[{"not_picked":["SlaversCollar","Runic Cube"],"picked":"Black Blood"}],"items_purged_floors":[19],"is_endless":false,"potions_floor_spawned":[1,5,7,14,18,23,27,29],"killed_by":"Collector","ascension_level":0}}