{"host":"l8n56n8abrvcftzc","time":1611035455,"event":{"mods":["Aspiration","BaseMod","Better Note","Better Third Choice","Colored Map","DeckTracker","Googly Eyes","Highlight Path","Hubris","Minty Spire (QoL Compilation)","Permanent Neow","Relic Stats","Replay The Spire","StSLib","SuperFastMode","Uncapped"],"gold_per_floor":[114,114,129,145,165,194,9,36,113,9,43,43,43,63,63,158,158,171,71,71,85,85,85,105,105,105],"floor_reached":25,"language":"ENG","playtime":1622,"items_purged":["Strike_B","Strike_B"],"score":271,"play_id":"2be096ae-8126-485e-a629-432d8820f986","local_time":"20210118215055","is_ascension_mode":false,"campfire_choices":[{"data":"ReplayTheSpireMod:Calculation Training","floor":13.0,"key":"SMITH"},{"data":"Strike_B","floor":15.0,"key":"PURGE"}],"circlet_count":0,"master_deck":["Defend_B","Defend_B","Defend_B","Zap","Dualcast","Seek","Capacitor","Zap","Specialist","Hologram","Ball Lightning","Conserve Battery","Conserve Battery","Hologram+1","ReplayTheSpireMod:Calculation Training+1","Force Field","hubris:DoWhile","Auto Shields"],"relics":["Cracked Core","Replay:Wax Seal","Blue Doll","Shovel","hubris:CrystalStatue","hubris:Icosahedron","Empty Cage"],"acts_visited":["Exordium","TheCity"],"potions_floor_usage":[],"damage_taken":[{"damage":0.0,"enemies":"2 Louse","floor":1.0,"turns":2.0},{"damage":1.0,"enemies":"Cultist","floor":3.0,"turns":3.0},{"damage":0.0,"enemies":"Jaw Worm","floor":4.0,"turns":4.0},{"damage":5.0,"enemies":"Looter","floor":5.0,"turns":3.0},{"damage":21.0,"enemies":"Lagavulin","floor":6.0,"turns":7.0},{"damage":18.0,"enemies":"3 Sentries","floor":8.0,"turns":6.0},{"damage":11.0,"enemies":"Gremlin Nob","floor":11.0,"turns":4.0},{"damage":13.0,"enemies":"Exordium Wildlife","floor":14.0,"turns":3.0},{"damage":2.0,"enemies":"Fading Forest","floor":16.0,"turns":11.0},{"damage":0.0,"enemies":"3 Byrds","floor":18.0,"turns":2.0},{"damage":25,"enemies":"2 Thieves","floor":21,"turns":4},{"damage":28,"enemies":"Cultist and Chosen","floor":24,"turns":6},{"damage":31,"enemies":"Gremlin Leader","floor":25,"turns":3}],"seed_played":"8985030772046611546","potions_obtained":[{"floor":1.0,"key":"DuplicationPotion"},{"floor":4.0,"key":"Doom Potion"},{"floor":8.0,"key":"Fire Potion"},{"floor":16.0,"key":"PowerPotion"},{"floor":18.0,"key":"FearPotion"},{"floor":21,"key":"Reflective Coating"}],"is_trial":false,"path_per_floor":["M","?","M","M","M","E","$","E","T","$","E","?","R","M","R_BF","B",null,"M","$","?","M","PTL","PTL","M","E"],"character_chosen":"DEFECT","items_purchased":["Blue Doll","Conserve Battery","Hologram+1"],"campfire_rested":0,"item_purchase_floors":[7,7,10],"current_hp_per_floor":[75,75,74,74,69,48,48,30,30,30,19,19,19,6,6,24,75,75,75,75,50,50,50,22,0,0],"gold":105,"neow_bonus":"ONE_RANDOM_RARE_CARD","is_daily":false,"chose_seed":false,"campfire_upgraded":1,"win_rate":0.0,"timestamp":1611035455,"path_taken":["M","?","M","M","?","E","$","E","T","$","E","?","R","M","R_BF","BOSS","M","$","?","M","PTL","PTL","?","E"],"items_purchased_type":["Relic","Card","Card"],"build_version":"2020-12-22","purchased_purges":2,"victory":false,"max_hp_per_floor":[75,75,75,75,75,75,75,75,75,75,75,75,75,75,75,75,75,75,75,75,75,75,75,75,75,75],"relic_stats":{"Shovel":0,"counters":[13,58],"obtain_stats":[{"Shovel":8,"hubris:CrystalStatue":11,"hubris:Icosahedron":12,"Blue Doll":7,"Replay:Wax Seal":6,"Cracked Core":0,"Empty Cage":17},{"Shovel":6,"hubris:CrystalStatue":7,"hubris:Icosahedron":7,"Blue Doll":5,"Replay:Wax Seal":5,"Cracked Core":0,"Empty Cage":9},{"Shovel":25,"hubris:CrystalStatue":29,"hubris:Icosahedron":29,"Blue Doll":19,"Replay:Wax Seal":19,"Cracked Core":0,"Empty Cage":43}]},"card_choices":[{"not_picked":["Heatsinks","Rip and Tear"],"picked":"Capacitor","floor":1.0},{"not_picked":["BasicCrystalCard","Scrape","FTL"],"picked":"SKIP","floor":3.0},{"not_picked":["ReplayTheSpireMod:GoodbyeWorld","Gash"],"picked":"Hologram","floor":4.0},{"not_picked":["Rebound","Beam Cell"],"picked":"Ball Lightning","floor":5.0},{"not_picked":["ReplaySort","Crystallizer","Undo"],"picked":"SKIP","floor":6.0},{"not_picked":["ReplayGash","Doom and Gloom","Rainbow"],"picked":"SKIP","floor":8.0},{"not_picked":["Static Discharge","Steam"],"picked":"ReplayTheSpireMod:Calculation Training","floor":11.0},{"not_picked":["ReplayTheSpireMod:System Scan","Doom and Gloom"],"picked":"Force Field","floor":14.0},{"not_picked":["Hyperbeam","hubris:Prefetch"],"picked":"hubris:DoWhile","floor":16.0},{"not_picked":["Go for the Eyes+1","Leap","ReplaySort"],"picked":"SKIP","floor":18.0},{"not_picked":["ReplayTheSpireMod:System Scan","Turbo","ReplaySort"],"picked":"SKIP","floor":21},{"not_picked":["Conserve Battery","BootSequence"],"picked":"Auto Shields","floor":24}],"player_experience":753497,"relics_obtained":[{"floor":6.0,"key":"Replay:Wax Seal"},{"floor":8.0,"key":"Shovel"},{"floor":11.0,"key":"hubris:CrystalStatue"}],"event_choices":[{"damage_healed":0.0,"max_hp_gain":0.0,"max_hp_loss":0.0,"gold_gain":0.0,"event_name":"Match and Keep!","player_choice":"2 cards matched","floor":2.0,"gold_loss":0.0,"damage_taken":0.0,"cards_obtained":["Zap","Specialist"]},{"cards_removed":["Defend_B"],"damage_healed":0.0,"max_hp_gain":0.0,"max_hp_loss":0.0,"gold_gain":0.0,"event_name":"betterNote:BetterNote","player_choice":"Give","floor":20.0,"gold_loss":0.0,"damage_taken":0.0,"cards_obtained":["Strike_G"]}],"is_beta":false,"boss_relics":[{"not_picked":["aspiration:SilentSkillbook","Nuclear Battery"],"picked":"Empty Cage"}],"items_purged_floors":[10,19],"is_endless":false,"potions_floor_spawned":[1,4,8,16,18,21],"killed_by":"Gremlin Leader","ascension_level":0}}