{"host":"prbesmsd58qkujmx","time":1611035448,"event":{"mods":["2.2 Compatiblity","AchievementEnabler","BaseMod","Colored Map","DeckTracker","Highlight Path","Keyboard Shortcuts","Minty Spire (QoL Compilation)","Permanent Neow","Quick Restart","Random Character Button","StSLib","SuperFastMode","everything is the same but u backflip on backflip"],"gold_per_floor":[114,126,126,157,186,227,239,251,317,329,373,385,428,456,468,582,594,621,633,660,690,713,725,767,779,791,820,832,876,888,900,912,1019,1031,1061,1087,1115,1147,1169,1181,1193,1205,1217,1248,1279,485,515,525,525,525],"floor_reached":51,"language":"KOR","playtime":2319,"items_purged":["Strike_R"],"score":801,"play_id":"95750cdd-cc55-4c95-ab90-18fe21af06fd","local_time":"20210119145048","is_ascension_mode":true,"campfire_choices":[{"data":"True Grit","floor":8,"key":"SMITH"},{"floor":10,"key":"REST"},{"data":"Flame Barrier","floor":12,"key":"SMITH"},{"data":"Body Slam","floor":15,"key":"SMITH"},{"data":"Armaments","floor":23,"key":"SMITH"},{"data":"Heavy Blade","floor":28,"key":"SMITH"},{"data":"Feel No Pain","floor":30,"key":"SMITH"},{"floor":32,"key":"REST"},{"data":"Jack Of All Trades","floor":40,"key":"SMITH"},{"data":"Double Tap","floor":42,"key":"SMITH"},{"data":"Thinking Ahead","floor":49,"key":"SMITH"}],"circlet_count":0,"master_deck":["Strike_R","Strike_R","Strike_R","Defend_R","Defend_R","Defend_R","Defend_R+1","Bash","Offering+1","Feel No Pain+1","True Grit+1","Flame Barrier+1","Battle Trance","Body Slam+1","Demon Form","Armaments+1","Shrug It Off","Heavy Blade+1","Uppercut+1","Pummel+1","Disarm","Necronomicurse","Power Through","Jack Of All Trades+1","Double Tap+1","Power Through","Evolve","Burning Pact+1","Body Slam+1","Fire Breathing+1","Thinking Ahead+1","Warcry+1","Heavy Blade+1"],"relics":["Burning Blood","MawBank","Meat on the Bone","Sundial","Regal Pillow","Shuriken","War Paint","Cursed Key","Mercury Hourglass","Necronomicon","Happy Flower","Mark of Pain","Omamori","Oddly Smooth Stone","Sling","Strawberry"],"acts_visited":["Exordium","TheCity","TheBeyond"],"potions_floor_usage":[5,13,13,21,24,27,36,38,45,47,50,50,50],"damage_taken":[{"damage":6,"enemies":"Small Slimes","floor":1,"turns":2},{"damage":7,"enemies":"Cultist","floor":2,"turns":3},{"damage":7,"enemies":"2 Louse","floor":4,"turns":4},{"damage":15,"enemies":"Blue Slaver","floor":5,"turns":5},{"damage":53,"enemies":"Lagavulin","floor":6,"turns":10},{"damage":26,"enemies":"3 Sentries","floor":11,"turns":13},{"damage":22,"enemies":"Gremlin Nob","floor":13,"turns":3},{"damage":7,"enemies":"Gremlin Gang","floor":14,"turns":7},{"damage":23,"enemies":"The Guardian","floor":16,"turns":10},{"damage":5,"enemies":"Shell Parasite","floor":18,"turns":5},{"damage":6,"enemies":"Chosen","floor":20,"turns":4},{"damage":15,"enemies":"Shelled Parasite and Fungi","floor":21,"turns":4},{"damage":21,"enemies":"3 Cultists","floor":22,"turns":5},{"damage":48,"enemies":"Gremlin Leader","floor":24,"turns":6},{"damage":19,"enemies":"Centurion and Healer","floor":27,"turns":6},{"damage":12,"enemies":"Book of Stabbing","floor":29,"turns":5},{"damage":16,"enemies":"Champ","floor":33,"turns":7},{"damage":20,"enemies":"3 Shapes","floor":35,"turns":3},{"damage":27,"enemies":"3 Darklings","floor":36,"turns":5},{"damage":6,"enemies":"Transient","floor":37,"turns":5},{"damage":7,"enemies":"Spire Growth","floor":38,"turns":4},{"damage":20,"enemies":"Jaw Worm Horde","floor":39,"turns":6},{"damage":0,"enemies":"Sphere and 2 Shapes","floor":44,"turns":4},{"damage":0,"enemies":"Transient","floor":45,"turns":5},{"damage":33,"enemies":"Nemesis","floor":47,"turns":5},{"damage":4,"enemies":"Writhing Mass","floor":48,"turns":3},{"damage":61,"enemies":"Awakened One","floor":50,"turns":6}],"seed_played":"-4153478898593495844","potions_obtained":[{"floor":1,"key":"Swift Potion"},{"floor":4,"key":"PowerPotion"},{"floor":6,"key":"BlessingOfTheForge"},{"floor":11,"key":"SteroidPotion"},{"floor":16,"key":"SteroidPotion"},{"floor":22,"key":"BloodPotion"},{"floor":24,"key":"BloodPotion"},{"floor":33,"key":"EssenceOfSteel"},{"floor":36,"key":"Energy Potion"},{"floor":45,"key":"BloodPotion"},{"floor":47,"key":"Strength Potion"}],"is_trial":false,"path_per_floor":["M","M","?","M","M","E","T","R","T","R","E","R","E","M","R","B",null,"M","?","M","M","M","R","E","?","T","M","R","E","R","?","R","B",null,"M","M","M","M","M","R","?","R","T","M","M","$","E","M","R","B",null],"character_chosen":"IRONCLAD","items_purchased":["Omamori","Oddly Smooth Stone","Sling","Dexterity Potion","Thinking Ahead","SpeedPotion"],"campfire_rested":2,"item_purchase_floors":[46,46,46,46,46,46],"current_hp_per_floor":[80,79,79,78,69,22,22,22,22,61,53,53,49,48,48,43,80,80,80,80,71,56,56,42,26,26,41,41,47,47,29,68,58,80,66,57,57,56,54,54,54,54,54,60,66,66,60,62,62,19],"gold":525,"neow_bonus":"ONE_RANDOM_RARE_CARD","is_daily":false,"chose_seed":false,"campfire_upgraded":9,"win_rate":0.0,"timestamp":1611035448,"path_taken":["M","M","?","M","?","E","?","R","T","R","E","R","E","M","R","BOSS","M","?","M","M","M","R","E","?","T","M","R","E","R","?","R","BOSS","M","M","M","?","?","R","?","R","T","M","M","$","E","M","R","BOSS"],"items_purchased_type":["Relic","Relic","Relic","Potion","Card","Potion"],"build_version":"2020-12-22","purchased_purges":1,"victory":true,"max_hp_per_floor":[80,80,80,80,80,80,80,80,80,80,80,80,80,80,80,80,80,80,80,80,80,80,80,80,80,80,80,80,80,80,80,80,80,80,80,80,80,80,80,80,80,80,80,80,80,80,87,87,87,87],"card_choices":[{"not_picked":["Uppercut","Warcry"],"picked":"Feel No Pain","floor":1},{"not_picked":["Iron Wave","Sentinel","Anger"],"picked":"SKIP","floor":2},{"not_picked":["Cleave","Thunderclap"],"picked":"True Grit","floor":4},{"not_picked":["Anger","Dual Wield"],"picked":"Flame Barrier","floor":5},{"not_picked":["Searing Blow","Clash"],"picked":"Battle Trance","floor":6},{"not_picked":["Clash","Pommel Strike","Heavy Blade"],"picked":"SKIP","floor":11},{"not_picked":["Entrench","Clash","Thunderclap"],"picked":"SKIP","floor":13},{"not_picked":["Entrench","Twin Strike"],"picked":"Body Slam","floor":14},{"not_picked":["Exhume","Berserk"],"picked":"Demon Form","floor":16},{"not_picked":["Warcry+1","Flex"],"picked":"Armaments","floor":18},{"not_picked":["Feel No Pain+1","Anger"],"picked":"Heavy Blade","floor":20},{"not_picked":["Dark Embrace+1","Body Slam"],"picked":"Uppercut+1","floor":21},{"not_picked":["Iron Wave","Inflame+1"],"picked":"Pummel+1","floor":22},{"not_picked":["Combust","Twin Strike"],"picked":"Disarm","floor":24},{"not_picked":["Juggernaut","Body Slam"],"picked":"Power Through","floor":27},{"not_picked":["Combust","Armaments","Spot Weakness"],"picked":"SKIP","floor":29},{"not_picked":["Fiend Fire","Demon Form"],"picked":"Double Tap","floor":33},{"not_picked":["Wild Strike","Flex+1","Rampage"],"picked":"SKIP","floor":35},{"not_picked":["Spot Weakness+1","Havoc"],"picked":"Power Through","floor":36},{"not_picked":["Uppercut+1","Iron Wave+1"],"picked":"Evolve","floor":37},{"not_picked":["True Grit+1","Thunderclap"],"picked":"Burning Pact+1","floor":38},{"not_picked":["Iron Wave","Clash+1"],"picked":"Body Slam+1","floor":39},{"not_picked":["Fiend Fire","Flex+1"],"picked":"Fire Breathing+1","floor":44},{"not_picked":["Anger","Clothesline","Havoc+1"],"picked":"SKIP","floor":45},{"not_picked":["Inflame","Intimidate+1"],"picked":"Warcry+1","floor":47},{"not_picked":["Cleave+1","Seeing Red+1"],"picked":"Heavy Blade+1","floor":48}],"player_experience":115085,"relics_obtained":[{"floor":6,"key":"Meat on the Bone"},{"floor":7,"key":"Sundial"},{"floor":9,"key":"Regal Pillow"},{"floor":11,"key":"Shuriken"},{"floor":13,"key":"War Paint"},{"floor":24,"key":"Mercury Hourglass"},{"floor":25,"key":"Necronomicon"},{"floor":29,"key":"Happy Flower"},{"floor":47,"key":"Strawberry"}],"event_choices":[{"damage_healed":0,"gold_gain":0,"player_choice":"Gave Potion","damage_taken":0,"relics_obtained":["MawBank"],"max_hp_gain":0,"max_hp_loss":0,"event_name":"WeMeetAgain","floor":3,"gold_loss":0},{"damage_healed":0,"gold_gain":0,"player_choice":"Read","damage_taken":0,"max_hp_gain":0,"max_hp_loss":0,"event_name":"The Library","floor":19,"gold_loss":0,"cards_obtained":["Shrug It Off"]},{"damage_healed":0,"gold_gain":0,"player_choice":"Obtained Book","damage_taken":16,"max_hp_gain":0,"max_hp_loss":0,"event_name":"Cursed Tome","floor":25,"gold_loss":0},{"damage_healed":0,"gold_gain":0,"player_choice":"CARD POTION ","damage_taken":18,"max_hp_gain":0,"max_hp_loss":0,"event_name":"Knowing Skull","floor":31,"potions_obtained":["SteroidPotion"],"gold_loss":0,"cards_obtained":["Jack Of All Trades"]},{"cards_removed":["Strike_R"],"damage_healed":0,"gold_gain":0,"player_choice":"Removed Attack","damage_taken":0,"max_hp_gain":0,"max_hp_loss":0,"event_name":"Falling","floor":41,"gold_loss":0}],"is_beta":false,"boss_relics":[{"not_picked":["Fusion Hammer","Tiny House"],"picked":"Cursed Key"},{"not_picked":["SlaversCollar","Runic Cube"],"picked":"Mark of Pain"}],"items_purged_floors":[46],"is_endless":false,"potions_floor_spawned":[1,4,6,11,16,22,24,33,36,45,47],"ascension_level":1}}