{"host":"h4lp0eeso8a0ssq0","time":1611019887,"event":{"mods":["2.2 Compatiblity","AchievementEnabler","BaseMod","CapriCore","Colored Map","Minty Spire (QoL Compilation)","Replay The Spire","StSLib","SuperFastMode"],"gold_per_floor":[119,119,119,129,129,160,160,11,11,25,140,157,157,170,170,267,267,267,267,31,31,31,31,31,31,31,31,31,31,31,31,31,31,31,31,31,31,31,31,31,31,31,31,31,31,31,31,31,31,31,31,31,31,31,31],"floor_reached":56,"language":"KOR","playtime":2126,"items_purged":["Strike_B"],"score":1295,"play_id":"feb79857-f0cc-458f-b99e-737058636b9f","local_time":"20210119103127","is_ascension_mode":false,"campfire_choices":[{"data":"Zap","floor":7.0,"key":"SMITH"},{"data":"Redo","floor":13.0,"key":"SMITH"},{"floor":25.0,"key":"REST"},{"data":"Time Bomb","floor":27.0,"key":"SMITH"},{"data":"Redo","floor":32.0,"key":"SMITH"},{"data":"Conserve Battery","floor":40.0,"key":"SMITH"},{"data":"Self Repair","floor":42.0,"key":"SMITH"},{"floor":44.0,"key":"RECALL"},{"data":"Creative AI","floor":49.0,"key":"SMITH"},{"data":"Crystallizer","floor":52.0,"key":"SMITH"}],"circlet_count":0,"master_deck":["Strike_B+1","Defend_B","Defend_B","Defend_B+1","Defend_B","Zap+1","Dualcast","Panic Button","Coolheaded+1","Compile Driver","Crystallizer+1","Coolheaded+1","Chill","Crystallizer","Redo+1","Streamline","ReplayRNGCard","Heatsinks+1","Time Bomb+1","Coolheaded+1","Hologram","Gash+1","Self Repair+1","Redo+1","Multi-Cast","Conserve Battery+1","Tempest+1","Double Energy+1","Hologram+1","Doubt","Spreading Infection","Creative AI+1","ReplayTheSpireMod:Calculation Training+1","BasicCrystalCard+1"],"relics":["Cracked Core","NeowsBlessing","Sundial","Quantum Egg","Mummified Hand","Ectoplasm","Chemical X","Lantern","MealTicket","Akabeko","Cursed Key","Prayer Wheel","Ring of Shattering","Ring of Peace","War Paint","Pen Nib","Eternal Feather"],"acts_visited":["Exordium","TheCity","TheBeyond","TheEnding"],"potions_floor_usage":[55],"damage_taken":[{"damage":0.0,"enemies":"2 Louse","floor":1.0,"turns":1.0},{"damage":0.0,"enemies":"Jaw Worm","floor":4.0,"turns":1.0},{"damage":0.0,"enemies":"3 Sentries","floor":6.0,"turns":1.0},{"damage":0.0,"enemies":"Small Slimes","floor":10.0,"turns":2.0},{"damage":0.0,"enemies":"3 Louse","floor":12.0,"turns":5.0},{"damage":11.0,"enemies":"Large Slime","floor":14.0,"turns":6.0},{"damage":22.0,"enemies":"The Guardian","floor":16.0,"turns":13.0},{"damage":10.0,"enemies":"Chosen","floor":18.0,"turns":3.0},{"damage":0.0,"enemies":"Shell Parasite","floor":19.0,"turns":6.0},{"damage":9.0,"enemies":"Book of Stabbing","floor":23.0,"turns":4.0},{"damage":9.0,"enemies":"Cultist and Chosen","floor":24.0,"turns":5.0},{"damage":14.0,"enemies":"Snake Plant","floor":28.0,"turns":4.0},{"damage":5.0,"enemies":"Sentry and Sphere","floor":29.0,"turns":3.0},{"damage":32.0,"enemies":"Slavers","floor":30.0,"turns":5.0},{"damage":15.0,"enemies":"Pondfish","floor":33.0,"turns":13.0},{"damage":4.0,"enemies":"3 Darklings","floor":35.0,"turns":5.0},{"damage":0.0,"enemies":"Orb Walker","floor":36.0,"turns":3.0},{"damage":27.0,"enemies":"Nemesis","floor":41.0,"turns":7.0},{"damage":0.0,"enemies":"4 Shapes","floor":45.0,"turns":2.0},{"damage":13.0,"enemies":"Writhing Mass","floor":46.0,"turns":5.0},{"damage":0.0,"enemies":"Jaw Worm Horde","floor":47.0,"turns":4.0},{"damage":0.0,"enemies":"Reptomancer","floor":48.0,"turns":5.0},{"damage":16.0,"enemies":"Time Eater","floor":50.0,"turns":5.0},{"damage":10,"enemies":"Shield and Spear","floor":54,"turns":5},{"damage":48,"enemies":"The Heart","floor":55,"turns":9}],"seed_played":"-3812586396778192546","potions_obtained":[{"floor":4.0,"key":"ColorlessPotion"},{"floor":16.0,"key":"FearPotion"},{"floor":19.0,"key":"DuplicationPotion"},{"floor":33.0,"key":"Languid Potion"},{"floor":35.0,"key":"SpeedPotion"},{"floor":46.0,"key":"Fruit Juice"}],"is_trial":false,"path_per_floor":["M","?","?","M","?","E","R","$","T","M","?","M","R","M","R_BF","B",null,"M","M","$","?","$","E","M","R","T","R","M","M","E","?","R","B",null,"M","M","?","?","$","R","E","R","T","R","M","M","M","E","R","B",null,"R","$","E","B",null],"character_chosen":"DEFECT","items_purchased":["Crystallizer","Coolheaded+1","Chemical X","Hologram"],"campfire_rested":1,"item_purchase_floors":[8,20,20,20],"current_hp_per_floor":[75,57,42,42,42,42,42,42,42,42,42,42,42,31,53,31,75,65,65,65,65,65,56,47,69,69,69,62,64,39,39,39,31,75,75,75,75,75,75,75,55,55,55,55,55,57,67,67,67,51,80,80,80,80,42],"gold":31,"neow_bonus":"THREE_ENEMY_KILL","is_daily":false,"chose_seed":false,"campfire_upgraded":8,"win_rate":0.0,"timestamp":1611019887,"path_taken":["M","?","?","M","?","E","R","$","T","?","?","M","R","M","R_BF","BOSS","M","M","$","?","$","E","M","R","T","R","M","M","E","?","R","BOSS","M","M","?","?","?","R","E","R","T","R","M","M","M","E","R","BOSS","R","$","E","BOSS"],"items_purchased_type":["Card","Card","Relic","Card"],"build_version":"2020-12-22","purchased_purges":1,"victory":true,"max_hp_per_floor":[75,75,75,75,75,75,75,75,75,75,75,75,75,75,75,75,75,75,75,75,75,75,75,75,75,75,75,75,75,75,75,75,75,75,75,75,75,75,75,75,75,75,75,75,75,80,80,80,80,80,80,80,80,80,80],"card_choices":[{"not_picked":["Stack","Turbo"],"picked":"Panic Button","floor":1.0},{"not_picked":["Streamline","Ball Lightning"],"picked":"Coolheaded","floor":4.0},{"not_picked":["Conserve Battery","Beam Cell"],"picked":"Compile Driver","floor":6.0},{"not_picked":["Panic Button","Fusion"],"picked":"Coolheaded","floor":10.0},{"not_picked":["Cold Snap","Redo"],"picked":"Chill","floor":11.0},{"not_picked":["Lockon","Doom and Gloom"],"picked":"Crystallizer","floor":11.0},{"not_picked":["Turbo","Stack"],"picked":"Redo","floor":11.0},{"not_picked":["Leap","Undo","Consume"],"picked":"SKIP","floor":12.0},{"not_picked":["Cold Snap","Sweeping Beam"],"picked":"Streamline","floor":14.0},{"not_picked":["Rainbow","Thunder Strike"],"picked":"ReplayRNGCard","floor":16.0},{"not_picked":["Compile Driver","Sweeping Beam+1"],"picked":"Heatsinks+1","floor":18.0},{"not_picked":["Skim","Panic Button+1"],"picked":"Time Bomb","floor":19.0},{"not_picked":["Beam Cell","Stack"],"picked":"Gash+1","floor":23.0},{"not_picked":["Stack","Steam Power"],"picked":"Self Repair","floor":24.0},{"not_picked":["White Noise","Beam Cell+1"],"picked":"Redo","floor":28.0},{"not_picked":["ReplayTheSpireMod:Repulse","Conserve Battery+1"],"picked":"Multi-Cast","floor":29.0},{"not_picked":["Rip and Tear","Rebound+1"],"picked":"Conserve Battery","floor":30.0},{"not_picked":["Meteor Strike","Reboot"],"picked":"ReplayTheSpireMod:Fabricate Wheel","floor":33.0},{"not_picked":["Steam","BasicCrystalCard+1"],"picked":"Tempest+1","floor":35.0},{"not_picked":["Rebound+1","Beam Cell"],"picked":"Double Energy+1","floor":35.0},{"not_picked":["Stack","Steam"],"picked":"Hologram","floor":36.0},{"not_picked":["Coolheaded","Steam","Beam Cell"],"picked":"SKIP","floor":36.0},{"not_picked":["Conserve Battery+1","Beam Cell+1","Rebound"],"picked":"SKIP","floor":41.0},{"not_picked":["ReplaySort","Leap+1"],"picked":"Creative AI","floor":45.0},{"not_picked":["Beam Cell","Reprogram","Genetic Algorithm"],"picked":"SKIP","floor":45.0},{"not_picked":["Hologram+1","Turbo+1"],"picked":"ReplayTheSpireMod:Calculation Training+1","floor":46.0},{"not_picked":["Leap+1","Undo","Sweeping Beam"],"picked":"SKIP","floor":46.0},{"not_picked":["Beam Cell","Turbo","Sweeping Beam+1"],"picked":"SKIP","floor":47.0},{"not_picked":["Self Repair","Conserve Battery","Ball Lightning"],"picked":"SKIP","floor":47.0},{"not_picked":["ReplayTheSpireMod:GoodbyeWorld","Turbo","All For One"],"picked":"SKIP","floor":48.0},{"not_picked":["Ball Lightning","ReplaySolidLightProjector+1"],"picked":"BasicCrystalCard+1","floor":54}],"player_experience":172734,"relics_obtained":[{"floor":6.0,"key":"Quantum Egg"},{"floor":9.0,"key":"Mummified Hand"},{"floor":23.0,"key":"Lantern"},{"floor":26.0,"key":"MealTicket"},{"floor":30.0,"key":"Akabeko"},{"floor":38.0,"key":"Ring of Shattering"},{"floor":38.0,"key":"Ring of Peace"},{"floor":41.0,"key":"War Paint"},{"floor":48.0,"key":"Pen Nib"},{"floor":54,"key":"Eternal Feather"}],"event_choices":[{"damage_healed":0.0,"max_hp_gain":0.0,"max_hp_loss":0.0,"gold_gain":0.0,"event_name":"Scrap Ooze","player_choice":"Success","floor":2.0,"gold_loss":0.0,"damage_taken":18.0,"relics_obtained":["Sundial"]},{"damage_healed":0.0,"max_hp_gain":0.0,"max_hp_loss":0.0,"gold_gain":0.0,"event_name":"Shining Light","player_choice":"Entered Light","floor":3.0,"gold_loss":0.0,"damage_taken":15.0,"cards_upgraded":["Strike_B","Defend_B"]},{"damage_healed":0.0,"max_hp_gain":0.0,"max_hp_loss":0.0,"gold_gain":0.0,"event_name":"Liars Game","player_choice":"Ignored","floor":5.0,"gold_loss":0.0,"damage_taken":0.0},{"cards_removed":["Strike_B"],"damage_healed":0.0,"max_hp_gain":0.0,"max_hp_loss":0.0,"gold_gain":0.0,"event_name":"Back to Basics","player_choice":"Elegance","floor":21.0,"gold_loss":0.0,"damage_taken":0.0},{"cards_removed":["Strike_B"],"damage_healed":0.0,"max_hp_gain":0.0,"max_hp_loss":0.0,"gold_gain":0.0,"event_name":"Falling","player_choice":"Removed Attack","floor":37.0,"gold_loss":0.0,"damage_taken":0.0}],"is_beta":false,"boss_relics":[{"not_picked":["Black Star","Runic Pyramid"],"picked":"Ectoplasm"},{"not_picked":["Philosopher\u0027s Stone","ChewingGum"],"picked":"Cursed Key"}],"items_purged_floors":[8],"is_endless":false,"potions_floor_spawned":[4,16,19,28,29,33,35,45,46],"ascension_level":0}}