{"host":"7fyy23rucerupe6i","time":1611050160,"event":{"mods":["AchievementEnabler","Act Like it!","BaseMod","BetterRewards","Colored Map","Colored Powertips","Conspire","Custom Start","Downfall","Marisa£®ÏF”Í°°ƒß¿Ì…≥£©","Minty Spire (QoL Compilation)","Quick Restart","Shop Mod","Spicy Shops","StSLib","SuperFastMode","The Factory","The Jungle","UnlockEverythingMod"],"gold_per_floor":[99,99,99,249,575,575,600,600,630,641,641,669,669,683,700,800,800,800,811,811,46,46,46,46,46,78,78,63,94,94,129,146,248,248,248,264,283,52,52,202,202,214,214,242,242,262,262,38,54,54],"floor_reached":51,"language":"ZHS","playtime":5962,"items_purged":["Defend_MRS","Strike_MRS"],"score":1129,"play_id":"084055be-70d0-48f5-a042-9584255d7813","local_time":"20210119175600","is_ascension_mode":true,"campfire_choices":[{"data":"UpSweep","floor":1.0,"key":"SMITH"},{"data":"MilkyWay","floor":8.0,"key":"SMITH"},{"data":"BlazeAway","floor":11.0,"key":"SMITH"},{"data":"TreasureHunter","floor":13.0,"key":"SMITH"},{"data":"downfall:Icky","floor":18.0,"key":"PURGE"},{"data":"Strike_MRS","floor":27,"key":"PURGE"},{"data":"Defend_MRS","floor":30,"key":"PURGE"},{"data":"Strike_MRS","floor":35,"key":"PURGE"},{"floor":43,"key":"RECALL"},{"data":"Strike_MRS","floor":45,"key":"PURGE"},{"data":"MagicChant","floor":47,"key":"SMITH"}],"circlet_count":0,"master_deck":["Defend_MRS","Defend_MRS","MasterSpark+1","UpSweep+1","MagicChant+1","AlicesGift","MilkyWay+1","BlazeAway+1","TreasureHunter+1","UltimateShortwave","Acceleration","Acceleration","Parasite","Parasite","UnstableBomb","OrrerysSun+1","StarBarrage+1","expansioncontent:Chronoboost+1","expansioncontent:Chronoboost+1","CollectingQuirk"],"relics":["MiniHakkero","downfall:HeartsMalice","Old Coin","Kunai","Bag of Preparation","Peace Pipe","sneckomod:SneckoTalon","downfall:RedIOU","conspire:Boomerang","champ:DeflectingBracers","Frozen Eye","ShroomBag","Frozen Egg 2","Singing Bowl","conspire:TopHat","TungstenRod","Toy Ornithopter","Centennial Puzzle","HandmadeGrimoire","ExperimentalFamiliar","Guardian:PocketSentry","Vajra","Sling","Bronze Scales","Pen Nib"],"acts_visited":["Exordium","TheCity","TheBeyond"],"potions_floor_usage":[26,31,33,44,50],"damage_taken":[{"damage":0.0,"enemies":"2 Louse","floor":3.0,"turns":1.0},{"damage":0.0,"enemies":"conspire:MimicChest","floor":5.0,"turns":1.0},{"damage":0.0,"enemies":"Cultist","floor":6.0,"turns":1.0},{"damage":28.0,"enemies":"3 Sentries","floor":9.0,"turns":6.0},{"damage":0.0,"enemies":"Small Slimes","floor":10.0,"turns":3.0},{"damage":16.0,"enemies":"Gremlin Nob","floor":12.0,"turns":3.0},{"damage":0.0,"enemies":"Large Slime","floor":14.0,"turns":3.0},{"damage":0.0,"enemies":"2 Fungi Beasts","floor":15.0,"turns":2.0},{"damage":22.0,"enemies":"IC_STATUS_ARCHETYPE","floor":16.0,"turns":6.0},{"damage":21.0,"enemies":"3 Byrds","floor":19.0,"turns":6.0},{"damage":0.0,"enemies":"downfall:FleeingMerchant","floor":21.0,"turns":4.0},{"damage":32,"enemies":"Slavers","floor":26,"turns":5},{"damage":5,"enemies":"downfall:FleeingMerchant","floor":28,"turns":4},{"damage":22,"enemies":"Book of Stabbing","floor":29,"turns":4},{"damage":6,"enemies":"Gremlin Leader","floor":31,"turns":6},{"damage":5,"enemies":"Chosen","floor":32,"turns":4},{"damage":9,"enemies":"WA_ARCHETYPE_CALM","floor":33,"turns":5},{"damage":1,"enemies":"Orb Walker","floor":36,"turns":2},{"damage":0,"enemies":"3 Darklings","floor":37,"turns":2},{"damage":0,"enemies":"downfall:FleeingMerchant","floor":38,"turns":1},{"damage":8,"enemies":"4 Shapes","floor":42,"turns":4},{"damage":38,"enemies":"Nemesis","floor":44,"turns":3},{"damage":1,"enemies":"Sphere and 2 Shapes","floor":46,"turns":3},{"damage":0,"enemies":"3 Darklings","floor":49,"turns":1},{"damage":0,"enemies":"DF_ARCHETYPE_ORBS","floor":50,"turns":2}],"seed_played":"-7530237882493573972","potions_obtained":[{"floor":5.0,"key":"SteroidPotion"},{"floor":10.0,"key":"Strength Potion"},{"floor":14.0,"key":"Guardian:BlockOnCardUsePotion"},{"floor":15.0,"key":"Dexterity Potion"},{"floor":29,"key":"SkillPotion"},{"floor":31,"key":"FearPotion"},{"floor":32,"key":"LiquidMemories"},{"floor":33,"key":"Explosive Potion"},{"floor":44,"key":"Fruit Juice"},{"floor":46,"key":"Swift Potion"}],"is_trial":false,"path_per_floor":["R","?","M","?","?","M","T","R","E","M","R","E","R","M","M","B",null,"R","M","?","$","?","?","T","T","E","R","$","E","R","E","M","B",null,"R","M","M","$","?","?","T","M","R","E","R","M","R","$","M","B",null],"character_chosen":"MARISA","items_purchased":["conspire:Boomerang","champ:DeflectingBracers","Frozen Eye","Guardian:PocketSentry","Vajra","Sling","CollectingQuirk","Pen Nib"],"campfire_rested":0,"item_purchase_floors":[21,21,21,38,38,38,48,48],"current_hp_per_floor":[68,68,68,68,68,68,68,68,40,40,40,24,24,24,24,2,57,57,36,36,51,51,51,51,51,25,25,41,25,25,28,27,29,70,70,75,81,87,83,83,83,81,81,59,59,64,64,64,66,75],"gold":54,"neow_bonus":"THREE_ENEMY_KILL","is_daily":false,"chose_seed":false,"campfire_upgraded":5,"win_rate":0.0,"timestamp":1611050160,"path_taken":["R","?","?","?","?","M","T","R","E","M","R","E","R","M","M","BOSS","R","M","?","$","?","?","T","?","E","R","$","E","R","E","M","BOSS","R","M","M","$","?","?","T","M","R","E","R","M","R","$","M","BOSS"],"items_purchased_type":["Relic","Relic","Relic","Relic","Relic","Relic","Card","Relic"],"build_version":"2020-12-22","purchased_purges":2,"victory":true,"max_hp_per_floor":[75,75,75,75,75,75,75,75,75,75,75,75,75,75,75,75,75,75,75,75,75,75,75,75,75,77,77,79,81,81,81,81,83,83,83,85,87,87,87,87,87,89,89,96,96,98,98,98,100,100],"card_choices":[{"not_picked":["GravityBeat","ShootingEcho"],"picked":"MagicChant","floor":3.0},{"not_picked":["DC","Acceleration"],"picked":"AlicesGift","floor":5.0},{"not_picked":["SuperPerseids","EnergyRecoil"],"picked":"MilkyWay","floor":6.0},{"not_picked":["PowerUp","WitchOfGreed"],"picked":"BlazeAway","floor":9.0},{"not_picked":["LuminesStrike","6A"],"picked":"TreasureHunter","floor":10.0},{"not_picked":["IllusionStar","MachineGunSpark"],"picked":"UltimateShortwave","floor":12.0},{"not_picked":["OrrerysSun","GravityBeat"],"picked":"Acceleration","floor":14.0},{"not_picked":["GravityBeat","ManaConvection"],"picked":"Acceleration","floor":15.0},{"not_picked":["Orbital","OneTimeOff","Occultation"],"picked":"SKIP","floor":19.0},{"not_picked":["NonDirectionalLaser","DarkSpark","PulseMagic"],"picked":"SKIP","floor":21.0},{"not_picked":["OpenUniverse+1","GrandCross","WitchOfGreed+1"],"picked":"Singing Bowl","floor":26},{"not_picked":["PowerUp","6A","DoubleSpark"],"picked":"Singing Bowl","floor":28},{"not_picked":["PowerUp+1","ShootingEcho+1","DoubleSpark"],"picked":"Singing Bowl","floor":29},{"not_picked":["GravityBeat","JA"],"picked":"UnstableBomb","floor":31},{"not_picked":["DarkMatter","6A"],"picked":"OrrerysSun+1","floor":32},{"not_picked":["MaximisePower","UltimateShortwave","BinaryStars"],"picked":"Singing Bowl","floor":33},{"not_picked":["IllusionStar","DC","AsteroidBelt+1"],"picked":"Singing Bowl","floor":36},{"not_picked":["AsteroidBelt+1","Acceleration+1","LuminesStrike+1"],"picked":"Singing Bowl","floor":37},{"not_picked":["DC+1","WitchLeyline+1"],"picked":"StarBarrage+1","floor":38},{"not_picked":["expansioncontent:Hexaburn+1","expansioncontent:AwakenDeath+1"],"picked":"expansioncontent:Chronoboost+1","floor":39},{"not_picked":["expansioncontent:PrepareCrush","expansioncontent:AwakenDeath+1"],"picked":"expansioncontent:Chronoboost+1","floor":39},{"not_picked":["NonDirectionalLaser+1","6A+1","Acceleration+1"],"picked":"Singing Bowl","floor":42},{"not_picked":["MysteriousBeam+1","RefractionSpark","MagicAbsorber"],"picked":"Singing Bowl","floor":44},{"not_picked":["GalacticHalo+1","BlazeAway","NonDirectionalLaser+1"],"picked":"Singing Bowl","floor":46},{"not_picked":["DoubleSpark","GalacticHalo","GrandCross"],"picked":"Singing Bowl","floor":49}],"player_experience":356048,"relics_obtained":[{"floor":5.0,"key":"Old Coin"},{"floor":7.0,"key":"MealTicket"},{"floor":9.0,"key":"Kunai"},{"floor":12.0,"key":"Bag of Preparation"},{"floor":12.0,"key":"sneckomod:BlankCard"},{"floor":16.0,"key":"Peace Pipe"},{"floor":24.0,"key":"Frozen Egg 2"},{"floor":25.0,"key":"Singing Bowl"},{"floor":26,"key":"conspire:TopHat"},{"floor":26,"key":"TungstenRod"},{"floor":29,"key":"Toy Ornithopter"},{"floor":31,"key":"Centennial Puzzle"},{"floor":31,"key":"HandmadeGrimoire"},{"floor":44,"key":"Bronze Scales"}],"event_choices":[{"damage_healed":0.0,"max_hp_gain":0.0,"max_hp_loss":0.0,"gold_gain":0.0,"event_name":"conspire:Investor","player_choice":"Leave","floor":22.0,"gold_loss":0.0,"damage_taken":0.0}],"is_beta":false,"boss_relics":[{"not_picked":["conspire:SpecialSausage","Calling Bell"],"picked":"sneckomod:SneckoTalon"},{"not_picked":["RampagingMagicTools","SacredBark"],"picked":"ExperimentalFamiliar"}],"items_purged_floors":[21,38],"is_endless":false,"potions_floor_spawned":[5,10,14,15,29,31,32,33,44,46],"ascension_level":8}}