{"host":"0rxdudjy6rylha1k","time":1611022381,"event":{"mods":["Aspiration","BaseMod","Colored Map","Colored Powertips","Downfall","Highlight Path","Hubris","Minty Spire (QoL Compilation)","StSLib"],"gold_per_floor":[99,109,126,126,34,34,85,85,119,130,30,93,112,122,139,139,139],"floor_reached":16,"language":"ENG","playtime":7932,"items_purged":[],"score":102,"play_id":"a0dadcc5-5259-4be8-828a-38a4a42f6d82","local_time":"20210118191301","is_ascension_mode":false,"campfire_choices":[{"floor":1,"key":"RECALL"},{"data":"bronze:ItsAFeature","floor":6,"key":"SMITH"},{"data":"bronze:DelayedSlice","floor":8,"key":"SMITH"},{"data":"bronze:OilSpill","floor":11,"key":"SMITH"}],"circlet_count":0,"master_deck":["bronze:Strike","bronze:Strike","bronze:Strike","bronze:Strike","bronze:Defend","bronze:Defend","bronze:Defend","bronze:Defend","bronze:Replicate","bronze:Goto","bronze:DelayedSlice","bronze:OilSpill+1","bronze:DelayedSlice+1","bronze:ItsAFeature+1","bronze:WhirlingStrike","bronze:Constructor"],"relics":["bronze:BronzeCore","Boot","aspiration:FrozenJewel","downfall:HeartBlessingRed","Gremlin Horn"],"acts_visited":["Exordium"],"potions_floor_usage":[12,12,13],"damage_taken":[{"damage":0,"enemies":"Cultist","floor":2,"turns":5},{"damage":0,"enemies":"2 Louse","floor":3,"turns":2},{"damage":0,"enemies":"downfall:FleeingMerchant","floor":5,"turns":4},{"damage":14,"enemies":"Lagavulin","floor":9,"turns":7},{"damage":4,"enemies":"Jaw Worm","floor":10,"turns":2},{"damage":6,"enemies":"Gremlin Nob","floor":12,"turns":2},{"damage":5,"enemies":"Blue Slaver","floor":13,"turns":2},{"damage":1,"enemies":"Red Slaver","floor":14,"turns":3},{"damage":0,"enemies":"Large Slime","floor":15,"turns":3},{"damage":47,"enemies":"DF_ARCHETYPE_STREAMLINE","floor":16,"turns":9}],"seed_played":"6096555531372562483","potions_obtained":[{"floor":2,"key":"Explosive Potion"},{"floor":9,"key":"champ:CounterPotion"},{"floor":12,"key":"Fruit Juice"},{"floor":14,"key":"bronze:BurnAndBuffPotion"}],"is_trial":false,"path_per_floor":["R","M","M","?","$","R","T","R","E","M","R","?","M","M","M","B"],"character_chosen":"THE_AUTOMATON","items_purchased":["bronze:ItsAFeature"],"campfire_rested":0,"item_purchase_floors":[5],"current_hp_per_floor":[70,70,70,70,70,70,70,70,56,52,52,46,46,45,45,0,0],"gold":139,"neow_bonus":"THREE_CARDS","is_daily":false,"chose_seed":false,"campfire_upgraded":3,"win_rate":0.0,"timestamp":1611022381,"path_taken":["R","M","M","?","$","R","T","R","E","M","R","?","?","M","M","BOSS"],"items_purchased_type":["Card"],"build_version":"2020-12-22","purchased_purges":0,"victory":false,"max_hp_per_floor":[70,70,70,70,70,70,70,70,70,70,70,70,75,75,75,75,75],"card_choices":[{"not_picked":["bronze:Deprecate","bronze:Backtrace"],"picked":"bronze:DelayedSlice","floor":0},{"not_picked":["bronze:ChildClass","bronze:BuggyMess"],"picked":"bronze:OilSpill","floor":2},{"not_picked":["bronze:Invalidate","bronze:Safeguard"],"picked":"bronze:DelayedSlice","floor":3},{"not_picked":["bronze:Allocate","bronze:GetLatest","bronze:BugBarrage"],"picked":"SKIP","floor":5},{"not_picked":["bronze:ForLoop","bronze:CutThrough","bronze:Overheat"],"picked":"SKIP","floor":9},{"not_picked":["bronze:BronzeArmor","bronze:Branch","bronze:Invalidate"],"picked":"SKIP","floor":10},{"not_picked":["bronze:BitShift","bronze:OilSpill"],"picked":"bronze:WhirlingStrike","floor":12},{"not_picked":["bronze:CutThrough","bronze:ItsAFeature"],"picked":"bronze:Constructor","floor":13},{"not_picked":["bronze:Overload","bronze:NullPointer","bronze:WildBeam"],"picked":"SKIP","floor":14},{"not_picked":["bronze:ItsAFeature","bronze:BronzeArmor","bronze:WildBeam"],"picked":"SKIP","floor":15}],"player_experience":2594280,"relics_obtained":[{"floor":7,"key":"Boot"},{"floor":9,"key":"aspiration:FrozenJewel"},{"floor":12,"key":"Gremlin Horn"}],"event_choices":[],"is_beta":false,"boss_relics":[],"items_purged_floors":[],"is_endless":false,"potions_floor_spawned":[2,9,12,14],"killed_by":"DF_ARCHETYPE_STREAMLINE","ascension_level":0}}