{"host":"ypphcgdomtfqpc2w","time":1611060124,"event":{"mods":["BaseMod","DeckTracker","Minty Spire (QoL Compilation)","Relic Stats","StSLib"],"gold_per_floor":[112,122,122,133,133,133,133,174,247,247,247,247],"floor_reached":11,"language":"ENG","playtime":254,"items_purged":[],"score":142,"play_id":"f9f6f8a3-0f52-4d7e-8333-7fbb4ce83b1f","local_time":"20210119214204","is_ascension_mode":true,"campfire_choices":[{"data":"Perfected Strike","floor":6,"key":"SMITH"},{"floor":10,"key":"REST"}],"circlet_count":0,"master_deck":["AscendersBane","Strike_R","Strike_R","Strike_R","Strike_R","Defend_R","Defend_R","Defend_R","Perfected Strike+1","Perfected Strike+1","Spot Weakness","Pommel Strike"],"relics":["Empty Cage","Bag of Preparation","CeramicFish","White Beast Statue"],"acts_visited":["Exordium"],"potions_floor_usage":[8,8],"damage_taken":[{"damage":14,"enemies":"Small Slimes","floor":1,"turns":5},{"damage":1,"enemies":"2 Louse","floor":2,"turns":3},{"damage":1,"enemies":"Cultist","floor":4,"turns":3},{"damage":16,"enemies":"Lagavulin","floor":8,"turns":6},{"damage":55,"enemies":"Gremlin Nob","floor":11,"turns":4}],"seed_played":"-7386598584734876350","potions_obtained":[{"floor":2,"key":"ColorlessPotion"},{"floor":4,"key":"PowerPotion"}],"is_trial":false,"path_per_floor":["M","M","?","M","?","R","?","E","T","R","E"],"character_chosen":"IRONCLAD","items_purchased":[],"campfire_rested":1,"item_purchase_floors":[],"current_hp_per_floor":[54,53,48,47,40,40,40,24,24,46,0,0],"gold":247,"neow_bonus":"BOSS_RELIC","is_daily":false,"chose_seed":false,"campfire_upgraded":1,"win_rate":0.0,"timestamp":1611060124,"path_taken":["M","M","?","M","?","R","?","E","T","R","E"],"items_purchased_type":[],"build_version":"2020-12-22","purchased_purges":0,"victory":false,"max_hp_per_floor":[75,75,75,75,75,75,75,75,75,75,75,75],"relic_stats":{"counters":[5,21],"CeramicFish":9,"Bag of Preparation":[6],"obtain_stats":[{"CeramicFish":8,"Bag of Preparation":3,"Empty Cage":0,"Burning Blood":0,"White Beast Statue":9},{"CeramicFish":4,"Bag of Preparation":2,"Empty Cage":0,"Burning Blood":0,"White Beast Statue":4},{"CeramicFish":17,"Bag of Preparation":8,"Empty Cage":0,"Burning Blood":0,"White Beast Statue":17}]},"card_choices":[{"not_picked":["Headbutt","Evolve"],"picked":"Perfected Strike","floor":1},{"not_picked":["True Grit","Rupture"],"picked":"Perfected Strike","floor":2},{"not_picked":["Havoc","Iron Wave"],"picked":"Spot Weakness","floor":4},{"not_picked":["Iron Wave","Sever Soul"],"picked":"Pommel Strike","floor":8}],"player_experience":2059402,"relics_obtained":[{"floor":8,"key":"CeramicFish"},{"floor":9,"key":"White Beast Statue"}],"event_choices":[{"damage_healed":0,"gold_gain":0,"player_choice":"Success","damage_taken":5,"relics_obtained":["Bag of Preparation"],"max_hp_gain":0,"max_hp_loss":0,"event_name":"Scrap Ooze","floor":3,"gold_loss":0},{"cards_removed":["Bash"],"damage_healed":0,"gold_gain":0,"player_choice":"Card Removal","damage_taken":7,"max_hp_gain":0,"max_hp_loss":0,"event_name":"Golden Wing","floor":5,"gold_loss":0},{"damage_healed":0,"gold_gain":0,"player_choice":"Grow","damage_taken":0,"max_hp_gain":0,"max_hp_loss":0,"event_name":"Living Wall","floor":7,"gold_loss":0,"cards_upgraded":["Perfected Strike"]}],"is_beta":false,"boss_relics":[],"items_purged_floors":[],"is_endless":false,"potions_floor_spawned":[2,4],"killed_by":"Gremlin Nob","ascension_level":20}}