{"host":"9czo1ewqehy3yunx","time":1611067937,"event":{"mods":["Act Like it!","BaseMod","CapriCore","DeckTracker","GifTheSpireLib","Hermit","Keyboard Shortcuts","Minty Spire (QoL Compilation)","Permanent Neow","Quick Restart","StSLib","SuperFastMode"],"gold_per_floor":[114,114,114,131,149,149,172,190,190,190,215,215,236,260,260,267,267],"floor_reached":16,"language":"KOR","playtime":819,"items_purged":[],"score":96,"play_id":"0e33bebb-10bc-4706-8e9c-d2b0b7d31adb","local_time":"20210119235217","is_ascension_mode":false,"campfire_choices":[{"data":"hermit:Scavenge","floor":6,"key":"SMITH"},{"data":"hermit:Enervate","floor":10,"key":"SMITH"},{"data":"hermit:Combo","floor":15,"key":"SMITH"}],"circlet_count":0,"master_deck":["hermit:Strike_Hermit","hermit:Strike_Hermit","hermit:Strike_Hermit","hermit:Strike_Hermit","hermit:Defend_Hermit","hermit:Defend_Hermit","hermit:Defend_Hermit","hermit:Snapshot","hermit:Covet","hermit:Ricochet","hermit:Scavenge+1","hermit:Snipe","hermit:Enervate+1","hermit:Combo+1","hermit:TrackingShot","hermit:PistolWhip"],"relics":["hermit:Momento","Art of War","Meat on the Bone"],"acts_visited":["Exordium"],"potions_floor_usage":[],"damage_taken":[{"damage":5,"enemies":"Cultist","floor":1,"turns":4},{"damage":0,"enemies":"Small Slimes","floor":4,"turns":3},{"damage":9,"enemies":"Jaw Worm","floor":5,"turns":4},{"damage":4,"enemies":"2 Fungi Beasts","floor":7,"turns":3},{"damage":10,"enemies":"Looter","floor":8,"turns":3},{"damage":7,"enemies":"Blue Slaver","floor":11,"turns":2},{"damage":46,"enemies":"Gremlin Gang","floor":13,"turns":4},{"damage":10,"enemies":"3 Louse","floor":14,"turns":4},{"damage":51,"enemies":"Slime Boss","floor":16,"turns":7}],"seed_played":"-113421292535017341","potions_obtained":[{"floor":4,"key":"Swift Potion"},{"floor":5,"key":"Strength Potion"},{"floor":8,"key":"SkillPotion"},{"floor":14,"key":"EssenceOfSteel"}],"is_trial":false,"path_per_floor":["M","?","?","M","M","R","M","M","T","R","M","?","M","M","R","B"],"character_chosen":"HERMIT","items_purchased":[],"campfire_rested":0,"item_purchase_floors":[],"current_hp_per_floor":[70,67,67,67,58,58,54,44,44,44,49,75,41,43,43,0,0],"gold":267,"neow_bonus":"TRANSFORM_CARD","is_daily":false,"chose_seed":false,"campfire_upgraded":3,"win_rate":0.0,"timestamp":1611067937,"path_taken":["M","?","?","M","M","R","M","M","T","R","M","?","?","M","R","BOSS"],"items_purchased_type":[],"build_version":"2020-12-22","purchased_purges":0,"victory":false,"max_hp_per_floor":[75,75,75,75,75,75,75,75,75,75,75,75,75,75,75,75,75],"card_choices":[{"not_picked":["hermit:HoleUp","hermit:GoldenBullet"],"picked":"hermit:Ricochet","floor":1},{"not_picked":["hermit:TrackingShot","hermit:Cheat"],"picked":"hermit:Scavenge","floor":4},{"not_picked":["hermit:Manifest","hermit:Feint"],"picked":"hermit:Snipe","floor":5},{"not_picked":["hermit:Gestalt","hermit:Desperado"],"picked":"hermit:Enervate","floor":7},{"not_picked":["hermit:Misfire","hermit:NoHoldsBarred","hermit:HoleUp"],"picked":"SKIP","floor":8},{"not_picked":["hermit:Determination","hermit:SprayPray"],"picked":"hermit:Combo","floor":11},{"not_picked":["hermit:Quickdraw","hermit:Grudge"],"picked":"hermit:TrackingShot","floor":13},{"not_picked":["hermit:HoleUp","hermit:SprayPray"],"picked":"hermit:PistolWhip","floor":14}],"player_experience":194466,"relics_obtained":[{"floor":9,"key":"Meat on the Bone"}],"event_choices":[{"damage_healed":0,"gold_gain":0,"player_choice":"Success","damage_taken":3,"relics_obtained":["Art of War"],"max_hp_gain":0,"max_hp_loss":0,"event_name":"Scrap Ooze","floor":2,"gold_loss":0},{"damage_healed":0,"gold_gain":0,"player_choice":"Grow","damage_taken":0,"max_hp_gain":0,"max_hp_loss":0,"event_name":"Living Wall","floor":3,"gold_loss":0,"cards_upgraded":["hermit:Cheat"]},{"cards_removed":["hermit:Cheat"],"damage_healed":26,"gold_gain":0,"player_choice":"Offered Uncommon","damage_taken":0,"max_hp_gain":0,"max_hp_loss":0,"event_name":"Bonfire Elementals","floor":12,"gold_loss":0}],"is_beta":false,"boss_relics":[],"items_purged_floors":[],"is_endless":false,"potions_floor_spawned":[4,5,8,14],"killed_by":"Slime Boss","ascension_level":0}}