{"host":"ssahdsoo349p0ms1","time":1611100287,"event":{"mods":["AchievementEnabler","BaseMod","Colored Powertips","Filter the Spire","Minty Spire (QoL Compilation)","StSLib"],"gold_per_floor":[116,135,155,171,186,215,215,241,253,265,297,321,333,361,373,485,497,528,540,397,411,421,421,451,469,494,509,522,554,571,584,584,682,682,701,721,737,751,765,794,794,814,867,867,705,730,756,776,776,776,776,776,389,418,418],"floor_reached":56,"language":"ENG","playtime":3082,"items_purged":["Blood for Blood","Feed+1"],"score":1296,"play_id":"672d299c-6573-4afc-bfb3-e27025792417","local_time":"20210119175127","is_ascension_mode":false,"campfire_choices":[{"data":"Rupture","floor":10.0,"key":"SMITH"},{"data":"Battle Trance","floor":13.0,"key":"SMITH"},{"data":"Barricade","floor":15.0,"key":"SMITH"},{"data":"Bash","floor":23.0,"key":"SMITH"},{"floor":32,"key":"RECALL"},{"data":"Flame Barrier","floor":41,"key":"SMITH"},{"data":"Double Tap","floor":44,"key":"SMITH"},{"data":"Impervious","floor":49,"key":"SMITH"},{"data":"Feel No Pain","floor":52,"key":"SMITH"}],"circlet_count":0,"master_deck":["Bash+1","Spot Weakness+1","Barricade+1","Exhume","Double Tap+1","Battle Trance+1","Brutality","Reaper+1","Feel No Pain+1","Flame Barrier+1","Rupture+1","Disarm","Dropkick+1","Rupture","Impervious+1","Flash of Steel+1","Flash of Steel+1"],"relics":["Pandora\u0027s Box","Ornamental Fan","MawBank","Molten Egg 2","Busted Crown","TheAbacus","Pear","Letter Opener","Coffee Dripper","Red Skull","CeramicFish","Blood Vial","Bag of Marbles","Whetstone","HornCleat"],"acts_visited":["Exordium","TheCity","TheBeyond","TheEnding"],"potions_floor_usage":[55,55,55],"damage_taken":[{"damage":25.0,"enemies":"Jaw Worm","floor":1.0,"turns":4.0},{"damage":8.0,"enemies":"Cultist","floor":2.0,"turns":3.0},{"damage":2.0,"enemies":"Small Slimes","floor":3.0,"turns":3.0},{"damage":34.0,"enemies":"Exordium Thugs","floor":4.0,"turns":6.0},{"damage":10.0,"enemies":"Blue Slaver","floor":5.0,"turns":5.0},{"damage":29.0,"enemies":"Lagavulin","floor":6.0,"turns":6.0},{"damage":19.0,"enemies":"3 Sentries","floor":8.0,"turns":6.0},{"damage":25.0,"enemies":"3 Louse","floor":11.0,"turns":4.0},{"damage":12.0,"enemies":"Looter","floor":12.0,"turns":3.0},{"damage":6.0,"enemies":"2 Fungi Beasts","floor":14.0,"turns":3.0},{"damage":37.0,"enemies":"Slime Boss","floor":16.0,"turns":5.0},{"damage":8.0,"enemies":"2 Thieves","floor":18.0,"turns":4.0},{"damage":11.0,"enemies":"Shell Parasite","floor":21.0,"turns":5.0},{"damage":31.0,"enemies":"Shelled Parasite and Fungi","floor":22.0,"turns":6.0},{"damage":24.0,"enemies":"Book of Stabbing","floor":24.0,"turns":5.0},{"damage":15.0,"enemies":"Centurion and Healer","floor":25.0,"turns":4.0},{"damage":3.0,"enemies":"Snecko","floor":27.0,"turns":5.0},{"damage":12,"enemies":"Shelled Parasite and Fungi","floor":28,"turns":5},{"damage":27,"enemies":"Slavers","floor":29,"turns":5},{"damage":15,"enemies":"Cultist and Chosen","floor":30,"turns":5},{"damage":29,"enemies":"Snecko","floor":31,"turns":4},{"damage":32,"enemies":"Champ","floor":33,"turns":8},{"damage":7,"enemies":"Orb Walker","floor":35,"turns":4},{"damage":29,"enemies":"3 Darklings","floor":36,"turns":4},{"damage":23,"enemies":"Spire Growth","floor":37,"turns":4},{"damage":28,"enemies":"Maw","floor":38,"turns":6},{"damage":9,"enemies":"Sphere and 2 Shapes","floor":39,"turns":5},{"damage":18,"enemies":"Giant Head","floor":40,"turns":6},{"damage":30,"enemies":"Transient","floor":42,"turns":5},{"damage":48,"enemies":"Nemesis","floor":46,"turns":7},{"damage":16,"enemies":"Jaw Worm Horde","floor":48,"turns":5},{"damage":34,"enemies":"Donu and Deca","floor":50,"turns":8},{"damage":39,"enemies":"Shield and Spear","floor":54,"turns":4},{"damage":9,"enemies":"The Heart","floor":55,"turns":8}],"seed_played":"-2787395212945052314","potions_obtained":[{"floor":3.0,"key":"Energy Potion"},{"floor":5.0,"key":"LiquidBronze"},{"floor":6.0,"key":"Ancient Potion"},{"floor":8.0,"key":"DistilledChaos"},{"floor":16.0,"key":"BloodPotion"},{"floor":22.0,"key":"Regen Potion"},{"floor":40,"key":"FairyPotion"},{"floor":54,"key":"DuplicationPotion"}],"is_trial":false,"path_per_floor":["M","M","M","M","M","E","?","E","T","R","M","M","R","M","R","B",null,"M","?","$","M","M","R","E","M","T","M","M","E","M","M","R","B",null,"M","M","M","M","M","E","R","M","T","R","$","E","T","M","R","B",null,"R","$","E","B",null],"character_chosen":"IRONCLAD","items_purchased":["TheAbacus","Flash of Steel+1","Whetstone","SpeedPotion","Flash of Steel+1"],"campfire_rested":0,"item_purchase_floors":[20,45,53,53,53],"current_hp_per_floor":[68,73,80,76,80,65,49,80,80,80,80,73,73,80,80,79,80,80,80,80,80,80,80,90,90,90,90,90,90,89,84,84,90,90,94,98,97,105,110,113,113,114,114,114,114,112,112,102,102,103,122,122,122,122,120],"gold":418,"neow_bonus":"BOSS_RELIC","is_daily":false,"chose_seed":false,"campfire_upgraded":8,"win_rate":0.0,"timestamp":1611100287,"path_taken":["M","M","M","M","M","E","?","E","T","R","M","M","R","M","R","BOSS","M","?","$","M","M","R","E","M","T","M","M","E","M","M","R","BOSS","M","M","M","M","M","E","R","M","T","R","$","E","?","M","R","BOSS","R","$","E","BOSS"],"items_purchased_type":["Relic","Card","Relic","Potion","Card"],"build_version":"2020-12-22","purchased_purges":2,"victory":true,"max_hp_per_floor":[80,80,80,80,80,80,80,80,80,80,80,80,80,80,80,80,80,80,80,80,80,80,80,90,90,90,90,90,90,90,90,90,90,90,94,98,102,106,110,114,114,114,114,114,114,114,114,118,118,122,122,122,122,122,122],"card_choices":[{"not_picked":["Iron Wave","Pommel Strike","Thunderclap"],"picked":"SKIP","floor":1.0},{"not_picked":["Burning Pact","Cleave"],"picked":"Flame Barrier","floor":2.0},{"not_picked":["Entrench","Armaments","Wild Strike"],"picked":"SKIP","floor":3.0},{"not_picked":["Warcry","Reckless Charge","Infernal Blade"],"picked":"SKIP","floor":4.0},{"not_picked":["Metallicize","Thunderclap"],"picked":"Rupture","floor":5.0},{"not_picked":["Thunderclap","Heavy Blade"],"picked":"Disarm","floor":6.0},{"not_picked":["Metallicize","Corruption"],"picked":"Dropkick","floor":8.0},{"not_picked":["Spot Weakness","Headbutt+1","Thunderclap+1"],"picked":"SKIP","floor":11.0},{"not_picked":["Reckless Charge+1","Thunderclap+1","Clothesline+1"],"picked":"SKIP","floor":12.0},{"not_picked":["Clash+1","Perfected Strike+1"],"picked":"Rupture","floor":14.0},{"not_picked":["Exhume","Demon Form"],"picked":"Impervious","floor":16.0},{"not_picked":["Cleave+1"],"picked":"SKIP","floor":18.0},{"not_picked":["Iron Wave+1"],"picked":"SKIP","floor":21.0},{"not_picked":["Thunderclap+1"],"picked":"SKIP","floor":22.0},{"not_picked":["Barricade"],"picked":"SKIP","floor":24.0},{"not_picked":["Sword Boomerang+1"],"picked":"SKIP","floor":25.0},{"not_picked":["Body Slam+1"],"picked":"SKIP","floor":27},{"not_picked":["Heavy Blade+1"],"picked":"SKIP","floor":28},{"not_picked":["Heavy Blade+1"],"picked":"SKIP","floor":29},{"not_picked":["Clothesline+1"],"picked":"SKIP","floor":30},{"not_picked":["Hemokinesis+1"],"picked":"SKIP","floor":31},{"not_picked":[],"picked":"Feed+1","floor":33},{"not_picked":["Iron Wave+1"],"picked":"SKIP","floor":35},{"not_picked":["Flame Barrier"],"picked":"SKIP","floor":36},{"not_picked":["Clash+1"],"picked":"SKIP","floor":37},{"not_picked":["Rupture"],"picked":"SKIP","floor":38},{"not_picked":["Second Wind"],"picked":"SKIP","floor":39},{"not_picked":["Infernal Blade+1"],"picked":"SKIP","floor":40},{"not_picked":["Shrug It Off+1"],"picked":"SKIP","floor":42},{"not_picked":["Brutality"],"picked":"SKIP","floor":46},{"not_picked":["Heavy Blade+1"],"picked":"SKIP","floor":48},{"not_picked":["Power Through"],"picked":"SKIP","floor":54}],"player_experience":582232,"relics_obtained":[{"floor":6.0,"key":"Ornamental Fan"},{"floor":8.0,"key":"MawBank"},{"floor":9.0,"key":"Molten Egg 2"},{"floor":24.0,"key":"Pear"},{"floor":29,"key":"Letter Opener"},{"floor":40,"key":"Red Skull"},{"floor":43,"key":"CeramicFish"},{"floor":46,"key":"Blood Vial"},{"floor":47,"key":"Bag of Marbles"},{"floor":54,"key":"HornCleat"}],"event_choices":[{"damage_healed":0.0,"max_hp_gain":0.0,"max_hp_loss":0.0,"gold_gain":0.0,"event_name":"Shining Light","player_choice":"Entered Light","floor":7.0,"gold_loss":0.0,"damage_taken":16.0,"cards_upgraded":["Spot Weakness","Reaper"]},{"damage_healed":0.0,"max_hp_gain":0.0,"max_hp_loss":0.0,"gold_gain":0.0,"event_name":"Lab","player_choice":"Got Potions","floor":19.0,"gold_loss":0.0,"damage_taken":0.0}],"is_beta":false,"boss_relics":[{"not_picked":["Ectoplasm","SacredBark"],"picked":"Busted Crown"},{"not_picked":["Sozu","Snecko Eye"],"picked":"Coffee Dripper"}],"items_purged_floors":[45,53],"is_endless":false,"potions_floor_spawned":[3,5,6,8,14,16,18,22,24,28,33,37,38,40,42,46,54],"ascension_level":0}}