{"host":"r10yh36zs2k9z1sa","time":1611067465,"event":{"mods":["Astrologer","BaseMod","Colored Map","Hermit","Marisa¡]Ãú«B¡@Å]²z¨F¡^","Minty Spire (QoL Compilation)","Permanent Neow","Remilia¡]Á¢¦Ì²ú?¡^","StSLib","The Animator","The Bug Knight","The Cursed","The Gatherer","The Hierophant","The Necromancer","The Runesmith","The Servant 0.9.4"],"gold_per_floor":[109,109,122,122,139,139,159,177,177,211,226,226,226,239,239,334,334,353,372,372,447,8,46,66,66,93,135,145,145,188,210,210,324,324,350,57,341,357,0,32,32,70,95,95,132,144,169,187,187,187],"floor_reached":51,"language":"ZHS","playtime":4268,"items_purged":["Shame","Defend_S","Regret"],"score":1478,"play_id":"443bf08c-4015-4789-b843-8df1116103f7","local_time":"20210119224425","is_ascension_mode":true,"campfire_choices":[{"data":"SoulSculpture","floor":6,"key":"SMITH"},{"data":"PendulumOfEternity","floor":12,"key":"SMITH"},{"data":"InstantArmor","floor":15,"key":"SMITH"},{"data":"Initiator","floor":25,"key":"SMITH"},{"data":"MurderousAura","floor":32,"key":"SMITH"},{"data":"WasteNot","floor":41,"key":"SMITH"},{"data":"Embodiment","floor":49,"key":"SMITH"}],"circlet_count":0,"master_deck":["Strike_S","Strike_S","Strike_S","Defend_S","Defend_S","Defend_S","KidneyShot","Exchange","SoulSculpture+1","Sabotage","PendulumOfEternity+1","InstantArmor+1","FastForward","Comet","WasteNot+1","Moondial+1","Initiator+1","Read+1","TheWorld+1","Read+1","Rewind+1","Moondial+1","Solidify+1","MurderousAura+1","Contraction+1","TheWorld+1","SpecialFormula+1","StarChef","Master of Strategy+1","Deep Breath+1","ShatteredReality+1","Embodiment+1","SoulSculpture","Deep Breath+1","Secret Technique+1"],"relics":["Uniform","Sundial","StrikeDummy","Toxic Egg 2","SlaversCollar","Ginger","Strange Spoon","CeramicFish","Oddly Smooth Stone","Bottled Flame","StoneCalendar","Kunai","StoneMask","HandDrill","Dream Catcher","Broom","Bronze Scales","Letter Opener","Blood Vial"],"acts_visited":["Exordium","TheCity","TheBeyond"],"potions_floor_usage":[10,16,16,23,27,27,30,50,50],"damage_taken":[{"damage":1,"enemies":"2 Louse","floor":1,"turns":3},{"damage":0,"enemies":"Cultist","floor":3,"turns":3},{"damage":0,"enemies":"Jaw Worm","floor":5,"turns":2},{"damage":0,"enemies":"Gremlin Gang","floor":7,"turns":7},{"damage":0,"enemies":"Large Slime","floor":8,"turns":5},{"damage":0,"enemies":"Lagavulin","floor":10,"turns":9},{"damage":0,"enemies":"3 Louse","floor":11,"turns":2},{"damage":0,"enemies":"Looter","floor":14,"turns":2},{"damage":0,"enemies":"Slime Boss","floor":16,"turns":11},{"damage":0,"enemies":"Chosen","floor":18,"turns":4},{"damage":0,"enemies":"Spheric Guardian","floor":19,"turns":4},{"damage":0,"enemies":"Book of Stabbing","floor":23,"turns":5},{"damage":0,"enemies":"3 Cultists","floor":24,"turns":5},{"damage":0,"enemies":"Slavers","floor":27,"turns":3},{"damage":0,"enemies":"Centurion and Healer","floor":28,"turns":4},{"damage":6,"enemies":"Gremlin Leader","floor":30,"turns":5},{"damage":0,"enemies":"Snake Plant","floor":31,"turns":4},{"damage":0,"enemies":"Automaton","floor":33,"turns":7},{"damage":3,"enemies":"3 Darklings","floor":35,"turns":3},{"damage":12,"enemies":"Orb Walker","floor":38,"turns":4},{"damage":0,"enemies":"Nemesis","floor":40,"turns":5},{"damage":0,"enemies":"Giant Head","floor":42,"turns":4},{"damage":0,"enemies":"Reptomancer","floor":45,"turns":3},{"damage":0,"enemies":"Jaw Worm Horde","floor":46,"turns":1},{"damage":0,"enemies":"3 Darklings","floor":47,"turns":3},{"damage":0,"enemies":"Donu and Deca","floor":50,"turns":4}],"seed_played":"8029842106363798844","potions_obtained":[{"floor":3,"key":"AttackPotion"},{"floor":4,"key":"Energy Potion"},{"floor":4,"key":"SkillPotion"},{"floor":11,"key":"Fire Potion"},{"floor":14,"key":"PowerPotion"},{"floor":16,"key":"LiquidBronze"},{"floor":19,"key":"Block Potion"},{"floor":23,"key":"Strength Potion"},{"floor":24,"key":"EssenceOfSteel"},{"floor":30,"key":"Ancient Potion"},{"floor":42,"key":"ColorlessPotion"},{"floor":45,"key":"Weak Potion"},{"floor":46,"key":"Dexterity Potion"}],"is_trial":false,"path_per_floor":["M","?","M","?","M","R","M","M","T","E","M","R","?","M","R","B",null,"M","M","?","?","$","E","M","R","T","E","M","T","E","M","R","B",null,"M","$","?","M","$","E","R","E","T","?","E","M","M","?","R","B",null],"character_chosen":"THE_SERVANT","items_purchased":["TheWorld+1","Strange Spoon","Read+1","StarChef","Master of Strategy+1","Deep Breath+1","HandDrill"],"campfire_rested":0,"item_purchase_floors":[22,22,22,36,36,39,39],"current_hp_per_floor":[64,64,64,64,64,64,64,64,64,64,64,64,61,61,61,61,64,64,64,64,58,58,58,58,58,58,58,58,58,52,52,52,52,62,62,62,62,67,67,68,68,69,69,69,70,73,74,64,64,76],"gold":187,"neow_bonus":"ONE_RANDOM_RARE_CARD","is_daily":false,"chose_seed":false,"campfire_upgraded":7,"win_rate":0.0,"timestamp":1611067465,"path_taken":["M","?","?","?","M","R","M","?","T","E","?","R","?","M","R","BOSS","M","M","?","?","$","E","?","R","T","E","M","?","E","M","R","BOSS","M","$","?","M","?","E","R","E","T","?","E","M","?","?","R","BOSS"],"items_purchased_type":["Card","Relic","Card","Card","Card","Card","Relic"],"build_version":"2020-12-22","purchased_purges":3,"victory":true,"max_hp_per_floor":[65,65,65,65,65,65,65,65,65,65,65,65,65,65,65,65,65,65,65,65,65,65,65,65,65,65,65,65,65,65,65,65,65,65,66,66,66,67,67,68,68,69,69,69,70,73,74,74,74,76],"card_choices":[{"not_picked":["Spin","GearUp"],"picked":"Sabotage","floor":1},{"not_picked":["Starlight","Spin"],"picked":"InstantArmor","floor":3},{"not_picked":["Rearm","Spin"],"picked":"FastForward","floor":5},{"not_picked":["TimeTheft","Revamp","Rewind"],"picked":"SKIP","floor":7},{"not_picked":["Rewind","FloweringNight"],"picked":"Comet","floor":8},{"not_picked":["Reset","Misdirection"],"picked":"WasteNot","floor":10},{"not_picked":["GearUp","SurpressingFire","Moonlight"],"picked":"SKIP","floor":11},{"not_picked":["Starlight","Spin"],"picked":"Moondial+1","floor":14},{"not_picked":["Dilation+1","Deny+1"],"picked":"Initiator","floor":16},{"not_picked":["Spin","Revamp+1"],"picked":"Ricochet","floor":18},{"not_picked":["Barrier+1","ShatteredReality"],"picked":"Read+1","floor":19},{"not_picked":["Starlight","Spin+1"],"picked":"Rewind+1","floor":23},{"not_picked":["InstantArmor+1","Spin+1"],"picked":"Moondial+1","floor":24},{"not_picked":["FastForward+1","Collapse+1"],"picked":"Solidify+1","floor":27},{"not_picked":["GearUp+1","DoubleEdge","Replace+1"],"picked":"SKIP","floor":28},{"not_picked":["Potential","Rearm+1"],"picked":"MurderousAura","floor":30},{"not_picked":["Spin","TimeWarp"],"picked":"Contraction+1","floor":31},{"not_picked":["TrueSight","Duplication+1"],"picked":"TheWorld+1","floor":33},{"not_picked":["Rearm+1","DoubleEdge+1"],"picked":"SpecialFormula+1","floor":35},{"not_picked":["GearUp+1","Ricochet","Spin+1"],"picked":"SKIP","floor":38},{"not_picked":["Ricochet+1","DancingSilver+1","Replace+1"],"picked":"SKIP","floor":40},{"not_picked":["Sabotage","Ricochet"],"picked":"ShatteredReality+1","floor":42},{"not_picked":["Gouge","Starlight+1"],"picked":"Embodiment","floor":45},{"not_picked":["ShatteredReality","Potential","MoonPhase"],"picked":"SKIP","floor":46},{"not_picked":["Starlight+1","Revamp+1"],"picked":"SoulSculpture","floor":47},{"not_picked":["Mind Blast","Forethought+1"],"picked":"Deep Breath+1","floor":48},{"not_picked":["PanicButton+1","Dramatic Entrance"],"picked":"Secret Technique+1","floor":48}],"player_experience":248212,"relics_obtained":[{"floor":9,"key":"Sundial"},{"floor":10,"key":"StrikeDummy"},{"floor":23,"key":"CeramicFish"},{"floor":26,"key":"Oddly Smooth Stone"},{"floor":27,"key":"Bottled Flame"},{"floor":29,"key":"StoneCalendar"},{"floor":30,"key":"Kunai"},{"floor":40,"key":"Dream Catcher"},{"floor":42,"key":"Broom"},{"floor":43,"key":"Bronze Scales"},{"floor":45,"key":"Blood Vial"}],"event_choices":[{"damage_healed":0,"gold_gain":0,"cards_transformed":["Strike_S"],"player_choice":"Transformed","damage_taken":0,"max_hp_gain":0,"max_hp_loss":0,"event_name":"Transmorgrifier","floor":2,"gold_loss":0,"cards_obtained":["PendulumOfEternity"]},{"damage_healed":0,"gold_gain":0,"player_choice":"Got Potions","damage_taken":0,"max_hp_gain":0,"max_hp_loss":0,"event_name":"Lab","floor":4,"gold_loss":0},{"damage_healed":0,"gold_gain":0,"player_choice":"Success","damage_taken":3,"relics_obtained":["Toxic Egg 2"],"max_hp_gain":0,"max_hp_loss":0,"event_name":"Scrap Ooze","floor":13,"gold_loss":0},{"damage_healed":0,"gold_gain":0,"player_choice":"Stole Relic","damage_taken":0,"relics_obtained":["Ginger"],"max_hp_gain":0,"max_hp_loss":0,"event_name":"Addict","floor":20,"gold_loss":0,"cards_obtained":["Shame"]},{"damage_healed":0,"gold_gain":75,"player_choice":"Touch","damage_taken":6,"max_hp_gain":0,"max_hp_loss":0,"event_name":"FaceTrader","floor":21,"gold_loss":0},{"damage_healed":0,"gold_gain":275,"player_choice":"Desecrate","damage_taken":0,"max_hp_gain":0,"max_hp_loss":0,"event_name":"Golden Shrine","floor":37,"gold_loss":0,"cards_obtained":["Regret"]},{"cards_removed":["Ricochet"],"damage_healed":0,"gold_gain":0,"player_choice":"Gave Card","damage_taken":0,"relics_obtained":["Letter Opener"],"max_hp_gain":0,"max_hp_loss":0,"event_name":"WeMeetAgain","floor":44,"gold_loss":0},{"damage_healed":0,"gold_gain":0,"player_choice":"Memory 3","damage_taken":10,"max_hp_gain":0,"max_hp_loss":0,"event_name":"SensoryStone","floor":48,"gold_loss":0}],"is_beta":false,"boss_relics":[{"not_picked":["SacredBark","Fusion Hammer"],"picked":"SlaversCollar"},{"not_picked":["Tiny House","Pandora\u0027s Box"],"picked":"StoneMask"}],"items_purged_floors":[22,36,39],"is_endless":false,"potions_floor_spawned":[3,8,11,14,16,19,23,24,30,42,45,46],"ascension_level":5}}