{"host":"cvjufw5k2cirmttm","time":1611098680,"event":{"mods":["AchievementEnabler","BaseMod","Colored Map","Colored Powertips","Minty Spire (QoL Compilation)"],"gold_per_floor":[117,117,134,151,151,176,176,196,222,237,271,283,300,315,315,414,464,476,494,494,494,510,510,541,541,541,174,174,193,213,213,213,309,309,329,329,340,194,204,204,204,204,204,239,239,239,164,174,174,174,174],"floor_reached":50,"language":"RUS","playtime":2586,"items_purged":["Strike_B"],"score":504,"play_id":"673f00f5-81d5-40e5-900b-48429e494ccd","local_time":"20210120022440","is_ascension_mode":false,"campfire_choices":[{"floor":7,"key":"REST"},{"data":"Consume","floor":15,"key":"SMITH"},{"floor":23,"key":"REST"},{"floor":25,"key":"REST"},{"data":"Capacitor","floor":28,"key":"SMITH"},{"floor":32,"key":"REST"},{"floor":40,"key":"REST"},{"floor":45,"key":"REST"},{"floor":49,"key":"REST"}],"circlet_count":0,"master_deck":["Strike_B","Strike_B","Strike_B","Defend_B+1","Defend_B","Defend_B","Zap+1","Dualcast","Conserve Battery","Consume+1","Leap","Capacitor+1","Seek","Hello World","Ball Lightning+1","Redo+1","Capacitor","Streamline","Cold Snap+1","Self Repair","Echo Form","Ball Lightning+1","Loop+1","Bandage Up"],"relics":["Cracked Core","NeowsBlessing","Happy Flower","Regal Pillow","Orichalcum","Tiny House","MutagenicStrength","InkBottle","Blood Vial","Peace Pipe","DollysMirror","PreservedInsect","SlaversCollar","Omamori","Kunai","Anchor"],"acts_visited":["Exordium","TheCity","TheBeyond"],"potions_floor_usage":[10,11,16,16,22,22,22,33,33,33,44,50],"damage_taken":[{"damage":0,"enemies":"Cultist","floor":1,"turns":1},{"damage":0,"enemies":"Small Slimes","floor":3,"turns":1},{"damage":0,"enemies":"Jaw Worm","floor":4,"turns":1},{"damage":20,"enemies":"Lagavulin","floor":6,"turns":7},{"damage":6,"enemies":"Lots of Slimes","floor":8,"turns":4},{"damage":0,"enemies":"Blue Slaver","floor":10,"turns":4},{"damage":3,"enemies":"Gremlin Nob","floor":11,"turns":3},{"damage":6,"enemies":"Large Slime","floor":12,"turns":5},{"damage":1,"enemies":"Red Slaver","floor":13,"turns":4},{"damage":0,"enemies":"Blue Slaver","floor":14,"turns":4},{"damage":39,"enemies":"Hexaghost","floor":16,"turns":10},{"damage":17,"enemies":"Spheric Guardian","floor":18,"turns":6},{"damage":2,"enemies":"Chosen","floor":19,"turns":6},{"damage":54,"enemies":"3 Cultists","floor":22,"turns":6},{"damage":42,"enemies":"Gremlin Leader","floor":24,"turns":7},{"damage":28,"enemies":"Snecko","floor":29,"turns":8},{"damage":22,"enemies":"Centurion and Healer","floor":30,"turns":6},{"damage":51,"enemies":"Automaton","floor":33,"turns":17},{"damage":7,"enemies":"3 Shapes","floor":35,"turns":7},{"damage":8,"enemies":"Orb Walker","floor":37,"turns":3},{"damage":51,"enemies":"Jaw Worm Horde","floor":39,"turns":6},{"damage":40,"enemies":"Giant Head","floor":44,"turns":8},{"damage":52,"enemies":"3 Darklings","floor":48,"turns":9},{"damage":106,"enemies":"Awakened One","floor":50,"turns":4}],"seed_played":"6250215419646406426","potions_obtained":[{"floor":1,"key":"Fire Potion"},{"floor":4,"key":"Swift Potion"},{"floor":10,"key":"Fruit Juice"},{"floor":13,"key":"EssenceOfSteel"},{"floor":16,"key":"Regen Potion"},{"floor":17,"key":"DuplicationPotion"},{"floor":19,"key":"FocusPotion"},{"floor":22,"key":"SpeedPotion"},{"floor":29,"key":"SneckoOil"},{"floor":39,"key":"FearPotion"},{"floor":48,"key":"GamblersBrew"}],"is_trial":false,"path_per_floor":["M","?","M","M","?","E","R","M","T","M","E","M","M","M","R","B",null,"M","M","?","T","M","R","E","R","T","$","R","M","M","?","R","B",null,"M","?","M","$","M","R","?","$","T","E","R","?","$","M","R","B"],"character_chosen":"DEFECT","items_purchased":["DollysMirror","PreservedInsect","DuplicationPotion","Omamori"],"campfire_rested":7,"item_purchase_floors":[27,27,27,38],"current_hp_per_floor":[75,75,75,75,75,55,75,69,69,74,71,65,64,64,64,25,85,68,66,66,66,26,66,24,64,64,64,64,38,18,18,58,16,85,85,85,84,84,34,74,74,74,74,43,83,83,83,47,85,0,0],"gold":174,"neow_bonus":"THREE_ENEMY_KILL","is_daily":false,"chose_seed":false,"campfire_upgraded":2,"win_rate":0.0,"timestamp":1611098680,"path_taken":["M","?","?","M","?","E","R","M","T","M","E","M","M","M","R","BOSS","M","M","?","?","M","R","E","R","T","$","R","?","M","?","R","BOSS","M","?","M","$","M","R","?","$","T","E","R","?","?","M","R","BOSS"],"items_purchased_type":["Relic","Relic","Potion","Relic"],"build_version":"2020-12-22","purchased_purges":1,"victory":false,"max_hp_per_floor":[75,75,75,75,75,75,75,75,75,80,80,80,80,80,80,80,85,85,85,85,85,85,85,85,85,85,85,85,85,85,85,85,85,85,85,85,85,85,85,85,85,85,85,85,85,85,85,85,85,85,85],"card_choices":[{"not_picked":["Force Field","Chaos","Melter"],"picked":"SKIP","floor":1},{"not_picked":["Tempest","Turbo","Rebound"],"picked":"SKIP","floor":3},{"not_picked":["Redo","Gash"],"picked":"Conserve Battery","floor":4},{"not_picked":["Rebound","Cold Snap","Hologram"],"picked":"SKIP","floor":6},{"not_picked":["Chaos","Heatsinks","Rebound"],"picked":"SKIP","floor":8},{"not_picked":["Sweeping Beam","Coolheaded","Blizzard"],"picked":"SKIP","floor":10},{"not_picked":["Gash","Chill"],"picked":"Consume","floor":11},{"not_picked":["Steam Power","Force Field"],"picked":"Leap","floor":12},{"not_picked":["Darkness","Hologram","Leap"],"picked":"SKIP","floor":13},{"not_picked":["Steam","Blizzard"],"picked":"Capacitor","floor":14},{"not_picked":["Electrodynamics","Rainbow"],"picked":"Seek","floor":16},{"not_picked":["Conserve Battery","Rip and Tear"],"picked":"Hello World","floor":17},{"not_picked":["Barrage+1","Stack","Beam Cell"],"picked":"SKIP","floor":18},{"not_picked":["FTL","Barrage","Go for the Eyes"],"picked":"SKIP","floor":19},{"not_picked":["Leap","Cold Snap"],"picked":"Ball Lightning+1","floor":22},{"not_picked":["Conserve Battery","Auto Shields"],"picked":"Redo+1","floor":24},{"not_picked":["Sunder+1","Barrage"],"picked":"Streamline","floor":29},{"not_picked":["Blizzard","Darkness"],"picked":"Cold Snap+1","floor":30},{"not_picked":["Creative AI","Electrodynamics"],"picked":"Echo Form","floor":33},{"not_picked":["Cold Snap","Hologram+1"],"picked":"Ball Lightning+1","floor":35},{"not_picked":["FTL","Aggregate+1","Force Field+1"],"picked":"SKIP","floor":37},{"not_picked":["Cold Snap+1","Reprogram+1"],"picked":"Loop+1","floor":39},{"not_picked":["Gash","Barrage","Double Energy+1"],"picked":"SKIP","floor":44},{"not_picked":["Enlightenment","Sadistic Nature"],"picked":"Bandage Up","floor":46},{"not_picked":["Genetic Algorithm+1","Beam Cell","Undo+1"],"picked":"SKIP","floor":48}],"player_experience":115016,"relics_obtained":[{"floor":6,"key":"Happy Flower"},{"floor":9,"key":"Regal Pillow"},{"floor":11,"key":"Orichalcum"},{"floor":21,"key":"InkBottle"},{"floor":24,"key":"Blood Vial"},{"floor":26,"key":"Peace Pipe"},{"floor":43,"key":"Kunai"},{"floor":44,"key":"Anchor"}],"event_choices":[{"damage_healed":0,"gold_gain":0,"player_choice":"Upgraded","damage_taken":0,"max_hp_gain":0,"max_hp_loss":0,"event_name":"Upgrade Shrine","floor":2,"gold_loss":0,"cards_upgraded":["Zap"]},{"damage_healed":0,"gold_gain":0,"player_choice":"Leave","damage_taken":0,"max_hp_gain":0,"max_hp_loss":0,"event_name":"The Cleric","floor":5,"gold_loss":0},{"damage_healed":0,"gold_gain":0,"player_choice":"Inject Mutagens","damage_taken":0,"relics_obtained":["MutagenicStrength"],"max_hp_gain":0,"max_hp_loss":0,"event_name":"Drug Dealer","floor":20,"gold_loss":0},{"damage_healed":0,"gold_gain":0,"player_choice":"Read","damage_taken":0,"max_hp_gain":0,"max_hp_loss":0,"event_name":"The Library","floor":31,"gold_loss":0,"cards_obtained":["Self Repair"]},{"cards_removed":["Defend_B"],"damage_healed":0,"gold_gain":0,"player_choice":"Removed Skill","damage_taken":0,"max_hp_gain":0,"max_hp_loss":0,"event_name":"Falling","floor":36,"gold_loss":0},{"damage_healed":0,"gold_gain":0,"player_choice":"Ignored","damage_taken":0,"max_hp_gain":0,"max_hp_loss":0,"event_name":"Tomb of Lord Red Mask","floor":41,"gold_loss":0},{"damage_healed":0,"gold_gain":0,"player_choice":"Memory 1","damage_taken":0,"max_hp_gain":0,"max_hp_loss":0,"event_name":"SensoryStone","floor":46,"gold_loss":0}],"is_beta":false,"boss_relics":[{"not_picked":["Ectoplasm","Calling Bell"],"picked":"Tiny House"},{"not_picked":["Sozu","SacredBark"],"picked":"SlaversCollar"}],"items_purged_floors":[47],"is_endless":false,"potions_floor_spawned":[1,4,10,13,16,19,22,29,30,35,39,48],"killed_by":"Awakened One","ascension_level":0}}