{"host":"w01zow3jg16g8jdh","time":1611073223,"event":{"mods":["AchievementEnabler","BaseMod","DeckTracker","Keyboard Shortcuts","Minty Spire (QoL Compilation)","Permanent Neow","StSLib","SuperFastMode"],"gold_per_floor":[113,125,125,125,141,141,141,154,154,154,164,164,181,181,181,279,279,293,218,218,118,132,132,146,146,146],"floor_reached":25,"language":"KOR","playtime":389,"items_purged":["Strike_G","Strike_G"],"score":436,"play_id":"6284385d-1375-44f0-bcbc-feda021f4989","local_time":"20210120012023","is_ascension_mode":true,"campfire_choices":[{"data":"Deadly Poison","floor":6.0,"key":"SMITH"},{"data":"Catalyst","floor":12.0,"key":"SMITH"},{"floor":15.0,"key":"REST"},{"data":"Catalyst","floor":23.0,"key":"SMITH"}],"circlet_count":0,"master_deck":["AscendersBane","Strike_G+1","Defend_G","Defend_G","Survivor+1","Neutralize","Deflect","Catalyst+1","Deadly Poison+1","Dagger Throw","Catalyst+1","Venomology","Corpse Explosion","Sucker Punch+1","Burst+1","Malaise+1","PiercingWail"],"relics":["Ring of the Snake","Singing Bowl","Golden Idol","Astrolabe"],"acts_visited":["Exordium","TheCity"],"potions_floor_usage":[25],"damage_taken":[{"damage":7.0,"enemies":"Cultist","floor":1.0,"turns":5.0},{"damage":7.0,"enemies":"Small Slimes","floor":2.0,"turns":6.0},{"damage":4.0,"enemies":"2 Louse","floor":5.0,"turns":3.0},{"damage":4.0,"enemies":"Exordium Thugs","floor":8.0,"turns":5.0},{"damage":0.0,"enemies":"Lots of Slimes","floor":11.0,"turns":2.0},{"damage":8.0,"enemies":"3 Louse","floor":13.0,"turns":4.0},{"damage":22.0,"enemies":"Hexaghost","floor":16.0,"turns":8.0},{"damage":0.0,"enemies":"Spheric Guardian","floor":18.0,"turns":2.0},{"damage":14.0,"enemies":"Shell Parasite","floor":22.0,"turns":5.0},{"damage":6.0,"enemies":"Snake Plant","floor":24.0,"turns":3.0},{"damage":30,"enemies":"Slavers","floor":25,"turns":2}],"seed_played":"-3809213826444608386","potions_obtained":[{"floor":1.0,"key":"Explosive Potion"},{"floor":2.0,"key":"Block Potion"}],"is_trial":false,"path_per_floor":["M","M","?","?","M","R","?","M","T","?","M","R","M","?","R","B",null,"M","$","?","$","M","R","M","E"],"character_chosen":"THE_SILENT","items_purchased":[],"campfire_rested":1,"item_purchase_floors":[],"current_hp_per_floor":[52,45,50,50,46,46,25,21,21,21,21,21,13,13,32,10,51,53,53,47,47,35,35,29,0,0],"gold":146,"neow_bonus":"TRANSFORM_CARD","is_daily":false,"chose_seed":false,"campfire_upgraded":3,"win_rate":0.0,"timestamp":1611073223,"path_taken":["M","M","?","?","M","R","?","M","T","?","M","R","?","?","R","BOSS","BOSS","M","$","?","?","?","R","M","E"],"items_purchased_type":[],"build_version":"2020-12-22","purchased_purges":2,"victory":false,"max_hp_per_floor":[66,66,71,71,71,71,71,71,71,71,71,71,71,64,64,64,64,66,66,66,66,68,68,68,68,68],"card_choices":[{"not_picked":["Cloak And Dagger","Deflect"],"picked":"Catalyst","floor":1.0},{"not_picked":["Prepared","Quick Slash"],"picked":"Deadly Poison","floor":2.0},{"not_picked":["Heel Hook","Prepared","Backflip"],"picked":"SKIP","floor":5.0},{"not_picked":["Predator","PiercingWail"],"picked":"Dagger Throw","floor":8.0},{"not_picked":["Dagger Spray","Crippling Poison"],"picked":"Catalyst","floor":11.0},{"not_picked":["Leg Sweep","Deflect"],"picked":"Venomology","floor":13.0},{"not_picked":["Adrenaline","Die Die Die"],"picked":"Corpse Explosion","floor":16.0},{"not_picked":["All Out Attack","Slice","Bouncing Flask"],"picked":"Singing Bowl","floor":18.0},{"not_picked":["Prepared","Skewer+1","Quick Slash+1"],"picked":"Singing Bowl","floor":22.0},{"not_picked":["Eviscerate","Poisoned Stab"],"picked":"PiercingWail","floor":24.0}],"player_experience":309003,"relics_obtained":[{"floor":9.0,"key":"Singing Bowl"}],"event_choices":[{"damage_healed":0.0,"max_hp_gain":5.0,"max_hp_loss":0.0,"gold_gain":0.0,"event_name":"Big Fish","player_choice":"Donut","floor":3.0,"gold_loss":0.0,"damage_taken":0.0},{"cards_removed":["Defend_G"],"damage_healed":0.0,"max_hp_gain":0.0,"max_hp_loss":0.0,"gold_gain":0.0,"event_name":"Living Wall","player_choice":"Forget","floor":4.0,"gold_loss":0.0,"damage_taken":0.0},{"damage_healed":0.0,"max_hp_gain":0.0,"max_hp_loss":0.0,"gold_gain":0.0,"event_name":"Shining Light","player_choice":"Entered Light","floor":7.0,"gold_loss":0.0,"damage_taken":21.0,"cards_upgraded":["Survivor","Strike_G"]},{"damage_healed":0.0,"max_hp_gain":0.0,"max_hp_loss":0.0,"gold_gain":0.0,"event_name":"Match and Keep!","player_choice":"0 cards matched","floor":10.0,"gold_loss":0.0,"damage_taken":0.0,"cards_obtained":[]},{"damage_healed":0.0,"max_hp_gain":0.0,"max_hp_loss":7.0,"gold_gain":0.0,"event_name":"Golden Idol","player_choice":"Lose Max HP","floor":14.0,"gold_loss":0.0,"damage_taken":0.0,"relics_obtained":["Golden Idol"]},{"damage_healed":0.0,"max_hp_gain":0.0,"max_hp_loss":0.0,"gold_gain":0.0,"event_name":"Knowing Skull","player_choice":"","floor":20.0,"potions_obtained":[],"gold_loss":0.0,"damage_taken":6.0,"cards_obtained":[]}],"is_beta":false,"boss_relics":[{"not_picked":["Tiny House","Cursed Key"],"picked":"Astrolabe"}],"items_purged_floors":[19,21],"is_endless":false,"potions_floor_spawned":[1,2],"killed_by":"Slavers","ascension_level":20}}