{"host":"a1urfede5pixhbtg","time":1611067274,"event":{"mods":["BaseMod","Lobotomy","Minty Spire (QoL Compilation)","Quick Restart","StSLib"],"gold_per_floor":[100,100,49,62,62,93,93,106,106,106,134,134,154,169,169,271,271,271,65,65,65,65,65,65,65,65,15,15,15,15,15,15,15,15,15,15,15,0,0,0,0,0,0,0,0,0,0,0,0,0,0,0,0,0,0],"floor_reached":56,"language":"ZHS","playtime":2216,"items_purged":["InformationCode"],"score":899,"play_id":"221a4b04-903b-463f-bdaf-c3290430eb08","local_time":"20210119224114","is_ascension_mode":false,"campfire_choices":[{"floor":15.0,"key":"REST"},{"data":"LifeForTheDareDevil","floor":32.0,"key":"SMITH"},{"floor":41.0,"key":"REST"},{"floor":46.0,"key":"RECALL"},{"floor":49.0,"key":"REST"}],"circlet_count":0,"master_deck":["SpecialBullet","SpecialBullet","SpecialBullet","SpecialBullet","SpecialBullet","SpecialBullet","SpecialBullet","SecurityCode","ControlCode","OldLady","Wingbeat","Wingbeat","CrumblingArmor","UniverseFragment","Twilight","Scorched","ExtractionCode","Ghostly","Ghostly","Ghostly","Ghostly","Ghostly","Variant","LifeForTheDareDevil+1","WristCuter","QueenOfHatred","OSAHOGD","SpiderBud","SomewhereSpear+1","Regret_ego+1","WristCuter+1","DisciplinaryCode","WristCuter+1","WristCuter+1","FeatherOfHonor+1","Twilight+1"],"relics":["CogitoBucket","NeowsBlessing","Darkstone Periapt","Smiling Mask","GremlinMask","Omamori","Ectoplasm","Sling","Mummified Hand","Matryoshka","Art of War","Dream Catcher","Bronze Scales","AspirationHeart","Fusion Hammer","Red Mask","Toy Ornithopter","PreservedInsect","Unceasing Top","Mercury Hourglass"],"acts_visited":["Exordium","TheCity","TheBeyond"],"potions_floor_usage":[],"damage_taken":[{"damage":0.0,"enemies":"2 Louse","floor":1.0,"turns":1.0},{"damage":0.0,"enemies":"Cultist","floor":4.0,"turns":1.0},{"damage":0.0,"enemies":"3 Sentries","floor":6.0,"turns":1.0},{"damage":2.0,"enemies":"Small Slimes","floor":8.0,"turns":3.0},{"damage":25.0,"enemies":"Gremlin Nob","floor":11.0,"turns":4.0},{"damage":51.0,"enemies":"Exordium Thugs","floor":13.0,"turns":5.0},{"damage":8.0,"enemies":"Lots of Slimes","floor":14.0,"turns":5.0},{"damage":49.0,"enemies":"Hexaghost","floor":16.0,"turns":7.0},{"damage":14.0,"enemies":"Shell Parasite","floor":18.0,"turns":4.0},{"damage":17.0,"enemies":"Spheric Guardian","floor":21.0,"turns":4.0},{"damage":5.0,"enemies":"Gremlin Leader","floor":23.0,"turns":5.0},{"damage":16.0,"enemies":"Shelled Parasite and Fungi","floor":24.0,"turns":6.0},{"damage":7.0,"enemies":"Book of Stabbing","floor":25.0,"turns":7.0},{"damage":14.0,"enemies":"Centurion and Healer","floor":28.0,"turns":3.0},{"damage":1.0,"enemies":"Slavers","floor":29.0,"turns":2.0},{"damage":0.0,"enemies":"Snake Plant","floor":30.0,"turns":3.0},{"damage":0.0,"enemies":"3 Cultists","floor":31.0,"turns":4.0},{"damage":12.0,"enemies":"Automaton","floor":33.0,"turns":6.0},{"damage":30.0,"enemies":"3 Darklings","floor":35.0,"turns":5.0},{"damage":0.0,"enemies":"Orb Walker","floor":37.0,"turns":2.0},{"damage":20.0,"enemies":"2 Orb Walkers","floor":40.0,"turns":3.0},{"damage":0.0,"enemies":"Maw","floor":42.0,"turns":5.0},{"damage":0.0,"enemies":"Giant Head","floor":44.0,"turns":4.0},{"damage":0.0,"enemies":"3 Darklings","floor":45.0,"turns":3.0},{"damage":22.0,"enemies":"Sphere and 2 Shapes","floor":47.0,"turns":3.0},{"damage":0.0,"enemies":"Spire Growth","floor":48.0,"turns":2.0},{"damage":34.0,"enemies":"Awakened One","floor":50.0,"turns":7.0},{"damage":32.0,"enemies":"Malkuth","floor":53.0,"turns":9.0},{"damage":24.0,"enemies":"Netzach","floor":53.0,"turns":8.0}],"seed_played":"1500911","potions_obtained":[{"floor":1.0,"key":"Strength Potion"},{"floor":8.0,"key":"SmokeBomb"},{"floor":11.0,"key":"BlessingOfTheForge"},{"floor":23.0,"key":"SmokeBomb"},{"floor":30.0,"key":"LiquidMemories"}],"is_trial":false,"path_per_floor":["M","?","$","M","?","E","R","M","T","?","E","R","M","M","R","B",null,"M","$","?","M","?","E","M","E","T","$","M","E","M","M","R","B",null,"M","?","M","?","T","?","R","M","T","E","M","R","M","M","R","B",null,null,null,null,null,null,null],"character_chosen":"Angela","items_purchased":["Wingbeat","Sling","WristCuter"],"campfire_rested":3,"item_purchase_floors":[3,19,27],"current_hp_per_floor":[70,70,70,70,75,75,75,75,75,75,61,61,21,28,51,17,79,83,83,41,39,39,45,29,40,40,40,30,39,39,56,56,56,67,43,43,43,43,43,29,49,61,61,67,67,67,51,51,67,38,38,38,36,36,36],"gold":0,"neow_bonus":"THREE_ENEMY_KILL","is_daily":false,"chose_seed":true,"campfire_upgraded":1,"win_rate":0.0,"timestamp":1611067274,"path_taken":["M","?","$","?","?","E","R","M","T","?","E","R","M","M","R","BOSS","M","?","?","M","?","E","M","E","T","?","?","E","M","M","R","BOSS","M","?","M","?","?","?","R","?","T","E","M","R","M","M","R","BOSS"],"items_purchased_type":["Card","Relic","Card"],"build_version":"2020-12-22","purchased_purges":1,"victory":true,"max_hp_per_floor":[70,70,70,70,75,75,75,75,75,75,75,75,75,79,79,79,79,83,83,41,41,41,45,45,45,45,45,49,53,53,67,67,67,67,67,67,67,67,67,67,67,67,67,67,67,67,67,67,67,67,67,67,67,67,67],"card_choices":[{"not_picked":["VoidDream","MHz"],"picked":"OldLady","floor":1.0},{"not_picked":["Beak","Reverberation"],"picked":"SKIP","floor":1.0},{"not_picked":["Loneliness"],"picked":"Wingbeat","floor":4.0},{"not_picked":["Wellcheers","PunishingBird"],"picked":"CrumblingArmor","floor":4.0},{"not_picked":["Horn","Galaxy"],"picked":"SKIP","floor":6.0},{"not_picked":["Beak","SwordSharpenedByTears"],"picked":"SKIP","floor":8.0},{"not_picked":["FourthMatchFlame","Laetitia_ego"],"picked":"SKIP","floor":11.0},{"not_picked":["RapturousDream","Noise"],"picked":"SKIP","floor":13.0},{"not_picked":["DespairKnight","Murderer"],"picked":"UniverseFragment","floor":14.0},{"not_picked":["FrostShard","SolemnVow"],"picked":"SKIP","floor":14.0},{"not_picked":["DaCapo"],"picked":"Twilight","floor":16.0},{"not_picked":["BeautyBeast","LittleHelper"],"picked":"Scorched","floor":18.0},{"not_picked":["Lantern","SomewhereSpear"],"picked":"SKIP","floor":18.0},{"not_picked":["CUTE","FourthMatchFlame+1"],"picked":"SKIP","floor":21.0},{"not_picked":["PunishingBird","FairyFestival"],"picked":"Variant","floor":23.0},{"not_picked":["CherryBlossom","TodaysExpression"],"picked":"SKIP","floor":23.0},{"not_picked":["MagicBullet","Penitence"],"picked":"SKIP","floor":24.0},{"not_picked":["Hypocrisy"],"picked":"LifeForTheDareDevil","floor":25.0},{"not_picked":["Pleasure","CUTE+1"],"picked":"SKIP","floor":25.0},{"not_picked":["CherryBlossoms","BigBadWolf"],"picked":"QueenOfHatred","floor":28.0},{"not_picked":["Hypocrisy","Loneliness"],"picked":"SKIP","floor":28.0},{"not_picked":["DespairKnight","Bloodbath"],"picked":"OSAHOGD","floor":29.0},{"not_picked":["Beak","Penitence","Adoration"],"picked":"SKIP","floor":29.0},{"not_picked":["Wingbeat","CUTE","Penitence"],"picked":"SKIP","floor":30.0},{"not_picked":["QueenBee","Woodsman","DreamingCurrent"],"picked":"Singing Bowl","floor":31.0},{"not_picked":["SnowQueen","QueenBee"],"picked":"SpiderBud","floor":31.0},{"not_picked":["CUTE","GreenStem+1","Horn"],"picked":"SKIP","floor":31.0},{"not_picked":["Yin","SilentOrchestra","Murderer"],"picked":"Singing Bowl","floor":33.0},{"not_picked":["RedEyes","Heaven"],"picked":"SomewhereSpear+1","floor":35.0},{"not_picked":["PunishingBird","SingingMachine","BlackSwan"],"picked":"Singing Bowl","floor":35.0},{"not_picked":["Murderer","MeatLantern","HappyTeddy"],"picked":"Singing Bowl","floor":37.0},{"not_picked":["Horn+1","Adoration+1","SomewhereSpear+1"],"picked":"SKIP","floor":37.0},{"not_picked":["RedEyes+1","Lantern+1"],"picked":"Regret_ego+1","floor":40.0},{"not_picked":["RedEyes+1","Spore+1"],"picked":"WristCuter+1","floor":41.0},{"not_picked":["Noise+1","Mimicry+1"],"picked":"WristCuter+1","floor":42.0},{"not_picked":["Penitence+1","ScreamingWedge+1"],"picked":"WristCuter+1","floor":44.0},{"not_picked":["CENSORED","BlackArmy","NothingThere"],"picked":"Singing Bowl","floor":44.0},{"not_picked":["Beak+1","SomewhereSpear+1"],"picked":"FeatherOfHonor+1","floor":45.0},{"not_picked":["GalaxyChild","Rudolta","Funeral"],"picked":"Singing Bowl","floor":47.0},{"not_picked":["DaCapo+1","CUTE+1","Penitence+1"],"picked":"SKIP","floor":47.0},{"not_picked":["Penitence+1","Loneliness+1"],"picked":"Twilight+1","floor":48.0}],"player_experience":106439,"relics_obtained":[{"floor":6.0,"key":"Darkstone Periapt"},{"floor":9.0,"key":"Smiling Mask"},{"floor":11.0,"key":"Omamori"},{"floor":23.0,"key":"Mummified Hand"},{"floor":25.0,"key":"Matryoshka"},{"floor":26.0,"key":"Art of War"},{"floor":26.0,"key":"Dream Catcher"},{"floor":29.0,"key":"Bronze Scales"},{"floor":39.0,"key":"Toy Ornithopter"},{"floor":39.0,"key":"PreservedInsect"},{"floor":40.0,"key":"Unceasing Top"},{"floor":44.0,"key":"Mercury Hourglass"}],"event_choices":[{"cards_removed":["SpecialBullet"],"damage_healed":0.0,"max_hp_gain":0.0,"max_hp_loss":0.0,"gold_gain":0.0,"event_name":"Purifier","player_choice":"Purged","floor":2.0,"gold_loss":0.0,"damage_taken":0.0},{"damage_healed":0.0,"max_hp_gain":5.0,"max_hp_loss":0.0,"gold_gain":0.0,"event_name":"Big Fish","player_choice":"Donut","floor":5.0,"gold_loss":0.0,"damage_taken":0.0},{"damage_healed":0.0,"max_hp_gain":0.0,"max_hp_loss":0.0,"gold_gain":0.0,"event_name":"FaceTrader","player_choice":"Trade","floor":10.0,"gold_loss":0.0,"damage_taken":0.0,"relics_obtained":["GremlinMask"]},{"damage_healed":0.0,"max_hp_gain":0.0,"max_hp_loss":42.0,"gold_gain":0.0,"event_name":"Ghosts","player_choice":"Became a Ghost","floor":20.0,"gold_loss":0.0,"damage_taken":0.0,"cards_obtained":["Ghostly","Ghostly","Ghostly","Ghostly","Ghostly"]},{"damage_healed":0.0,"max_hp_gain":0.0,"max_hp_loss":0.0,"gold_gain":0.0,"event_name":"The Woman in Blue","player_choice":"Bought 0 Potions","floor":22.0,"gold_loss":0.0,"damage_taken":0.0},{"damage_healed":0.0,"max_hp_gain":0.0,"max_hp_loss":0.0,"gold_gain":0.0,"event_name":"SensoryStone","player_choice":"Memory 1","floor":36.0,"gold_loss":0.0,"damage_taken":0.0},{"damage_healed":0.0,"max_hp_gain":0.0,"max_hp_loss":0.0,"gold_gain":0.0,"event_name":"Tomb of Lord Red Mask","player_choice":"Paid","floor":38.0,"gold_loss":15.0,"damage_taken":0.0,"relics_obtained":["Red Mask"]},{"damage_healed":0.0,"max_hp_gain":0.0,"max_hp_loss":0.0,"gold_gain":0.0,"event_name":"Mysterious Sphere","player_choice":"Fight","floor":40.0,"gold_loss":0.0,"damage_taken":0.0}],"is_beta":false,"boss_relics":[{"not_picked":["Snecko Eye","Astrolabe"],"picked":"Ectoplasm"},{"not_picked":["SacredBark","Velvet Choker"],"picked":"Fusion Hammer"}],"items_purged_floors":[19],"is_endless":false,"potions_floor_spawned":[1,8,11,13,21,23,29,30,42,47],"ascension_level":0}}