{"host":"kxs97zan5mba52e6","time":1611040098,"event":{"mods":["100% Spire Juice","A Magickal Journey","BaseMod","Better Third Choice","BetterRewards","Colored Map","Downfall","Hermit","Magitek Elite","Marisa????????","Minty Spire (QoL Compilation)","Shade Mod","StSLib","The Alterego","The Animator","The Bladedancer","The Bug Knight","The Cursed","The Death Knight","The Dragon Tamer","The Forsaken","The Judge","The Necromancer","The Runesmith","The Senshi","The Servant 0.9.4"],"gold_per_floor":[109,135,135,39,39,83,95,115,115,144,157,157,177,194,194,315,315,331,331,352,393,413,413,452,402,402,402,443,462,481,17,17,142,142,159,227,227,239,239,239,44,44,44,44,44,66,99,110,110,134],"floor_reached":51,"language":"ENG","playtime":4880,"items_purged":[],"score":701,"play_id":"c3790950-59d2-4444-82af-e16993671f89","local_time":"20210119020818","is_ascension_mode":false,"campfire_choices":[{"data":"animator:Vanir","floor":12,"key":"SMITH"},{"floor":15,"key":"REST"},{"floor":23,"key":"REST"},{"floor":27,"key":"REST"},{"floor":32,"key":"REST"},{"floor":40,"key":"REST"},{"data":"animator:Megumin+3","floor":44,"key":"SMITH"},{"data":"animator:Ainz","floor":49,"key":"SMITH"}],"circlet_count":0,"master_deck":["animator:Strike_Konosuba","animator:Defend_Konosuba","animator:Strike","animator:Strike+1","animator:Strike","animator:Defend","animator:Defend","animator:Defend","animator:Kazuma","animator:Aqua+1","animator:DwarfShaman","animator:Verdia","animator:Verdia","animator:TukaLunaMarceau","animator:DolaSchwi","animator:Shigure","animator:Kazuma","animator:Mikaela","animator:Vanir+1","animator:Benimaru+1","animator:YunYun+1","animator:Aqua","animator:Darkness","animator:Chris+1","animator:Vanir+1","animator:Vanir+1","animator:GoblinSlayer+1","animator:Entoma+3","animator:LizardPriest","animator:Shuna","animator:YunYun+1","animator:Ainz+1","animator:Megumin+7","animator:HighElfArcher+1","animator:Witch","animator:Shizu+1","animator:DolaSchwi+1","animator:Mitsuba+1","animator:Yuuichirou+1","animator:HigakiRinne","Parasite","animator:Millim+1","animator:Shiro"],"relics":["animator:LivingPicture","animator:TheMissingPiece","NeowsBlessing","Molten Egg 2","Vajra","theForsaken:PaleLantern","alterego_mod:SomeoneToFightFor","Red Mask","Mummified Hand","Guard_Bracelet","TheAbacus","CaptainsWheel","Black Star","Lizard Tail","Medical Kit","Pantograph","animator:WornHelmet","theSenshi:SailorFukuRelic"],"acts_visited":["Exordium","TheCity","TheBeyond"],"potions_floor_usage":[13,16,18,24,24,24,29,30,33,47,50],"damage_taken":[{"damage":0,"enemies":"Cultist","floor":1,"turns":1},{"damage":0,"enemies":"2 Louse","floor":2,"turns":1},{"damage":0,"enemies":"3 Sentries","floor":6,"turns":1},{"damage":11,"enemies":"Jaw Worm","floor":7,"turns":2},{"damage":15,"enemies":"Exordium Thugs","floor":8,"turns":4},{"damage":3,"enemies":"Looter","floor":10,"turns":3},{"damage":0,"enemies":"3 Louse","floor":11,"turns":1},{"damage":16,"enemies":"Gremlin Gang","floor":13,"turns":4},{"damage":0,"enemies":"Red Slaver","floor":14,"turns":4},{"damage":39,"enemies":"The Guardian","floor":16,"turns":9},{"damage":8,"enemies":"3 Byrds","floor":18,"turns":3},{"damage":12,"enemies":"2 Thieves","floor":20,"turns":4},{"damage":39,"enemies":"Masked Bandits","floor":21,"turns":6},{"damage":18,"enemies":"Chosen and Byrds","floor":22,"turns":7},{"damage":40,"enemies":"Gremlin Leader","floor":24,"turns":6},{"damage":18,"enemies":"Snake Plant","floor":28,"turns":4},{"damage":0,"enemies":"Centurion and Healer","floor":29,"turns":3},{"damage":0,"enemies":"3 Cultists","floor":30,"turns":3},{"damage":30,"enemies":"Collector","floor":33,"turns":9},{"damage":13,"enemies":"3 Shapes","floor":35,"turns":4},{"damage":0,"enemies":"Mind Bloom Boss Battle","floor":36,"turns":6},{"damage":47,"enemies":"3 Darklings","floor":38,"turns":5},{"damage":16,"enemies":"Writhing Mass","floor":46,"turns":5},{"damage":21,"enemies":"HollowMod:StalkingDevout","floor":47,"turns":8},{"damage":1,"enemies":"4 Shapes","floor":48,"turns":3},{"damage":91,"enemies":"Time Eater","floor":50,"turns":11}],"seed_played":"8686648109195005306","potions_obtained":[{"floor":1,"key":"Regen Potion"},{"floor":11,"key":"Strength Potion"},{"floor":13,"key":"SpeedPotion"},{"floor":14,"key":"LiquidMemories"},{"floor":16,"key":"LiquidBronze"},{"floor":18,"key":"SpeedPotion"},{"floor":22,"key":"Strength Potion"},{"floor":28,"key":"DuplicationPotion"},{"floor":29,"key":"Fire Potion"},{"floor":30,"key":"SkillPotion"},{"floor":36,"key":"Dexterity Potion"},{"floor":38,"key":"Strength Potion"}],"is_trial":false,"path_per_floor":["M","M","?","$","?","E","M","M","T","M","M","R","M","M","R","B",null,"M","?","M","?","M","R","E","?","T","R","M","M","M","$","R","B",null,"M","?","?","M","?","R","$","?","T","R","$","M","E","M","R","B",null],"character_chosen":"THE_ANIMATOR","items_purchased":["animator:Verdia","animator:TukaLunaMarceau","TheAbacus","CaptainsWheel","Medical Kit","Explosive Potion"],"campfire_rested":5,"item_purchase_floors":[4,4,31,31,41,41],"current_hp_per_floor":[66,66,53,53,53,53,43,31,31,33,34,34,35,40,60,26,68,63,63,54,21,22,42,9,9,9,30,19,33,57,57,71,41,71,58,73,73,48,39,61,61,61,61,61,61,55,74,74,74,37],"gold":134,"neow_bonus":"THREE_ENEMY_KILL","is_daily":false,"chose_seed":false,"campfire_upgraded":3,"win_rate":0.0,"timestamp":1611040098,"path_taken":["M","?","?","$","?","E","M","M","T","M","?","R","M","M","R","BOSS","M","?","M","?","M","R","E","?","T","R","M","?","M","$","R","BOSS","M","?","?","M","?","R","$","?","T","R","$","M","E","?","R","BOSS"],"items_purchased_type":["Card","Card","Relic","Relic","Relic","Potion"],"build_version":"2020-12-22","purchased_purges":0,"victory":true,"max_hp_per_floor":[66,66,66,66,66,66,67,67,67,67,68,68,68,68,68,68,68,68,68,68,69,69,69,71,71,71,71,71,71,71,71,71,71,71,71,73,73,74,74,74,74,74,74,74,74,75,75,75,75,75],"card_choices":[{"not_picked":["animator:CowGirl","animator:Hakurou"],"picked":"animator:DwarfShaman","floor":1},{"not_picked":["animator:Shion","animator:LizardPriest"],"picked":"animator:Verdia","floor":2},{"not_picked":["animator:Vanir+1","animator:Evileye"],"picked":"animator:Benimaru+1","floor":6},{"not_picked":["animator:Darkness","animator:Verdia"],"picked":"animator:YunYun+1","floor":7},{"not_picked":["animator:SwordMaiden","animator:Kuribayashi+1"],"picked":"animator:Aqua","floor":8},{"not_picked":["animator:Kuribayashi+1","animator:Yoichi"],"picked":"animator:Darkness","floor":10},{"not_picked":["animator:TukaLunaMarceau","animator:Darkness"],"picked":"animator:Chris+1","floor":11},{"not_picked":["animator:Verdia","animator:Darkness"],"picked":"animator:Vanir+1","floor":13},{"not_picked":["animator:Verdia","animator:Shalltear+1"],"picked":"animator:Vanir+1","floor":14},{"not_picked":["animator:Sora","animator:Eris"],"picked":"animator:GoblinSlayer+1","floor":16},{"not_picked":["animator:Shigure+1","animator:Priestess"],"picked":"animator:Entoma+1","floor":18},{"not_picked":["animator:DolaSchwi+1","animator:Kuribayashi+1"],"picked":"animator:LizardPriest","floor":20},{"not_picked":["animator:Jibril+1","animator:DolaStephanie"],"picked":"animator:Shuna","floor":21},{"not_picked":["animator:Verdia","animator:Chris+1"],"picked":"animator:YunYun+1","floor":22},{"not_picked":["animator:Evileye","animator:YaoHaDucy+1"],"picked":"animator:Ainz","floor":24},{"not_picked":["animator:DolaCouronne","animator:Tet"],"picked":"animator:Megumin+1","floor":28},{"not_picked":["animator:Hakurou+1","animator:FielNirvalen+1"],"picked":"animator:HighElfArcher+1","floor":29},{"not_picked":["animator:CowGirl","animator:GuildGirl"],"picked":"animator:Witch","floor":30},{"not_picked":["animator:Rimuru","animator:Wiz"],"picked":"animator:Shizu+1","floor":33},{"not_picked":["animator:Vanir+1","animator:HiiragiShinya+1"],"picked":"animator:DolaSchwi+1","floor":35},{"not_picked":["animator:Yoichi+1","animator:Mikaela+1"],"picked":"animator:Mitsuba+1","floor":36},{"not_picked":["animator:Entoma+1","animator:YaoHaDucy+1"],"picked":"animator:Yuuichirou+1","floor":38},{"not_picked":["animator:Chris+1","animator:Souei"],"picked":"animator:Millim+1","floor":46},{"not_picked":["animator:Chris+1","animator:Aqua"],"picked":"animator:Megumin+1","floor":47},{"not_picked":["animator:Mikaela+1","animator:Sebas"],"picked":"animator:Shiro","floor":48}],"player_experience":22324,"relics_obtained":[{"floor":6,"key":"Molten Egg 2"},{"floor":9,"key":"Vajra"},{"floor":21,"key":"Red Mask"},{"floor":24,"key":"Mummified Hand"},{"floor":26,"key":"Guard_Bracelet"},{"floor":36,"key":"Lizard Tail"},{"floor":43,"key":"Pantograph"},{"floor":47,"key":"animator:WornHelmet"},{"floor":47,"key":"theSenshi:SailorFukuRelic"}],"event_choices":[{"damage_healed":66,"gold_gain":0,"player_choice":"Upgrade","damage_taken":13,"max_hp_gain":0,"max_hp_loss":66,"event_name":"betterThird:BetterShining","floor":3,"gold_loss":0,"cards_upgraded":["animator:Strike","animator:Aqua"]},{"damage_healed":0,"gold_gain":0,"player_choice":"Choice 2","damage_taken":0,"relics_obtained":["alterego_mod:SomeoneToFightFor"],"max_hp_gain":0,"max_hp_loss":0,"event_name":"Secret Garden","floor":19,"gold_loss":0},{"damage_healed":0,"gold_gain":0,"player_choice":"Fought Bandits","damage_taken":0,"max_hp_gain":0,"max_hp_loss":0,"event_name":"Masked Bandits","floor":21,"gold_loss":0},{"damage_healed":0,"gold_gain":0,"player_choice":"Bet on Murderer","damage_taken":0,"max_hp_gain":0,"max_hp_loss":0,"event_name":"The Joust","floor":25,"gold_loss":50},{"damage_healed":0,"gold_gain":0,"player_choice":"Fight","damage_taken":0,"max_hp_gain":0,"max_hp_loss":0,"event_name":"MindBloom","floor":36,"gold_loss":0},{"damage_healed":0,"gold_gain":0,"player_choice":"Ignored","damage_taken":0,"max_hp_gain":0,"max_hp_loss":0,"event_name":"OrinTheCat","floor":37,"gold_loss":0},{"damage_healed":0,"gold_gain":0,"player_choice":"Embrace Madness","damage_taken":9,"max_hp_gain":0,"max_hp_loss":0,"event_name":"Winding Halls","floor":39,"gold_loss":0,"cards_obtained":["animator:HigakiRinne"]},{"cards_removed":["Wraith"],"damage_healed":0,"gold_gain":0,"player_choice":"Removed Curses","damage_taken":0,"max_hp_gain":0,"max_hp_loss":0,"event_name":"Fountain of Cleansing","floor":42,"gold_loss":0}],"is_beta":false,"boss_relics":[{"not_picked":["Runesmith:UraniumAnvil","Sozu"],"picked":"theForsaken:PaleLantern"},{"not_picked":["Runic Dome","Golden_Hairpin"],"picked":"Black Star"}],"items_purged_floors":[],"is_endless":false,"potions_floor_spawned":[1,11,13,14,16,18,22,28,29,30,36,38],"ascension_level":0}}