{"host":"bsjxazy3oyu2p5p6","time":1611034306,"event":{"mods":["AchievementEnabler","BaseMod","Colored Map","Colored Powertips","Minty Spire (QoL Compilation)"],"gold_per_floor":[113,129,3,178,178,178,203,232,232,248,274,287,17,37,37,132,132,145,145,145,145,163,163,262,16,16,29,53,53,64,81,81,179,179,197,297,315,364,364,364,378,393,393,155,174,174,174,193,193,193],"floor_reached":51,"language":"ENG","playtime":3030,"items_purged":[],"score":807,"play_id":"350c9dbf-94a2-4256-83ee-ce8a14a38c09","local_time":"20210118223146","is_ascension_mode":false,"campfire_choices":[{"data":"Eruption","floor":6,"key":"SMITH"},{"data":"Fasting2","floor":15,"key":"SMITH"},{"floor":23,"key":"REST"},{"data":"Prostrate","floor":32,"key":"SMITH"},{"data":"DevaForm","floor":40,"key":"SMITH"},{"floor":47,"key":"REST"},{"data":"TalkToTheHand","floor":49,"key":"SMITH"}],"circlet_count":0,"master_deck":["Strike_P+1","Strike_P+1","Strike_P+1","Strike_P+1","Defend_P+1","Defend_P+1","Defend_P+1","Defend_P+1","Eruption+1","Vigilance","JustLucky+1","BowlingBash","MasterReality","Consecrate+1","FearNoEvil+1","Prostrate+1","TalkToTheHand+1","ReachHeaven+1","MentalFortress","Judgement+1","CutThroughFate+1","Fasting2+1","LessonLearned+1","CurseOfTheBell","PathToVictory+1","Necronomicurse","JustLucky+1","FlurryOfBlows+1","CrushJoints+1","Prostrate+1","DevaForm+1","FollowUp+1","ReachHeaven+1","Evaluate+1","EmptyBody","SashWhip+1","BattleHymn+1","CrushJoints+1"],"relics":["HolyWater","NeowsBlessing","Happy Flower","Odd Mushroom","Sundial","Molten Egg 2","Lee\u0027s Waffle","Calling Bell","Anchor","InkBottle","Dead Branch","Necronomicon","Eternal Feather","Mummified Hand","Oddly Smooth Stone","Mango","The Courier","Pear","Bottled Tornado"],"acts_visited":["TheCity","TheBeyond"],"potions_floor_usage":[8,14,16,18,33,33,38,50,50],"damage_taken":[{"damage":0,"enemies":"2 Louse","floor":1,"turns":1},{"damage":0,"enemies":"Jaw Worm","floor":2,"turns":1},{"damage":0,"enemies":"Gremlin Nob","floor":7,"turns":1},{"damage":4,"enemies":"The Mushroom Lair","floor":8,"turns":2},{"damage":0,"enemies":"Small Slimes","floor":10,"turns":1},{"damage":22,"enemies":"3 Sentries","floor":11,"turns":4},{"damage":0,"enemies":"2 Fungi Beasts","floor":12,"turns":3},{"damage":0,"enemies":"Large Slime","floor":14,"turns":2},{"damage":30,"enemies":"Hexaghost","floor":16,"turns":8},{"damage":20,"enemies":"Shell Parasite","floor":18,"turns":3},{"damage":0,"enemies":"Chosen","floor":22,"turns":3},{"damage":0,"enemies":"3 Cultists","floor":27,"turns":3},{"damage":3,"enemies":"Snake Plant","floor":30,"turns":3},{"damage":0,"enemies":"Chosen and Byrds","floor":31,"turns":3},{"damage":0,"enemies":"Champ","floor":33,"turns":3},{"damage":9,"enemies":"3 Darklings","floor":35,"turns":4},{"damage":0,"enemies":"Orb Walker","floor":37,"turns":3},{"damage":0,"enemies":"2 Orb Walkers","floor":38,"turns":3},{"damage":15,"enemies":"Transient","floor":41,"turns":5},{"damage":21,"enemies":"Maw","floor":42,"turns":5},{"damage":0,"enemies":"Spire Growth","floor":45,"turns":2},{"damage":0,"enemies":"Transient","floor":48,"turns":5},{"damage":23,"enemies":"Donu and Deca","floor":50,"turns":6}],"seed_played":"-6423927466921035007","potions_obtained":[{"floor":2,"key":"StancePotion"},{"floor":8,"key":"LiquidMemories"},{"floor":10,"key":"GamblersBrew"},{"floor":11,"key":"Energy Potion"},{"floor":22,"key":"Block Potion"},{"floor":30,"key":"StancePotion"},{"floor":31,"key":"BottledMiracle"},{"floor":38,"key":"SneckoOil"},{"floor":48,"key":"Fire Potion"}],"is_trial":false,"path_per_floor":["M","M","$","?","?","R","E","?","T","M","E","M","$","M","R","B",null,"M","?","?","?","M","R","?","$","T","M","T","?","M","M","R","B",null,"M","?","M","?","?","R","M","M","T","$","M","T","R","M","R","B",null],"character_chosen":"WATCHER","items_purchased":["MasterReality","Consecrate","Lee\u0027s Waffle","Judgement","CutThroughFate+1","Eternal Feather","Pear","Strength Potion"],"campfire_rested":2,"item_purchase_floors":[3,3,13,13,13,25,44,44],"current_hp_per_floor":[72,72,72,72,72,72,72,68,68,68,46,46,79,79,79,49,79,59,43,43,43,43,66,66,66,66,66,66,79,76,76,79,79,79,70,70,70,84,84,93,78,57,57,67,67,67,103,103,103,80],"gold":193,"neow_bonus":"THREE_ENEMY_KILL","is_daily":false,"chose_seed":false,"campfire_upgraded":5,"win_rate":0.0,"timestamp":1611034306,"path_taken":["M","M","$","?","?","R","E","?","T","M","E","M","$","M","R","BOSS","M","?","?","?","?","R","?","?","T","M","?","?","M","M","R","BOSS","M","?","?","?","?","R","?","M","T","$","M","?","R","M","R","BOSS"],"items_purchased_type":["Card","Card","Relic","Card","Card","Relic","Relic","Potion"],"build_version":"2020-12-22","purchased_purges":0,"victory":true,"max_hp_per_floor":[72,72,72,72,72,72,72,72,72,72,72,72,79,79,79,79,79,79,79,79,79,79,79,79,79,79,79,79,79,79,79,79,79,79,79,79,79,93,93,93,93,93,93,103,103,103,103,103,103,103],"card_choices":[{"not_picked":["Halt","FlyingSleeves"],"picked":"JustLucky","floor":1},{"not_picked":["InnerPeace","Evaluate"],"picked":"BowlingBash","floor":2},{"not_picked":["WreathOfFlame","Conclude"],"picked":"FearNoEvil","floor":7},{"not_picked":["SignatureMove","FlurryOfBlows"],"picked":"Prostrate","floor":8},{"not_picked":["EmptyBody","FearNoEvil"],"picked":"TalkToTheHand","floor":10},{"not_picked":["CarveReality+1","WindmillStrike+1"],"picked":"ReachHeaven+1","floor":11},{"not_picked":["Prostrate","CrushJoints+1"],"picked":"MentalFortress","floor":12},{"not_picked":["Protect","CutThroughFate+1"],"picked":"Fasting2","floor":14},{"not_picked":["Judgement","MasterReality"],"picked":"LessonLearned+1","floor":16},{"not_picked":["Perseverance","SandsOfTime+1"],"picked":"PathToVictory","floor":18},{"not_picked":["CrushJoints+1","CutThroughFate+1"],"picked":"JustLucky+1","floor":22},{"not_picked":["WheelKick+1","InnerPeace"],"picked":"FlurryOfBlows+1","floor":27},{"not_picked":["EmptyMind+1","BowlingBash+1"],"picked":"CrushJoints+1","floor":30},{"not_picked":["ThirdEye+1","FearNoEvil+1"],"picked":"Prostrate+1","floor":31},{"not_picked":["Establishment","SpiritShield"],"picked":"DevaForm","floor":33},{"not_picked":["FlyingSleeves+1","Consecrate+1"],"picked":"FollowUp+1","floor":35},{"not_picked":["WindmillStrike+1","BowlingBash+1"],"picked":"ReachHeaven+1","floor":37},{"not_picked":["CutThroughFate+1","FlurryOfBlows+1"],"picked":"Evaluate+1","floor":38},{"not_picked":["Crescendo+1","ClearTheMind"],"picked":"EmptyBody","floor":41},{"not_picked":["ThirdEye+1","Halt+1"],"picked":"SashWhip+1","floor":42},{"not_picked":["Conclude+1","ClearTheMind"],"picked":"BattleHymn+1","floor":45},{"not_picked":["ThirdEye","Protect+1"],"picked":"CrushJoints+1","floor":48}],"player_experience":487914,"relics_obtained":[{"floor":7,"key":"Happy Flower"},{"floor":8,"key":"Odd Mushroom"},{"floor":9,"key":"Sundial"},{"floor":11,"key":"Molten Egg 2"},{"floor":17,"key":"Anchor"},{"floor":17,"key":"InkBottle"},{"floor":17,"key":"Dead Branch"},{"floor":19,"key":"Necronomicon"},{"floor":26,"key":"Mummified Hand"},{"floor":28,"key":"Oddly Smooth Stone"},{"floor":38,"key":"Mango"},{"floor":43,"key":"The Courier"},{"floor":46,"key":"Bottled Tornado"}],"event_choices":[{"damage_healed":0,"gold_gain":175,"player_choice":"AGREE","damage_taken":0,"max_hp_gain":0,"max_hp_loss":0,"event_name":"Liars Game","floor":4,"gold_loss":0,"cards_obtained":["Doubt"]},{"cards_removed":["Doubt"],"damage_healed":0,"gold_gain":0,"player_choice":"Forget","damage_taken":0,"max_hp_gain":0,"max_hp_loss":0,"event_name":"Living Wall","floor":5,"gold_loss":0},{"damage_healed":0,"gold_gain":0,"player_choice":"Fought Mushrooms","damage_taken":0,"max_hp_gain":0,"max_hp_loss":0,"event_name":"Mushrooms","floor":8,"gold_loss":0},{"damage_healed":0,"gold_gain":0,"player_choice":"Obtained Book","damage_taken":16,"max_hp_gain":0,"max_hp_loss":0,"event_name":"Cursed Tome","floor":19,"gold_loss":0},{"damage_healed":0,"gold_gain":0,"player_choice":"Simplicity","damage_taken":0,"max_hp_gain":0,"max_hp_loss":0,"event_name":"Back to Basics","floor":20,"gold_loss":0,"cards_upgraded":["Strike_P","Strike_P","Strike_P","Strike_P","Defend_P","Defend_P","Defend_P","Defend_P"]},{"damage_healed":0,"gold_gain":0,"player_choice":"Forge","damage_taken":0,"max_hp_gain":0,"max_hp_loss":0,"event_name":"Accursed Blacksmith","floor":21,"gold_loss":0,"cards_upgraded":["Judgement"]},{"damage_healed":0,"gold_gain":99,"player_choice":"Stole From Cult","damage_taken":0,"max_hp_gain":0,"max_hp_loss":0,"event_name":"Nest","floor":24,"gold_loss":0},{"damage_healed":13,"gold_gain":0,"player_choice":"Full Heal","damage_taken":0,"max_hp_gain":0,"max_hp_loss":0,"event_name":"Wheel of Change","floor":29,"gold_loss":0},{"damage_healed":0,"gold_gain":100,"player_choice":"Pray","damage_taken":0,"max_hp_gain":0,"max_hp_loss":0,"event_name":"Golden Shrine","floor":36,"gold_loss":0},{"damage_healed":0,"gold_gain":0,"player_choice":"Fight","damage_taken":0,"max_hp_gain":0,"max_hp_loss":0,"event_name":"Mysterious Sphere","floor":38,"gold_loss":0},{"damage_healed":0,"gold_gain":0,"player_choice":"Ignored","damage_taken":0,"max_hp_gain":0,"max_hp_loss":0,"event_name":"SecretPortal","floor":39,"gold_loss":0}],"is_beta":false,"boss_relics":[{"not_picked":["Velvet Choker","Snecko Eye"],"picked":"Calling Bell"},{"not_picked":["SacredBark","Astrolabe"],"picked":"HolyWater"}],"items_purged_floors":[],"is_endless":false,"potions_floor_spawned":[2,8,10,11,22,30,31,38,48],"ascension_level":0}}