{"host":"g868zphnms2wggi3","time":1611067249,"event":{"mods":["Act Like it!","BaseMod","Colored Map","GifTheSpireLib","Lobotomy","LobotomyExtend","Minty Spire (QoL Compilation)","Reimu£®≤©¿ˆ¡È√Œ£©","StSLib"],"gold_per_floor":[111,121,140,155,172,172,172,191,218,234,244,244,244,98,98,98,98],"floor_reached":16,"language":"ZHS","playtime":1676,"items_purged":["Defend_G"],"score":96,"play_id":"7af34084-9df1-490c-9f4d-2a9e72ca132b","local_time":"20210119224049","is_ascension_mode":false,"campfire_choices":[{"floor":6,"key":"REST"},{"data":"Neutralize","floor":13,"key":"SMITH"},{"data":"Noxious Fumes","floor":15,"key":"SMITH"}],"circlet_count":0,"master_deck":["Strike_G","Strike_G","Strike_G","Strike_G","Defend_G+1","Defend_G","Defend_G","Defend_G","Survivor","Neutralize+1","Bloodbath","Outmaneuver+1","MeatLantern","RedShoes","OSAHOGD","Adrenaline","MHz","BlackSwan","UniverseFragment","Noxious Fumes+1"],"relics":["Ring of the Snake","CogitoBucket","LetterFromLob","RuthlessExorcism:ReiMu","Theresia","War Paint"],"acts_visited":["Exordium"],"potions_floor_usage":[],"damage_taken":[{"damage":0,"enemies":"2 Louse","floor":1,"turns":3},{"damage":1,"enemies":"Small Slimes","floor":2,"turns":4},{"damage":6,"enemies":"Cultist","floor":3,"turns":6},{"damage":50,"enemies":"Blue Slaver","floor":4,"turns":6},{"damage":12,"enemies":"Exordium Wildlife","floor":5,"turns":14},{"damage":89,"enemies":"Large Slime","floor":8,"turns":4},{"damage":2,"enemies":"3 Louse","floor":10,"turns":2},{"damage":2,"enemies":"Exordium Thugs","floor":11,"turns":4},{"damage":52,"enemies":"The Guardian","floor":16,"turns":1}],"seed_played":"-2363856371032227042","potions_obtained":[{"floor":4,"key":"Dexterity Potion"},{"floor":5,"key":"Fire Potion"},{"floor":10,"key":"Energy Potion"}],"is_trial":false,"path_per_floor":["M","M","M","M","M","R","?","M","T","M","M","?","R","$","R","B"],"character_chosen":"THE_SILENT","items_purchased":["Noxious Fumes"],"campfire_rested":1,"item_purchase_floors":[14],"current_hp_per_floor":[70,69,63,15,9,80,73,52,52,51,49,49,49,49,49,0,0],"gold":98,"neow_bonus":"","is_daily":false,"chose_seed":false,"campfire_upgraded":2,"win_rate":0.0,"timestamp":1611067249,"path_taken":["M","M","M","M","M","R","?","M","T","?","M","?","R","?","R","BOSS"],"items_purchased_type":["Card"],"build_version":"2020-12-22","purchased_purges":1,"victory":false,"max_hp_per_floor":[70,70,70,70,70,70,70,70,70,70,70,70,70,70,70,70,70],"card_choices":[{"not_picked":["ShyLook","HappyTeddy"],"picked":"Bloodbath","floor":1},{"not_picked":["Sucker Punch","Finisher"],"picked":"Outmaneuver","floor":1},{"not_picked":["Scorched","VoidDream"],"picked":"MeatLantern","floor":2},{"not_picked":["Blade Dance","Bane","Caltrops"],"picked":"SKIP","floor":2},{"not_picked":["Scarecrow","SpiderBud"],"picked":"RedShoes","floor":3},{"not_picked":["Endless Agony","Flying Knee","Wraith Form v2"],"picked":"SKIP","floor":3},{"not_picked":["Endless Agony","Flying Knee","Wraith Form v2"],"picked":"SKIP","floor":3},{"not_picked":["OSAHOGD","BeautyBeast"],"picked":"ShyLook","floor":4},{"not_picked":["Eviscerate","Quick Slash","Flying Knee"],"picked":"SKIP","floor":4},{"not_picked":["Eviscerate","Quick Slash","Flying Knee"],"picked":"SKIP","floor":4},{"not_picked":["Scorched","Woodsman"],"picked":"OSAHOGD","floor":5},{"not_picked":["Bouncing Flask","Tactician"],"picked":"Adrenaline","floor":5},{"not_picked":["BeautyBeast","Murderer"],"picked":"MHz","floor":8},{"not_picked":["Acrobatics","Riddle With Holes","All Out Attack"],"picked":"SKIP","floor":8},{"not_picked":["Acrobatics","Riddle With Holes","All Out Attack"],"picked":"SKIP","floor":8},{"not_picked":["OldLady","HeroicMonk"],"picked":"BlackSwan","floor":10},{"not_picked":["Bane","Crippling Poison","Slice"],"picked":"SKIP","floor":10},{"not_picked":["Bane","Crippling Poison","Slice"],"picked":"SKIP","floor":10},{"not_picked":["Scorched","SpiderBud"],"picked":"UniverseFragment","floor":11},{"not_picked":["Dagger Throw","Cloak And Dagger","Acrobatics"],"picked":"SKIP","floor":11},{"not_picked":["Dagger Throw","Cloak And Dagger","Acrobatics"],"picked":"SKIP","floor":11}],"player_experience":176617,"relics_obtained":[{"floor":1,"key":"LetterFromLob"},{"floor":9,"key":"War Paint"}],"event_choices":[{"damage_healed":0,"gold_gain":0,"player_choice":"Success","damage_taken":7,"relics_obtained":["RuthlessExorcism:ReiMu"],"max_hp_gain":0,"max_hp_loss":0,"event_name":"Scrap Ooze","floor":7,"gold_loss":0}],"is_beta":false,"boss_relics":[],"items_purged_floors":[14],"is_endless":false,"potions_floor_spawned":[4,5,10,11],"killed_by":"The Guardian","ascension_level":0}}