{"host":"3h5qf14xt40jhha0","time":1611038015,"event":{"mods":["AlwaysNeverKeys","BaseMod","Colored Powertips","Minty Spire (QoL Compilation)","Permanent Neow","Relic Stats","StSLib"],"gold_per_floor":[116,128,141,141,67,67,92,92,92,113,113,139,139,151,151,229,229,242,132,149,165,165,191,191,210,264,278,304,304,62,0,0,78,78,92,116,135,146,146,180,180,199,199,233,243,263,538,538,538,538,538,538,538,33,61,61],"floor_reached":57,"language":"ENG","playtime":3621,"items_purged":["Strike_G","Strike_G"],"score":3095,"play_id":"4029ea81-99b1-4741-8594-7be35e4c113c","local_time":"20210119013335","is_ascension_mode":true,"campfire_choices":[{"data":"Riddle With Holes","floor":6,"key":"SMITH"},{"data":"Acrobatics","floor":8,"key":"SMITH"},{"data":"Flying Knee","floor":11,"key":"SMITH"},{"floor":13,"key":"DIG"},{"floor":15,"key":"DIG"},{"floor":24,"key":"DIG"},{"floor":29,"key":"REST"},{"floor":32,"key":"DIG"},{"floor":41,"key":"RECALL"},{"data":"1","floor":49,"key":"LIFT"},{"data":"2","floor":53,"key":"LIFT"}],"circlet_count":0,"master_deck":["AscendersBane","Strike_G+1","Defend_G","Defend_G","Defend_G","Defend_G","Defend_G","Survivor","Neutralize+1","Acrobatics+1","Flying Knee+1","Night Terror","Riddle With Holes+1","Terror","Footwork+1","Envenom","Eviscerate+1","Backflip","Catalyst","Blade Dance+1","Regret","Leg Sweep","CurseOfTheBell","Parasite","Predator","Parasite","Night Terror","Shame","Blur+1","Venomology","Regret","Writhe","Crippling Poison","Backflip"],"relics":["Snecko Eye","Pear","Sundial","Odd Mushroom","Shovel","TungstenRod","Dead Branch","Cursed Key","Enchiridion","Kunai","Juzu Bracelet","Strawberry","Blue Candle","Lee\u0027s Waffle","Orichalcum","Ornamental Fan","Calling Bell","Nunchaku","Paper Crane","Turnip","Snake Skull","Whetstone","Girya","HornCleat","Boot"],"acts_visited":["Exordium","TheCity","TheBeyond","TheEnding"],"potions_floor_usage":[7,12,16,23,27,28,40,46,50,51,55,55,56,56],"damage_taken":[{"damage":0,"enemies":"Cultist","floor":1,"turns":4},{"damage":3,"enemies":"Small Slimes","floor":2,"turns":5},{"damage":0,"enemies":"Jaw Worm","floor":3,"turns":3},{"damage":0,"enemies":"Lagavulin","floor":7,"turns":4},{"damage":12,"enemies":"The Mushroom Lair","floor":10,"turns":3},{"damage":10,"enemies":"3 Sentries","floor":12,"turns":8},{"damage":8,"enemies":"Gremlin Gang","floor":14,"turns":4},{"damage":6,"enemies":"Hexaghost","floor":16,"turns":3},{"damage":11,"enemies":"Spheric Guardian","floor":18,"turns":5},{"damage":1,"enemies":"Chosen","floor":20,"turns":3},{"damage":2,"enemies":"Sentry and Sphere","floor":21,"turns":3},{"damage":5,"enemies":"Book of Stabbing","floor":23,"turns":4},{"damage":3,"enemies":"Centurion and Healer","floor":25,"turns":5},{"damage":2,"enemies":"Snake Plant","floor":27,"turns":3},{"damage":24,"enemies":"Gremlin Leader","floor":28,"turns":4},{"damage":0,"enemies":"Champ","floor":33,"turns":5},{"damage":0,"enemies":"Orb Walker","floor":35,"turns":4},{"damage":0,"enemies":"3 Shapes","floor":37,"turns":3},{"damage":0,"enemies":"Writhing Mass","floor":38,"turns":7},{"damage":13,"enemies":"Nemesis","floor":40,"turns":5},{"damage":2,"enemies":"4 Shapes","floor":42,"turns":8},{"damage":0,"enemies":"Giant Head","floor":44,"turns":4},{"damage":0,"enemies":"Jaw Worm Horde","floor":45,"turns":2},{"damage":2,"enemies":"Sphere and 2 Shapes","floor":46,"turns":6},{"damage":28,"enemies":"Time Eater","floor":50,"turns":7},{"damage":41,"enemies":"Awakened One","floor":51,"turns":16},{"damage":46,"enemies":"Shield and Spear","floor":55,"turns":7},{"damage":10,"enemies":"The Heart","floor":56,"turns":9}],"seed_played":"-7940074286715949007","potions_obtained":[{"floor":3,"key":"PowerPotion"},{"floor":7,"key":"GamblersBrew"},{"floor":14,"key":"Poison Potion"},{"floor":16,"key":"Fire Potion"},{"floor":20,"key":"Block Potion"},{"floor":23,"key":"SkillPotion"},{"floor":28,"key":"SteroidPotion"},{"floor":37,"key":"SkillPotion"},{"floor":44,"key":"CunningPotion"}],"is_trial":false,"path_per_floor":["M","M","M","?","$","R","E","R","T","?","R","E","R","M","R","B",null,"M","?","M","M","?","E","R","M","T","M","E","R","$","?","R","B",null,"M","T","M","M","?","E","R","M","T","E","M","M","?","?","R","B","B",null,"R","$","E","B",null],"character_chosen":"THE_SILENT","items_purchased":["Riddle With Holes","Lee\u0027s Waffle","HornCleat","Crippling Poison","Strength Potion"],"campfire_rested":1,"item_purchase_floors":[5,30,54,54,54],"current_hp_per_floor":[59,56,56,49,49,49,59,59,59,47,47,37,37,29,29,23,63,52,52,51,49,32,27,27,24,31,29,5,29,90,90,90,90,90,90,90,90,90,90,77,77,75,75,75,75,73,73,90,90,62,21,73,73,73,27,17],"gold":61,"neow_bonus":"BOSS_RELIC","is_daily":false,"chose_seed":false,"campfire_upgraded":3,"win_rate":0.0,"timestamp":1611038015,"path_taken":["M","M","?","?","$","R","E","R","T","?","R","E","R","M","R","BOSS","M","?","?","M","?","E","R","M","T","M","E","R","?","?","R","BOSS","M","?","M","M","?","E","R","M","T","E","M","M","?","?","R","BOSS","BOSS","R","$","E","BOSS"],"items_purchased_type":["Card","Relic","Relic","Card","Potion"],"build_version":"2020-12-22","purchased_purges":2,"victory":true,"max_hp_per_floor":[66,66,66,66,66,66,76,76,76,76,76,76,76,76,76,76,76,76,76,76,76,76,76,76,76,83,83,83,83,90,90,90,90,90,90,90,90,90,90,90,90,90,90,90,90,90,90,90,90,90,90,90,90,90,90,90],"relic_stats":{"Lee\u0027s Waffle":61,"counters":[28,144],"Dead Branch":[319],"Blue Candle":[69],"Snake Skull":[162],"Juzu Bracelet":2,"Whetstone":["Strike_G","Neutralize"],"Orichalcum":[48],"Cursed Key":3,"Boot":[0],"Nunchaku":[22],"Shovel":4,"Sundial":[22],"Ornamental Fan":[248],"Snecko Eye":[279,290,269,282],"Turnip":[9],"Kunai":[69],"obtain_stats":[{"Enchiridion":22,"Snake Skull":40,"Juzu Bracelet":24,"Whetstone":43,"Cursed Key":17,"Boot":55,"Nunchaku":34,"Shovel":12,"HornCleat":54,"Sundial":9,"Strawberry":26,"Kunai":23,"Ring of the Snake":0,"Girya":44,"Lee\u0027s Waffle":30,"Pear":7,"Dead Branch":15,"Blue Candle":28,"Odd Mushroom":10,"Orichalcum":31,"Paper Crane":34,"Calling Bell":34,"Ornamental Fan":32,"Snecko Eye":0,"Turnip":34,"TungstenRod":13},{"Enchiridion":11,"Snake Skull":20,"Juzu Bracelet":12,"Whetstone":21,"Cursed Key":8,"Boot":27,"Nunchaku":16,"Shovel":6,"HornCleat":26,"Sundial":4,"Strawberry":13,"Kunai":12,"Ring of the Snake":0,"Girya":22,"Lee\u0027s Waffle":15,"Pear":4,"Dead Branch":7,"Blue Candle":15,"Odd Mushroom":5,"Orichalcum":15,"Paper Crane":16,"Calling Bell":16,"Ornamental Fan":15,"Snecko Eye":0,"Turnip":16,"TungstenRod":6},{"Enchiridion":45,"Snake Skull":85,"Juzu Bracelet":49,"Whetstone":93,"Cursed Key":34,"Boot":135,"Nunchaku":66,"Shovel":27,"HornCleat":128,"Sundial":16,"Strawberry":54,"Kunai":49,"Ring of the Snake":0,"Girya":97,"Lee\u0027s Waffle":61,"Pear":16,"Dead Branch":31,"Blue Candle":61,"Odd Mushroom":19,"Orichalcum":61,"Paper Crane":66,"Calling Bell":66,"Ornamental Fan":61,"Snecko Eye":0,"Turnip":66,"TungstenRod":27}],"TungstenRod":175},"card_choices":[{"not_picked":["Bane","Slice"],"picked":"Acrobatics","floor":1},{"not_picked":["Quick Slash","Outmaneuver"],"picked":"Flying Knee","floor":2},{"not_picked":["Dagger Spray","Backstab"],"picked":"Night Terror","floor":3},{"not_picked":["Quick Slash","Heel Hook","Deadly Poison"],"picked":"SKIP","floor":7},{"not_picked":["Sucker Punch","Deadly Poison"],"picked":"Terror","floor":10},{"not_picked":["Concentrate","Bane","Accuracy"],"picked":"SKIP","floor":12},{"not_picked":["Sucker Punch","Flying Knee"],"picked":"Footwork","floor":14},{"not_picked":["Malaise","Burst"],"picked":"Envenom","floor":16},{"not_picked":["Deflect","Calculated Gamble+1"],"picked":"Eviscerate+1","floor":18},{"not_picked":["Deadly Poison+1","Infinite Blades"],"picked":"Backflip","floor":20},{"not_picked":["PiercingWail","Calculated Gamble"],"picked":"Catalyst","floor":21},{"not_picked":["Caltrops","Malaise"],"picked":"Blade Dance+1","floor":23},{"not_picked":["Masterful Stab+1","Poisoned Stab","Escape Plan+1"],"picked":"SKIP","floor":25},{"not_picked":["Accuracy","Footwork","Dodge and Roll"],"picked":"SKIP","floor":27},{"not_picked":["Crippling Poison","Cloak And Dagger"],"picked":"Leg Sweep","floor":28},{"not_picked":["Heel Hook","Dagger Throw","Distraction"],"picked":"SKIP","floor":35},{"not_picked":["Deflect+1","Footwork"],"picked":"Predator","floor":37},{"not_picked":["Deflect","Poisoned Stab+1","Backstab"],"picked":"SKIP","floor":38},{"not_picked":["Escape Plan+1","Heel Hook","Finisher"],"picked":"SKIP","floor":40},{"not_picked":["Blade Dance","Acrobatics","Flying Knee"],"picked":"SKIP","floor":42},{"not_picked":["Blade Dance+1","Distraction","Acrobatics"],"picked":"SKIP","floor":44},{"not_picked":["Eviscerate","Bane+1"],"picked":"Blur+1","floor":45},{"not_picked":["Outmaneuver","Dagger Throw+1"],"picked":"Venomology","floor":46},{"not_picked":["Flying Knee","Deflect"],"picked":"Backflip","floor":55}],"player_experience":1353834,"relics_obtained":[{"floor":7,"key":"Pear"},{"floor":9,"key":"Sundial"},{"floor":10,"key":"Odd Mushroom"},{"floor":12,"key":"Shovel"},{"floor":13,"key":"TungstenRod"},{"floor":15,"key":"Dead Branch"},{"floor":22,"key":"Enchiridion"},{"floor":23,"key":"Kunai"},{"floor":24,"key":"Juzu Bracelet"},{"floor":26,"key":"Strawberry"},{"floor":28,"key":"Blue Candle"},{"floor":32,"key":"Ornamental Fan"},{"floor":34,"key":"Nunchaku"},{"floor":34,"key":"Paper Crane"},{"floor":34,"key":"Turnip"},{"floor":40,"key":"Snake Skull"},{"floor":43,"key":"Whetstone"},{"floor":44,"key":"Girya"},{"floor":55,"key":"Boot"}],"event_choices":[{"cards_removed":["Strike_G"],"damage_healed":0,"gold_gain":0,"player_choice":"Card Removal","damage_taken":7,"max_hp_gain":0,"max_hp_loss":0,"event_name":"Golden Wing","floor":4,"gold_loss":0},{"damage_healed":0,"gold_gain":0,"player_choice":"Fought Mushrooms","damage_taken":0,"max_hp_gain":0,"max_hp_loss":0,"event_name":"Mushrooms","floor":10,"gold_loss":0},{"cards_removed":["Strike_G"],"damage_healed":0,"gold_gain":0,"player_choice":"Upgrade and Remove","damage_taken":0,"max_hp_gain":0,"max_hp_loss":0,"event_name":"Designer","floor":19,"gold_loss":110,"cards_upgraded":["Footwork"]},{"damage_healed":0,"gold_gain":0,"player_choice":"Obtained Book","damage_taken":21,"max_hp_gain":0,"max_hp_loss":0,"event_name":"Cursed Tome","floor":22,"gold_loss":0},{"damage_healed":0,"gold_gain":0,"player_choice":"Paid Gold","damage_taken":0,"relics_obtained":["Orichalcum"],"max_hp_gain":0,"max_hp_loss":0,"event_name":"WeMeetAgain","floor":31,"gold_loss":62},{"damage_healed":0,"gold_gain":0,"player_choice":"Copied","damage_taken":0,"max_hp_gain":0,"max_hp_loss":0,"event_name":"Duplicator","floor":39,"gold_loss":0,"cards_obtained":["Night Terror"]},{"damage_healed":0,"gold_gain":275,"player_choice":"Desecrate","damage_taken":0,"max_hp_gain":0,"max_hp_loss":0,"event_name":"Golden Shrine","floor":47,"gold_loss":0,"cards_obtained":["Regret"]},{"damage_healed":18,"gold_gain":0,"player_choice":"Writhe","damage_taken":0,"max_hp_gain":0,"max_hp_loss":0,"event_name":"Winding Halls","floor":48,"gold_loss":0,"cards_obtained":["Writhe"]}],"is_beta":false,"boss_relics":[{"not_picked":["Busted Crown","Velvet Choker"],"picked":"Cursed Key"},{"not_picked":["Philosopher\u0027s Stone","SlaversCollar"],"picked":"Calling Bell"}],"items_purged_floors":[30,54],"is_endless":false,"potions_floor_spawned":[3,7,14,16,20,21,23,28,37,44],"ascension_level":20}}