{"host":"thn8o1tmql8xszd5","time":1611023548,"event":{"mods":["AchievementEnabler","Act Like it!","BaseMod","Block Reminder","Colored Map","DeckTracker","Gensokyo","Highlight Path","Minty Spire (QoL Compilation)","Permanent Neow","Quick Restart","Relic Stats","Robot Space Explorer","StSLib","The Animator","The Blue Laboratory"],"gold_per_floor":[110,110,126,126,56,56,86,86,86,106,116,116,132,62,62,160,160,160],"floor_reached":17,"language":"ENG","playtime":2683,"items_purged":[],"score":206,"play_id":"4033bea3-8614-44d8-8f6a-3394deddd1a6","local_time":"20210118213228","is_ascension_mode":true,"campfire_choices":[{"data":"RobotSpaceExplorer:StarLightning","floor":6,"key":"SMITH"},{"floor":8,"key":"REST"},{"floor":15,"key":"REST"}],"circlet_count":0,"master_deck":["RobotSpaceExplorer:Strike","RobotSpaceExplorer:Strike","RobotSpaceExplorer:Strike","RobotSpaceExplorer:Strike+1","RobotSpaceExplorer:Defend+1","RobotSpaceExplorer:Defend","RobotSpaceExplorer:Defend","RobotSpaceExplorer:Defend","RobotSpaceExplorer:Scan","RobotSpaceExplorer:MiniLasers","RobotSpaceExplorer:MiniDrones","Pain","RobotSpaceExplorer:StarLightning+1","Injury","RobotSpaceExplorer:ScrapMissile","RobotSpaceExplorer:ShovelStrike","RobotSpaceExplorer:FranticSearch","Gensokyo:CrescentMoonSlash","RobotSpaceExplorer:ScrapMissile","RobotSpaceExplorer:StarLightning","RobotSpaceExplorer:ShockMissile"],"relics":["RobotSpaceExplorer:RoboCore","Lizard Tail","Gensokyo:LunaticRedEyes","Ancient Tea Set","Strawberry","Mummified Hand","Busted Crown"],"acts_visited":["Exordium","TheCity"],"potions_floor_usage":[16],"damage_taken":[{"damage":2,"enemies":"Gensokyo:Python","floor":1,"turns":4},{"damage":7,"enemies":"Gensokyo:3_Fairies","floor":3,"turns":4},{"damage":17,"enemies":"Gensokyo:Mamizou","floor":7,"turns":9},{"damage":3,"enemies":"Gensokyo:Gryphon","floor":10,"turns":3},{"damage":20,"enemies":"Gensokyo:CorruptedTreant","floor":11,"turns":3},{"damage":17,"enemies":"Gensokyo:VengefulSpirit","floor":13,"turns":3},{"damage":43,"enemies":"Gensokyo:Kokoro","floor":16,"turns":11}],"seed_played":"8774309317011401610","potions_obtained":[{"floor":3,"key":"blueLaboratory:AbyssPotion"},{"floor":7,"key":"Fire Potion"}],"is_trial":false,"path_per_floor":["M","?","M","?","?","R","E","R","T","M","M","?","M","$","R","B",null],"character_chosen":"RobotSpaceExplorer","items_purchased":["RobotSpaceExplorer:StarLightning"],"campfire_rested":2,"item_purchase_floors":[14],"current_hp_per_floor":[48,48,41,41,41,41,31,55,55,52,32,20,3,3,27,27,68,68],"gold":160,"neow_bonus":"ONE_RARE_RELIC","is_daily":false,"chose_seed":false,"campfire_upgraded":1,"win_rate":0.0,"timestamp":1611023548,"path_taken":["M","?","?","?","?","R","E","R","T","M","M","?","M","$","R","BOSS"],"items_purchased_type":["Card"],"build_version":"2020-12-22","purchased_purges":0,"victory":false,"max_hp_per_floor":[75,75,75,75,75,75,82,82,82,82,82,82,82,82,82,82,82,82],"relic_stats":{"Lizard Tail":41,"Busted Crown":0,"counters":[7,37],"Mummified Hand":[0],"obtain_stats":[{"Lizard Tail":0,"Busted Crown":17,"Mummified Hand":9,"Strawberry":7,"RobotSpaceExplorer:RoboCore":0,"Ancient Tea Set":4,"Gensokyo:LunaticRedEyes":2},{"Lizard Tail":0,"Busted Crown":7,"Mummified Hand":3,"Strawberry":3,"RobotSpaceExplorer:RoboCore":0,"Ancient Tea Set":2,"Gensokyo:LunaticRedEyes":1},{"Lizard Tail":0,"Busted Crown":37,"Mummified Hand":17,"Strawberry":17,"RobotSpaceExplorer:RoboCore":0,"Ancient Tea Set":8,"Gensokyo:LunaticRedEyes":4}]},"card_choices":[{"not_picked":["RobotSpaceExplorer:SwiftStep","RobotSpaceExplorer:Discharger"],"picked":"RobotSpaceExplorer:MiniDrones","floor":1},{"not_picked":["RobotSpaceExplorer:ShovelStrike","RobotSpaceExplorer:PowerGlove"],"picked":"RobotSpaceExplorer:StarLightning","floor":3},{"not_picked":["RobotSpaceExplorer:JunkDive","RobotSpaceExplorer:Counterblock"],"picked":"RobotSpaceExplorer:ScrapMissile","floor":7},{"not_picked":["RobotSpaceExplorer:Asteroid","RobotSpaceExplorer:Fix"],"picked":"RobotSpaceExplorer:ShovelStrike","floor":10},{"not_picked":["RobotSpaceExplorer:MakeshiftVolley","RobotSpaceExplorer:MiniDrones"],"picked":"RobotSpaceExplorer:FranticSearch","floor":11},{"not_picked":["RobotSpaceExplorer:Counterblock","RobotSpaceExplorer:StunGrenade"],"picked":"RobotSpaceExplorer:ScrapMissile","floor":13},{"not_picked":["RobotSpaceExplorer:BlastShield","RobotSpaceExplorer:Wormhole"],"picked":"RobotSpaceExplorer:ShockMissile","floor":16}],"player_experience":712033,"relics_obtained":[{"floor":7,"key":"Strawberry"},{"floor":9,"key":"Mummified Hand"}],"event_choices":[],"is_beta":false,"boss_relics":[{"not_picked":["SlaversCollar","Calling Bell"],"picked":"Busted Crown"}],"items_purged_floors":[],"is_endless":false,"potions_floor_spawned":[3,7],"ascension_level":7}}