{"host":"4jj9j1v1tx707ann","time":1611062813,"event":{"mods":["AchievementEnabler","BaseMod","Colored Map","Keyboard Shortcuts","Minty Spire (QoL Compilation)","Permanent Neow","Quick Restart","Rare Cards Sparkle","StSLib","SuperFastMode","everything is the same but u backflip on backflip"],"gold_per_floor":[365,53,53,128,144,144,164,199,199,213,240,259,6,20,20,115,115,135,50,70,70,89,89,89],"floor_reached":23,"language":"KOR","playtime":606,"items_purged":["Strike_B","Strike_B"],"score":264,"play_id":"6f92fd5d-02dc-43f6-a792-0b56197a7127","local_time":"20210119222653","is_ascension_mode":true,"campfire_choices":[{"data":"Dualcast","floor":6.0,"key":"SMITH"},{"data":"Beam Cell","floor":15,"key":"SMITH"}],"circlet_count":0,"master_deck":["Strike_B","Strike_B","Defend_B","Defend_B","Defend_B","Zap","Dualcast+1","Ball Lightning+1","Streamline+1","Violence","Chill","Sweeping Beam","Beam Cell+1","Capacitor","Hologram","Leap","Hyperbeam","Rebound","Hologram","Sunder"],"relics":["Cracked Core","White Beast Statue","Sundial","Prayer Wheel","Lantern","SlaversCollar","Smiling Mask"],"acts_visited":["Exordium","TheCity"],"potions_floor_usage":[16,20,22,22,22],"damage_taken":[{"damage":2.0,"enemies":"Jaw Worm","floor":1.0,"turns":3.0},{"damage":0.0,"enemies":"Small Slimes","floor":5.0,"turns":2.0},{"damage":1.0,"enemies":"2 Louse","floor":7.0,"turns":2.0},{"damage":16.0,"enemies":"Lagavulin","floor":8.0,"turns":6.0},{"damage":0.0,"enemies":"2 Fungi Beasts","floor":10.0,"turns":3.0},{"damage":3.0,"enemies":"3 Sentries","floor":11.0,"turns":5.0},{"damage":0.0,"enemies":"Lots of Slimes","floor":12.0,"turns":2.0},{"damage":0.0,"enemies":"Large Slime","floor":14.0,"turns":2.0},{"damage":12,"enemies":"Hexaghost","floor":16,"turns":6},{"damage":23,"enemies":"Shell Parasite","floor":18,"turns":4},{"damage":4,"enemies":"Spheric Guardian","floor":20,"turns":3},{"damage":10,"enemies":"Centurion and Healer","floor":22,"turns":2},{"damage":0,"enemies":"Book of Stabbing","floor":23,"turns":1}],"seed_played":"9177179062532485480","potions_obtained":[{"floor":7.0,"key":"Explosive Potion"},{"floor":8.0,"key":"Weak Potion"},{"floor":10.0,"key":"AttackPotion"},{"floor":11.0,"key":"Explosive Potion"},{"floor":14,"key":"Strength Potion"},{"floor":16,"key":"ColorlessPotion"},{"floor":20,"key":"SteroidPotion"},{"floor":22,"key":"SteroidPotion"}],"is_trial":false,"path_per_floor":["M","$","?","?","M","R","M","E","T","M","E","M","$","M","R","B",null,"M","?","M","?","M","E"],"character_chosen":"DEFECT","items_purchased":["Streamline","Violence","Lantern"],"campfire_rested":0,"item_purchase_floors":[2,2,13],"current_hp_per_floor":[66,66,52,41,41,41,40,24,24,24,21,21,21,21,21,9,53,30,30,26,26,16,16,16],"gold":89,"neow_bonus":"TWO_FIFTY_GOLD","is_daily":false,"chose_seed":false,"campfire_upgraded":2,"win_rate":0.0,"timestamp":1611062813,"path_taken":["M","$","?","?","M","R","M","E","T","M","E","M","$","M","R","BOSS","M","?","M","?","?","E"],"items_purchased_type":["Card","Card","Relic"],"build_version":"2020-12-22","purchased_purges":2,"victory":false,"max_hp_per_floor":[68,68,68,68,68,68,68,68,68,68,68,68,68,68,68,68,68,68,68,68,68,68,68,68],"card_choices":[{"not_picked":["Barrage","Cold Snap"],"picked":"Ball Lightning","floor":1.0},{"not_picked":["Turbo","Stack"],"picked":"Chill","floor":5.0},{"not_picked":["Conserve Battery","Reprogram"],"picked":"Sweeping Beam","floor":7.0},{"not_picked":["All For One","Sweeping Beam","Recycle"],"picked":"SKIP","floor":8.0},{"not_picked":["Sweeping Beam","Redo","Ball Lightning"],"picked":"SKIP","floor":10.0},{"not_picked":["Melter","Stack"],"picked":"Beam Cell","floor":11.0},{"not_picked":["Steam","Lockon"],"picked":"Capacitor","floor":12.0},{"not_picked":["Steam","Streamline"],"picked":"Hologram","floor":12.0},{"not_picked":["Barrage","Sweeping Beam"],"picked":"Leap","floor":14},{"not_picked":["Glacier","Gash","Compile Driver"],"picked":"SKIP","floor":14},{"not_picked":["Amplify","Thunder Strike"],"picked":"Hyperbeam","floor":16},{"not_picked":["Barrage","Turbo+1"],"picked":"Rebound","floor":18},{"not_picked":["Recycle","Chaos","Compile Driver"],"picked":"SKIP","floor":18},{"not_picked":["Steam","Hello World+1"],"picked":"Hologram","floor":20},{"not_picked":["Static Discharge+1","Reprogram","Coolheaded"],"picked":"SKIP","floor":20},{"not_picked":["Compile Driver","Go for the Eyes+1","Steam"],"picked":"SKIP","floor":22},{"not_picked":["Sweeping Beam","Gash","Stack"],"picked":"SKIP","floor":22}],"player_experience":170550,"relics_obtained":[{"floor":8.0,"key":"White Beast Statue"},{"floor":9.0,"key":"Sundial"},{"floor":11.0,"key":"Prayer Wheel"}],"event_choices":[{"damage_healed":0.0,"max_hp_gain":0.0,"max_hp_loss":0.0,"gold_gain":0.0,"event_name":"Shining Light","player_choice":"Entered Light","floor":3.0,"gold_loss":0.0,"damage_taken":14.0,"cards_upgraded":["Streamline","Ball Lightning"]},{"damage_healed":0.0,"max_hp_gain":0.0,"max_hp_loss":0.0,"gold_gain":75.0,"event_name":"World of Goop","player_choice":"Gather Gold","floor":4.0,"gold_loss":0.0,"damage_taken":11.0},{"damage_healed":0,"gold_gain":0,"player_choice":"Obtained Relic","damage_taken":0,"relics_obtained":["Smiling Mask"],"max_hp_gain":0,"max_hp_loss":0,"event_name":"Addict","floor":19,"gold_loss":85},{"damage_healed":0,"gold_gain":0,"cards_transformed":["Defend_B"],"player_choice":"Transformed","damage_taken":0,"max_hp_gain":0,"max_hp_loss":0,"event_name":"Transmorgrifier","floor":21,"gold_loss":0,"cards_obtained":["Sunder"]}],"is_beta":false,"boss_relics":[{"not_picked":["Tiny House","Runic Pyramid"],"picked":"SlaversCollar"}],"items_purged_floors":[2,13],"is_endless":false,"potions_floor_spawned":[7,8,10,11,12,14,16,18,20,22],"killed_by":"Book of Stabbing","ascension_level":6}}