{"host":"qe8kwmaaj944063g","time":1611019317,"event":{"mods":["BaseMod","Minty Spire (QoL Compilation)","Replay The Spire","StSLib","The Servant 0.9.4"],"gold_per_floor":[116,130,130,130,34,34,53,53,80,100,113,113,113,124,124,227,227,237,237,18,13,23,23,23,23,23],"floor_reached":25,"language":"ENG","playtime":1301,"items_purged":[],"score":193,"play_id":"4403ccc5-ccb3-4c12-a4bb-6eb08a1b8b17","local_time":"20210119022157","is_ascension_mode":false,"campfire_choices":[{"data":"Rearm","floor":6,"key":"SMITH"},{"data":"BestPractice","floor":12,"key":"SMITH"},{"data":"Revamp","floor":15,"key":"SMITH"},{"data":"Misdirection","floor":23,"key":"SMITH"}],"circlet_count":0,"master_deck":["Strike_S","Strike_S","Defend_S","Defend_S","Defend_S","KidneyShot+1","Exchange","Ricochet","ShatteredReality","Rearm+1","BestPractice+1","Revamp+1","SoulSculpture","Barrier","Dilation","Deny+1","Shuttle+1","Rearm+1","Misdirection+1","GearUp","TimeWarp+1","Potential"],"relics":["Uniform","Quantum Egg","Blood Vial","Astrolabe","Lantern","MutagenicStrength"],"acts_visited":["Exordium","TheCity"],"potions_floor_usage":[16,16,16],"damage_taken":[{"damage":1,"enemies":"Jaw Worm","floor":1,"turns":4},{"damage":0,"enemies":"Cultist","floor":2,"turns":3},{"damage":0,"enemies":"Small Slimes","floor":7,"turns":3},{"damage":9,"enemies":"2 Fungi Beasts","floor":10,"turns":4},{"damage":9,"enemies":"Large Slime","floor":11,"turns":6},{"damage":10,"enemies":"Lots of Slimes","floor":14,"turns":2},{"damage":5,"enemies":"The Guardian","floor":16,"turns":14},{"damage":15,"enemies":"3 Byrds","floor":18,"turns":9},{"damage":12,"enemies":"2 Thieves","floor":21,"turns":4},{"damage":13,"enemies":"Shelled Parasite and Fungi","floor":22,"turns":6},{"damage":37,"enemies":"Snecko","floor":25,"turns":6}],"seed_played":"7109643520739407176","potions_obtained":[{"floor":7,"key":"Reflective Coating"},{"floor":11,"key":"AttackPotion"},{"floor":14,"key":"Strength Potion"},{"floor":22,"key":"Milkshake"}],"is_trial":false,"path_per_floor":["M","M","?","?","$","R","M","T","T","M","M","R","?","M","R","B",null,"M","?","$","M","M","R","?","M"],"character_chosen":"THE_SERVANT","items_purchased":["ShatteredReality","Rearm","Lantern","GearUp"],"campfire_rested":0,"item_purchase_floors":[5,5,20,20],"current_hp_per_floor":[64,64,69,69,69,69,69,69,69,61,54,54,54,46,46,43,70,55,55,55,45,34,34,34,0,0],"gold":23,"neow_bonus":"UPGRADE_CARD","is_daily":false,"chose_seed":false,"campfire_upgraded":4,"win_rate":0.0,"timestamp":1611019317,"path_taken":["M","M","?","?","?","R","?","?","T","M","M","R","?","M","R","BOSS","M","?","$","M","M","R","?","M"],"items_purchased_type":["Card","Card","Relic","Card"],"build_version":"2020-12-22","purchased_purges":0,"victory":false,"max_hp_per_floor":[65,65,70,70,70,70,70,70,70,70,70,70,70,70,70,70,70,70,70,70,70,70,70,70,70,70],"card_choices":[{"not_picked":["Unruled","Starlight"],"picked":"Ricochet","floor":1},{"not_picked":["Snipe","Alleviate","Reset"],"picked":"SKIP","floor":2},{"not_picked":["Rewind","Revamp"],"picked":"BestPractice","floor":7},{"not_picked":["Unruled","Rearm"],"picked":"Revamp","floor":10},{"not_picked":["Spin","Rewind"],"picked":"SoulSculpture","floor":11},{"not_picked":["DoubleEdge","Rewind"],"picked":"Barrier","floor":14},{"not_picked":["FloweringNight","MurderousAura"],"picked":"Dilation","floor":16},{"not_picked":["DoubleEdge+1","Replace+1"],"picked":"Misdirection","floor":18},{"not_picked":["Unruled","Moonlight+1"],"picked":"TimeWarp+1","floor":21},{"not_picked":["SpecialFormula","Rearm+1"],"picked":"Potential","floor":22}],"player_experience":51833,"relics_obtained":[{"floor":8,"key":"Quantum Egg"},{"floor":9,"key":"Blood Vial"}],"event_choices":[{"damage_healed":0,"gold_gain":0,"player_choice":"Donut","damage_taken":0,"max_hp_gain":5,"max_hp_loss":0,"event_name":"Big Fish","floor":3,"gold_loss":0},{"damage_healed":0,"gold_gain":0,"player_choice":"Ignored","damage_taken":0,"max_hp_gain":0,"max_hp_loss":0,"event_name":"Golden Wing","floor":4,"gold_loss":0},{"damage_healed":0,"gold_gain":0,"player_choice":"Leave","damage_taken":0,"max_hp_gain":0,"max_hp_loss":0,"event_name":"The Cleric","floor":13,"gold_loss":0},{"damage_healed":0,"gold_gain":0,"player_choice":"Ignored","damage_taken":0,"max_hp_gain":0,"max_hp_loss":0,"event_name":"Vampires","floor":19,"gold_loss":0},{"damage_healed":0,"gold_gain":0,"player_choice":"Inject Mutagens","damage_taken":0,"relics_obtained":["MutagenicStrength"],"max_hp_gain":0,"max_hp_loss":0,"event_name":"Drug Dealer","floor":24,"gold_loss":0}],"is_beta":false,"boss_relics":[{"not_picked":["Ring of Chaos","ChewingGum"],"picked":"Astrolabe"}],"items_purged_floors":[],"is_endless":false,"potions_floor_spawned":[7,11,14,22],"killed_by":"Snecko","ascension_level":0}}