{"host":"dowi7cgbhepuzvpj","time":1611094757,"event":{"mods":["AchievementEnabler","BaseMod","Colored Map","Highlight Path","Keyboard Shortcuts","Minty Spire (QoL Compilation)","Permanent Neow","Quick Restart","StSLib","SuperFastMode"],"gold_per_floor":[113,188,206,78,128,161,161,73,121,140,140,160,53,82,82,158,158,174,174,174],"floor_reached":19,"language":"KOR","playtime":341,"items_purged":["Strike_R"],"score":400,"play_id":"d4952a5d-4fb8-4213-a78d-a169774c1837","local_time":"20210120071917","is_ascension_mode":true,"campfire_choices":[{"data":"Flex","floor":7,"key":"SMITH"},{"data":"Inflame","floor":11,"key":"SMITH"},{"data":"Armaments","floor":15,"key":"SMITH"}],"circlet_count":0,"master_deck":["AscendersBane","Strike_R","Strike_R","Strike_R","Strike_R","Defend_R","Defend_R","Defend_R","Defend_R","Bash","Flex+1","Pummel","Flex","Rupture","Inflame+1","Shrug It Off","Combust","Armaments+1","Disarm","Brutality","Rage"],"relics":["Burning Blood","NeowsBlessing","StrikeDummy","Tiny Chest","Bottled Lightning","Fusion Hammer"],"acts_visited":["Exordium","TheCity"],"potions_floor_usage":[14],"damage_taken":[{"damage":0.0,"enemies":"Cultist","floor":1.0,"turns":1.0},{"damage":0.0,"enemies":"2 Louse","floor":3.0,"turns":1.0},{"damage":0,"enemies":"Gremlin Nob","floor":6,"turns":1},{"damage":12,"enemies":"Jaw Worm","floor":10,"turns":2},{"damage":0,"enemies":"Looter","floor":12,"turns":2},{"damage":18,"enemies":"Lagavulin","floor":14,"turns":5},{"damage":44,"enemies":"Slime Boss","floor":16,"turns":11},{"damage":30,"enemies":"Shell Parasite","floor":18,"turns":3},{"damage":27,"enemies":"Masked Bandits","floor":19,"turns":3}],"seed_played":"-5831231233845701088","potions_obtained":[{"floor":3.0,"key":"Weak Potion"},{"floor":10,"key":"BlessingOfTheForge"},{"floor":14,"key":"Explosive Potion"},{"floor":18,"key":"Strength Potion"}],"is_trial":false,"path_per_floor":["M","?","M","$","?","E","R","$","T","M","R","M","$","E","R","B",null,"M","?"],"character_chosen":"IRONCLAD","items_purchased":["Flex","Inflame","Shrug It Off","Combust","Armaments"],"campfire_rested":0,"item_purchase_floors":[4,8,8,13,13],"current_hp_per_floor":[74,63,69,69,62,68,68,68,68,62,62,68,68,56,56,18,61,37,10,10],"gold":174,"neow_bonus":"THREE_ENEMY_KILL","is_daily":false,"chose_seed":false,"campfire_upgraded":3,"win_rate":0.0,"timestamp":1611094757,"path_taken":["M","?","M","$","?","E","R","$","T","M","R","?","$","E","R","BOSS","M","?"],"items_purchased_type":["Card","Card","Card","Card","Card"],"build_version":"2020-12-22","purchased_purges":1,"victory":false,"max_hp_per_floor":[75,75,75,75,75,75,75,75,75,75,75,75,75,75,75,75,75,75,75,75],"card_choices":[{"not_picked":["Clothesline","Seeing Red"],"picked":"Flex","floor":1.0},{"not_picked":["Searing Blow","Wild Strike"],"picked":"Pummel","floor":3.0},{"not_picked":["Entrench","Second Wind"],"picked":"Rupture","floor":6},{"not_picked":["Infernal Blade","Flex","Dual Wield"],"picked":"SKIP","floor":10},{"not_picked":["Clothesline","Searing Blow","Feel No Pain"],"picked":"SKIP","floor":12},{"not_picked":["Searing Blow","Infernal Blade"],"picked":"Disarm","floor":14},{"not_picked":["Impervious","Bludgeon"],"picked":"Brutality","floor":16},{"not_picked":["Sentinel+1","Flex"],"picked":"Rage","floor":18}],"player_experience":832574,"relics_obtained":[{"floor":6,"key":"StrikeDummy"},{"floor":9,"key":"Tiny Chest"},{"floor":14,"key":"Bottled Lightning"}],"event_choices":[{"damage_healed":0.0,"max_hp_gain":0.0,"max_hp_loss":0.0,"gold_gain":75.0,"event_name":"World of Goop","player_choice":"Gather Gold","floor":2.0,"gold_loss":0.0,"damage_taken":11.0},{"damage_healed":0,"gold_gain":50,"player_choice":"Touch","damage_taken":7,"max_hp_gain":0,"max_hp_loss":0,"event_name":"FaceTrader","floor":5,"gold_loss":0},{"damage_healed":0,"gold_gain":0,"player_choice":"Fought Bandits","damage_taken":0,"max_hp_gain":0,"max_hp_loss":0,"event_name":"Masked Bandits","floor":19,"gold_loss":0}],"is_beta":false,"boss_relics":[{"not_picked":["Tiny House","Coffee Dripper"],"picked":"Fusion Hammer"}],"items_purged_floors":[4],"is_endless":false,"potions_floor_spawned":[3,10,14,18],"killed_by":"Masked Bandits","ascension_level":20}}