{"host":"nbmmy2ys5j9alw05","time":1611051912,"event":{"mods":["AchievementEnabler","BaseMod","Bestiary","Better Vampires","Colored Map","Colored Powertips","Googly Eyes","Minty Spire (QoL Compilation)","Quick Restart","StSLib","The Hierophant","The IronCluck","everything is the same but u backflip on backflip"],"gold_per_floor":[117,138,161,111,111,111,116,116,141,144,144,144,133,58,58,103,103,65,101,101,100,100,100,30,28,28,55,55,78,78,0,0,124,124,164,164,196,45,45,45,75,122,198,206,206,242,314,314,314,274],"floor_reached":51,"language":"ENG","playtime":2057,"items_purged":["hierophant:Strike_Hierophant"],"score":1128,"play_id":"884f0102-616e-4df1-aaa7-ad84c1f7d20f","local_time":"20210119022512","is_ascension_mode":true,"campfire_choices":[{"data":"Mind Blast","floor":6,"key":"SMITH"},{"data":"hierophant:CursedGold","floor":8,"key":"SMITH"},{"data":"hierophant:Charity","floor":12,"key":"SMITH"},{"data":"hierophant:Charity","floor":15,"key":"SMITH"},{"data":"hierophant:Cornucopia","floor":23,"key":"SMITH"},{"data":"hierophant:Upheaval","floor":32,"key":"SMITH"},{"data":"hierophant:Anathema","floor":40,"key":"SMITH"},{"floor":49,"key":"REST"}],"circlet_count":0,"master_deck":["hierophant:Punish","hierophant:Defend_Hierophant+1","hierophant:Defend_Hierophant","hierophant:Defend_Hierophant","hierophant:Defend_Hierophant","hierophant:ChurchCoffers","Mind Blast+1","hierophant:Doubloon+1","hierophant:Charity+1","hierophant:Doubloon+1","hierophant:Remorse","hierophant:Doubloon+1","hierophant:RecallFunds","hierophant:Doubloon+1","hierophant:CursedGold+1","hierophant:Doubloon+1","hierophant:Charity+1","hierophant:Cornucopia+1","hierophant:Doubloon","hierophant:Dazzle","hierophant:Doubloon+1","hierophant:RecallFunds","hierophant:Refuge","hierophant:Doubloon+1","hierophant:Doubloon+1","hierophant:CursedGold","hierophant:Upheaval+1","Ghostly","Ghostly","Ghostly","Ghostly","Ghostly","hierophant:RecallFunds","hierophant:Doubloon","hierophant:MintersHammer","Dark Shackles","hierophant:Anathema+1","hierophant:Shelter","hierophant:MorningPrayer","hierophant:Smite","hierophant:Bribe+1","hierophant:Doubloon","hierophant:Refuge+1"],"relics":["hierophant:PropheticMaskRelic","Juzu Bracelet","Centennial Puzzle","Pantograph","Sozu","StoneCalendar","Bottled Lightning","Nunchaku","Empty Cage","Bronze Scales","Vajra","Gremlin Horn","Toy Ornithopter"],"acts_visited":["Exordium","TheCity","TheBeyond"],"potions_floor_usage":[10,16],"damage_taken":[{"damage":1,"enemies":"Jaw Worm","floor":1,"turns":4},{"damage":2,"enemies":"2 Louse","floor":2,"turns":2},{"damage":8,"enemies":"Cultist","floor":3,"turns":5},{"damage":10,"enemies":"3 Sentries","floor":7,"turns":5},{"damage":5,"enemies":"Exordium Wildlife","floor":10,"turns":2},{"damage":18,"enemies":"Lagavulin","floor":13,"turns":4},{"damage":45,"enemies":"The Guardian","floor":16,"turns":7},{"damage":2,"enemies":"Chosen","floor":18,"turns":2},{"damage":0,"enemies":"3 Byrds","floor":19,"turns":1},{"damage":15,"enemies":"Snake Plant","floor":21,"turns":3},{"damage":5,"enemies":"Cultist and Chosen","floor":25,"turns":2},{"damage":7,"enemies":"Slavers","floor":27,"turns":4},{"damage":5,"enemies":"Collector","floor":33,"turns":7},{"damage":1,"enemies":"3 Darklings","floor":35,"turns":3},{"damage":0,"enemies":"Orb Walker","floor":37,"turns":1},{"damage":0,"enemies":"Giant Head","floor":41,"turns":6},{"damage":3,"enemies":"Sphere and 2 Shapes","floor":42,"turns":2},{"damage":3,"enemies":"4 Shapes","floor":44,"turns":3},{"damage":3,"enemies":"Reptomancer","floor":46,"turns":3},{"damage":4,"enemies":"Jaw Worm Horde","floor":47,"turns":4},{"damage":4,"enemies":"Time Eater","floor":50,"turns":8}],"seed_played":"-9075293572725032324","potions_obtained":[{"floor":7,"key":"Explosive Potion"},{"floor":13,"key":"Strength Potion"}],"is_trial":false,"path_per_floor":["M","M","M","?","?","R","E","R","T","M","?","R","E","$","R","B",null,"M","M","?","M","?","R","$","M","T","E","?","T","?","$","R","B",null,"M","?","M","$","?","R","E","M","T","M","?","E","M","?","R","B",null],"character_chosen":"HIEROPHANT","items_purchased":["hierophant:Refuge","hierophant:RecallFunds","Bronze Scales"],"campfire_rested":1,"item_purchase_floors":[24,31,38],"current_hp_per_floor":[74,72,64,64,49,49,39,39,39,34,59,59,41,41,41,21,75,73,73,73,58,58,58,58,53,53,46,37,37,33,33,33,37,42,41,41,41,41,41,41,41,38,38,35,35,32,28,28,40,36],"gold":274,"neow_bonus":"RANDOM_COLORLESS","is_daily":false,"chose_seed":false,"campfire_upgraded":7,"win_rate":0.0,"timestamp":1611051912,"path_taken":["M","M","M","?","?","R","E","R","T","M","?","R","E","$","R","BOSS","M","M","?","M","?","R","$","M","T","E","?","?","?","$","R","BOSS","M","?","M","?","?","R","E","M","T","M","?","E","M","?","R","BOSS"],"items_purchased_type":["Card","Card","Relic"],"build_version":"2020-12-22","purchased_purges":1,"victory":true,"max_hp_per_floor":[75,75,75,75,75,75,75,75,75,75,75,75,75,75,75,75,75,75,75,75,75,75,75,75,75,75,75,37,37,42,42,42,42,42,42,42,42,42,42,42,42,42,42,42,40,40,40,40,40,40],"card_choices":[{"not_picked":["Forethought","Flash of Steel"],"picked":"Mind Blast","floor":0},{"not_picked":["hierophant:SealAway","hierophant:MorningPrayer"],"picked":"hierophant:Charity","floor":1},{"not_picked":["hierophant:OrnateBuckler","hierophant:MorningPrayer"],"picked":"hierophant:Remorse","floor":2},{"not_picked":["hierophant:Levitation","hierophant:HolyVerse"],"picked":"hierophant:RecallFunds","floor":3},{"not_picked":["hierophant:HolyVerse","hierophant:Community"],"picked":"hierophant:CursedGold","floor":7},{"not_picked":["hierophant:RustyCrate","hierophant:AuricShield"],"picked":"hierophant:Charity","floor":10},{"not_picked":["hierophant:Shelter","hierophant:DivineIntervention","hierophant:Embezzle"],"picked":"SKIP","floor":13},{"not_picked":["hierophant:MintersHammer","hierophant:Levitation"],"picked":"hierophant:Cornucopia","floor":16},{"not_picked":["hierophant:HammerAndAnvil","hierophant:Zeal+1","hierophant:Flagellation"],"picked":"SKIP","floor":18},{"not_picked":["hierophant:FieryStrike+1","hierophant:AuricForm"],"picked":"hierophant:Dazzle","floor":19},{"not_picked":["hierophant:ThreeLashes","hierophant:HolyVerse"],"picked":"hierophant:RecallFunds","floor":21},{"not_picked":["hierophant:Community","hierophant:FlamingChariot+1"],"picked":"hierophant:CursedGold","floor":25},{"not_picked":["hierophant:Shelter","hierophant:SealAway"],"picked":"hierophant:Upheaval","floor":27},{"not_picked":["hierophant:DeathKnell","hierophant:Levitation"],"picked":"hierophant:MintersHammer","floor":33},{"not_picked":["hierophant:DisplayOfPower+1","hierophant:Sermon","hierophant:AuricShield+1"],"picked":"SKIP","floor":35},{"not_picked":["hierophant:Smite","hierophant:SealAway+1"],"picked":"hierophant:MorningPrayer","floor":37},{"not_picked":["hierophant:FlamingChariot+1","hierophant:Encroach","hierophant:Community"],"picked":"SKIP","floor":41},{"not_picked":["hierophant:FlamingChariot","hierophant:AuricShield+1","hierophant:DisplayOfPower"],"picked":"SKIP","floor":42},{"not_picked":["hierophant:Mercenaries","hierophant:Levitation"],"picked":"hierophant:Smite","floor":44},{"not_picked":["hierophant:Remorse+1","hierophant:HolyVerse"],"picked":"hierophant:Bribe+1","floor":46},{"not_picked":["hierophant:Empathy","hierophant:Remorse+1"],"picked":"hierophant:Refuge+1","floor":47}],"player_experience":467420,"relics_obtained":[{"floor":7,"key":"Juzu Bracelet"},{"floor":9,"key":"Centennial Puzzle"},{"floor":13,"key":"Pantograph"},{"floor":26,"key":"StoneCalendar"},{"floor":27,"key":"Bottled Lightning"},{"floor":29,"key":"Nunchaku"},{"floor":41,"key":"Vajra"},{"floor":43,"key":"Gremlin Horn"},{"floor":46,"key":"Toy Ornithopter"}],"event_choices":[{"cards_removed":["hierophant:Strike_Hierophant"],"damage_healed":0,"gold_gain":0,"player_choice":"Card Removal","damage_taken":0,"max_hp_gain":0,"max_hp_loss":0,"event_name":"The Cleric","floor":4,"gold_loss":50},{"damage_healed":0,"gold_gain":0,"player_choice":"Entered Light","damage_taken":15,"max_hp_gain":0,"max_hp_loss":0,"event_name":"Shining Light","floor":5,"gold_loss":0,"cards_upgraded":["hierophant:Defend_Hierophant","hierophant:Strike_Hierophant"]},{"damage_healed":25,"gold_gain":0,"player_choice":"Banana","damage_taken":0,"max_hp_gain":0,"max_hp_loss":0,"event_name":"Big Fish","floor":11,"gold_loss":0},{"damage_healed":0,"gold_gain":0,"player_choice":"Ignored","damage_taken":0,"max_hp_gain":0,"max_hp_loss":0,"event_name":"Cursed Tome","floor":20,"gold_loss":0},{"damage_healed":0,"gold_gain":0,"player_choice":"Ignored","damage_taken":0,"max_hp_gain":0,"max_hp_loss":0,"event_name":"Vampires","floor":22,"gold_loss":0},{"damage_healed":0,"gold_gain":0,"player_choice":"Became a Ghost","damage_taken":0,"max_hp_gain":0,"max_hp_loss":38,"event_name":"Ghosts","floor":28,"gold_loss":0,"cards_obtained":["Ghostly","Ghostly","Ghostly","Ghostly","Ghostly"]},{"damage_healed":0,"gold_gain":0,"player_choice":"Shed Blood","damage_taken":9,"max_hp_gain":5,"max_hp_loss":0,"event_name":"Forgotten Altar","floor":30,"gold_loss":0},{"damage_healed":0,"gold_gain":0,"player_choice":"3 cards matched","damage_taken":0,"max_hp_gain":0,"max_hp_loss":0,"event_name":"Match and Keep!","floor":36,"gold_loss":0,"cards_obtained":["Dark Shackles","hierophant:Anathema","hierophant:Shelter"]},{"damage_healed":0,"gold_gain":0,"player_choice":"3 cards matched","damage_taken":0,"max_hp_gain":0,"max_hp_loss":0,"event_name":"Match and Keep!","floor":36,"gold_loss":0,"cards_obtained":["Dark Shackles","hierophant:Anathema","hierophant:Shelter"]},{"damage_healed":0,"gold_gain":0,"player_choice":"Ignored","damage_taken":0,"max_hp_gain":0,"max_hp_loss":0,"event_name":"WeMeetAgain","floor":39,"gold_loss":0},{"damage_healed":0,"gold_gain":0,"player_choice":"Max HP","damage_taken":0,"max_hp_gain":0,"max_hp_loss":2,"event_name":"Winding Halls","floor":45,"gold_loss":0},{"damage_healed":0,"gold_gain":0,"player_choice":"Ignored","damage_taken":0,"max_hp_gain":0,"max_hp_loss":0,"event_name":"Tomb of Lord Red Mask","floor":48,"gold_loss":0}],"is_beta":false,"boss_relics":[{"not_picked":["Calling Bell","Astrolabe"],"picked":"Sozu"},{"not_picked":["Coffee Dripper","Velvet Choker"],"picked":"Empty Cage"}],"items_purged_floors":[14],"is_endless":false,"potions_floor_spawned":[7,13,19,25,35,37,46],"ascension_level":1}}