{"host":"9v3x998ddbx8o276","time":1611051004,"event":{"mods":["AchievementEnabler","BaseMod","Colored Map","Colored Powertips","Highlight Path","Minty Spire (QoL Compilation)","Quick Restart","Rare Cards Sparkle"],"gold_per_floor":[115,115,126,146,166,166,196,7,53,20,54,54,64,64,64,161,161,174,174,194,214,229,229,262,276,276,276,276,276],"floor_reached":28,"language":"ENG","playtime":1004,"items_purged":[],"score":375,"play_id":"12041079-ca2a-4c12-b0dc-5b8438a2a6ba","local_time":"20210119204004","is_ascension_mode":true,"campfire_choices":[{"data":"Bash","floor":6,"key":"SMITH"},{"data":"Disarm","floor":12,"key":"SMITH"},{"data":"Demon Form","floor":15,"key":"SMITH"},{"floor":23,"key":"REST"},{"floor":27,"key":"REST"}],"circlet_count":0,"master_deck":["Strike_R","Strike_R","Strike_R","Strike_R","Strike_R","Defend_R","Defend_R+1","Defend_R","Defend_R+1","Bash+1","Demon Form+1","Perfected Strike","Pommel Strike","Disarm+1","Sword Boomerang","Flame Barrier","Corruption","Wild Strike","Shrug It Off","Feed","CurseOfTheBell","Sentinel","Feed","Warcry","Sentinel","Armaments+1","Disarm+1","Havoc+1"],"relics":["Burning Blood","Mercury Hourglass","War Paint","Toy Ornithopter","Blue Candle","Calling Bell","Art of War","Question Card","Ice Cream","Magic Flower","Gambling Chip"],"acts_visited":["Exordium","TheCity"],"potions_floor_usage":[13,13,24,25,28],"damage_taken":[{"damage":4,"enemies":"Small Slimes","floor":1,"turns":4},{"damage":1,"enemies":"Cultist","floor":3,"turns":3},{"damage":8,"enemies":"2 Louse","floor":4,"turns":2},{"damage":15,"enemies":"Blue Slaver","floor":5,"turns":5},{"damage":24,"enemies":"Gremlin Nob","floor":7,"turns":4},{"damage":6,"enemies":"Lagavulin","floor":11,"turns":6},{"damage":7,"enemies":"Exordium Thugs","floor":13,"turns":4},{"damage":59,"enemies":"Slime Boss","floor":16,"turns":7},{"damage":26,"enemies":"2 Thieves","floor":18,"turns":4},{"damage":0,"enemies":"Chosen","floor":20,"turns":6},{"damage":31,"enemies":"Snecko","floor":21,"turns":5},{"damage":20,"enemies":"Centurion and Healer","floor":22,"turns":7},{"damage":56,"enemies":"Gremlin Leader","floor":24,"turns":7},{"damage":19,"enemies":"Snake Plant","floor":25,"turns":6},{"damage":49,"enemies":"Slavers","floor":28,"turns":4}],"seed_played":"7406157112884675956","potions_obtained":[{"floor":3,"key":"SteroidPotion"},{"floor":5,"key":"Ancient Potion"},{"floor":13,"key":"Fruit Juice"},{"floor":25,"key":"Block Potion"}],"is_trial":false,"path_per_floor":["M","?","M","M","M","R","E","$","T","?","E","R","M","T","R","B",null,"M","?","M","M","M","R","E","M","T","R","E"],"character_chosen":"IRONCLAD","items_purchased":["Corruption","BloodPotion"],"campfire_rested":2,"item_purchase_floors":[8,8],"current_hp_per_floor":[74,80,80,78,69,69,51,51,51,51,51,51,81,81,81,28,71,51,51,57,35,27,55,13,11,11,40,0,0],"gold":276,"neow_bonus":"ONE_RANDOM_RARE_CARD","is_daily":false,"chose_seed":false,"campfire_upgraded":3,"win_rate":0.0,"timestamp":1611051004,"path_taken":["M","?","?","M","M","R","E","$","T","?","E","R","M","?","R","BOSS","M","?","M","?","M","R","E","M","T","R","E"],"items_purchased_type":["Card","Potion"],"build_version":"2020-12-22","purchased_purges":0,"victory":false,"max_hp_per_floor":[80,80,80,80,80,80,80,80,80,80,80,80,85,85,85,85,85,85,85,85,88,94,94,97,97,97,97,97,97],"card_choices":[{"not_picked":["True Grit","Burning Pact"],"picked":"Perfected Strike","floor":1},{"not_picked":["Perfected Strike","Twin Strike"],"picked":"Pommel Strike","floor":3},{"not_picked":["Clothesline","Dark Embrace"],"picked":"Disarm","floor":4},{"not_picked":["Cleave","Havoc"],"picked":"Sword Boomerang","floor":5},{"not_picked":["Wild Strike","Clash"],"picked":"Flame Barrier","floor":7},{"not_picked":["Armaments","Perfected Strike"],"picked":"Wild Strike","floor":11},{"not_picked":["Dual Wield","Body Slam"],"picked":"Shrug It Off","floor":13},{"not_picked":["Bludgeon","Immolate"],"picked":"Feed","floor":16},{"not_picked":["Reckless Charge","Clothesline","True Grit"],"picked":"Sentinel","floor":18},{"not_picked":["Sword Boomerang","Clothesline","Anger+1"],"picked":"Warcry","floor":20},{"not_picked":["Bloodletting","Reckless Charge+1","Wild Strike"],"picked":"Sentinel","floor":21},{"not_picked":["Corruption","Perfected Strike+1","Rampage+1"],"picked":"Armaments+1","floor":22},{"not_picked":["True Grit+1","Clash+1","Armaments"],"picked":"Disarm+1","floor":24},{"not_picked":["Iron Wave","Burning Pact","Thunderclap"],"picked":"Havoc+1","floor":25}],"player_experience":1672675,"relics_obtained":[{"floor":7,"key":"Mercury Hourglass"},{"floor":9,"key":"War Paint"},{"floor":11,"key":"Toy Ornithopter"},{"floor":14,"key":"Blue Candle"},{"floor":17,"key":"Art of War"},{"floor":17,"key":"Question Card"},{"floor":17,"key":"Ice Cream"},{"floor":24,"key":"Magic Flower"},{"floor":26,"key":"Gambling Chip"}],"event_choices":[{"damage_healed":6,"gold_gain":0,"player_choice":"Full Heal","damage_taken":0,"max_hp_gain":0,"max_hp_loss":0,"event_name":"Wheel of Change","floor":2,"gold_loss":0},{"damage_healed":0,"gold_gain":0,"player_choice":"Left Gold","damage_taken":0,"max_hp_gain":0,"max_hp_loss":0,"event_name":"World of Goop","floor":10,"gold_loss":33},{"damage_healed":0,"gold_gain":0,"player_choice":"Copied","damage_taken":0,"max_hp_gain":0,"max_hp_loss":0,"event_name":"Duplicator","floor":19,"gold_loss":0,"cards_obtained":["Feed"]}],"is_beta":false,"boss_relics":[{"not_picked":["Busted Crown","SlaversCollar"],"picked":"Calling Bell"}],"items_purged_floors":[],"is_endless":false,"potions_floor_spawned":[3,5,13,25],"killed_by":"Slavers","ascension_level":8}}