{"host":"he07elbwfbprxmdo","time":1611066210,"event":{"mods":["BaseMod","Better Skull","Better Third Choice","Better Vampires","Clockwork Mod","Colored Map","Downfall","Energized Spire","Halation","Hermit","Highlight Path","Marisa????????","Minty Spire (QoL Compilation)","Relic Stats","StSLib","The Animator","The Servant 0.9.4","Unceasing Turn Reminder"],"gold_per_floor":[216,216,391,411,431,460,460,489,560,576,576,576,593,606,606,705,705,725,741,741,741,741,741],"floor_reached":22,"language":"ENG","playtime":2309,"items_purged":[],"score":206,"play_id":"87a5a7e6-16ee-41ae-97fb-c807e5de178b","local_time":"20210119162330","is_ascension_mode":true,"campfire_choices":[{"floor":12,"key":"REST"},{"floor":15,"key":"REST"}],"circlet_count":0,"master_deck":["Strike_MRS","Strike_MRS","Strike_MRS","Defend_MRS","Defend_MRS","Defend_MRS","Defend_MRS","MasterSpark","UpSweep","MagicChant","ChargingUp","DC","StarBarrage","EnergyFlow","UltimateShortwave"],"relics":["MiniHakkero","Mango","Ancient Tea Set","Eternal Feather"],"acts_visited":["Exordium","TheCity"],"potions_floor_usage":[8,14,16,16,19],"damage_taken":[{"damage":2,"enemies":"Small Slimes","floor":1,"turns":3},{"damage":0,"enemies":"2 Louse","floor":4,"turns":3},{"damage":3,"enemies":"Jaw Worm","floor":5,"turns":6},{"damage":35,"enemies":"Lagavulin","floor":6,"turns":10},{"damage":26,"enemies":"3 Sentries","floor":8,"turns":9},{"damage":9,"enemies":"Blue Slaver","floor":10,"turns":4},{"damage":0,"enemies":"2 Fungi Beasts","floor":13,"turns":3},{"damage":7,"enemies":"Looter","floor":14,"turns":3},{"damage":43,"enemies":"Slime Boss","floor":16,"turns":11},{"damage":35,"enemies":"Spheric Guardian","floor":18,"turns":6},{"damage":32,"enemies":"2 Thieves","floor":19,"turns":4},{"damage":24,"enemies":"Chosen and Byrds","floor":22,"turns":4}],"seed_played":"8482751162243106511","potions_obtained":[{"floor":5,"key":"DuplicationPotion"},{"floor":6,"key":"LiquidMemories"},{"floor":10,"key":"Weak Potion"},{"floor":13,"key":"FearPotion"},{"floor":16,"key":"SkillPotion"}],"is_trial":false,"path_per_floor":["M","?","?","M","M","E","?","E","T","M","?","R","M","M","R","B",null,"M","M","?","?","M"],"character_chosen":"MARISA","items_purchased":[],"campfire_rested":2,"item_purchase_floors":[],"current_hp_per_floor":[73,73,73,73,70,49,42,16,16,7,7,39,39,32,67,24,89,54,22,22,22,0,0],"gold":741,"neow_bonus":"HUNDRED_GOLD","is_daily":false,"chose_seed":false,"campfire_upgraded":0,"win_rate":0.0,"timestamp":1611066210,"path_taken":["M","?","?","M","?","E","?","E","T","M","?","R","M","M","R","BOSS","M","M","?","?","?"],"items_purchased_type":[],"build_version":"2020-12-22","purchased_purges":0,"victory":false,"max_hp_per_floor":[75,75,75,75,75,89,89,89,89,89,89,89,89,89,89,89,89,89,89,89,89,89,89],"relic_stats":{"counters":[12,66],"Eternal Feather":15,"obtain_stats":[{"Mango":6,"Eternal Feather":9,"MiniHakkero":0,"Ancient Tea Set":8},{"Mango":4,"Eternal Feather":5,"MiniHakkero":0,"Ancient Tea Set":5},{"Mango":22,"Eternal Feather":31,"MiniHakkero":0,"Ancient Tea Set":31}]},"card_choices":[{"not_picked":["PowerUp","StarBarrage"],"picked":"MagicChant","floor":1},{"not_picked":["DarkSpark","GrandCross","GravityBeat"],"picked":"SKIP","floor":4},{"not_picked":["SporeBomb","Acceleration"],"picked":"ChargingUp","floor":5},{"not_picked":["GalacticHalo","MilkyWay"],"picked":"DC","floor":6},{"not_picked":["OpenUniverse","Occultation","LuminesStrike"],"picked":"SKIP","floor":8},{"not_picked":["SuperNova","WitchLeyline","DC"],"picked":"SKIP","floor":10},{"not_picked":["LuminesStrike","6A"],"picked":"StarBarrage","floor":13},{"not_picked":["WitchOfGreed","GravityBeat"],"picked":"EnergyFlow","floor":14},{"not_picked":["BigCrunch","SuperNova"],"picked":"UltimateShortwave","floor":16},{"not_picked":["IllusionStar+1","AsteroidBelt+1","DC+1"],"picked":"SKIP","floor":18},{"not_picked":["GravityBeat","EventHorizon","Acceleration"],"picked":"SKIP","floor":19}],"player_experience":148910,"relics_obtained":[{"floor":6,"key":"Mango"},{"floor":8,"key":"Ancient Tea Set"},{"floor":9,"key":"Eternal Feather"}],"event_choices":[{"damage_healed":0,"gold_gain":0,"player_choice":"Leave","damage_taken":0,"max_hp_gain":0,"max_hp_loss":0,"event_name":"The Cleric","floor":2,"gold_loss":0},{"damage_healed":0,"gold_gain":175,"player_choice":"AGREE","damage_taken":216,"max_hp_gain":0,"max_hp_loss":0,"event_name":"betterThird:BetterSerpent","floor":3,"gold_loss":0},{"cards_removed":["Strike_MRS"],"damage_healed":0,"gold_gain":0,"player_choice":"Card Removal","damage_taken":7,"max_hp_gain":0,"max_hp_loss":0,"event_name":"Golden Wing","floor":7,"gold_loss":0},{"damage_healed":0,"gold_gain":0,"player_choice":"Searched \u00270\u0027 times","damage_taken":0,"max_hp_gain":0,"max_hp_loss":0,"event_name":"Dead Adventurer","floor":11,"gold_loss":0},{"damage_healed":0,"gold_gain":0,"player_choice":"Ignored","damage_taken":0,"max_hp_gain":0,"max_hp_loss":0,"event_name":"Ghosts","floor":20,"gold_loss":0},{"cards_removed":["Doubt"],"damage_healed":0,"gold_gain":0,"player_choice":"Removed Curses","damage_taken":0,"max_hp_gain":0,"max_hp_loss":0,"event_name":"Fountain of Cleansing","floor":21,"gold_loss":0}],"is_beta":false,"boss_relics":[{"not_picked":["ExperimentalFamiliar","Snecko Eye","Coffee Dripper"]}],"items_purged_floors":[],"is_endless":false,"potions_floor_spawned":[5,6,10,13,16],"killed_by":"Chosen and Byrds","ascension_level":1}}