{"host":"363c1o4m0ew2jbar","time":1611025480,"event":{"mods":["AchievementEnabler","BaseMod","Better Note","Downfall","Hubris","Minty Spire (QoL Compilation)","StSLib"],"gold_per_floor":[99,6,6,20,30,47,115,144,144,179,197,214,214,214,234,331,331,331,345,363,373,458,477,503,154,188,88,188,188,220,239,250,348,348,348,359,1,20,30,65,88,138,138,199,87,114,164,190,207,207,207,207],"floor_reached":50,"language":"ENG","playtime":3974,"items_purged":["Writhe","champ:Strike"],"score":740,"play_id":"bb38030d-5543-481c-a57a-c542621ec878","local_time":"20210118170440","is_ascension_mode":true,"campfire_choices":[{"data":"champ:StrikeOfGenius","floor":1,"key":"SMITH"},{"data":"champ:Taunt","floor":9,"key":"SMITH"},{"floor":13,"key":"REST"},{"floor":18,"key":"RECALL"},{"floor":27,"key":"REST"},{"data":"Guardian:DonusPower","floor":29,"key":"SMITH"},{"data":"champ:UltimateStance","floor":35,"key":"SMITH"},{"data":"champ:PreemptiveStrike","floor":43,"key":"SMITH"}],"circlet_count":0,"master_deck":["champ:Strike","champ:Strike","champ:Defend","champ:Defend","champ:Defend","champ:Defend","champ:Execute","champ:Taunt+1","champ:StrikeOfGenius+1","champ:DefensiveStyle","champ:ShieldWall","champ:SkillfulDodge","Guardian:ChargeUp","champ:Duel","champ:FocusedDefense","champ:SkillfulDodge","champ:ViciousMockery","champ:HoldFirm","Guardian:BodySlam","champ:ShieldSlam","champ:FlashCut","champ:PreemptiveStrike+1","Guardian:DonusPower+1","champ:HoldFirm","champ:UltimateStance+1","expansioncontent:Hexaburn","champ:Parry","champ:Improvising","Guardian:Gem_Orange"],"relics":["champ:ChampionCrown","hubris:DisguiseKit","Question Card","hubris:MedicalManual","Philosopher\u0027s Stone","PreservedInsect","Kunai","Bag of Preparation","downfall:HeartBlessingRed","downfall:CloakOfManyFaces","CultistMask","FaceOfCleric","NlothsMask","GremlinMask","SsserpentHead","Guardian:PocketSentry","Mummified Hand","Ornamental Fan","Bird Faced Urn","hexamod:BolsterEngine","Regal Pillow"],"acts_visited":["Exordium","TheCity","TheBeyond"],"potions_floor_usage":[8,11,12,14,23,30,30,32,32,39,39,45,46,49],"damage_taken":[{"damage":15,"enemies":"downfall:FleeingMerchant","floor":2,"turns":4},{"damage":18,"enemies":"Cultist","floor":4,"turns":4},{"damage":24,"enemies":"Jaw Worm","floor":5,"turns":3},{"damage":6,"enemies":"2 Louse","floor":6,"turns":2},{"damage":14,"enemies":"3 Sentries","floor":8,"turns":6},{"damage":9,"enemies":"Gremlin Nob","floor":10,"turns":4},{"damage":8,"enemies":"Exordium Thugs","floor":11,"turns":4},{"damage":10,"enemies":"Gremlin Gang","floor":12,"turns":4},{"damage":0,"enemies":"3 Louse","floor":14,"turns":2},{"damage":17,"enemies":"Exordium Wildlife","floor":15,"turns":5},{"damage":16,"enemies":"IC_STATUS_ARCHETYPE","floor":16,"turns":7},{"damage":4,"enemies":"Shell Parasite","floor":19,"turns":5},{"damage":6,"enemies":"Spheric Guardian","floor":20,"turns":4},{"damage":5,"enemies":"Shelled Parasite and Fungi","floor":21,"turns":5},{"damage":25,"enemies":"Snake Plant","floor":23,"turns":4},{"damage":0,"enemies":"downfall:FleeingMerchant","floor":25,"turns":4},{"damage":24,"enemies":"Book of Stabbing","floor":26,"turns":5},{"damage":10,"enemies":"downfall:FaceTrader","floor":28,"turns":6},{"damage":20,"enemies":"Gremlin Leader","floor":30,"turns":8},{"damage":10,"enemies":"Snecko","floor":31,"turns":4},{"damage":27,"enemies":"Centurion and Healer","floor":32,"turns":6},{"damage":10,"enemies":"DF_ARCHETYPE_CLAW","floor":33,"turns":8},{"damage":8,"enemies":"Orb Walker","floor":36,"turns":3},{"damage":10,"enemies":"downfall:FleeingMerchant","floor":37,"turns":4},{"damage":10,"enemies":"3 Shapes","floor":38,"turns":8},{"damage":13,"enemies":"Sphere and 2 Shapes","floor":39,"turns":6},{"damage":35,"enemies":"downfall:FleeingMerchant","floor":40,"turns":4},{"damage":13,"enemies":"Writhing Mass","floor":44,"turns":6},{"damage":25,"enemies":"downfall:FleeingMerchant","floor":45,"turns":1},{"damage":15,"enemies":"Reptomancer","floor":46,"turns":5},{"damage":52,"enemies":"Giant Head","floor":48,"turns":7},{"damage":5,"enemies":"4 Shapes","floor":49,"turns":5},{"damage":96,"enemies":"SI_POISON_ARCHETYPE","floor":50,"turns":6}],"seed_played":"-7325324510279058946","potions_obtained":[{"floor":4,"key":"sneckomod:MuddlingPotion"},{"floor":6,"key":"SmokeBomb"},{"floor":8,"key":"SkillPotion"},{"floor":10,"key":"Dexterity Potion"},{"floor":11,"key":"SneckoOil"},{"floor":12,"key":"sneckomod:MuddlingPotion"},{"floor":16,"key":"Block Potion"},{"floor":19,"key":"Weak Potion"},{"floor":26,"key":"SkillPotion"},{"floor":30,"key":"PowerPotion"},{"floor":33,"key":"EssenceOfSteel"},{"floor":38,"key":"Slimebound:ThreeZeroPotion"},{"floor":44,"key":"champ:TechniquePotion"},{"floor":48,"key":"Swift Potion"},{"floor":49,"key":"SteroidPotion"}],"is_trial":false,"path_per_floor":["R","$","T","M","M","M","T","E","R","E","M","M","R","M","M","B",null,"R","M","M","M","?","M","T","$","E","R","?","R","E","M","M","B",null,"R","M","$","M","M","$","T","T","R","M","$","E","?","E","M","B"],"character_chosen":"THE_CHAMP","items_purchased":["champ:ShieldWall","Kunai","Mummified Hand","expansioncontent:Hexaburn","Bird Faced Urn","DistilledChaos"],"campfire_rested":2,"item_purchase_floors":[2,25,37,37,45,45],"current_hp_per_floor":[90,85,85,77,63,57,57,53,53,44,36,36,63,63,56,40,90,90,86,80,75,57,42,42,42,28,55,55,55,56,57,41,42,94,94,87,88,89,77,63,63,63,63,61,62,73,73,52,61,0,0,0],"gold":207,"neow_bonus":"THREE_RARE_CARDS","is_daily":false,"chose_seed":false,"campfire_upgraded":5,"win_rate":0.0,"timestamp":1611025480,"path_taken":["R","$","?","M","M","M","T","E","R","E","M","M","R","?","M","BOSS","R","M","M","M","?","M","T","$","E","R","?","R","E","M","M","BOSS","R","M","$","M","M","?","T","?","R","?","$","E","?","E","M","BOSS"],"items_purchased_type":["Card","Relic","Relic","Card","Relic","Potion"],"build_version":"2020-12-22","purchased_purges":2,"victory":false,"max_hp_per_floor":[90,90,90,90,90,90,90,90,90,90,90,90,90,90,90,90,90,90,90,90,90,90,90,90,90,90,90,90,90,91,92,93,94,94,94,95,96,97,98,99,99,99,99,100,101,102,102,103,104,104,104,104],"card_choices":[{"not_picked":["champ:GladiatorForm","champ:CheapShot"],"picked":"champ:StrikeOfGenius","floor":0},{"not_picked":["champ:Circumvent","champ:Haymaker"],"picked":"champ:DefensiveStyle","floor":2},{"not_picked":["champ:Haymaker","champ:FlashCut","Guardian:Gem_Cyan"],"picked":"champ:SkillfulDodge","floor":4},{"not_picked":["champ:PerfectedStrike","champ:BerserkerStyle","champ:RapidStrikes"],"picked":"Guardian:ChargeUp","floor":5},{"not_picked":["champ:EndlessRage","champ:Haymaker","Guardian:ChargeUp"],"picked":"champ:Duel","floor":6},{"not_picked":["champ:Haymaker","champ:FlashCut","champ:HeartStrike","Guardian:BronzeOrb"],"picked":"champ:FocusedDefense","floor":8},{"not_picked":["champ:DefensiveShout","champ:StrikeOfGenius","champ:GladiatorStyle","Guardian:VentSteam"],"picked":"champ:SkillfulDodge","floor":10},{"not_picked":["champ:BringItOn","champ:BladeFlurry","champ:EnGarde","champ:CrownThrow","Guardian:Clone"],"picked":"SKIP","floor":11},{"not_picked":["champ:ShieldSigil","champ:Backstep","champ:StanceDance","Guardian:Gem_Cyan"],"picked":"champ:ViciousMockery","floor":12},{"not_picked":["champ:ShieldSigil","champ:TornadoPunch","champ:BladeFlurry","champ:AdrenalArmor","Guardian:TemporalShield"],"picked":"SKIP","floor":15},{"not_picked":["champ:IgnorePain","champ:SwordThrow","champ:TripleStrike","Guardian:SphericShield"],"picked":"champ:HoldFirm","floor":16},{"not_picked":["champ:BerserkersShout","champ:SkillfulDodge","champ:DefensiveShout","champ:Backstep"],"picked":"Guardian:BodySlam","floor":19},{"not_picked":["champ:FanOfKnives","champ:SetATrap","champ:DefensiveStyle+1","Guardian:RefractedBeam"],"picked":"champ:ShieldSlam","floor":20},{"not_picked":["champ:FanOfKnives","champ:FancyFootwork","champ:FocusedBerserking","champ:ArenaPreparation","Guardian:TemporalStrike"],"picked":"SKIP","floor":21},{"not_picked":["champ:Circumvent+1","champ:EnragedBash+1","champ:FaceSlap","Guardian:Incinerate"],"picked":"champ:FlashCut","floor":23},{"not_picked":["champ:SetATrap","champ:Duel","champ:TripleStrike","Guardian:ShieldCharger"],"picked":"champ:PreemptiveStrike","floor":25},{"not_picked":["champ:PreciseThrust","champ:FlashCut","champ:DefensiveShout","champ:ViciousMockery","Guardian:TimeBomb"],"picked":"SKIP","floor":26},{"not_picked":["champ:FocusedBerserking","champ:DefensiveShout","champ:StanceDance","champ:SkillfulDodge"],"picked":"Guardian:DonusPower","floor":28},{"not_picked":["champ:DefensiveStyle","champ:ShieldWall","champ:DeathBlow","Guardian:CrystalBeam"],"picked":"champ:HoldFirm","floor":30},{"not_picked":["champ:Encircle","champ:AdrenalArmor+1","champ:FanOfKnives+1","champ:BringItOn","Guardian:PiercingHide"],"picked":"SKIP","floor":31},{"not_picked":["champ:GutPunch","champ:BladeFlurry+1","champ:CrownThrow","champ:Backstep","Guardian:Gem_Lightblue"],"picked":"SKIP","floor":32},{"not_picked":["champ:ShieldThrow","champ:TripleStrike","champ:SwordThrow","Guardian:HyperBeam_Guardian"],"picked":"champ:UltimateStance","floor":33},{"not_picked":["champ:FanOfKnives+1","champ:FancyFootwork","champ:RisingSlash","champ:DefensiveShout","Guardian:TemporalStrike"],"picked":"SKIP","floor":36},{"not_picked":["champ:FocusedBerserking+1","champ:Backstep+1","champ:ShieldSigil+1","champ:AdrenalArmor+1","Guardian:ChargeCore"],"picked":"SKIP","floor":37},{"not_picked":["champ:PerfectedStrike+1","champ:PreemptiveStrike+1","champ:BerserkersShout+1","champ:PreciseThrust","Guardian:PiercingHide"],"picked":"SKIP","floor":38},{"not_picked":["champ:Backstep","champ:PerfectedStrike","champ:HeartStrike","champ:GutPunch+1","Guardian:Gem_Red"],"picked":"SKIP","floor":39},{"not_picked":["champ:DefensiveStyle","champ:HeavySlash","champ:CrownThrow","Guardian:ShieldCharger"],"picked":"champ:Parry","floor":40},{"not_picked":["champ:Shatter","champ:BladeFlurry","champ:PreciseThrust+1","champ:BringItOn","Guardian:VentSteam"],"picked":"SKIP","floor":44},{"not_picked":["champ:ShieldSigil+1","champ:FanOfKnives","champ:Shatter+1","Guardian:TemporalShield"],"picked":"champ:Improvising","floor":45},{"not_picked":["champ:Parry+1","champ:BerserkersShout+1","champ:FanOfKnives+1","champ:Encircle","Guardian:ShieldSpikes"],"picked":"SKIP","floor":46},{"not_picked":["champ:Parry+1","champ:BerserkersShout+1","champ:FanOfKnives+1","champ:Encircle","Guardian:ShieldSpikes"],"picked":"SKIP","floor":46},{"not_picked":["champ:ShieldSigil+1","champ:EnragedBash+1","champ:ViciousMockery","champ:RageSigil+1"],"picked":"Guardian:Gem_Orange","floor":48},{"not_picked":["champ:DefensiveShout+1","champ:CrownThrow+1","champ:PreciseThrust","champ:BladeFlurry+1","Guardian:TimeCapacitor"],"picked":"SKIP","floor":49}],"player_experience":1216685,"relics_obtained":[{"floor":3,"key":"hubris:DisguiseKit"},{"floor":7,"key":"Question Card"},{"floor":8,"key":"hubris:MedicalManual"},{"floor":24,"key":"PreservedInsect"},{"floor":26,"key":"Bag of Preparation"},{"floor":28,"key":"downfall:CloakOfManyFaces"},{"floor":30,"key":"Guardian:PocketSentry"},{"floor":42,"key":"Ornamental Fan"},{"floor":46,"key":"hexamod:BolsterEngine"},{"floor":48,"key":"Regal Pillow"}],"event_choices":[],"is_beta":false,"boss_relics":[{"not_picked":["champ:ChampionCrownUpgraded","hubris:TerracottaHorce"],"picked":"Philosopher\u0027s Stone"},{"not_picked":["Velvet Choker","Cursed Key","Coffee Dripper"]}],"items_purged_floors":[25,45],"is_endless":false,"potions_floor_spawned":[4,6,8,10,11,12,16,19,20,26,28,30,33,38,44,48,49],"killed_by":"SI_POISON_ARCHETYPE","ascension_level":1}}