{"host":"jlz4is0nf6zo9oab","time":1611097181,"event":{"mods":["AchievementEnabler","BaseMod","Colored Map","Colored Powertips","Highlight Path","Minty Spire (QoL Compilation)","StSLib"],"gold_per_floor":[109,37,37,37,1,1,45,45,45,45,69,84,84,99,99,229,229,244,343,268,291,310,310,328,342,342,342,365,365,365,365,365,365,365],"floor_reached":33,"language":"SPA","playtime":899,"items_purged":[],"score":432,"play_id":"0a8ec058-23eb-4f91-9d90-56f2b0beaf8b","local_time":"20210119235941","is_ascension_mode":true,"campfire_choices":[{"data":"Infinite Blades","floor":6,"key":"SMITH"},{"data":"Caltrops","floor":10,"key":"SMITH"},{"data":"Finisher","floor":13,"key":"SMITH"},{"data":"Neutralize","floor":15,"key":"SMITH"},{"floor":23,"key":"REST"},{"floor":27,"key":"REST"},{"floor":29,"key":"REST"},{"floor":32,"key":"REST"}],"circlet_count":0,"master_deck":["AscendersBane","Strike_G","Strike_G","Strike_G","Strike_G","Defend_G","Defend_G","Defend_G","Defend_G+1","Defend_G","Survivor+1","Neutralize+1","Infinite Blades+1","Caltrops+1","Infinite Blades","Finisher+1","Envenom","Crippling Poison","Cloak And Dagger"],"relics":["Ring of the Snake","NeowsBlessing","Golden Idol","War Paint","Ornamental Fan","Busted Crown","HornCleat"],"acts_visited":["Exordium","TheCity"],"potions_floor_usage":[16,16,21,22,24,28],"damage_taken":[{"damage":0,"enemies":"Jaw Worm","floor":1,"turns":1},{"damage":0,"enemies":"3 Sentries","floor":7,"turns":1},{"damage":0,"enemies":"2 Louse","floor":11,"turns":1},{"damage":1,"enemies":"Small Slimes","floor":12,"turns":4},{"damage":8,"enemies":"Exordium Thugs","floor":14,"turns":4},{"damage":6,"enemies":"Hexaghost","floor":16,"turns":9},{"damage":3,"enemies":"Chosen","floor":18,"turns":5},{"damage":15,"enemies":"3 Byrds","floor":21,"turns":3},{"damage":18,"enemies":"Centurion and Healer","floor":22,"turns":6},{"damage":33,"enemies":"Snake Plant","floor":24,"turns":4},{"damage":7,"enemies":"Shelled Parasite and Fungi","floor":25,"turns":6},{"damage":9,"enemies":"Centurion and Healer","floor":28,"turns":8},{"damage":20,"enemies":"Colosseum Slavers","floor":30,"turns":5},{"damage":40,"enemies":"Automaton","floor":33,"turns":10}],"seed_played":"-4924048649822374423","potions_obtained":[{"floor":11,"key":"SpeedPotion"},{"floor":12,"key":"AttackPotion"},{"floor":16,"key":"Weak Potion"},{"floor":18,"key":"Poison Potion"},{"floor":21,"key":"Block Potion"},{"floor":25,"key":"EssenceOfSteel"}],"is_trial":false,"path_per_floor":["M","$","?","?","$","R","E","?","T","R","M","M","R","M","R","B",null,"M","?","?","M","M","R","M","M","T","R","M","R","?","?","R","B"],"character_chosen":"THE_SILENT","items_purchased":["Infinite Blades","Caltrops"],"campfire_rested":4,"item_purchase_floors":[2,5],"current_hp_per_floor":[63,63,68,68,68,68,68,68,68,68,68,67,67,59,59,53,65,62,62,62,47,29,49,16,9,9,29,20,40,20,20,40,0,0],"gold":365,"neow_bonus":"THREE_ENEMY_KILL","is_daily":false,"chose_seed":false,"campfire_upgraded":4,"win_rate":0.0,"timestamp":1611097181,"path_taken":["M","$","?","?","$","R","E","?","T","R","M","M","R","M","R","BOSS","M","?","?","M","M","R","M","M","T","R","M","R","?","?","R","BOSS"],"items_purchased_type":["Card","Card"],"build_version":"2020-12-22","purchased_purges":0,"victory":false,"max_hp_per_floor":[70,70,75,69,69,69,69,69,69,69,69,69,69,69,69,69,69,69,69,69,69,69,69,69,69,69,69,69,69,69,69,69,69,69],"card_choices":[{"not_picked":["Deflect","Dagger Throw","Underhanded Strike"],"picked":"SKIP","floor":1},{"not_picked":["Dodge and Roll","Deadly Poison","Bane"],"picked":"SKIP","floor":7},{"not_picked":["Slice","Reflex"],"picked":"Infinite Blades","floor":11},{"not_picked":["All Out Attack","Expertise"],"picked":"Finisher","floor":12},{"not_picked":["Outmaneuver","Dagger Throw","Calculated Gamble"],"picked":"SKIP","floor":14},{"not_picked":["Burst","Corpse Explosion"],"picked":"Envenom","floor":16},{"not_picked":["Deadly Poison"],"picked":"SKIP","floor":18},{"not_picked":["Calculated Gamble"],"picked":"SKIP","floor":21},{"not_picked":["Quick Slash"],"picked":"SKIP","floor":22},{"not_picked":[],"picked":"Crippling Poison","floor":24},{"not_picked":["PiercingWail+1"],"picked":"SKIP","floor":25},{"not_picked":[],"picked":"Cloak And Dagger","floor":28}],"player_experience":952853,"relics_obtained":[{"floor":7,"key":"War Paint"},{"floor":9,"key":"Ornamental Fan"},{"floor":26,"key":"HornCleat"}],"event_choices":[{"damage_healed":0,"gold_gain":0,"player_choice":"Donut","damage_taken":0,"max_hp_gain":5,"max_hp_loss":0,"event_name":"Big Fish","floor":3,"gold_loss":0},{"damage_healed":0,"gold_gain":0,"player_choice":"Lose Max HP","damage_taken":0,"relics_obtained":["Golden Idol"],"max_hp_gain":0,"max_hp_loss":6,"event_name":"Golden Idol","floor":4,"gold_loss":0},{"damage_healed":0,"gold_gain":0,"player_choice":"Leave","damage_taken":0,"max_hp_gain":0,"max_hp_loss":0,"event_name":"The Cleric","floor":8,"gold_loss":0},{"damage_healed":0,"gold_gain":99,"player_choice":"Stole From Cult","damage_taken":0,"max_hp_gain":0,"max_hp_loss":0,"event_name":"Nest","floor":19,"gold_loss":0},{"cards_removed":["Strike_G"],"damage_healed":0,"gold_gain":0,"player_choice":"Gave Gold","damage_taken":0,"max_hp_gain":0,"max_hp_loss":0,"event_name":"Beggar","floor":20,"gold_loss":75},{"damage_healed":0,"gold_gain":0,"player_choice":"Fight","damage_taken":0,"max_hp_gain":0,"max_hp_loss":0,"event_name":"Colosseum","floor":30,"gold_loss":0},{"damage_healed":0,"gold_gain":0,"player_choice":"Fled From Nobs","damage_taken":0,"max_hp_gain":0,"max_hp_loss":0,"event_name":"Colosseum","floor":30,"gold_loss":0},{"damage_healed":0,"gold_gain":0,"player_choice":"Ignored","damage_taken":0,"max_hp_gain":0,"max_hp_loss":0,"event_name":"Vampires","floor":31,"gold_loss":0}],"is_beta":false,"boss_relics":[{"not_picked":["Pandora\u0027s Box","Cursed Key"],"picked":"Busted Crown"}],"items_purged_floors":[],"is_endless":false,"potions_floor_spawned":[11,12,16,18,21,25],"killed_by":"Automaton","ascension_level":12}}