{"host":"nptej036rrbiurf5","time":1611036688,"event":{"mods":["BaseMod","Colored Map","Colored Powertips","DeckTracker","Minty Spire (QoL Compilation)","StSLib","SuperFastMode"],"gold_per_floor":[116,62,62,62,62,62,94,94,140,140,140,140,175,189,189,264,264,282,301,54,64,80,80,95,19,19,19,69,89,107,127,127,204,204,218,218,238,253,268,293,293,293,293,293,309,323,323,339,339,339],"floor_reached":51,"language":"KOR","playtime":1166,"items_purged":[],"score":1350,"play_id":"caa1c9bf-db15-4cc4-a3d6-b5af0e9d886b","local_time":"20210119151128","is_ascension_mode":true,"campfire_choices":[{"floor":6.0,"key":"REST"},{"data":"Beam Cell","floor":8.0,"key":"SMITH"},{"data":"Zap","floor":10.0,"key":"SMITH"},{"data":"Glacier","floor":12.0,"key":"SMITH"},{"data":"Chaos","floor":15.0,"key":"SMITH"},{"data":"Lockon","floor":23.0,"key":"SMITH"},{"floor":32.0,"key":"RECALL"},{"data":"Strike_B","floor":42.0,"key":"PURGE"},{"data":"Defend_B","floor":44.0,"key":"PURGE"},{"data":"Strike_B","floor":47.0,"key":"PURGE"},{"data":"Strike_B","floor":49.0,"key":"PURGE"}],"circlet_count":0,"master_deck":["AscendersBane","Defend_B","Defend_B","Zap+1","Dualcast+1","Gash+1","Beam Cell+1","Stack","Glacier+1","Chaos+1","Lockon+1","Core Surge","CurseOfTheBell","Loop+1","Heatsinks+1","Self Repair+1","Loop+1","Meteor Strike+1","Self Repair+1","Biased Cognition+1","Chill+1","Capacitor+1","Storm+1","Heatsinks+1"],"relics":["Cracked Core","NeowsBlessing","HornCleat","DataDisk","Bronze Scales","Darkstone Periapt","Calling Bell","Akabeko","Frozen Egg 2","Ice Cream","ClockworkSouvenir","Blue Candle","Runic Pyramid","Peace Pipe"],"acts_visited":["Exordium","TheCity","TheBeyond"],"potions_floor_usage":[50,50],"damage_taken":[{"damage":0.0,"enemies":"Small Slimes","floor":1.0,"turns":1.0},{"damage":0.0,"enemies":"3 Sentries","floor":7.0,"turns":1.0},{"damage":0.0,"enemies":"Lagavulin","floor":13.0,"turns":1.0},{"damage":0.0,"enemies":"Jaw Worm","floor":14.0,"turns":2.0},{"damage":2.0,"enemies":"The Guardian","floor":16.0,"turns":8.0},{"damage":0.0,"enemies":"3 Byrds","floor":18.0,"turns":4.0},{"damage":11.0,"enemies":"Spheric Guardian","floor":19.0,"turns":4.0},{"damage":23.0,"enemies":"Snake Plant","floor":21.0,"turns":4.0},{"damage":0.0,"enemies":"Cultist and Chosen","floor":22.0,"turns":5.0},{"damage":9.0,"enemies":"Centurion and Healer","floor":24.0,"turns":7.0},{"damage":7.0,"enemies":"3 Cultists","floor":29.0,"turns":5.0},{"damage":0.0,"enemies":"Snake Plant","floor":30.0,"turns":2.0},{"damage":12.0,"enemies":"Sentry and Sphere","floor":31.0,"turns":4.0},{"damage":52.0,"enemies":"Collector","floor":33.0,"turns":10.0},{"damage":11.0,"enemies":"Orb Walker","floor":35.0,"turns":4.0},{"damage":8.0,"enemies":"3 Shapes","floor":37.0,"turns":6.0},{"damage":13.0,"enemies":"Jaw Worm Horde","floor":38.0,"turns":4.0},{"damage":13.0,"enemies":"Writhing Mass","floor":39.0,"turns":6.0},{"damage":15.0,"enemies":"Mind Bloom Boss Battle","floor":40.0,"turns":7.0},{"damage":6.0,"enemies":"Transient","floor":45.0,"turns":6.0},{"damage":10.0,"enemies":"4 Shapes","floor":46.0,"turns":4.0},{"damage":26.0,"enemies":"3 Darklings","floor":48.0,"turns":4.0},{"damage":65,"enemies":"Awakened One","floor":50,"turns":11}],"seed_played":"6260828310734833104","potions_obtained":[{"floor":7.0,"key":"Strength Potion"},{"floor":13.0,"key":"SteroidPotion"},{"floor":19.0,"key":"Fruit Juice"},{"floor":22.0,"key":"Block Potion"},{"floor":24.0,"key":"AttackPotion"},{"floor":30.0,"key":"Fire Potion"},{"floor":33.0,"key":"SkillPotion"},{"floor":37.0,"key":"AttackPotion"}],"is_trial":false,"path_per_floor":["M","$","?","?","?","R","E","R","T","R","?","R","E","M","R","B",null,"M","M","$","M","M","R","M","$","T","?","?","M","M","M","R","B",null,"M","?","M","M","M","?","?","R","T","R","M","M","R","M","R","B",null],"character_chosen":"DEFECT","items_purchased":["Beam Cell","Self Repair+1","ClockworkSouvenir","Loop+1"],"campfire_rested":1,"item_purchase_floors":[2,20,20,25],"current_hp_per_floor":[64,64,64,29,8,29,29,29,29,29,29,29,29,29,29,27,66,66,60,60,47,57,57,58,58,58,58,58,61,61,59,59,27,68,77,77,82,82,82,82,82,82,82,82,82,82,82,76,76,31],"gold":339,"neow_bonus":"THREE_ENEMY_KILL","is_daily":false,"chose_seed":false,"campfire_upgraded":5,"win_rate":0.0,"timestamp":1611036688,"path_taken":["M","$","?","?","?","R","E","R","T","R","?","R","E","M","R","BOSS","M","M","$","M","M","R","M","?","T","?","?","?","M","M","R","BOSS","M","?","M","M","M","?","?","R","T","R","M","?","R","M","R","BOSS"],"items_purchased_type":["Card","Card","Relic","Card"],"build_version":"2020-12-22","purchased_purges":0,"victory":true,"max_hp_per_floor":[71,71,71,71,71,71,71,71,71,71,71,71,71,71,71,71,77,77,82,82,82,82,82,82,82,82,82,82,82,82,82,82,82,82,82,82,82,82,82,82,82,82,82,82,82,82,82,82,82,82],"card_choices":[{"not_picked":["Compile Driver","Rebound"],"picked":"Gash","floor":1.0},{"not_picked":["Rebound","Recycle"],"picked":"Glacier","floor":7.0},{"not_picked":["Auto Shields","Coolheaded"],"picked":"Chaos","floor":13.0},{"not_picked":["Genetic Algorithm","Redo"],"picked":"Lockon","floor":14.0},{"not_picked":["Amplify","Creative AI"],"picked":"Core Surge","floor":16.0},{"not_picked":["Leap","Hello World+1"],"picked":"Loop+1","floor":18.0},{"not_picked":["Redo","Barrage"],"picked":"Heatsinks+1","floor":19.0},{"not_picked":["Amplify","Rebound","Coolheaded"],"picked":"SKIP","floor":21.0},{"not_picked":["Beam Cell","Barrage+1","Redo"],"picked":"SKIP","floor":22.0},{"not_picked":["Hologram","Rebound","Beam Cell+1"],"picked":"SKIP","floor":24.0},{"not_picked":["Hologram","Rebound","Beam Cell+1"],"picked":"SKIP","floor":24.0},{"not_picked":["Rip and Tear","Doom and Gloom"],"picked":"Meteor Strike","floor":29.0},{"not_picked":["Consume","Barrage","Cold Snap"],"picked":"SKIP","floor":30.0},{"not_picked":["Steam","Cold Snap"],"picked":"Self Repair+1","floor":31.0},{"not_picked":["Machine Learning+1","Hyperbeam"],"picked":"Biased Cognition+1","floor":33.0},{"not_picked":["Conserve Battery+1","Compile Driver"],"picked":"Chill+1","floor":35.0},{"not_picked":["Coolheaded","Stack+1","Beam Cell"],"picked":"SKIP","floor":37.0},{"not_picked":["Self Repair+1","Stack"],"picked":"Capacitor+1","floor":38.0},{"not_picked":["Compile Driver","Cold Snap","Coolheaded"],"picked":"SKIP","floor":39.0},{"not_picked":["Conserve Battery+1","Leap"],"picked":"Storm+1","floor":45.0},{"not_picked":["Barrage","Sweeping Beam"],"picked":"Heatsinks+1","floor":46.0},{"not_picked":["Cold Snap+1","Undo","Sunder+1"],"picked":"SKIP","floor":48.0}],"player_experience":891741,"relics_obtained":[{"floor":7.0,"key":"DataDisk"},{"floor":9.0,"key":"Bronze Scales"},{"floor":13.0,"key":"Darkstone Periapt"},{"floor":17.0,"key":"Akabeko"},{"floor":17.0,"key":"Frozen Egg 2"},{"floor":17.0,"key":"Ice Cream"},{"floor":26.0,"key":"Blue Candle"},{"floor":40.0,"key":"Peace Pipe"}],"event_choices":[{"damage_healed":0.0,"max_hp_gain":0.0,"max_hp_loss":0.0,"gold_gain":0.0,"cards_transformed":["Strike_B"],"event_name":"Living Wall","player_choice":"Change","floor":3.0,"gold_loss":0.0,"damage_taken":0.0,"cards_obtained":["Stack"]},{"damage_healed":0.0,"max_hp_gain":0.0,"max_hp_loss":0.0,"gold_gain":0.0,"event_name":"Scrap Ooze","player_choice":"Success","floor":4.0,"gold_loss":0.0,"damage_taken":35.0,"relics_obtained":["HornCleat"]},{"damage_healed":0.0,"max_hp_gain":0.0,"max_hp_loss":0.0,"gold_gain":0.0,"event_name":"Shining Light","player_choice":"Entered Light","floor":5.0,"gold_loss":0.0,"damage_taken":21.0,"cards_upgraded":["Gash","Dualcast"]},{"cards_removed":["Defend_B"],"damage_healed":0.0,"max_hp_gain":0.0,"max_hp_loss":0.0,"gold_gain":0.0,"event_name":"Bonfire Elementals","player_choice":"Offered Basic","floor":11.0,"gold_loss":0.0,"damage_taken":0.0},{"damage_healed":0.0,"max_hp_gain":0.0,"max_hp_loss":0.0,"gold_gain":0.0,"event_name":"Ghosts","player_choice":"Ignored","floor":27.0,"gold_loss":0.0,"damage_taken":0.0},{"damage_healed":0.0,"max_hp_gain":0.0,"max_hp_loss":0.0,"gold_gain":50.0,"event_name":"Golden Shrine","player_choice":"Pray","floor":28.0,"gold_loss":0.0,"damage_taken":0.0},{"damage_healed":0.0,"max_hp_gain":0.0,"max_hp_loss":0.0,"gold_gain":0.0,"event_name":"Mysterious Sphere","player_choice":"Ignored","floor":36.0,"gold_loss":0.0,"damage_taken":0.0},{"damage_healed":0.0,"max_hp_gain":0.0,"max_hp_loss":0.0,"gold_gain":0.0,"event_name":"MindBloom","player_choice":"Fight","floor":40.0,"gold_loss":0.0,"damage_taken":0.0},{"damage_healed":0.0,"max_hp_gain":0.0,"max_hp_loss":0.0,"gold_gain":0.0,"event_name":"Upgrade Shrine","player_choice":"Upgraded","floor":41.0,"gold_loss":0.0,"damage_taken":0.0,"cards_upgraded":["Meteor Strike"]}],"is_beta":false,"boss_relics":[{"not_picked":["Fusion Hammer","FrozenCore"],"picked":"Calling Bell"},{"not_picked":["Empty Cage","Sozu"],"picked":"Runic Pyramid"}],"items_purged_floors":[],"is_endless":false,"potions_floor_spawned":[7,13,14,19,22,24,30,33,37,40,45],"ascension_level":18}}