{"host":"ydg0vn0pu4pubmdt","time":1611086057,"event":{"mods":["AchievementEnabler","BaseMod","Colored Map","Gold Saver","Minty Spire (QoL Compilation)","Quick Restart","SuperFastMode"],"gold_per_floor":[118,118,137,154,165,165,176,176,256,256,275,290,310,310,310,310,310],"floor_reached":16,"language":"KOR","playtime":392,"items_purged":[],"score":168,"play_id":"c0dc8da9-e99b-4561-aee1-5efd57a94707","local_time":"20210120045417","is_ascension_mode":true,"campfire_choices":[{"data":"Dagger Spray","floor":6,"key":"SMITH"},{"data":"Bouncing Flask","floor":8,"key":"SMITH"},{"floor":15,"key":"REST"}],"circlet_count":0,"master_deck":["AscendersBane","Strike_G","Strike_G","Strike_G","Strike_G","Defend_G","Defend_G","Defend_G","Defend_G","Defend_G","Survivor","Neutralize","Pain","Dagger Spray+1","Bouncing Flask+1","Well Laid Plans","Die Die Die","Tactician"],"relics":["Ring of the Snake","WarpedTongs","InkBottle","FaceOfCleric","Golden Idol"],"acts_visited":["Exordium"],"potions_floor_usage":[11,16],"damage_taken":[{"damage":7,"enemies":"Jaw Worm","floor":1,"turns":6},{"damage":3,"enemies":"Cultist","floor":3,"turns":5},{"damage":2,"enemies":"Small Slimes","floor":4,"turns":3},{"damage":4,"enemies":"Blue Slaver","floor":5,"turns":6},{"damage":8,"enemies":"3 Louse","floor":7,"turns":2},{"damage":11,"enemies":"Gremlin Gang","floor":11,"turns":4},{"damage":5,"enemies":"Blue Slaver","floor":12,"turns":4},{"damage":12,"enemies":"3 Louse","floor":13,"turns":2},{"damage":29,"enemies":"Slime Boss","floor":16,"turns":7}],"seed_played":"-53397574678925424","potions_obtained":[{"floor":3,"key":"PowerPotion"},{"floor":5,"key":"SteroidPotion"}],"is_trial":false,"path_per_floor":["M","?","M","M","M","R","M","R","T","?","M","M","M","?","R","B"],"character_chosen":"THE_SILENT","items_purchased":[],"campfire_rested":1,"item_purchase_floors":[],"current_hp_per_floor":[52,52,49,47,43,43,35,35,35,35,25,21,10,10,28,0,0],"gold":310,"neow_bonus":"REMOVE_CARD","is_daily":false,"chose_seed":false,"campfire_upgraded":2,"win_rate":0.0,"timestamp":1611086057,"path_taken":["M","?","?","?","M","R","M","R","T","?","?","M","M","?","R","BOSS"],"items_purchased_type":[],"build_version":"2020-12-22","purchased_purges":0,"victory":false,"max_hp_per_floor":[66,66,66,66,66,66,66,66,66,66,67,68,69,63,63,63,63],"card_choices":[{"not_picked":["Outmaneuver","Backstab","Bane"],"picked":"SKIP","floor":1},{"not_picked":["PiercingWail","Noxious Fumes"],"picked":"Dagger Spray","floor":3},{"not_picked":["Dagger Spray","Expertise","Leg Sweep"],"picked":"SKIP","floor":4},{"not_picked":["Slice","Distraction","PiercingWail"],"picked":"SKIP","floor":5},{"not_picked":["Caltrops","Cloak And Dagger"],"picked":"Bouncing Flask","floor":7},{"not_picked":["Bane","Slice"],"picked":"Well Laid Plans","floor":11},{"not_picked":["Blade Dance","Crippling Poison"],"picked":"Die Die Die","floor":12},{"not_picked":["Noxious Fumes","Dagger Spray"],"picked":"Tactician","floor":13}],"player_experience":495864,"relics_obtained":[{"floor":9,"key":"InkBottle"}],"event_choices":[{"damage_healed":0,"gold_gain":0,"player_choice":"Rummage","damage_taken":0,"relics_obtained":["WarpedTongs"],"max_hp_gain":0,"max_hp_loss":0,"event_name":"Accursed Blacksmith","floor":2,"gold_loss":0,"cards_obtained":["Pain"]},{"damage_healed":0,"gold_gain":0,"player_choice":"Trade","damage_taken":0,"relics_obtained":["FaceOfCleric"],"max_hp_gain":0,"max_hp_loss":0,"event_name":"FaceTrader","floor":10,"gold_loss":0},{"damage_healed":0,"gold_gain":0,"player_choice":"Lose Max HP","damage_taken":0,"relics_obtained":["Golden Idol"],"max_hp_gain":0,"max_hp_loss":6,"event_name":"Golden Idol","floor":14,"gold_loss":0}],"is_beta":false,"boss_relics":[],"items_purged_floors":[],"is_endless":false,"potions_floor_spawned":[3,5,7],"killed_by":"Slime Boss","ascension_level":15}}