{"host":"s35zr3gblm7slh1q","time":1611017362,"event":{"mods":["BaseMod","Colored Powertips","Downfall","Hermit","Highlight Path","Marisa????????","Minty Spire (QoL Compilation)","Permanent Neow","StSLib","The Disciple"],"gold_per_floor":[99,117,128,78,96,96,96,13,13,31,16,16,44,62,81,81,81,81],"floor_reached":16,"language":"ENG","playtime":856,"items_purged":[],"score":102,"play_id":"d8c428ac-63db-4914-a305-81cb4829ba32","local_time":"20210118194922","is_ascension_mode":false,"campfire_choices":[{"floor":1,"key":"REST"},{"data":"Slimebound:Split","floor":6,"key":"SMITH"},{"floor":9,"key":"REST"},{"data":"Slimebound:Gluttony","floor":12,"key":"SMITH"}],"circlet_count":0,"master_deck":["Slimebound:Strike_Slimebound","Slimebound:Strike_Slimebound","Slimebound:Strike_Slimebound","Slimebound:Tackle","Slimebound:Defend_Slimebound","Slimebound:Defend_Slimebound","Slimebound:Defend_Slimebound","Slimebound:Defend_Slimebound","Slimebound:Split+1","Slimebound:CorrosiveSpit","Slimebound:Gluttony","Slimebound:DisruptingSlam","Slimebound:LeechEnergy","Slimebound:SpikyOuterGoop","Slimebound:RejuvenatingLick","Slimebound:SlimeSpikes","Slimebound:Gluttony+1","Slimebound:PressTheAttack","Slimebound:OozeBath","Slimebound:TongueLash","Slimebound:RainOfGoop","Slimebound:Schlurp"],"relics":["Slimebound:AbsorbEndCombat","Lizard Tail","Happy Flower","Dream Catcher"],"acts_visited":["Exordium"],"potions_floor_usage":[4,8,11,15,16],"damage_taken":[{"damage":8,"enemies":"Cultist","floor":2,"turns":5},{"damage":18,"enemies":"Jaw Worm","floor":3,"turns":5},{"damage":0,"enemies":"downfall:FleeingMerchant","floor":4,"turns":4},{"damage":5,"enemies":"Small Slimes","floor":5,"turns":3},{"damage":5,"enemies":"downfall:FleeingMerchant","floor":8,"turns":4},{"damage":0,"enemies":"3 Louse","floor":10,"turns":5},{"damage":15,"enemies":"downfall:FleeingMerchant","floor":11,"turns":4},{"damage":58,"enemies":"Gremlin Nob","floor":13,"turns":4},{"damage":11,"enemies":"Exordium Thugs","floor":14,"turns":4},{"damage":14,"enemies":"Exordium Wildlife","floor":15,"turns":3},{"damage":24,"enemies":"SI_SHIV_ARCHETYPE","floor":16,"turns":7}],"seed_played":"115384453671566603","potions_obtained":[{"floor":2,"key":"PowerPotion"},{"floor":5,"key":"DistilledChaos"},{"floor":10,"key":"bronze:BurnAndBuffPotion"},{"floor":14,"key":"AttackPotion"},{"floor":15,"key":"Weak Potion"}],"is_trial":false,"path_per_floor":["R","M","M","$","M","R","T","$","R","M","$","R","E","M","M","B"],"character_chosen":"SLIMEBOUND","items_purchased":["Slimebound:SpikyOuterGoop","Slimebound:Gluttony"],"campfire_rested":2,"item_purchase_floors":[4,8],"current_hp_per_floor":[65,59,45,48,45,45,45,42,61,64,51,51,32,25,14,0,0,0],"gold":81,"neow_bonus":"ONE_RARE_RELIC","is_daily":false,"chose_seed":false,"campfire_upgraded":2,"win_rate":0.0,"timestamp":1611017362,"path_taken":["R","M","?","$","M","R","T","$","R","M","$","R","E","M","M","BOSS"],"items_purchased_type":["Card","Card"],"build_version":"2020-12-22","purchased_purges":0,"victory":false,"max_hp_per_floor":[65,65,65,65,65,65,65,65,65,65,65,65,65,65,65,65,65,65],"card_choices":[{"not_picked":["Slimebound:BestDefense","Slimebound:Schlurp"],"picked":"Slimebound:Gluttony","floor":2},{"not_picked":["Slimebound:DivideAndConquer","Slimebound:PressTheAttack"],"picked":"Slimebound:DisruptingSlam","floor":3},{"not_picked":["Slimebound:SplitBruiser","Slimebound:RollThrough"],"picked":"Slimebound:LeechEnergy","floor":4},{"not_picked":["Slimebound:PressTheAttack","Slimebound:LivingWall"],"picked":"Slimebound:RejuvenatingLick","floor":5},{"not_picked":["Slimebound:LeechEnergy","Slimebound:RollThrough"],"picked":"Slimebound:SlimeSpikes","floor":8},{"not_picked":["Slimebound:ViciousTackle","Slimebound:ProtectTheBoss"],"picked":"Slimebound:PressTheAttack","floor":10},{"not_picked":["Slimebound:HauntingLick","Slimebound:Prepare"],"picked":"Slimebound:OozeBath","floor":11},{"not_picked":["Slimebound:SamplingLick","Slimebound:Nibble"],"picked":"Slimebound:TongueLash","floor":13},{"not_picked":["Slimebound:SplitBruiser","Slimebound:LeechEnergy"],"picked":"Slimebound:RainOfGoop","floor":14},{"not_picked":["Slimebound:GrowthPunch","Slimebound:ProtectTheBoss"],"picked":"Slimebound:Schlurp","floor":15}],"player_experience":364687,"relics_obtained":[{"floor":7,"key":"Happy Flower"},{"floor":13,"key":"Dream Catcher"}],"event_choices":[],"is_beta":false,"boss_relics":[],"items_purged_floors":[],"is_endless":false,"potions_floor_spawned":[2,5,10,14,15],"killed_by":"SI_SHIV_ARCHETYPE","ascension_level":0}}