{"host":"h4lp0eeso8a0ssq0","time":1611014353,"event":{"mods":["2.2 Compatiblity","AchievementEnabler","BaseMod","CapriCore","Colored Map","Minty Spire (QoL Compilation)","Replay The Spire","StSLib","SuperFastMode"],"gold_per_floor":[115,133,133,151,46,74,74,74,128,154,210,210,237,275,275,275,275],"floor_reached":16,"language":"KOR","playtime":503,"items_purged":[],"score":100,"play_id":"14641172-3b35-42cd-bc1e-7d8dbd1b1e5f","local_time":"20210119085913","is_ascension_mode":false,"campfire_choices":[{"data":"Clothesline","floor":8.0,"key":"SMITH"},{"data":"Infernal Blade","floor":12.0,"key":"SMITH"},{"floor":15,"key":"DIG"}],"circlet_count":0,"master_deck":["Strike_R","Strike_R","Strike_R","Defend_R","Defend_R","Defend_R","Defend_R","Bash","Flex","Clothesline+1","Offering","Shrug It Off","Reaper+1","Shrug It Off","Infernal Blade+1","Shockwave","Battle Trance"],"relics":["Burning Blood","Lantern","CeramicFish","Mirror","Odd Mushroom","Replay:Wax Seal"],"acts_visited":["Exordium"],"potions_floor_usage":[16],"damage_taken":[{"damage":13.0,"enemies":"Jaw Worm","floor":1.0,"turns":3.0},{"damage":1.0,"enemies":"Cultist","floor":2.0,"turns":3.0},{"damage":1.0,"enemies":"2 Louse","floor":4.0,"turns":3.0},{"damage":33.0,"enemies":"Lagavulin","floor":6.0,"turns":6.0},{"damage":16.0,"enemies":"Large Slime","floor":10.0,"turns":6.0},{"damage":19.0,"enemies":"Lagavulin Event","floor":11.0,"turns":3.0},{"damage":6.0,"enemies":"Blue Slaver","floor":13.0,"turns":2.0},{"damage":12.0,"enemies":"The Mushroom Lair","floor":14.0,"turns":3.0},{"damage":71,"enemies":"Hexaghost","floor":16,"turns":11}],"seed_played":"-7297845593240469338","potions_obtained":[{"floor":4.0,"key":"Languid Potion"},{"floor":11.0,"key":"BlessingOfTheForge"},{"floor":13.0,"key":"SteroidPotion"},{"floor":14.0,"key":"Regen Potion"}],"is_trial":false,"path_per_floor":["M","M","?","M","$","E","?","R","T","M","?","R","M","?","R_BF","B"],"character_chosen":"IRONCLAD","items_purchased":["Reaper+1"],"campfire_rested":0,"item_purchase_floors":[5],"current_hp_per_floor":[73,78,78,80,80,53,46,46,46,41,38,38,45,57,57,0,0],"gold":275,"neow_bonus":"REMOVE_CARD","is_daily":false,"chose_seed":false,"campfire_upgraded":2,"win_rate":0.0,"timestamp":1611014353,"path_taken":["M","M","?","M","?","E","?","R","T","M","?","R","?","?","R_BF","BOSS"],"items_purchased_type":["Card"],"build_version":"2020-12-22","purchased_purges":0,"victory":false,"max_hp_per_floor":[80,80,80,80,80,80,80,80,80,80,80,80,80,80,80,80,80],"card_choices":[{"not_picked":["Sentinel","Thunderclap"],"picked":"Flex","floor":1.0},{"not_picked":["Bloodletting","Cleave"],"picked":"Clothesline","floor":2.0},{"not_picked":["Perfected Strike","Cleave"],"picked":"Shrug It Off","floor":4.0},{"not_picked":["Burning Pact","Perfected Strike"],"picked":"Shrug It Off","floor":6.0},{"not_picked":["Dropkick","Intimidate"],"picked":"Infernal Blade","floor":10.0},{"not_picked":["ReplayReversal","Spot Weakness"],"picked":"Shockwave","floor":13.0},{"not_picked":["Havoc","True Grit"],"picked":"Battle Trance","floor":14.0}],"player_experience":169629,"relics_obtained":[{"floor":6.0,"key":"Lantern"},{"floor":9.0,"key":"CeramicFish"},{"floor":11.0,"key":"Mirror"},{"floor":14.0,"key":"Odd Mushroom"},{"floor":15,"key":"Replay:Wax Seal"}],"event_choices":[{"damage_healed":0.0,"max_hp_gain":0.0,"max_hp_loss":0.0,"gold_gain":0.0,"event_name":"Match and Keep!","player_choice":"1 cards matched","floor":3.0,"gold_loss":0.0,"damage_taken":0.0,"cards_obtained":["Offering"]},{"cards_removed":["Strike_R"],"damage_healed":0.0,"max_hp_gain":0.0,"max_hp_loss":0.0,"gold_gain":0.0,"event_name":"Golden Wing","player_choice":"Card Removal","floor":7.0,"gold_loss":0.0,"damage_taken":7.0},{"damage_healed":0.0,"max_hp_gain":0.0,"max_hp_loss":0.0,"gold_gain":0.0,"event_name":"Dead Adventurer","player_choice":"Searched \u00271\u0027 times","floor":11.0,"gold_loss":0.0,"damage_taken":0.0},{"damage_healed":0.0,"max_hp_gain":0.0,"max_hp_loss":0.0,"gold_gain":0.0,"event_name":"Mushrooms","player_choice":"Fought Mushrooms","floor":14.0,"gold_loss":0.0,"damage_taken":0.0}],"is_beta":false,"boss_relics":[],"items_purged_floors":[],"is_endless":false,"potions_floor_spawned":[4,11,13,14],"killed_by":"Hexaghost","ascension_level":0}}