{"host":"y087t2reloz9bi43","time":1611074086,"event":{"mods":["2.2 Compatiblity","AchievementEnabler","Aspiration","BaseMod","Beaked The Cultist","Bestiary","Better Note","Better Vampires","BetterRewards","ChefMod","Clockwork Mod","Colored Map","Colored Powertips","Conspire","Downfall","Ekko","Fireblade Mod","Friendly Minions","GifTheSpireLib","Gold Saver","Halation","Hermit","Hubris","Infinite Spire","Jedi Mod","JesterMod","Jorbs\u0027s Wanderer Trilogy","LagranYue(???·?)","Mad Scientist","Marisa????????","Mimic Mod","Minty Spire (QoL Compilation)","Permanent Neow","Potionbrewer","Rare Cards Sparkle","Relic Stats","Robot Space Explorer","Shade Mod","Shop Mod","StSLib","The Alterego","The Blackbeard","The Bug Knight","The Construct","The Cursed","The Disciple","The Elementalist","The Exalted","The Hierophant","The Jungle","The Marked","The Mystic","The Necromancer","The Runesmith","The Servant 0.9.4","TheBandit","TheFirefly","TheHero","TheVacant","Transform Curses","Uncapped","everything is the same but u backflip on backflip","thorton","vexMod"],"gold_per_floor":[750,750,760,760,770,787,821,833,886,920,937,937,953,985,985,1086,1086,1097,1113,1126,1126,775,775,788,801,851,851,509,528,528,538,538,642,642,662,514,614,614,308,308,325,351,376,396,410,410,428,107,107,107],"floor_reached":51,"language":"ENG","playtime":5474,"items_purged":["Bromod:Defend_Bro","Bromod:Strike_Bro","Bromod:Defend_Bro","Bromod:Strike_Bro","Bromod:Strike_Bro"],"score":978,"play_id":"8640382c-8ecc-404a-9ebd-2559c537965e","local_time":"20210119163446","is_ascension_mode":false,"campfire_choices":[{"floor":12,"key":"REST"},{"floor":15,"key":"REST"},{"data":"Bromod:RelentlessCombination","floor":23,"key":"SMITH"},{"data":"Bromod:FinishingTouch","floor":27,"key":"SMITH"},{"data":"thethorton:Fish","floor":32,"key":"SMITH"},{"data":"Bromod:CollisionForce","floor":49,"key":"SMITH"}],"circlet_count":0,"master_deck":["Bromod:Defend_Bro","Bromod:Defend_Bro","Bromod:SlashDash","Bromod:SlashDash","Bromod:SlashDash","Bromod:QuickDraw","Bromod:Stormbringer","Bromod:SlashDash","Bromod:OrganShatter+1","Bromod:BodyCount","Bromod:QuickThinking+1","Bromod:FinishingTouch+1","Bromod:CollisionForce+1","Bromod:RelentlessCombination+1","Bromod:SlashDash","Bromod:SlashDash","Bromod:OrganShatter+1","thethorton:Fish+1","Bromod:CollisionForce","Bromod:OrganShatter","hubris:Rewind","Bromod:QuickDraw","Bromod:FastHands+1"],"relics":["Bromod:Ordis","Bromod:AscarisDevice","LagranYue:RandomDrawCardRelic","aspiration:Nostalgia","LagranYue:ArmsProficiencyRelics","halation:EternalFortune","Lantern","Nunchaku","Mummified Hand","Singing Bowl","hubris:VirtuousBlindfold","Shuriken","jedi:crownofsimplicity","HandDrill","Matryoshka","aspiration:SilentSkillbook","infinitespire:PuzzleCube","Runesmith:Locket","Whetstone","Kunai","Oddly Smooth Stone","Regal Pillow","Gambling Chip","Pen Nib"],"acts_visited":["Exordium","TheCity","TheBeyond"],"potions_floor_usage":[10,14,16,16,16,37,50,50],"damage_taken":[{"damage":0,"enemies":"2 Louse","floor":1,"turns":3},{"damage":1,"enemies":"conspire:RoseBush","floor":3,"turns":3},{"damage":1,"enemies":"Jaw Worm","floor":5,"turns":5},{"damage":4,"enemies":"Blue Slaver","floor":6,"turns":3},{"damage":53,"enemies":"Lagavulin","floor":7,"turns":7},{"damage":3,"enemies":"Exordium Thugs","floor":8,"turns":4},{"damage":11,"enemies":"Gremlin Nob","floor":10,"turns":3},{"damage":6,"enemies":"conspire:2 RoseBushes","floor":11,"turns":4},{"damage":6,"enemies":"Lots of Slimes","floor":13,"turns":4},{"damage":18,"enemies":"3 Sentries","floor":14,"turns":6},{"damage":0,"enemies":"The Guardian","floor":16,"turns":9},{"damage":0,"enemies":"Chosen","floor":18,"turns":4},{"damage":0,"enemies":"conspire:HollyBat","floor":19,"turns":10},{"damage":16,"enemies":"Snake Plant","floor":20,"turns":4},{"damage":18,"enemies":"Shelled Parasite and Fungi","floor":24,"turns":5},{"damage":0,"enemies":"3 Cultists","floor":25,"turns":5},{"damage":0,"enemies":"Chosen and Byrds","floor":29,"turns":4},{"damage":0,"enemies":"Snecko","floor":31,"turns":1},{"damage":0,"enemies":"conspire:MysteriousRune","floor":33,"turns":8},{"damage":3,"enemies":"3 Darklings","floor":35,"turns":4},{"damage":29,"enemies":"infinitespire:Three Voidlings","floor":37,"turns":4},{"damage":0,"enemies":"Nightmare_Alpha","floor":37,"turns":7},{"damage":0,"enemies":"3 Shapes","floor":41,"turns":3},{"damage":0,"enemies":"Nemesis","floor":42,"turns":1},{"damage":0,"enemies":"Jaw Worm Horde","floor":44,"turns":1},{"damage":4,"enemies":"Spire Growth","floor":45,"turns":4},{"damage":0,"enemies":"Writhing Mass","floor":47,"turns":1},{"damage":0,"enemies":"Time Eater","floor":50,"turns":8}],"seed_played":"-1514467186872364933","potions_obtained":[{"floor":3,"key":"potionbrewer:BarricadePotion"},{"floor":7,"key":"GamblersBrew"},{"floor":10,"key":"EssenceOfSteel"},{"floor":13,"key":"BlessingOfTheForge"},{"floor":14,"key":"LiquidMemories"},{"floor":16,"key":"Bromod:Kuva"},{"floor":18,"key":"SpeedPotion"},{"floor":24,"key":"Ancient Potion"},{"floor":25,"key":"potionbrewer:CleansingPotion"},{"floor":45,"key":"Bromod:EnergyRestore"}],"is_trial":false,"path_per_floor":["M","?","M","?","M","M","E","M","T","E","M","R","M","E","R","B",null,"M","M","M","?","$","R","M","M","T","R","$","M","?","M","R","B",null,"M","$","?","?","$","?","M","E","T","M","M","?","M","$","R","B",null],"character_chosen":"THE_EXALTED","items_purchased":["Bromod:SlashDash","Shuriken","HandDrill","Bromod:OrganShatter","BlessingOfTheForge","Bromod:OrganShatter","Whetstone","Pen Nib"],"campfire_rested":2,"item_purchase_floors":[22,22,28,28,28,36,39,48],"current_hp_per_floor":[75,78,77,82,84,80,27,24,24,13,7,32,26,8,33,33,86,91,91,77,77,77,77,59,61,61,61,61,63,63,65,65,65,99,98,98,71,71,71,73,73,75,75,78,76,76,78,78,78,78],"gold":107,"neow_bonus":"NOSTALGIA","is_daily":false,"chose_seed":false,"campfire_upgraded":4,"win_rate":0.0,"timestamp":1611074086,"path_taken":["M","?","M","?","M","M","E","M","T","E","M","R","M","E","R","BOSS","M","M","M","?","$","R","M","M","T","R","$","M","?","?","R","BOSS","M","?","?","?","$","?","?","E","T","M","M","?","M","?","R","BOSS"],"items_purchased_type":["Card","Relic","Relic","Card","Potion","Card","Relic","Relic"],"build_version":"2020-12-22","purchased_purges":5,"victory":true,"max_hp_per_floor":[75,78,78,83,86,86,86,86,86,86,86,86,86,86,86,86,86,91,91,93,93,93,93,93,95,95,95,95,97,97,99,99,99,99,101,101,103,103,103,105,105,107,107,110,112,112,114,114,114,114],"relic_stats":{"Nunchaku":[31],"Regal Pillow":0,"Singing Bowl":22,"counters":[28,125],"Mummified Hand":[89],"Shuriken":[54],"Gambling Chip":[22],"Pen Nib":[2],"HandDrill":[30],"Whetstone":["Bromod:OrganShatter","Bromod:OrganShatter"],"Kunai":[14],"obtain_stats":[{"Bromod:AscarisDevice":0,"Lantern":7,"Regal Pillow":43,"LagranYue:RandomDrawCardRelic":0,"Singing Bowl":14,"aspiration:Nostalgia":0,"hubris:VirtuousBlindfold":17,"Runesmith:Locket":37,"Oddly Smooth Stone":43,"Pen Nib":48,"jedi:crownofsimplicity":26,"Whetstone":39,"Bromod:Ordis":0,"Nunchaku":9,"Matryoshka":33,"Mummified Hand":10,"Shuriken":22,"Gambling Chip":45,"LagranYue:ArmsProficiencyRelics":0,"halation:EternalFortune":2,"aspiration:SilentSkillbook":34,"HandDrill":28,"Kunai":42,"infinitespire:PuzzleCube":37},{"Bromod:AscarisDevice":0,"Lantern":5,"Regal Pillow":24,"LagranYue:RandomDrawCardRelic":0,"Singing Bowl":10,"aspiration:Nostalgia":0,"hubris:VirtuousBlindfold":11,"Runesmith:Locket":22,"Oddly Smooth Stone":24,"Pen Nib":27,"jedi:crownofsimplicity":16,"Whetstone":22,"Bromod:Ordis":0,"Nunchaku":6,"Matryoshka":19,"Mummified Hand":7,"Shuriken":14,"Gambling Chip":26,"LagranYue:ArmsProficiencyRelics":0,"halation:EternalFortune":1,"aspiration:SilentSkillbook":19,"HandDrill":16,"Kunai":24,"infinitespire:PuzzleCube":22},{"Bromod:AscarisDevice":0,"Lantern":21,"Regal Pillow":111,"LagranYue:RandomDrawCardRelic":0,"Singing Bowl":42,"aspiration:Nostalgia":0,"hubris:VirtuousBlindfold":51,"Runesmith:Locket":107,"Oddly Smooth Stone":111,"Pen Nib":117,"jedi:crownofsimplicity":79,"Whetstone":107,"Bromod:Ordis":0,"Nunchaku":25,"Matryoshka":88,"Mummified Hand":28,"Shuriken":69,"Gambling Chip":114,"LagranYue:ArmsProficiencyRelics":0,"halation:EternalFortune":3,"aspiration:SilentSkillbook":92,"HandDrill":79,"Kunai":111,"infinitespire:PuzzleCube":101}]},"card_choices":[{"not_picked":["Bromod:SteelFiber","Bromod:PressurePoint"],"picked":"Bromod:QuickDraw","floor":1},{"not_picked":["Bromod:SteelFiber","Bromod:FastHands","Bromod:Patagium"],"picked":"SKIP","floor":3},{"not_picked":["Bromod:Patagium","Bromod:SlipMagazine"],"picked":"Bromod:Stormbringer","floor":5},{"not_picked":["Bromod:BodyCount","Bromod:ReflexCoil"],"picked":"Bromod:SlashDash","floor":6},{"not_picked":["Bromod:SteelFiber","Bromod:Serration","Bromod:PressurePoint"],"picked":"SKIP","floor":7},{"not_picked":["Bromod:SteelFiber","Bromod:Foundry"],"picked":"Bromod:OrganShatter","floor":8},{"not_picked":["Bromod:Serration","Bromod:Reflection"],"picked":"Bromod:BodyCount","floor":10},{"not_picked":["Bromod:SteelFiber","Bromod:Reflection","Bromod:FastHands"],"picked":"SKIP","floor":11},{"not_picked":["Bromod:HornetStrike","Bromod:NorthWind"],"picked":"Bromod:QuickThinking","floor":13},{"not_picked":["Bromod:FastHands","Bromod:BodyCount"],"picked":"Bromod:FinishingTouch","floor":14},{"not_picked":["Bromod:FashionFrame","Bromod:Continuity"],"picked":"Bromod:CollisionForce","floor":16},{"not_picked":["Bromod:BulletJump","Bromod:SteelFiber","Bromod:Foundry"],"picked":"Singing Bowl","floor":18},{"not_picked":["Bromod:SteelFiber","Bromod:PressurePoint"],"picked":"Bromod:RelentlessCombination","floor":19},{"not_picked":["Bromod:BodyCount+1","Bromod:TacticalPump","Bromod:SteelFiber"],"picked":"Singing Bowl","floor":20},{"not_picked":["Bromod:HornetStrike","Bromod:Patagium+1"],"picked":"Bromod:SlashDash","floor":24},{"not_picked":["Bromod:ShatteringImpact","Bromod:KillingBlow","Bromod:PressurePoint+1"],"picked":"Singing Bowl","floor":25},{"not_picked":["Bromod:SpeedTrigger+1","Bromod:Redirection+1","Bromod:Intensify"],"picked":"Singing Bowl","floor":29},{"not_picked":["Bromod:ShatteringImpact","Bromod:TacticalPump","Bromod:Serration"],"picked":"Singing Bowl","floor":31},{"not_picked":["Bromod:ThermiteRounds","Bromod:ChillingReload"],"picked":"Bromod:CollisionForce","floor":33},{"not_picked":["Dagger Throw+1","Bromod:ReflexCoil+1","hubris:SlightOfHand+1","conspire:DoublingDagger+1"],"picked":"Singing Bowl","floor":35},{"not_picked":["infinitespire:Oblivion","infinitespire:SevenWalls"],"picked":"hubris:Rewind","floor":37},{"not_picked":["Flying Knee+1","Reflex","jedi:pocketpoison+1","Poisoned Stab+1"],"picked":"Singing Bowl","floor":37},{"not_picked":["Bandage Up","Blind","Purity","Mayhem"],"picked":"Singing Bowl","floor":40},{"not_picked":["Bromod:Fury","Dagger Spray","Heel Hook+1"],"picked":"Bromod:QuickDraw","floor":41},{"not_picked":["Deadly Poison+1","Bromod:HeatedCharge","Heel Hook","jedi:poisonivy+1"],"picked":"Singing Bowl","floor":42},{"not_picked":["Leg Sweep","Blade Dance+1","Backstab"],"picked":"Bromod:FastHands+1","floor":44},{"not_picked":["hubris:Sniper","Poisoned Stab+1","Bromod:Maglev","Bromod:Patagium+1"],"picked":"Singing Bowl","floor":45},{"not_picked":["Corpse Explosion","hubris:TrickCloak","Dodge and Roll","Leg Sweep"],"picked":"Singing Bowl","floor":47}],"player_experience":420343,"relics_obtained":[{"floor":5,"key":"halation:EternalFortune"},{"floor":7,"key":"Lantern"},{"floor":9,"key":"Nunchaku"},{"floor":10,"key":"Mummified Hand"},{"floor":14,"key":"Singing Bowl"},{"floor":18,"key":"halation:EternalFortune"},{"floor":26,"key":"jedi:crownofsimplicity"},{"floor":37,"key":"Runesmith:Locket"},{"floor":42,"key":"Kunai"},{"floor":43,"key":"Oddly Smooth Stone"},{"floor":43,"key":"Regal Pillow"},{"floor":44,"key":"halation:EternalFortune"}],"event_choices":[{"damage_healed":0,"gold_gain":0,"player_choice":"Donut","damage_taken":0,"max_hp_gain":5,"max_hp_loss":0,"event_name":"Big Fish","floor":4,"gold_loss":0},{"cards_removed":["Bromod:QuickThinking"],"damage_healed":0,"gold_gain":0,"player_choice":"Take \u0026 Give","damage_taken":0,"max_hp_gain":0,"max_hp_loss":0,"event_name":"betterNote:BetterNote","floor":30,"gold_loss":0,"cards_obtained":["thethorton:Fish"]},{"damage_healed":0,"gold_gain":0,"player_choice":"Ignored","damage_taken":0,"max_hp_gain":0,"max_hp_loss":0,"event_name":"Tomb of Lord Red Mask","floor":38,"gold_loss":0},{"damage_healed":0,"gold_gain":0,"player_choice":"Memory 1","damage_taken":0,"max_hp_gain":0,"max_hp_loss":0,"event_name":"SensoryStone","floor":40,"gold_loss":0},{"damage_healed":0,"gold_gain":0,"player_choice":"Leave","damage_taken":0,"max_hp_gain":0,"max_hp_loss":0,"event_name":"conspire:Investor","floor":46,"gold_loss":0}],"is_beta":false,"boss_relics":[{"not_picked":["hubris:HollowSoul","hubris:CrackedHourglass"],"picked":"hubris:VirtuousBlindfold"},{"not_picked":["Bromod:ArcaneEnergize","vexMod:BigBerry"],"picked":"aspiration:SilentSkillbook"}],"items_purged_floors":[22,28,36,39,48],"is_endless":false,"potions_floor_spawned":[3,7,10,13,14,16,18,24,25,33,37,45],"ascension_level":0}}