{"host":"4c2tzfuftmpv1i3j","time":1611064660,"event":{"mods":["BaseMod","Minty Spire (QoL Compilation)","Replay The Spire","StSLib"],"gold_per_floor":[114,133,133,198,198,225,225,239,239,239,239,239,257,285,285,298,298,401,401,326,326,53,84,84,84,84],"floor_reached":25,"language":"ZHS","playtime":1683,"items_purged":["Regret"],"score":234,"play_id":"9530e052-e042-447b-b222-30346d2181d7","local_time":"20210119215740","is_ascension_mode":false,"campfire_choices":[{"floor":7,"key":"REST"},{"data":"Infernal Blade","floor":12,"key":"SMITH"},{"data":"ReplayTheSpireMod:Strike From Hell","floor":15,"key":"SMITH"},{"floor":17,"key":"REST"},{"floor":25,"key":"REST"}],"circlet_count":0,"master_deck":["Strike_R","Strike_R","Strike_R","Strike_R+1","Strike_R","Defend_R","Defend_R","Defend_R+1","Defend_R+1","Bash","Headbutt+1","Heavy Blade","Inflame","Dropkick","Infernal Blade+1","ReplayTheSpireMod:Strike From Hell+1","Armaments","Pommel Strike","Delirium","Armaments","Shame","Fiend Fire","Thunderclap","Hemokinesis","Rage"],"relics":["Burning Blood","NeowsBlessing","Lantern","Pear","Simple Rune","Lizard Tail","Replay:Ancient Bell","Replay:Bandana","Mirror","Replay:PocketPolymizer","HandDrill","GremlinMask"],"acts_visited":["Exordium","TheCity"],"potions_floor_usage":[],"damage_taken":[{"damage":0,"enemies":"Small Slimes","floor":1,"turns":1},{"damage":0,"enemies":"2 Louse","floor":2,"turns":1},{"damage":0,"enemies":"Gremlin Nob","floor":6,"turns":1},{"damage":5,"enemies":"Jaw Worm","floor":8,"turns":4},{"damage":10,"enemies":"Looter","floor":13,"turns":2},{"damage":15,"enemies":"Lagavulin","floor":14,"turns":4},{"damage":15,"enemies":"Exordium Wildlife","floor":16,"turns":3},{"damage":46,"enemies":"Fading Forest","floor":18,"turns":11},{"damage":48,"enemies":"Shell Parasite","floor":20,"turns":7},{"damage":23,"enemies":"2 Thieves","floor":23,"turns":3}],"seed_played":"9194339926695666334","potions_obtained":[{"floor":2,"key":"LiquidMemories"},{"floor":4,"key":"Elixir"},{"floor":4,"key":"Languid Potion"},{"floor":13,"key":"PowerPotion"},{"floor":18,"key":"SkillPotion"}],"is_trial":false,"path_per_floor":["M","M","?","?","?","E","R","M","PTL","PTL","T","R","M","E","R","M","R","B",null,"M","?","$","M","?","R"],"character_chosen":"IRONCLAD","items_purchased":["HandDrill","Thunderclap"],"campfire_rested":3,"item_purchase_floors":[22,22],"current_hp_per_floor":[80,80,80,48,32,48,75,76,76,76,76,76,72,63,63,54,81,52,90,48,48,48,31,31,58,58],"gold":84,"neow_bonus":"THREE_ENEMY_KILL","is_daily":false,"chose_seed":false,"campfire_upgraded":2,"win_rate":0.0,"timestamp":1611064660,"path_taken":["M","M","?","?","?","E","R","M","PTL","PTL","T","R","?","E","R","M","R","BOSS","M","?","$","?","?","R"],"items_purchased_type":["Relic","Card"],"build_version":"2020-12-22","purchased_purges":1,"victory":false,"max_hp_per_floor":[80,80,80,80,80,90,90,90,90,90,90,90,90,90,90,90,90,90,90,90,90,90,90,90,90,90],"card_choices":[{"not_picked":["Replay:Undeath\u0027s Touch","Shrug It Off"],"picked":"Headbutt","floor":1},{"not_picked":["Hemokinesis","Twin Strike"],"picked":"Heavy Blade","floor":2},{"not_picked":["Sword Boomerang","Massacre"],"picked":"Inflame","floor":4},{"not_picked":["Power Through","Body Slam"],"picked":"Dropkick","floor":6},{"not_picked":["Disarm","Sword Boomerang"],"picked":"Infernal Blade","floor":8},{"not_picked":["Run Through","Replay:Undeath\u0027s Touch"],"picked":"ReplayTheSpireMod:Strike From Hell","floor":13},{"not_picked":["Sever Soul","Clothesline"],"picked":"Armaments","floor":14},{"not_picked":["True Grit","ReplayTheSpireMod:Muscle Training"],"picked":"Pommel Strike","floor":16},{"not_picked":["Impervious","Corruption"],"picked":"Offering","floor":18},{"not_picked":["Pain","CurseOfTheBell"],"picked":"ReplayTheSpireMod:IOU","floor":19},{"not_picked":["CurseOfTheBell","Pain"],"picked":"Delirium","floor":19},{"not_picked":["Replay:Hysterical Blindness","Voices"],"picked":"Regret","floor":19},{"not_picked":["True Grit","Body Slam"],"picked":"Armaments","floor":20},{"not_picked":["True Grit","Massacre"],"picked":"Hemokinesis","floor":23}],"player_experience":9891,"relics_obtained":[{"floor":4,"key":"Lantern"},{"floor":6,"key":"Pear"},{"floor":11,"key":"Simple Rune"},{"floor":14,"key":"Lizard Tail"}],"event_choices":[{"damage_healed":0,"gold_gain":0,"player_choice":"Ignored","damage_taken":0,"max_hp_gain":0,"max_hp_loss":0,"event_name":"Liars Game","floor":3,"gold_loss":0},{"damage_healed":0,"gold_gain":0,"player_choice":"Entered Light","damage_taken":16,"max_hp_gain":0,"max_hp_loss":0,"event_name":"Shining Light","floor":5,"gold_loss":0,"cards_upgraded":["Headbutt","Strike_R"]},{"damage_healed":0,"gold_gain":0,"player_choice":"2 cards matched","damage_taken":0,"max_hp_gain":0,"max_hp_loss":0,"event_name":"Match and Keep!","floor":21,"gold_loss":0,"cards_obtained":["Shame","Fiend Fire"]},{"damage_healed":0,"gold_gain":0,"player_choice":"Trade","damage_taken":0,"relics_obtained":["GremlinMask"],"max_hp_gain":0,"max_hp_loss":0,"event_name":"FaceTrader","floor":24,"gold_loss":0}],"is_beta":false,"boss_relics":[{"not_picked":["Replay:Wanted Poster","Empty Cage"],"picked":"Replay:Ancient Bell"},{"not_picked":["Pet Ghost","Gremlin Food"],"picked":"Replay:Bandana"},{"not_picked":["Ornamental Fan","Frozen Egg 2"],"picked":"Mirror"},{"not_picked":["Another Sword","Charon\u0027s Ashes"],"picked":"Replay:PocketPolymizer"}],"items_purged_floors":[22],"is_endless":false,"potions_floor_spawned":[2,13,18],"ascension_level":0}}