{"host":"61xbmbtf5zrn7rzc","time":1611038263,"event":{"mods":["BaseMod","Challenge The Spire","Hubris","Infinite Spire","Minty Spire (QoL Compilation)","Replay The Spire","StSLib","SuperFastMode"],"gold_per_floor":[112,123,123,123,123,123,149,149,149,74,88,105,121,139,139,234,234,251,176,196,213,69,98,111,111,111,111,111,130,144,144,144,242,242,252,264,281,281,281,281,301,333,357,357,372,389,244,244,244,244,244],"floor_reached":50,"language":"ENG","playtime":1640,"items_purged":["Strike_R"],"score":715,"play_id":"aae03706-20cb-405f-8f7b-d504999547fa","local_time":"20210119013743","is_ascension_mode":true,"campfire_choices":[{"data":"infinitespire:SevenWalls","floor":6,"key":"SMITH"},{"data":"Shrug It Off","floor":8,"key":"SMITH"},{"data":"Demon Form","floor":15,"key":"SMITH"},{"floor":28,"key":"REST"},{"floor":32,"key":"RECALL"},{"data":"hubris:StunningStrike","floor":40,"key":"SMITH"},{"data":"Fire Breathing","floor":44,"key":"SMITH"},{"data":"Replay:Bootleg Shield Generator","floor":49,"key":"SMITH"}],"circlet_count":0,"master_deck":["Strike_R+2","Defend_R+1","Defend_R+2","Defend_R+2","Bash+1","Clothesline+1","infinitespire:SevenWalls+1","Shrug It Off+1","Demon Form+1","ReplayTheSpireMod:Muscle Training","ReplayTheSpireMod:Muscle Training","Intimidate+1","Pummel+1","Rupture+1","Fire Breathing+1","Twin Strike+1","hubris:StunningStrike+1","Fire Breathing+1","Heavy Blade+1","ReplayTheSpireMod:LeadingStrike+1","Replay:Bootleg Shield Generator+1"],"relics":["Black Blood","NeowsBlessing","Bag of Marbles","Vajra","Blue Candle","Astrolabe","ClockworkSouvenir","hubris:GlazedTorus","Blood Vial","ReplayTheSpireMod:Shallot","Simple Rune","Whetstone"],"acts_visited":["Exordium","TheCity","TheBeyond"],"potions_floor_usage":[16,33,37,42,50,50],"damage_taken":[{"damage":0,"enemies":"2 Louse","floor":1,"turns":1},{"damage":0,"enemies":"Small Slimes","floor":2,"turns":1},{"damage":0,"enemies":"3 Sentries","floor":7,"turns":1},{"damage":0,"enemies":"Jaw Worm","floor":11,"turns":2},{"damage":0,"enemies":"2 Fungi Beasts","floor":12,"turns":3},{"damage":0,"enemies":"Blue Slaver","floor":13,"turns":3},{"damage":1,"enemies":"3 Louse","floor":14,"turns":2},{"damage":2,"enemies":"The Guardian","floor":16,"turns":8},{"damage":1,"enemies":"Spheric Guardian","floor":18,"turns":3},{"damage":17,"enemies":"3 Byrds","floor":20,"turns":7},{"damage":19,"enemies":"Snecko","floor":21,"turns":5},{"damage":25,"enemies":"Slavers","floor":23,"turns":6},{"damage":15,"enemies":"3 Cultists","floor":24,"turns":6},{"damage":1,"enemies":"Centurion and Healer","floor":29,"turns":5},{"damage":1,"enemies":"Snake Plant","floor":30,"turns":2},{"damage":11,"enemies":"Champ","floor":33,"turns":8},{"damage":38,"enemies":"3 Darklings","floor":35,"turns":9},{"damage":1,"enemies":"Orb Walker","floor":36,"turns":4},{"damage":13,"enemies":"Spire Growth","floor":37,"turns":6},{"damage":24,"enemies":"3 Darklings","floor":41,"turns":6},{"damage":59,"enemies":"Nemesis","floor":42,"turns":12},{"damage":2,"enemies":"Maw","floor":45,"turns":6},{"damage":1,"enemies":"Spire Growth","floor":46,"turns":5},{"damage":96,"enemies":"Donu and Deca","floor":50,"turns":7}],"seed_played":"-3523079156293527926","potions_obtained":[{"floor":11,"key":"BlessingOfTheForge"},{"floor":13,"key":"LiquidBronze"},{"floor":14,"key":"Energy Potion"},{"floor":18,"key":"Explosive Potion"},{"floor":21,"key":"FairyPotion"},{"floor":35,"key":"ColorlessPotion"},{"floor":42,"key":"Languid Potion"},{"floor":45,"key":"Energy Potion"}],"is_trial":false,"path_per_floor":["M","M","?","?","?","R","E","R","T","$","M","M","M","M","R","B",null,"M","?","M","M","$","E","M","?","T","$","R","M","M","?","R","B",null,"M","M","M","AVR","?","R","M","E","T","R","M","M","$","?","R","B"],"character_chosen":"IRONCLAD","items_purchased":["ClockworkSouvenir","Whetstone"],"campfire_rested":1,"item_purchase_floors":[22,47],"current_hp_per_floor":[80,80,80,68,49,49,55,55,55,55,61,67,73,78,78,80,80,80,80,69,56,56,37,28,28,28,28,52,57,62,62,62,57,80,54,65,64,64,64,64,54,56,56,56,68,80,80,80,80,0,0],"gold":244,"neow_bonus":"THREE_ENEMY_KILL","is_daily":false,"chose_seed":false,"campfire_upgraded":6,"win_rate":0.0,"timestamp":1611038263,"path_taken":["M","M","?","?","?","R","E","R","T","?","M","M","M","M","R","BOSS","M","?","M","M","$","E","M","?","T","$","R","M","M","?","R","BOSS","M","?","M","AVR","?","R","M","E","T","R","?","M","$","?","R","BOSS"],"items_purchased_type":["Relic","Relic"],"build_version":"2020-12-22","purchased_purges":1,"victory":false,"max_hp_per_floor":[80,80,80,80,80,80,80,80,80,80,80,80,80,80,80,80,80,80,80,80,80,80,80,80,80,80,80,80,80,80,80,80,80,80,80,80,80,80,80,80,80,80,80,80,80,80,80,80,80,80,80],"card_choices":[{"not_picked":["Warcry","Anger"],"picked":"Clothesline","floor":1},{"not_picked":["Warcry","Sever Soul","Cleave"],"picked":"SKIP","floor":2},{"not_picked":["infinitespire:TheBestDefense","ReplayTheSpireMod:Black Plague"],"picked":"infinitespire:SevenWalls","floor":5},{"not_picked":["Thunderclap","Rage"],"picked":"Shrug It Off","floor":7},{"not_picked":["Headbutt","Seeing Red","Wild Strike"],"picked":"SKIP","floor":11},{"not_picked":["ReplayReversal","Perfected Strike"],"picked":"Demon Form","floor":12},{"not_picked":["Inflame","Defy Death"],"picked":"ReplayTheSpireMod:Muscle Training","floor":13},{"not_picked":["True Grit","Iron Wave"],"picked":"ReplayTheSpireMod:Muscle Training","floor":14},{"not_picked":["Clash+1","Havoc"],"picked":"Fire Breathing+1","floor":18},{"not_picked":["Anger","Perfected Strike","Warcry"],"picked":"SKIP","floor":20},{"not_picked":["Power Through","Run Through","ReplayTheSpireMod:Strike From Hell+1"],"picked":"SKIP","floor":21},{"not_picked":["Power Through","Run Through","ReplayTheSpireMod:Strike From Hell+1"],"picked":"SKIP","floor":21},{"not_picked":["Defy Death","infinitespire:OneForAll","Sentinel+1"],"picked":"SKIP","floor":23},{"not_picked":["Sword Boomerang","ReplayTheSpireMod:LeadingStrike","Hemokinesis"],"picked":"SKIP","floor":24},{"not_picked":["Battle Trance+1","Sword Boomerang"],"picked":"Twin Strike+1","floor":29},{"not_picked":["ReplayTheSpireMod:LeadingStrike","hubris:ReadiedAction","Entrench"],"picked":"SKIP","floor":30},{"not_picked":["Demon Form","Immolate"],"picked":"hubris:StunningStrike","floor":33},{"not_picked":["Dual Wield+1","Warcry+1","Pommel Strike"],"picked":"SKIP","floor":35},{"not_picked":["Anger+1","Body Slam"],"picked":"Fire Breathing","floor":36},{"not_picked":["Pommel Strike","Power Through+1"],"picked":"Heavy Blade+1","floor":37},{"not_picked":["Body Slam","Disarm"],"picked":"ReplayTheSpireMod:LeadingStrike+1","floor":41},{"not_picked":["Perfected Strike","Demon Form","Sentinel"],"picked":"SKIP","floor":42},{"not_picked":["Havoc+1","Rampage","Clash+1"],"picked":"SKIP","floor":45},{"not_picked":["hubris:ReadiedAction+1","Pommel Strike+1","Entrench+1"],"picked":"SKIP","floor":46},{"not_picked":["hubris:ReadiedAction+1","Pommel Strike+1","Entrench+1"],"picked":"SKIP","floor":46},{"not_picked":["Mind Blast","Specialist"],"picked":"Replay:Bootleg Shield Generator","floor":48}],"player_experience":135396,"relics_obtained":[{"floor":7,"key":"Vajra"},{"floor":9,"key":"Blue Candle"},{"floor":23,"key":"hubris:GlazedTorus"},{"floor":42,"key":"ReplayTheSpireMod:Shallot"},{"floor":43,"key":"Simple Rune"}],"event_choices":[{"damage_healed":0,"gold_gain":0,"player_choice":"Success","damage_taken":12,"relics_obtained":["Bag of Marbles"],"max_hp_gain":0,"max_hp_loss":0,"event_name":"Scrap Ooze","floor":4,"gold_loss":0},{"cards_removed":["Strike_R"],"damage_healed":0,"gold_gain":0,"player_choice":"Gave Gold","damage_taken":0,"max_hp_gain":0,"max_hp_loss":0,"event_name":"Beggar","floor":19,"gold_loss":75},{"damage_healed":0,"gold_gain":0,"player_choice":"Simplicity","damage_taken":0,"max_hp_gain":0,"max_hp_loss":0,"event_name":"Back to Basics","floor":25,"gold_loss":0,"cards_upgraded":["Strike_R","Defend_R","Defend_R","Defend_R"]},{"damage_healed":0,"gold_gain":0,"player_choice":"Forge","damage_taken":0,"max_hp_gain":0,"max_hp_loss":0,"event_name":"Accursed Blacksmith","floor":31,"gold_loss":0,"cards_upgraded":["Bash"]},{"damage_healed":0,"gold_gain":0,"player_choice":"Bought 0 Potions","damage_taken":0,"max_hp_gain":0,"max_hp_loss":0,"event_name":"The Woman in Blue","floor":39,"gold_loss":0},{"damage_healed":0,"gold_gain":0,"player_choice":"Memory 1","damage_taken":0,"max_hp_gain":0,"max_hp_loss":0,"event_name":"SensoryStone","floor":48,"gold_loss":0}],"is_beta":false,"boss_relics":[{"not_picked":["Painkiller Herb","infinitespire:Cupcake"],"picked":"Astrolabe"},{"not_picked":["Philosopher\u0027s Stone","Busted Crown"],"picked":"Black Blood"}],"items_purged_floors":[10],"is_endless":false,"potions_floor_spawned":[11,13,14,18,20,21,29,35,42,45],"killed_by":"Donu and Deca","ascension_level":4}}