{"host":"s41rn2jhghpwfrvz","time":1611022323,"event":{"mods":["BaseMod","Minty Spire (QoL Compilation)","Quick Restart","Relic Stats","SuperFastMode"],"gold_per_floor":[112,124,124,139,139,166,177,177,177,209,223,65,77,108,108,184,184,202,221,6,24,24,49,49,81,155,155,171,212,243,277,277,355,355,375,375,388,304,304,329,329,213,213,213,247,274,317,337,337,337,337,337,337,82,123,123],"floor_reached":57,"language":"ENG","playtime":1215,"items_purged":["Metallicize","Intimidate"],"score":3912,"play_id":"441af150-5c17-407a-a59f-662d69c6fca2","local_time":"20210119041203","daily_mods":["SealedDeck","Vintage","DeadlyEvents"],"is_ascension_mode":true,"campfire_choices":[{"data":"Body Slam","floor":15,"key":"SMITH"},{"data":"Body Slam","floor":24,"key":"SMITH"},{"data":"Offering","floor":32,"key":"SMITH"},{"floor":41,"key":"RECALL"},{"data":"Feel No Pain","floor":49,"key":"SMITH"},{"data":"Dark Embrace","floor":53,"key":"SMITH"}],"circlet_count":0,"master_deck":["AscendersBane","Bloodletting","Body Slam+1","Feel No Pain+1","Body Slam+1","Shrug It Off+1","Evolve","Offering+1","Pommel Strike+1","Dark Embrace+1","Power Through+1","Offering"],"relics":["Burning Blood","Blue Candle","Pen Nib","Shuriken","Potion Belt","Nunchaku","Matryoshka","Bag of Preparation","Ornamental Fan","MealTicket","Centennial Puzzle","Art of War","War Paint","SlaversCollar","Mango","InkBottle","Membership Card","Torii","Bronze Scales","Bottled Lightning","CeramicFish","Dream Catcher","Paper Frog","Lantern","Tiny Chest","Runic Dome","Oddly Smooth Stone","PreservedInsect","Medical Kit","HornCleat","Anchor","Question Card","Kunai","Whetstone","Boot","Happy Flower","Pantograph","Du-Vu Doll","Orichalcum","Self Forming Clay"],"acts_visited":["Exordium","TheCity","TheBeyond","TheEnding"],"potions_floor_usage":[10,10,29,33,56,56],"damage_taken":[{"damage":6,"enemies":"Small Slimes","floor":1,"turns":4},{"damage":6,"enemies":"Cultist","floor":2,"turns":3},{"damage":3,"enemies":"Jaw Worm","floor":4,"turns":3},{"damage":12,"enemies":"Lagavulin","floor":6,"turns":5},{"damage":6,"enemies":"2 Fungi Beasts","floor":7,"turns":4},{"damage":19,"enemies":"3 Sentries","floor":10,"turns":18},{"damage":3,"enemies":"Looter","floor":11,"turns":2},{"damage":3,"enemies":"Blue Slaver","floor":13,"turns":2},{"damage":6,"enemies":"Gremlin Nob","floor":14,"turns":3},{"damage":12,"enemies":"Slime Boss","floor":16,"turns":3},{"damage":9,"enemies":"2 Thieves","floor":18,"turns":2},{"damage":9,"enemies":"Chosen","floor":19,"turns":2},{"damage":9,"enemies":"Sentry and Sphere","floor":21,"turns":2},{"damage":9,"enemies":"Book of Stabbing","floor":23,"turns":2},{"damage":12,"enemies":"Slavers","floor":25,"turns":3},{"damage":6,"enemies":"3 Cultists","floor":28,"turns":3},{"damage":6,"enemies":"Book of Stabbing","floor":29,"turns":2},{"damage":6,"enemies":"Slavers","floor":30,"turns":2},{"damage":6,"enemies":"Gremlin Leader","floor":31,"turns":1},{"damage":9,"enemies":"Collector","floor":33,"turns":3},{"damage":6,"enemies":"3 Shapes","floor":35,"turns":2},{"damage":6,"enemies":"3 Darklings","floor":37,"turns":1},{"damage":0,"enemies":"Reptomancer","floor":40,"turns":1},{"damage":6,"enemies":"Nemesis","floor":45,"turns":1},{"damage":6,"enemies":"Giant Head","floor":47,"turns":1},{"damage":6,"enemies":"Spire Growth","floor":48,"turns":1},{"damage":9,"enemies":"Donu and Deca","floor":50,"turns":1},{"damage":6,"enemies":"Time Eater","floor":51,"turns":2},{"damage":0,"enemies":"Shield and Spear","floor":55,"turns":1},{"damage":12,"enemies":"The Heart","floor":56,"turns":4}],"seed_played":"2331443374022694994","potions_obtained":[{"floor":1,"key":"SkillPotion"},{"floor":7,"key":"GamblersBrew"},{"floor":10,"key":"Swift Potion"},{"floor":11,"key":"BloodPotion"},{"floor":23,"key":"SkillPotion"},{"floor":25,"key":"Fruit Juice"},{"floor":29,"key":"LiquidMemories"},{"floor":33,"key":"CultistPotion"},{"floor":47,"key":"Dexterity Potion"}],"is_trial":true,"path_per_floor":["M","M","?","M","?","E","M","T","T","E","M","$","M","E","R","B",null,"M","M","$","M","?","E","R","E","T","?","M","E","E","E","R","B",null,"M","?","M","$","?","E","R","$","T","T","E","T","E","M","R","B","B",null,"R","$","E","B",null],"character_chosen":"IRONCLAD","items_purchased":["Evolve","Membership Card","Medical Kit","Anchor","Dark Embrace","Du-Vu Doll","Orichalcum"],"campfire_rested":0,"item_purchase_floors":[12,20,38,42,42,54,54],"current_hp_per_floor":[68,68,68,71,53,47,47,47,47,34,37,52,55,55,55,49,69,80,77,89,86,86,83,83,77,77,56,56,61,61,61,61,76,90,90,90,90,94,94,94,94,94,94,94,94,94,94,94,94,91,94,94,94,94,94,88],"gold":123,"neow_bonus":"","is_daily":false,"chose_seed":false,"campfire_upgraded":5,"win_rate":0.0,"timestamp":1611022323,"path_taken":["M","M","?","?","?","E","M","?","T","E","M","$","M","E","R","BOSS","M","M","$","M","?","E","R","E","T","?","M","?","E","?","R","BOSS","M","?","M","$","?","E","R","$","T","?","E","?","E","M","R","BOSS","BOSS","R","$","E","BOSS"],"items_purchased_type":["Card","Relic","Relic","Relic","Card","Relic","Relic"],"build_version":"2020-12-22","purchased_purges":2,"victory":true,"max_hp_per_floor":[75,75,75,75,75,75,75,75,75,75,75,75,75,75,75,75,75,89,89,89,89,89,89,89,89,89,89,89,94,94,94,94,94,94,94,94,94,94,94,94,94,94,94,94,94,94,94,94,94,94,94,94,94,94,94,94],"relic_stats":{"Torii":0,"CeramicFish":36,"Bag of Preparation":[50],"Whetstone":[],"Boot":[0],"Burning Blood":168,"Nunchaku":[18],"Centennial Puzzle":[59],"Dream Catcher":0,"Pantograph":3,"MealTicket":31,"Tiny Chest":1,"Kunai":[18],"InkBottle":[26],"Happy Flower":[3],"counters":[30,84],"Self Forming Clay":[6],"Blue Candle":[0],"Pen Nib":[19],"PreservedInsect":318,"War Paint":["Shrug It Off","Flame Barrier"],"Orichalcum":[6],"Medical Kit":[40],"Question Card":3,"Shuriken":[33],"Ornamental Fan":[132],"Bronze Scales":[90],"Art of War":[0],"obtain_stats":[{"Lantern":30,"Torii":21,"CeramicFish":26,"Mango":18,"Bag of Preparation":9,"Whetstone":45,"Boot":46,"Burning Blood":0,"Nunchaku":7,"Centennial Puzzle":11,"Dream Catcher":28,"Matryoshka":8,"HornCleat":40,"Pantograph":48,"MealTicket":10,"Tiny Chest":31,"Kunai":44,"InkBottle":19,"Paper Frog":29,"Potion Belt":6,"Happy Flower":47,"Self Forming Clay":55,"Blue Candle":2,"Oddly Smooth Stone":35,"Pen Nib":4,"PreservedInsect":37,"War Paint":14,"Orichalcum":54,"Medical Kit":38,"Question Card":43,"Du-Vu Doll":54,"SlaversCollar":17,"Runic Dome":34,"Anchor":42,"Shuriken":5,"Ornamental Fan":9,"Bronze Scales":23,"Art of War":13,"Membership Card":20,"Bottled Lightning":25},{"Lantern":18,"Torii":13,"CeramicFish":15,"Mango":11,"Bag of Preparation":5,"Whetstone":24,"Boot":24,"Burning Blood":0,"Nunchaku":5,"Centennial Puzzle":7,"Dream Catcher":16,"Matryoshka":5,"HornCleat":23,"Pantograph":26,"MealTicket":6,"Tiny Chest":19,"Kunai":23,"InkBottle":12,"Paper Frog":17,"Potion Belt":4,"Happy Flower":25,"Self Forming Clay":29,"Blue Candle":2,"Oddly Smooth Stone":21,"Pen Nib":3,"PreservedInsect":22,"War Paint":9,"Orichalcum":28,"Medical Kit":22,"Question Card":23,"Du-Vu Doll":28,"SlaversCollar":10,"Runic Dome":20,"Anchor":23,"Shuriken":3,"Ornamental Fan":5,"Bronze Scales":14,"Art of War":8,"Membership Card":12,"Bottled Lightning":15},{"Lantern":65,"Torii":53,"CeramicFish":58,"Mango":49,"Bag of Preparation":19,"Whetstone":74,"Boot":74,"Burning Blood":0,"Nunchaku":19,"Centennial Puzzle":39,"Dream Catcher":61,"Matryoshka":19,"HornCleat":73,"Pantograph":76,"MealTicket":37,"Tiny Chest":66,"Kunai":73,"InkBottle":51,"Paper Frog":63,"Potion Belt":15,"Happy Flower":75,"Self Forming Clay":80,"Blue Candle":7,"Oddly Smooth Stone":71,"Pen Nib":10,"PreservedInsect":72,"War Paint":44,"Orichalcum":79,"Medical Kit":72,"Question Card":73,"Du-Vu Doll":79,"SlaversCollar":47,"Runic Dome":69,"Anchor":73,"Shuriken":10,"Ornamental Fan":19,"Bronze Scales":55,"Art of War":41,"Membership Card":51,"Bottled Lightning":58}]},"card_choices":[{"not_picked":["Anger","Disarm","Power Through"],"picked":"SKIP","floor":6},{"not_picked":["Battle Trance","Hemokinesis","Burning Pact"],"picked":"SKIP","floor":10},{"not_picked":["Dropkick","Body Slam","Headbutt"],"picked":"SKIP","floor":14},{"not_picked":["Double Tap","Juggernaut"],"picked":"Offering","floor":16},{"not_picked":["Fire Breathing","Reckless Charge","Battle Trance"],"picked":"SKIP","floor":23},{"not_picked":["Cleave","Thunderclap+1","Headbutt"],"picked":"SKIP","floor":25},{"not_picked":["True Grit","Intimidate"],"picked":"Pommel Strike+1","floor":29},{"not_picked":["Fire Breathing","Battle Trance","True Grit+1"],"picked":"SKIP","floor":30},{"not_picked":["Hemokinesis","Thunderclap","Burning Pact"],"picked":"SKIP","floor":31},{"not_picked":["Combust","Clothesline","True Grit"],"picked":"SKIP","floor":40},{"not_picked":["Reckless Charge","Seeing Red","Clash","Headbutt"],"picked":"SKIP","floor":45},{"not_picked":["Dropkick+1","Perfected Strike+1","Seeing Red"],"picked":"Power Through+1","floor":47},{"not_picked":["Body Slam","Warcry","Twin Strike"],"picked":"Offering","floor":55}],"player_experience":1800139,"relics_obtained":[{"floor":2,"key":"Blue Candle"},{"floor":4,"key":"Pen Nib"},{"floor":6,"key":"Potion Belt"},{"floor":7,"key":"Nunchaku"},{"floor":8,"key":"Matryoshka"},{"floor":9,"key":"Bag of Preparation"},{"floor":9,"key":"Ornamental Fan"},{"floor":10,"key":"MealTicket"},{"floor":11,"key":"Centennial Puzzle"},{"floor":13,"key":"Art of War"},{"floor":14,"key":"War Paint"},{"floor":18,"key":"Mango"},{"floor":19,"key":"InkBottle"},{"floor":21,"key":"Torii"},{"floor":23,"key":"Bronze Scales"},{"floor":25,"key":"Bottled Lightning"},{"floor":26,"key":"CeramicFish"},{"floor":28,"key":"Dream Catcher"},{"floor":29,"key":"Paper Frog"},{"floor":30,"key":"Lantern"},{"floor":31,"key":"Tiny Chest"},{"floor":35,"key":"Oddly Smooth Stone"},{"floor":37,"key":"PreservedInsect"},{"floor":40,"key":"HornCleat"},{"floor":43,"key":"Question Card"},{"floor":44,"key":"Kunai"},{"floor":45,"key":"Whetstone"},{"floor":46,"key":"Boot"},{"floor":47,"key":"Happy Flower"},{"floor":48,"key":"Pantograph"},{"floor":55,"key":"Self Forming Clay"}],"event_choices":[{"cards_removed":["Warcry"],"damage_healed":0,"gold_gain":0,"player_choice":"Purged","damage_taken":0,"max_hp_gain":0,"max_hp_loss":0,"event_name":"Purifier","floor":3,"gold_loss":0},{"damage_healed":0,"gold_gain":0,"player_choice":"Success","damage_taken":18,"relics_obtained":["Shuriken"],"max_hp_gain":0,"max_hp_loss":0,"event_name":"Scrap Ooze","floor":5,"gold_loss":0},{"cards_removed":["Ghostly Armor"],"damage_healed":0,"gold_gain":0,"player_choice":"Elegance","damage_taken":0,"max_hp_gain":0,"max_hp_loss":0,"event_name":"Back to Basics","floor":22,"gold_loss":0},{"damage_healed":0,"gold_gain":0,"player_choice":"Obtained Book","damage_taken":21,"max_hp_gain":0,"max_hp_loss":0,"event_name":"Cursed Tome","floor":27,"gold_loss":0},{"damage_healed":0,"gold_gain":0,"player_choice":"Ignored","damage_taken":0,"max_hp_gain":0,"max_hp_loss":0,"event_name":"Tomb of Lord Red Mask","floor":36,"gold_loss":0},{"cards_removed":["Flame Barrier"],"damage_healed":0,"gold_gain":0,"player_choice":"Removed Skill","damage_taken":0,"max_hp_gain":0,"max_hp_loss":0,"event_name":"Falling","floor":39,"gold_loss":0}],"is_beta":false,"boss_relics":[{"not_picked":["Mark of Pain","Ectoplasm"],"picked":"SlaversCollar"},{"not_picked":["Sozu","Cursed Key"],"picked":"Runic Dome"}],"items_purged_floors":[12,20],"is_endless":false,"potions_floor_spawned":[1,7,10,11,23,25,29,30,33,37,47],"ascension_level":20}}