{"host":"vrsxkkch9ccrec7k","time":1611034272,"event":{"mods":["Act Like it!","BaseMod","Bestiary","Better Altar","Better Match","Better Note","Better Sensory Stone","Better Skull","Better Third Choice","Better Vampires","Downfall","Minty Spire (QoL Compilation)","Permanent Neow","Relic Stats","Spicy Shops","StSLib"],"gold_per_floor":[99,116,126,145,245,245,291,291,6,19,54,78,95,111,127,127,127],"floor_reached":16,"language":"ENG","playtime":1036,"items_purged":["bronze:Strike"],"score":125,"play_id":"0c0fdcd4-a0de-42ef-ac55-9ced9b7f7aa6","local_time":"20210119003112","is_ascension_mode":true,"campfire_choices":[{"data":"bronze:Replicate","floor":1,"key":"SMITH"},{"data":"bronze:DigitalCarnage","floor":8,"key":"SMITH"}],"circlet_count":0,"master_deck":["bronze:Strike","bronze:Strike","bronze:Strike","bronze:Defend","bronze:Defend","bronze:Defend","bronze:Defend","bronze:Replicate+1","bronze:Goto","bronze:DigitalCarnage+1","bronze:FineTuning","bronze:Terminator","bronze:Fortify","bronze:ChildClass","bronze:Hardcode","bronze:Frontload"],"relics":["bronze:BronzeCore","bronze:SilverBullet","Bag of Marbles","Guardian:BottledAnomaly","Singing Bowl"],"acts_visited":["Exordium"],"potions_floor_usage":[11,13,15,16],"damage_taken":[{"damage":0,"enemies":"Cultist","floor":2,"turns":3},{"damage":2,"enemies":"Jaw Worm","floor":3,"turns":2},{"damage":3,"enemies":"2 Louse","floor":4,"turns":2},{"damage":0,"enemies":"downfall:FleeingMerchant","floor":9,"turns":4},{"damage":4,"enemies":"Red Slaver","floor":10,"turns":2},{"damage":15,"enemies":"3 Sentries","floor":11,"turns":5},{"damage":7,"enemies":"3 Louse","floor":13,"turns":2},{"damage":1,"enemies":"2 Fungi Beasts","floor":14,"turns":3},{"damage":4,"enemies":"Exordium Wildlife","floor":15,"turns":3},{"damage":39,"enemies":"SI_SHIV_ARCHETYPE","floor":16,"turns":7}],"seed_played":"2551972005197766896","potions_obtained":[{"floor":4,"key":"EssenceOfSteel"},{"floor":10,"key":"bronze:BuildAFunctionPotion"},{"floor":11,"key":"EssenceOfSteel"},{"floor":14,"key":"sneckomod:MuddlingPotion"},{"floor":15,"key":"sneckomod:MuddlingPotion"}],"is_trial":false,"path_per_floor":["R","M","M","M","?","?","T","R","$","M","E","T","M","M","M","B"],"character_chosen":"THE_AUTOMATON","items_purchased":["Guardian:BottledAnomaly","Explosive Potion"],"campfire_rested":0,"item_purchase_floors":[9,9],"current_hp_per_floor":[70,70,68,65,65,65,65,65,65,61,46,46,41,40,38,0,0],"gold":127,"neow_bonus":"RANDOM_COMMON_RELIC","is_daily":false,"chose_seed":false,"campfire_upgraded":2,"win_rate":0.0,"timestamp":1611034272,"path_taken":["R","M","M","M","?","?","T","R","$","M","E","?","M","?","M","BOSS"],"items_purchased_type":["Relic","Potion"],"build_version":"2020-12-22","purchased_purges":1,"victory":false,"max_hp_per_floor":[70,70,70,70,70,70,70,70,70,70,70,70,72,72,74,74,74],"relic_stats":{"Singing Bowl":4,"counters":[10,33],"obtain_stats":[{"bronze:BronzeCore":0,"Singing Bowl":11,"Bag of Marbles":7,"Guardian:BottledAnomaly":9,"bronze:SilverBullet":0},{"bronze:BronzeCore":0,"Singing Bowl":6,"Bag of Marbles":3,"Guardian:BottledAnomaly":4,"bronze:SilverBullet":0},{"bronze:BronzeCore":0,"Singing Bowl":18,"Bag of Marbles":7,"Guardian:BottledAnomaly":11,"bronze:SilverBullet":0}]},"card_choices":[{"not_picked":["bronze:Frontload","bronze:BuggyMess"],"picked":"bronze:DigitalCarnage","floor":2},{"not_picked":["bronze:Turbo","bronze:Philosophize"],"picked":"bronze:FineTuning","floor":3},{"not_picked":["bronze:WhirlingStrike","bronze:Shield"],"picked":"bronze:Terminator","floor":4},{"not_picked":["bronze:CutThrough","bronze:FineTuning"],"picked":"bronze:Fortify","floor":9},{"not_picked":["bronze:GetLatest","bronze:Repulsor"],"picked":"bronze:ChildClass","floor":10},{"not_picked":["bronze:CutThrough","bronze:Break"],"picked":"bronze:Hardcode","floor":11},{"not_picked":["bronze:FineTuning","bronze:ForLoop","bronze:Refactor"],"picked":"Singing Bowl","floor":13},{"not_picked":["bronze:FineTuning","bronze:BuggyMess"],"picked":"bronze:Frontload","floor":14},{"not_picked":["bronze:Shell","bronze:MaxOutput","bronze:FineTuning"],"picked":"Singing Bowl","floor":15}],"player_experience":1619734,"relics_obtained":[{"floor":7,"key":"Bag of Marbles"},{"floor":11,"key":"Singing Bowl"}],"event_choices":[],"is_beta":false,"boss_relics":[],"items_purged_floors":[9],"is_endless":false,"potions_floor_spawned":[4,10,11,14,15],"killed_by":"SI_SHIV_ARCHETYPE","ascension_level":4}}