{"host":"y1oqg7uy0jc6f5mb","time":1611075359,"event":{"mods":["BaseMod","Better Altar","Better Match","Better Note","Better Sensory Stone","Better Skull","Better Third Choice","BetterRewards","Block Reminder","Colored Map","Colored Powertips","Custom Start","DeckTracker","Highlight Path","Minty Spire (QoL Compilation)","Permanent Neow","Quick Restart","Relic Sorter","Relic Stats","Shop Mod","StSLib"],"gold_per_floor":[119,129,129,104,104,104,129,189,189,201,201,214,224,47,47,151,151,168,188,113,113,123,123,155,155,155,155,42,76,76,89,89,89,89],"floor_reached":33,"language":"ENG","playtime":2491,"items_purged":[],"score":396,"play_id":"19aa0e65-f8c6-4ee1-bd59-fbd835f2526c","local_time":"20210120005559","is_ascension_mode":true,"campfire_choices":[{"floor":6.0,"key":"REST"},{"data":"Spot Weakness","floor":11.0,"key":"SMITH"},{"data":"True Grit","floor":15.0,"key":"SMITH"},{"floor":23.0,"key":"REST"},{"floor":25.0,"key":"REST"},{"floor":27.0,"key":"REST"},{"floor":32.0,"key":"REST"}],"circlet_count":0,"master_deck":["Strike_R","Strike_R","Defend_R","Defend_R","Defend_R","Defend_R","Bash","Flame Barrier","Clothesline","Steam Power+1","Buffer","True Grit+1","Spot Weakness+1","Evolve","Shrug It Off","Reckless Charge","True Grit+1","Shrug It Off","Immolate","Feel No Pain+1","Fire Breathing+1","Warcry+1","Reckless Charge","Double Tap","Seeing Red+1","Body Slam","Shockwave+1"],"relics":["Burning Blood","Juzu Bracelet","Singing Bowl","Pocketwatch","Nunchaku","Astrolabe","Bloody Idol","Pantograph","Toxic Egg 2","Toy Ornithopter"],"acts_visited":["Exordium","TheCity"],"potions_floor_usage":[],"damage_taken":[{"damage":8.0,"enemies":"Jaw Worm","floor":1.0,"turns":4.0},{"damage":1.0,"enemies":"Small Slimes","floor":2.0,"turns":4.0},{"damage":8.0,"enemies":"Gremlin Nob","floor":7.0,"turns":3.0},{"damage":10.0,"enemies":"3 Sentries","floor":8.0,"turns":6.0},{"damage":0.0,"enemies":"2 Louse","floor":10.0,"turns":3.0},{"damage":8.0,"enemies":"Looter","floor":12.0,"turns":4.0},{"damage":5.0,"enemies":"Blue Slaver","floor":13.0,"turns":5.0},{"damage":11.0,"enemies":"Slime Boss","floor":16.0,"turns":13.0},{"damage":15.0,"enemies":"Chosen","floor":18.0,"turns":5.0},{"damage":3.0,"enemies":"3 Byrds","floor":19.0,"turns":4.0},{"damage":30.0,"enemies":"Snake Plant","floor":22.0,"turns":5.0},{"damage":44.0,"enemies":"Slavers","floor":24.0,"turns":6.0},{"damage":32.0,"enemies":"Gremlin Leader","floor":29.0,"turns":6.0},{"damage":13.0,"enemies":"Centurion and Healer","floor":31.0,"turns":8.0},{"damage":91,"enemies":"Automaton","floor":33,"turns":10}],"seed_played":"-8517020527367987341","potions_obtained":[{"floor":0.0,"key":"EssenceOfSteel"},{"floor":0.0,"key":"SneckoOil"},{"floor":0.0,"key":"SpeedPotion"},{"floor":2.0,"key":"Regen Potion"},{"floor":7.0,"key":"PowerPotion"},{"floor":16.0,"key":"EssenceOfSteel"},{"floor":18.0,"key":"Fire Potion"},{"floor":19.0,"key":"SteroidPotion"}],"is_trial":false,"path_per_floor":["M","M","?","$","?","R","E","?","T","M","R","M","M","$","R","B",null,"M","M","?","?","M","R","E","R","T","R","$","E","?","M","R","B"],"character_chosen":"IRONCLAD","items_purchased":["True Grit","True Grit","Shrug It Off","Regen Potion","Seeing Red+1","Body Slam"],"campfire_rested":5,"item_purchase_floors":[4,14,14,14,28,28],"current_hp_per_floor":[70,75,41,41,41,65,63,71,71,79,79,77,78,78,78,73,80,71,76,76,34,29,54,21,46,46,71,71,50,50,50,75,0,0],"gold":89,"neow_bonus":"THREE_SMALL_POTIONS","is_daily":false,"chose_seed":false,"campfire_upgraded":2,"win_rate":0.0,"timestamp":1611075359,"path_taken":["M","M","?","$","?","R","E","?","T","M","R","M","M","$","R","BOSS","M","M","?","?","M","R","E","R","T","R","?","E","?","M","R","BOSS"],"items_purchased_type":["Card","Card","Card","Potion","Card","Card"],"build_version":"2020-12-22","purchased_purges":0,"victory":false,"max_hp_per_floor":[80,80,80,80,80,80,80,80,80,82,82,82,82,82,82,82,82,82,84,84,84,84,84,84,84,84,84,84,84,84,86,86,86,86],"relic_stats":{"Nunchaku":[8],"Singing Bowl":6,"counters":[15,86],"Astrolabe":["Feel No Pain","Fire Breathing","Spot Weakness"],"Bloody Idol":20,"Pantograph":11,"Juzu Bracelet":0,"obtain_stats":[{"Nunchaku":9,"Singing Bowl":7,"Astrolabe":17,"Bloody Idol":21,"Pantograph":24,"Juzu Bracelet":3,"Toxic Egg 2":26,"Burning Blood":0,"Toy Ornithopter":29,"Pocketwatch":8},{"Nunchaku":4,"Singing Bowl":3,"Astrolabe":8,"Bloody Idol":10,"Pantograph":12,"Juzu Bracelet":2,"Toxic Egg 2":12,"Burning Blood":0,"Toy Ornithopter":13,"Pocketwatch":4},{"Nunchaku":17,"Singing Bowl":11,"Astrolabe":42,"Bloody Idol":51,"Pantograph":62,"Juzu Bracelet":8,"Toxic Egg 2":62,"Burning Blood":0,"Toy Ornithopter":68,"Pocketwatch":17}],"Burning Blood":84,"Toy Ornithopter":0,"Pocketwatch":[114]},"card_choices":[{"not_picked":["Twin Strike","Heavy Blade"],"picked":"Flame Barrier","floor":1.0},{"not_picked":["Twin Strike","Sentinel"],"picked":"Clothesline","floor":2.0},{"not_picked":["Headbutt","True Grit"],"picked":"Spot Weakness","floor":7.0},{"not_picked":["Body Slam","Uppercut"],"picked":"Evolve","floor":8.0},{"not_picked":["Bloodletting","Burning Pact","Hemokinesis"],"picked":"Singing Bowl","floor":10.0},{"not_picked":["Sword Boomerang","Ghostly Armor"],"picked":"Shrug It Off","floor":12.0},{"not_picked":["Flex","Fiend Fire"],"picked":"Reckless Charge","floor":13.0},{"not_picked":["Bludgeon","Feed"],"picked":"Immolate","floor":16.0},{"not_picked":["Rampage","Cleave"],"picked":"Warcry+1","floor":18.0},{"not_picked":["Uppercut","Rage","Rampage"],"picked":"Singing Bowl","floor":19.0},{"not_picked":["Battle Trance","Power Through"],"picked":"Reckless Charge","floor":22.0},{"not_picked":["Havoc","Wild Strike"],"picked":"Double Tap","floor":24.0},{"not_picked":["Thunderclap","Flex+1"],"picked":"Shockwave+1","floor":29.0},{"not_picked":["Sentinel+1","Thunderclap","Clash"],"picked":"Singing Bowl","floor":31.0}],"player_experience":68305,"relics_obtained":[{"floor":7.0,"key":"Singing Bowl"},{"floor":8.0,"key":"Pocketwatch"},{"floor":9.0,"key":"Nunchaku"},{"floor":24.0,"key":"Pantograph"},{"floor":26.0,"key":"Toxic Egg 2"},{"floor":29.0,"key":"Toy Ornithopter"}],"event_choices":[{"damage_healed":0.0,"max_hp_gain":0.0,"max_hp_loss":0.0,"gold_gain":1.0,"event_name":"betterThird:BetterScrap","player_choice":"Relic Card Card ","floor":3.0,"gold_loss":0.0,"damage_taken":34.0,"cards_obtained":["Steam Power","Buffer"]},{"damage_healed":0.0,"max_hp_gain":0.0,"max_hp_loss":0.0,"gold_gain":0.0,"event_name":"Living Wall","player_choice":"Grow","floor":5.0,"gold_loss":0.0,"damage_taken":0.0,"cards_upgraded":["True Grit"]},{"damage_healed":0.0,"max_hp_gain":0.0,"max_hp_loss":0.0,"gold_gain":0.0,"event_name":"Dead Adventurer","player_choice":"Searched \u00272\u0027 times","floor":8.0,"gold_loss":0.0,"damage_taken":0.0},{"cards_removed":["Spot Weakness"],"damage_healed":0.0,"max_hp_gain":0.0,"max_hp_loss":0.0,"gold_gain":0.0,"event_name":"Beggar","player_choice":"Gave Gold","floor":20.0,"gold_loss":75.0,"damage_taken":0.0},{"damage_healed":0.0,"max_hp_gain":76.0,"max_hp_loss":34.0,"gold_gain":0.0,"event_name":"betterAltar:BetterAltar","player_choice":" Idol ","floor":21.0,"potions_obtained":[],"relics_lost":[],"gold_loss":0.0,"damage_taken":42.0,"relics_obtained":["Bloody Idol"]},{"damage_healed":0.0,"max_hp_gain":0.0,"max_hp_loss":0.0,"gold_gain":0.0,"event_name":"The Mausoleum","player_choice":"Ignored","floor":30.0,"gold_loss":0.0,"damage_taken":0.0}],"is_beta":false,"boss_relics":[{"not_picked":["Black Blood","Velvet Choker"],"picked":"Astrolabe"}],"items_purged_floors":[],"is_endless":false,"potions_floor_spawned":[2,7,16,18,19],"killed_by":"Automaton","ascension_level":8}}