{"host":"ydg0vn0pu4pubmdt","time":1611096878,"event":{"mods":["AchievementEnabler","BaseMod","Colored Map","Gold Saver","Minty Spire (QoL Compilation)","Quick Restart","SuperFastMode"],"gold_per_floor":[269,344,344,344,362,394,394,404,404,420,29,29,29],"floor_reached":12,"language":"KOR","playtime":222,"items_purged":["Strike_G"],"score":196,"play_id":"14498c7a-1d02-4888-aa4b-ac2c0d548599","local_time":"20210120075438","is_ascension_mode":true,"campfire_choices":[{"floor":7,"key":"REST"}],"circlet_count":0,"master_deck":["AscendersBane","Strike_G","Strike_G","Strike_G","Defend_G","Defend_G","Defend_G","Defend_G","Defend_G","Survivor","Neutralize","Backflip","Blade Dance","PiercingWail"],"relics":["Ring of the Snake","NeowsBlessing","Smiling Mask","Centennial Puzzle","Ornamental Fan","Tough Bandages"],"acts_visited":[],"potions_floor_usage":[10,10],"damage_taken":[{"damage":0,"enemies":"Small Slimes","floor":1,"turns":1},{"damage":0,"enemies":"2 Louse","floor":5,"turns":1},{"damage":0,"enemies":"Lagavulin","floor":6,"turns":1},{"damage":0,"enemies":"Cultist","floor":8,"turns":4},{"damage":0,"enemies":"Lots of Slimes","floor":10,"turns":5},{"damage":51,"enemies":"Gremlin Nob","floor":12,"turns":5}],"seed_played":"2002644669923353844","potions_obtained":[{"floor":6,"key":"SneckoOil"},{"floor":8,"key":"LiquidBronze"}],"is_trial":false,"path_per_floor":["M","?","?","?","M","E","R","M","T","M","$","E"],"character_chosen":"THE_SILENT","items_purchased":["Tough Bandages"],"campfire_rested":1,"item_purchase_floors":[11],"current_hp_per_floor":[59,48,22,22,22,22,41,41,41,41,41,0,0],"gold":29,"neow_bonus":"THREE_ENEMY_KILL","is_daily":false,"chose_seed":false,"campfire_upgraded":0,"win_rate":0.0,"timestamp":1611096878,"path_taken":["M","?","?","?","?","E","R","?","T","M","?","E"],"items_purchased_type":["Relic"],"build_version":"2020-12-22","purchased_purges":1,"victory":false,"max_hp_per_floor":[66,66,66,66,66,66,66,66,66,66,66,66,66],"card_choices":[{"not_picked":["Deflect","Dodge and Roll"],"picked":"Backflip","floor":1},{"not_picked":["Heel Hook","Dodge and Roll","Sucker Punch"],"picked":"SKIP","floor":5},{"not_picked":["Dodge and Roll","Deadly Poison"],"picked":"Blade Dance","floor":6},{"not_picked":["Deflect","Concentrate","Flechettes"],"picked":"SKIP","floor":8},{"not_picked":["Infinite Blades","Wraith Form v2"],"picked":"PiercingWail","floor":10}],"player_experience":503300,"relics_obtained":[{"floor":6,"key":"Centennial Puzzle"},{"floor":9,"key":"Ornamental Fan"}],"event_choices":[{"damage_healed":0,"gold_gain":75,"player_choice":"Gather Gold","damage_taken":11,"max_hp_gain":0,"max_hp_loss":0,"event_name":"World of Goop","floor":2,"gold_loss":0},{"damage_healed":0,"gold_gain":0,"player_choice":"Success","damage_taken":26,"relics_obtained":["Smiling Mask"],"max_hp_gain":0,"max_hp_loss":0,"event_name":"Scrap Ooze","floor":3,"gold_loss":0},{"cards_removed":["Strike_G"],"damage_healed":0,"gold_gain":0,"player_choice":"Offered Basic","damage_taken":0,"max_hp_gain":0,"max_hp_loss":0,"event_name":"Bonfire Elementals","floor":4,"gold_loss":0}],"is_beta":false,"boss_relics":[],"items_purged_floors":[11],"is_endless":false,"potions_floor_spawned":[6,8],"killed_by":"Gremlin Nob","ascension_level":18}}