{"host":"1ecbliur7lfoj0sl","time":1611066257,"event":{"mods":["BaseMod","Downfall","Minty Spire (QoL Compilation)","StSLib","The Senshi","Waifu the Spire"],"gold_per_floor":[149,160,310,310,324,324,324,124,124,124,124],"floor_reached":9,"language":"ZHS","playtime":323,"items_purged":[],"score":76,"play_id":"9df6f16c-8e59-45a1-841a-42710a08cd81","local_time":"20210119222417","is_ascension_mode":true,"campfire_choices":[{"floor":1,"key":"RECALL"},{"data":"Guardian:TwinSlam","floor":8,"key":"SMITH"}],"circlet_count":0,"master_deck":["Guardian:Strike_Guardian","Guardian:Strike_Guardian","Guardian:Strike_Guardian","Guardian:Strike_Guardian","Guardian:Defend_Guardian","Guardian:Defend_Guardian","Guardian:Defend_Guardian+1","Guardian:Defend_Guardian","Guardian:CurlUp","Guardian:TwinSlam+1","Guardian:Gem_Yellow","downfall:Icky","Guardian:Gem_Synthetic","Guardian:Gem_Cyan","Guardian:Gem_Fragmented","Guardian:Gem_Lightblue","Guardian:Gem_Lightblue"],"relics":["Tiny House","Guardian:PickAxe","downfall:HeartBlessingRed","downfall:HeartBlessingBlue"],"acts_visited":["Exordium"],"potions_floor_usage":[],"damage_taken":[{"damage":2,"enemies":"2 Louse","floor":2,"turns":3},{"damage":22,"enemies":"2 Louse","floor":4,"turns":7},{"damage":15,"enemies":"Jaw Worm","floor":5,"turns":5},{"damage":44,"enemies":"Gremlin Nob","floor":9,"turns":4}],"seed_played":"-7687015707505014032","potions_obtained":[{"floor":0,"key":"Ancient Potion"}],"is_trial":false,"path_per_floor":["R","M","?","?","M","?","T","R","E"],"character_chosen":"GUARDIAN","items_purchased":[],"campfire_rested":0,"item_purchase_floors":[],"current_hp_per_floor":[85,83,83,19,4,9,9,19,0,0,0],"gold":124,"neow_bonus":"BOSS_RELIC","is_daily":false,"chose_seed":false,"campfire_upgraded":1,"win_rate":0.0,"timestamp":1611066257,"path_taken":["R","M","?","?","M","?","T","R","E"],"items_purchased_type":[],"build_version":"2020-12-22","purchased_purges":0,"victory":false,"max_hp_per_floor":[85,85,85,85,85,90,90,100,100,100,100],"card_choices":[{"not_picked":["Guardian:BodySlam","Guardian:RollAttack"],"picked":"Guardian:Gem_Green","floor":0},{"not_picked":["Guardian:Gem_Cyan","Guardian:Recover"],"picked":"Guardian:Gem_Yellow","floor":2},{"not_picked":["Guardian:Gem_Red","Guardian:PrismaticBeam","Guardian:Reroute"],"picked":"SKIP","floor":5}],"player_experience":56274,"relics_obtained":[],"event_choices":[{"damage_healed":0,"gold_gain":0,"player_choice":"Donut","damage_taken":0,"max_hp_gain":5,"max_hp_loss":0,"event_name":"Big Fish","floor":6,"gold_loss":0}],"is_beta":false,"boss_relics":[],"items_purged_floors":[],"is_endless":false,"potions_floor_spawned":[],"killed_by":"Gremlin Nob","ascension_level":1}}