{"host":"ufpbcvppfed80z13","time":1611024792,"event":{"mods":["BaseMod","Downfall","Minty Spire (QoL Compilation)","StSLib"],"gold_per_floor":[99,99,274,274,424,424,424,424,524,524,524,524,524,538,552,552,552],"floor_reached":16,"language":"ENG","playtime":381,"items_purged":[],"score":84,"play_id":"5deed71a-ac1c-4ad9-a39f-07f8767b280c","local_time":"20210119025312","is_ascension_mode":false,"campfire_choices":[{"data":"bronze:Goto","floor":1,"key":"SMITH"},{"data":"bronze:BugBarrage","floor":11,"key":"SMITH"},{"data":"bronze:Replicate","floor":13,"key":"SMITH"}],"circlet_count":0,"master_deck":["bronze:Strike+1","bronze:Strike","bronze:Strike","bronze:Strike","bronze:Defend","bronze:Defend","bronze:Defend+1","bronze:Defend+1","bronze:Replicate+1","bronze:Goto+1","bronze:BugBarrage+1","downfall:Icky","bronze:Repair","bronze:OilSpill","downfall:Malfunctioning","bronze:FineTuning"],"relics":["bronze:BronzeCore","downfall:HeartsMalice","MealTicket","Darkstone Periapt"],"acts_visited":["Exordium"],"potions_floor_usage":[],"damage_taken":[{"damage":0,"enemies":"Jaw Worm","floor":2,"turns":1},{"damage":0,"enemies":"Small Slimes","floor":6,"turns":1},{"damage":0,"enemies":"2 Louse","floor":8,"turns":1},{"damage":10,"enemies":"Exordium Thugs","floor":14,"turns":5},{"damage":0,"enemies":"2 Fungi Beasts","floor":15,"turns":3},{"damage":87,"enemies":"DF_ARCHETYPE_STREAMLINE","floor":16,"turns":12}],"seed_played":"5431520880510586195","potions_obtained":[],"is_trial":false,"path_per_floor":["R","M","?","?","?","M","T","M","?","?","R","T","R","M","M","B"],"character_chosen":"THE_AUTOMATON","items_purchased":[],"campfire_rested":0,"item_purchase_floors":[],"current_hp_per_floor":[70,70,70,70,70,70,70,70,70,70,70,70,70,67,70,0,0],"gold":552,"neow_bonus":"THREE_ENEMY_KILL","is_daily":false,"chose_seed":false,"campfire_upgraded":3,"win_rate":0.0,"timestamp":1611024792,"path_taken":["R","M","?","?","?","?","T","M","?","?","R","?","R","M","M","BOSS"],"items_purchased_type":[],"build_version":"2020-12-22","purchased_purges":0,"victory":false,"max_hp_per_floor":[70,70,70,70,70,70,70,70,70,70,70,70,70,70,70,70,70],"card_choices":[{"not_picked":["bronze:Frontload","bronze:CutThrough"],"picked":"bronze:BugBarrage","floor":2},{"not_picked":["bronze:DarkDash","bronze:Overheat"],"picked":"bronze:Repair","floor":6},{"not_picked":["bronze:Shield","bronze:Frontload"],"picked":"bronze:OilSpill","floor":8},{"not_picked":["bronze:Overload","bronze:Philosophize","bronze:Deprecate"],"picked":"SKIP","floor":14},{"not_picked":["bronze:Flail","bronze:Shield"],"picked":"bronze:FineTuning","floor":15}],"player_experience":117488,"relics_obtained":[{"floor":7,"key":"MealTicket"},{"floor":12,"key":"Darkstone Periapt"}],"event_choices":[{"cards_removed":["Doubt"],"damage_healed":0,"gold_gain":0,"player_choice":"Card Removal","damage_taken":0,"max_hp_gain":0,"max_hp_loss":0,"event_name":"The Cleric","floor":4,"gold_loss":0}],"is_beta":false,"boss_relics":[],"items_purged_floors":[],"is_endless":false,"potions_floor_spawned":[],"killed_by":"DF_ARCHETYPE_STREAMLINE","ascension_level":0}}