{"host":"th1rgt4ohg3ajuw6","time":1611028444,"event":{"mods":["Act Like it!","BaseMod","Downfall","GifTheSpireLib","Hunter ??","Minty Spire (QoL Compilation)","Pale of the Ancients","Shop Mod","StSLib","Stuff the Spire","The Bladedancer","??????REMEMod"],"gold_per_floor":[114,125,136,154,168,168,186,186,235,245,262,281,294,311,311,412,412,428,447,465,1,14,14,34,34,34,134,146,159,159,159,159,259,259,278,41,91,106,106,106,83,83,83,100,100,100,115,0,0,0,0],"floor_reached":50,"language":"ENG","playtime":2844,"items_purged":[],"score":494,"play_id":"7f3f08ea-9809-4528-bb6a-70e2b519b86b","local_time":"20210118195404","is_ascension_mode":false,"campfire_choices":[{"floor":6.0,"key":"REST"},{"floor":8.0,"key":"REST"},{"floor":15.0,"key":"REST"},{"data":"Apotheosis","floor":23.0,"key":"SMITH"},{"floor":25.0,"key":"REST"},{"floor":32.0,"key":"REST"},{"data":"blademaster:ThunderingOpener","floor":40.0,"key":"SMITH"},{"data":"blademaster:DeadlyDance","floor":42.0,"key":"SMITH"},{"data":"blademaster:EnchantedCuirass","floor":45.0,"key":"SMITH"},{"data":"blademaster:BladeMastery","floor":49,"key":"SMITH"}],"circlet_count":0,"master_deck":["blademaster:Strike","blademaster:Strike","blademaster:Strike","blademaster:Defend","blademaster:Defend","blademaster:Defend","blademaster:Defend","blademaster:RagingBlow","blademaster:HighVoltage","Apotheosis+1","blademaster:BladeCross","blademaster:AwakeningDefend","blademaster:ThunderSlash","blademaster:DeadlyDance+1","blademaster:Momentum","blademaster:Flurry","blademaster:BloodyBlow","blademaster:Thrust","blademaster:LightningCrash","blademaster:AwakeningDefend","blademaster:Cut","blademaster:EnchantedCuirass+1","blademaster:AwakeningStrike","blademaster:CullingStrike","blademaster:Frontflip","blademaster:Gust","blademaster:ThunderingOpener+1","blademaster:Stability","blademaster:BladeMastery+1","blademaster:ParryingStrike","blademaster:LeechingStrike+1","blademaster:DeadlyDance","blademaster:AspectOfLightning","Necronomicurse","blademaster:HighVoltage","blademaster:TraverseCut+1","REME_WheelOfFate","blademaster:Stability","blademaster:DancingEdge","blademaster:ChargingUp","blademaster:Sharpen","blademaster:ColdBlood","blademaster:Blockade+1"],"relics":["blademaster:DancersAmulet","REME_ComplimentaryCards","Happy Flower","bronze:MakeshiftBattery","Medical Kit","StuffTheSpire:GrapeVine","Lantern","Incense Burner","Eternal Feather","Necronomicon","StuffTheSpire:SapphireSignet","StuffTheSpire:Kangaroo","Thread and Needle","HornCleat","Red Mask"],"acts_visited":["Exordium","TheCity","TheBeyond"],"potions_floor_usage":[50],"damage_taken":[{"damage":7.0,"enemies":"Cultist","floor":1.0,"turns":5.0},{"damage":1.0,"enemies":"Jaw Worm","floor":2.0,"turns":5.0},{"damage":7.0,"enemies":"Small Slimes","floor":3.0,"turns":4.0},{"damage":12.0,"enemies":"3 Louse","floor":4.0,"turns":5.0},{"damage":19.0,"enemies":"Large Slime","floor":5.0,"turns":8.0},{"damage":9.0,"enemies":"Blue Slaver","floor":7.0,"turns":4.0},{"damage":3.0,"enemies":"Lots of Slimes","floor":10.0,"turns":3.0},{"damage":4.0,"enemies":"2 Fungi Beasts","floor":11.0,"turns":3.0},{"damage":7.0,"enemies":"Blue Slaver","floor":12.0,"turns":4.0},{"damage":0.0,"enemies":"Looter","floor":13.0,"turns":3.0},{"damage":15.0,"enemies":"Exordium Wildlife","floor":14.0,"turns":5.0},{"damage":31.0,"enemies":"Slime Boss","floor":16.0,"turns":10.0},{"damage":5.0,"enemies":"3 Byrds","floor":18.0,"turns":5.0},{"damage":0.0,"enemies":"Chosen","floor":19.0,"turns":4.0},{"damage":6.0,"enemies":"3 Cultists","floor":20.0,"turns":5.0},{"damage":4.0,"enemies":"Snake Plant","floor":22.0,"turns":4.0},{"damage":16.0,"enemies":"Shelled Parasite and Fungi","floor":24.0,"turns":5.0},{"damage":28.0,"enemies":"Colosseum Slavers","floor":27.0,"turns":5.0},{"damage":0.0,"enemies":"Colosseum Nobs","floor":27.0,"turns":3.0},{"damage":3.0,"enemies":"Chosen and Byrds","floor":28.0,"turns":5.0},{"damage":9.0,"enemies":"Cultist and Chosen","floor":29.0,"turns":5.0},{"damage":45.0,"enemies":"Champ","floor":33.0,"turns":11.0},{"damage":11.0,"enemies":"3 Darklings","floor":35.0,"turns":4.0},{"damage":10.0,"enemies":"Mind Bloom Boss Battle","floor":37.0,"turns":7.0},{"damage":6.0,"enemies":"3 Shapes","floor":38.0,"turns":3.0},{"damage":8.0,"enemies":"Sphere and 2 Shapes","floor":44.0,"turns":4.0},{"damage":0,"enemies":"Spire Growth","floor":47,"turns":5},{"damage":75,"enemies":"Awakened One","floor":50,"turns":9}],"seed_played":"5621256458978650626","potions_obtained":[{"floor":4.0,"key":"Ancient Potion"},{"floor":7.0,"key":"sneckomod:MuddlingPotion"},{"floor":10.0,"key":"champ:CounterPotion"},{"floor":11.0,"key":"ColorlessPotion"},{"floor":13.0,"key":"Guardian:BlockOnCardUsePotion"},{"floor":20.0,"key":"DistilledChaos"},{"floor":22.0,"key":"SteroidPotion"},{"floor":27.0,"key":"Ancient Potion"},{"floor":33.0,"key":"Fire Potion"},{"floor":37.0,"key":"EssenceOfSteel"}],"is_trial":false,"path_per_floor":["M","M","M","M","M","R","M","R","T","M","M","M","M","M","R","B",null,"M","M","M","$","M","R","M","R","T","?","M","M","?","?","R","B",null,"M","$","?","M","?","R","$","R","T","M","R","?","M","?","R","B"],"character_chosen":"THE_BLADEMASTER","items_purchased":["blademaster:Gust","blademaster:ThunderingOpener","Medical Kit","blademaster:Stability","StuffTheSpire:GrapeVine","REME_WheelOfFate","blademaster:Stability","blademaster:ChargingUp"],"campfire_rested":5,"item_purchase_floors":[21,21,21,21,21,36,36,41],"current_hp_per_floor":[47,46,39,27,8,30,21,43,43,40,36,29,29,14,36,5,75,70,70,64,64,60,60,44,66,66,38,45,36,20,20,63,27,75,64,64,54,48,48,72,72,75,75,67,75,75,75,75,75,0,0],"gold":0,"neow_bonus":"RANDOM_COLORLESS_2","is_daily":false,"chose_seed":false,"campfire_upgraded":5,"win_rate":0.0,"timestamp":1611028444,"path_taken":["M","M","?","M","M","R","M","R","T","M","M","M","M","M","R","BOSS","M","M","M","$","M","R","M","R","T","?","M","M","?","?","R","BOSS","M","$","?","M","?","R","$","R","T","M","R","?","?","?","R","BOSS"],"items_purchased_type":["Card","Card","Relic","Card","Relic","Card","Card","Card"],"build_version":"2020-12-22","purchased_purges":0,"victory":false,"max_hp_per_floor":[75,75,75,75,75,75,75,75,75,75,75,75,75,75,75,75,75,75,75,75,75,75,75,75,75,75,75,75,75,75,75,75,75,75,75,75,75,75,75,75,75,75,75,75,75,75,75,75,75,75,75],"card_choices":[{"not_picked":["REME_MawOfCthun","StuffTheSpire:Recharge"],"picked":"Apotheosis","floor":0.0},{"not_picked":["blademaster:OneTrickPony","blademaster:Slice"],"picked":"blademaster:BladeCross","floor":1.0},{"not_picked":["blademaster:Stormstrike","blademaster:CombatPrep"],"picked":"blademaster:AwakeningDefend","floor":2.0},{"not_picked":["blademaster:CombatPrep","blademaster:Momentum"],"picked":"blademaster:ThunderSlash","floor":3.0},{"not_picked":["blademaster:AirSlash","blademaster:CombatPrep"],"picked":"blademaster:DeadlyDance","floor":4.0},{"not_picked":["blademaster:SlyStabs","blademaster:Slice"],"picked":"blademaster:Momentum","floor":5.0},{"not_picked":["blademaster:AncestralHealing","blademaster:ThunderingOpener"],"picked":"blademaster:Flurry","floor":7.0},{"not_picked":["blademaster:Hailwind","blademaster:DaggerAndCloak"],"picked":"blademaster:BloodyBlow","floor":10.0},{"not_picked":["blademaster:Quickness","blademaster:ThunderSlash"],"picked":"blademaster:Thrust","floor":11.0},{"not_picked":["blademaster:Stability","blademaster:ThunderSlash"],"picked":"blademaster:LightningCrash","floor":12.0},{"not_picked":["blademaster:Quickness","blademaster:CombatPrep"],"picked":"blademaster:AwakeningDefend","floor":13.0},{"not_picked":["blademaster:Thrust","blademaster:EyeOfTheStorm"],"picked":"blademaster:Cut","floor":14.0},{"not_picked":["blademaster:HighVoltage","blademaster:FuryOfTheElements"],"picked":"blademaster:EnchantedCuirass","floor":16.0},{"not_picked":["blademaster:LightningCrash","blademaster:FuriousStrike"],"picked":"blademaster:AwakeningStrike","floor":18.0},{"not_picked":["blademaster:AncestralHealing","blademaster:CombatPrep"],"picked":"blademaster:CullingStrike","floor":19.0},{"not_picked":["blademaster:LeechingStrike","blademaster:CullingStrike"],"picked":"blademaster:Frontflip","floor":20.0},{"not_picked":["blademaster:IcyWind","blademaster:WindSlash"],"picked":"blademaster:BladeMastery","floor":22.0},{"not_picked":["blademaster:Hailwind","blademaster:Sharpen"],"picked":"blademaster:ParryingStrike","floor":24.0},{"not_picked":["blademaster:Hailwind","blademaster:AwakeningStrike"],"picked":"blademaster:LeechingStrike+1","floor":27.0},{"not_picked":["blademaster:DaggerAndCloak","blademaster:ColdBlood"],"picked":"blademaster:DeadlyDance","floor":28.0},{"not_picked":["blademaster:Meditate","blademaster:Safeguard"],"picked":"blademaster:AspectOfLightning","floor":29.0},{"not_picked":["blademaster:Empower","blademaster:ColdBlood"],"picked":"blademaster:HighVoltage","floor":33.0},{"not_picked":["blademaster:LeechingStrike+1","blademaster:KiBarrier"],"picked":"blademaster:TraverseCut+1","floor":35.0},{"not_picked":["blademaster:Thrust","blademaster:EyeOfTheStorm"],"picked":"blademaster:DancingEdge","floor":37.0},{"not_picked":["blademaster:ThunderingOpener+1","blademaster:EyeOfTheStorm+1"],"picked":"blademaster:KiBarrier","floor":38.0},{"not_picked":["blademaster:AirSlash+1","blademaster:AncestralHealing+1"],"picked":"blademaster:Sharpen","floor":44.0},{"not_picked":["blademaster:KiBarrier+1","blademaster:AncestralHealing+1"],"picked":"blademaster:Blockade+1","floor":47}],"player_experience":247827,"relics_obtained":[{"floor":9.0,"key":"Happy Flower"},{"floor":26.0,"key":"Lantern"},{"floor":27.0,"key":"Incense Burner"},{"floor":27.0,"key":"blademaster:StrongPerk"},{"floor":27.0,"key":"Eternal Feather"},{"floor":30.0,"key":"Necronomicon"},{"floor":37.0,"key":"Thread and Needle"},{"floor":37.0,"key":"blademaster:RandomBladePerk"},{"floor":43.0,"key":"HornCleat"}],"event_choices":[{"damage_healed":0.0,"max_hp_gain":0.0,"max_hp_loss":0.0,"gold_gain":0.0,"event_name":"Colosseum","player_choice":"Fight","floor":27.0,"gold_loss":0.0,"damage_taken":0.0},{"damage_healed":0.0,"max_hp_gain":0.0,"max_hp_loss":0.0,"gold_gain":0.0,"event_name":"Colosseum","player_choice":"Fought Nobs","floor":27.0,"gold_loss":0.0,"damage_taken":0.0},{"damage_healed":0.0,"max_hp_gain":0.0,"max_hp_loss":0.0,"gold_gain":0.0,"event_name":"Cursed Tome","player_choice":"Obtained Book","floor":30.0,"gold_loss":0.0,"damage_taken":16.0},{"damage_healed":0.0,"max_hp_gain":0.0,"max_hp_loss":0.0,"gold_gain":0.0,"event_name":"The Mausoleum","player_choice":"Opened","floor":31.0,"gold_loss":0.0,"damage_taken":0.0,"relics_obtained":["StuffTheSpire:SapphireSignet"]},{"damage_healed":0.0,"max_hp_gain":0.0,"max_hp_loss":0.0,"gold_gain":0.0,"event_name":"MindBloom","player_choice":"Fight","floor":37.0,"gold_loss":0.0,"damage_taken":0.0},{"cards_removed":["blademaster:Strike"],"damage_healed":0.0,"max_hp_gain":0.0,"max_hp_loss":0.0,"gold_gain":0.0,"event_name":"Falling","player_choice":"Removed Attack","floor":39.0,"gold_loss":0.0,"damage_taken":0.0},{"damage_healed":0.0,"max_hp_gain":0.0,"max_hp_loss":0.0,"gold_gain":0.0,"cards_transformed":["blademaster:KiBarrier"],"event_name":"Transmorgrifier","player_choice":"Transformed","floor":46.0,"gold_loss":0.0,"damage_taken":0.0,"cards_obtained":["blademaster:ColdBlood"]},{"damage_healed":0,"gold_gain":0,"player_choice":"Paid","damage_taken":0,"relics_obtained":["Red Mask"],"max_hp_gain":0,"max_hp_loss":0,"event_name":"Tomb of Lord Red Mask","floor":48,"gold_loss":115}],"is_beta":false,"boss_relics":[{"not_picked":["REME_DemonsWealth","StuffTheSpire:RunicConfusion"],"picked":"bronze:MakeshiftBattery"},{"not_picked":["REME_LowDesire","Astrolabe"],"picked":"StuffTheSpire:Kangaroo"}],"items_purged_floors":[],"is_endless":false,"potions_floor_spawned":[4,7,10,11,13,20,22,27,33,37],"killed_by":"Awakened One","ascension_level":0}}