{"host":"mku5fdaoqz3qihec","time":1611074211,"event":{"mods":["2.2 Compatiblity","AchievementEnabler","BaseMod","Colored Map","Colored Powertips","Marisa£¨Ùöéë¡¡Øª×âÞÞ£©","Minty Spire (QoL Compilation)","Rare Cards Sparkle","StSLib","SuperFastMode"],"gold_per_floor":[118,138,68,86,101,127,127,156,156,156,156,173,188,199,199,296,296,308,308,308],"floor_reached":19,"language":"ENG","playtime":477,"items_purged":[],"score":312,"play_id":"eff3c226-5642-4abd-9080-721b95761d68","local_time":"20210120013651","is_ascension_mode":true,"campfire_choices":[{"data":"ManaRampage","floor":7,"key":"SMITH"},{"data":"MilkyWay","floor":10,"key":"SMITH"},{"data":"StarlightTyphoon","floor":15,"key":"SMITH"}],"circlet_count":0,"master_deck":["Strike_MRS","Strike_MRS","Strike_MRS","Strike_MRS","Defend_MRS","Defend_MRS","Defend_MRS","Defend_MRS","MasterSpark","UpSweep","PowerUp","ManaRampage+1","RefractionSpark","MilkyWay+1","StarlightTyphoon+1","PropBag"],"relics":["MiniHakkero","NeowsBlessing","Vajra","Blood Vial","Nunchaku","Snecko Eye"],"acts_visited":["Exordium","TheCity"],"potions_floor_usage":[6,16,18],"damage_taken":[{"damage":0,"enemies":"Cultist","floor":1,"turns":1},{"damage":0,"enemies":"Small Slimes","floor":2,"turns":1},{"damage":0,"enemies":"Jaw Worm","floor":4,"turns":1},{"damage":0,"enemies":"Exordium Thugs","floor":5,"turns":2},{"damage":20,"enemies":"3 Sentries","floor":6,"turns":4},{"damage":18,"enemies":"Gremlin Nob","floor":8,"turns":3},{"damage":0,"enemies":"2 Fungi Beasts","floor":12,"turns":3},{"damage":0,"enemies":"Large Slime","floor":13,"turns":3},{"damage":6,"enemies":"Blue Slaver","floor":14,"turns":2},{"damage":0,"enemies":"Slime Boss","floor":16,"turns":3},{"damage":20,"enemies":"3 Byrds","floor":18,"turns":5}],"seed_played":"-5319723678204366717","potions_obtained":[{"floor":1,"key":"BottledSpark"},{"floor":4,"key":"DistilledChaos"},{"floor":13,"key":"BlessingOfTheForge"},{"floor":14,"key":"SmokeBomb"}],"is_trial":false,"path_per_floor":["M","M","$","M","M","E","R","E","T","R","?","M","M","M","R","B",null,"M","$"],"character_chosen":"MARISA","items_purchased":["ManaRampage"],"campfire_rested":0,"item_purchase_floors":[3],"current_hp_per_floor":[68,68,68,68,68,48,48,30,30,30,30,32,34,30,30,32,64,46,46,46],"gold":308,"neow_bonus":"THREE_ENEMY_KILL","is_daily":false,"chose_seed":false,"campfire_upgraded":3,"win_rate":0.0,"timestamp":1611074211,"path_taken":["M","M","$","?","M","E","R","E","T","R","?","M","M","M","R","BOSS","M","$"],"items_purchased_type":["Card"],"build_version":"2020-12-22","purchased_purges":0,"victory":false,"max_hp_per_floor":[75,75,75,75,75,75,75,75,75,75,75,75,75,75,75,75,75,75,75,75],"card_choices":[{"not_picked":["ManaConvection","SporeBomb","Acceleration"],"picked":"SKIP","floor":1},{"not_picked":["EarthLightRay","GrandCross"],"picked":"PowerUp","floor":2},{"not_picked":["IllusionStar","DragonMeteor"],"picked":"RefractionSpark","floor":4},{"not_picked":["MysteriousBeam","Orbital","OortCloud"],"picked":"SKIP","floor":5},{"not_picked":["CollectingQuirk","OpenUniverse","ShootingEcho"],"picked":"SKIP","floor":6},{"not_picked":["StarBarrage","ShootTheMoon"],"picked":"MilkyWay","floor":8},{"not_picked":["GrandCross","SporeBomb"],"picked":"StarlightTyphoon","floor":12},{"not_picked":["WitchLeyline","OpenUniverse","Acceleration"],"picked":"SKIP","floor":13},{"not_picked":["IllusionStar","LuminesStrike"],"picked":"PropBag","floor":14},{"not_picked":["DC","MilkyWay","Acceleration+1"],"picked":"SKIP","floor":18}],"player_experience":281794,"relics_obtained":[{"floor":6,"key":"Vajra"},{"floor":8,"key":"Blood Vial"},{"floor":9,"key":"Nunchaku"}],"event_choices":[{"damage_healed":0,"gold_gain":0,"player_choice":"Bought 0 Potions","damage_taken":0,"max_hp_gain":0,"max_hp_loss":0,"event_name":"The Woman in Blue","floor":11,"gold_loss":0}],"is_beta":false,"boss_relics":[{"not_picked":["Fusion Hammer","Cursed Key"],"picked":"Snecko Eye"}],"items_purged_floors":[],"is_endless":false,"potions_floor_spawned":[1,4,13,14],"ascension_level":7}}