{"host":"mai03x2ekbjy4059","time":1611080493,"event":{"mods":["2.2 Compatiblity","BaseMod","DeckTracker","Keyboard Shortcuts","Minty Spire (QoL Compilation)","Permanent Neow","Quick Restart","SuperFastMode","everything is the same but u backflip on backflip"],"gold_per_floor":[366,377,390,390,402,428,428,454,479,489,505,455,484,96,96,96,96],"floor_reached":16,"language":"KOR","playtime":346,"items_purged":["Dualcast"],"score":154,"play_id":"d341062c-83c7-4e08-98a6-bfc53849ffb1","local_time":"20210120032133","is_ascension_mode":true,"campfire_choices":[{"floor":7.0,"key":"REST"},{"data":"Scrape","floor":15.0,"key":"SMITH"}],"circlet_count":0,"master_deck":["Strike_B+1","Strike_B","Strike_B","Strike_B+1","Defend_B","Defend_B","Defend_B","Defend_B","Gash","Gash","Scrape+1","Go for the Eyes"],"relics":["Cracked Core","Nunchaku","Whetstone","MealTicket","Anchor","Unceasing Top"],"acts_visited":["Exordium"],"potions_floor_usage":[],"damage_taken":[{"damage":1.0,"enemies":"Cultist","floor":1.0,"turns":3.0},{"damage":6.0,"enemies":"2 Louse","floor":2.0,"turns":2.0},{"damage":1.0,"enemies":"Jaw Worm","floor":3.0,"turns":3.0},{"damage":8.0,"enemies":"2 Fungi Beasts","floor":5.0,"turns":3.0},{"damage":16.0,"enemies":"Gremlin Nob","floor":6.0,"turns":3.0},{"damage":26.0,"enemies":"Lagavulin","floor":8.0,"turns":6.0},{"damage":12.0,"enemies":"Exordium Thugs","floor":10.0,"turns":4.0},{"damage":5.0,"enemies":"Looter","floor":11.0,"turns":2.0},{"damage":0.0,"enemies":"3 Sentries","floor":13.0,"turns":7.0},{"damage":19,"enemies":"The Guardian","floor":16,"turns":7}],"seed_played":"3411468819752055709","potions_obtained":[{"floor":2.0,"key":"AttackPotion"},{"floor":3.0,"key":"FearPotion"},{"floor":8.0,"key":"SkillPotion"},{"floor":10.0,"key":"SteroidPotion"}],"is_trial":false,"path_per_floor":["M","M","M","?","M","E","R","E","T","M","M","?","E","$","R","B"],"character_chosen":"DEFECT","items_purchased":["Unceasing Top"],"campfire_rested":1,"item_purchase_floors":[14],"current_hp_per_floor":[53,47,46,46,38,22,44,18,18,6,1,1,1,16,16,0,0],"gold":96,"neow_bonus":"TWO_FIFTY_GOLD","is_daily":false,"chose_seed":false,"campfire_upgraded":1,"win_rate":0.0,"timestamp":1611080493,"path_taken":["M","M","M","?","M","E","R","E","T","?","M","?","E","$","R","BOSS"],"items_purchased_type":["Relic"],"build_version":"2020-12-22","purchased_purges":1,"victory":false,"max_hp_per_floor":[75,75,75,75,75,75,75,75,75,75,75,75,75,75,75,75,75],"card_choices":[{"not_picked":["Leap","Genetic Algorithm"],"picked":"Gash","floor":1.0},{"not_picked":["Leap","Genetic Algorithm"],"picked":"Gash","floor":1.0},{"not_picked":["Rebound","Chill","Static Discharge"],"picked":"SKIP","floor":2.0},{"not_picked":["Hologram","Redo","Barrage"],"picked":"SKIP","floor":3.0},{"not_picked":["Hologram","Redo","Barrage"],"picked":"SKIP","floor":3.0},{"not_picked":["Hologram","Redo","Barrage"],"picked":"SKIP","floor":3.0},{"not_picked":["Compile Driver","Sunder","Stack"],"picked":"SKIP","floor":5.0},{"not_picked":["Storm","Biased Cognition","Recycle"],"picked":"SKIP","floor":6.0},{"not_picked":["Sweeping Beam","Conserve Battery"],"picked":"Scrape","floor":8.0},{"not_picked":["Sweeping Beam","Auto Shields"],"picked":"Go for the Eyes","floor":10.0},{"not_picked":["Stack","Hologram","Reinforced Body"],"picked":"SKIP","floor":11.0},{"not_picked":["Static Discharge","Rebound","Loop"],"picked":"SKIP","floor":13.0}],"player_experience":1100540,"relics_obtained":[{"floor":6.0,"key":"Nunchaku"},{"floor":8.0,"key":"Whetstone"},{"floor":9.0,"key":"MealTicket"},{"floor":13.0,"key":"Anchor"}],"event_choices":[{"damage_healed":0.0,"max_hp_gain":0.0,"max_hp_loss":0.0,"gold_gain":0.0,"event_name":"The Woman in Blue","player_choice":"Bought 0 Potions","floor":4.0,"gold_loss":0.0,"damage_taken":0.0},{"cards_removed":["Zap"],"damage_healed":0.0,"max_hp_gain":0.0,"max_hp_loss":0.0,"gold_gain":0.0,"event_name":"The Cleric","player_choice":"Card Removal","floor":12.0,"gold_loss":50.0,"damage_taken":0.0}],"is_beta":false,"boss_relics":[],"items_purged_floors":[14],"is_endless":false,"potions_floor_spawned":[2,3,8,10],"killed_by":"The Guardian","ascension_level":1}}