{"host":"Qube","time":1611090510,"event":{"mods":["AchievementEnabler","BaseMod","Colored Map","Colored Powertips","Highlight Path","Minty Spire (QoL Compilation)","Permanent Neow","Quick Restart","Random Character Button","StSLib"],"gold_per_floor":[113,129,129,145,145,145,180,180,180,230,230,240,267,285,285,357,357,367,387,387,387],"floor_reached":20,"language":"ENG","playtime":792,"items_purged":[],"score":368,"play_id":"395eb58f-f0ca-4f8e-8581-500b20ebf5fe","local_time":"20210119130830","is_ascension_mode":true,"campfire_choices":[{"floor":6.0,"key":"REST"},{"data":"Phantasmal Killer","floor":8.0,"key":"SMITH"},{"floor":11.0,"key":"REST"},{"data":"Catalyst","floor":15.0,"key":"SMITH"}],"circlet_count":0,"master_deck":["AscendersBane","Strike_G","Strike_G","Strike_G","Strike_G","Defend_G","Defend_G","Defend_G","Survivor","Neutralize","Noxious Fumes+1","Phantasmal Killer+1","Slice","Deflect","Slice","Dash","Prepared","Bullet Time","Catalyst+1","Adrenaline","Backflip","Deflect"],"relics":["Ring of the Snake","Ice Cream","White Beast Statue","Lizard Tail","SacredBark"],"acts_visited":["Exordium","TheCity"],"potions_floor_usage":[18,20,20],"damage_taken":[{"damage":2.0,"enemies":"2 Louse","floor":1.0,"turns":3.0},{"damage":16.0,"enemies":"Jaw Worm","floor":2.0,"turns":4.0},{"damage":0.0,"enemies":"Cultist","floor":4.0,"turns":4.0},{"damage":21.0,"enemies":"3 Sentries","floor":7.0,"turns":7.0},{"damage":11.0,"enemies":"Gremlin Gang","floor":12.0,"turns":4.0},{"damage":3.0,"enemies":"Lagavulin","floor":13.0,"turns":6.0},{"damage":0.0,"enemies":"2 Fungi Beasts","floor":14.0,"turns":3.0},{"damage":16.0,"enemies":"Hexaghost","floor":16.0,"turns":8.0},{"damage":14,"enemies":"2 Thieves","floor":18,"turns":4},{"damage":29,"enemies":"Shell Parasite","floor":19,"turns":8},{"damage":0,"enemies":"Snake Plant","floor":20,"turns":1}],"seed_played":"2374358267504372986","potions_obtained":[{"floor":4.0,"key":"Regen Potion"},{"floor":7.0,"key":"CultistPotion"},{"floor":12.0,"key":"Swift Potion"},{"floor":13.0,"key":"PowerPotion"},{"floor":14.0,"key":"SpeedPotion"},{"floor":16.0,"key":"SneckoOil"},{"floor":18,"key":"Energy Potion"},{"floor":19,"key":"ColorlessPotion"}],"is_trial":false,"path_per_floor":["M","M","?","M","?","R","E","R","T","?","R","M","E","M","R","B",null,"M","M","M"],"character_chosen":"THE_SILENT","items_purchased":[],"campfire_rested":2,"item_purchase_floors":[],"current_hp_per_floor":[57,41,41,41,34,52,31,31,31,31,49,52,49,49,49,33,53,39,10,10,10],"gold":387,"neow_bonus":"TRANSFORM_TWO_CARDS","is_daily":false,"chose_seed":false,"campfire_upgraded":2,"win_rate":0.0,"timestamp":1611090510,"path_taken":["M","M","?","M","?","R","E","R","T","?","R","?","E","M","R","BOSS","M","?","M"],"items_purchased_type":[],"build_version":"2020-12-18","purchased_purges":0,"victory":false,"max_hp_per_floor":[60,60,60,60,60,60,60,60,60,60,60,60,60,60,60,60,60,60,60,60,60],"card_choices":[{"not_picked":["Flying Knee","All Out Attack"],"picked":"Slice","floor":1.0},{"not_picked":["Riddle With Holes","Prepared"],"picked":"Deflect","floor":2.0},{"not_picked":["Masterful Stab","Acrobatics"],"picked":"Slice","floor":4.0},{"not_picked":["Quick Slash","Bane"],"picked":"Dash","floor":7.0},{"not_picked":["Flying Knee","Choke"],"picked":"Prepared","floor":12.0},{"not_picked":["Storm of Steel","Prepared"],"picked":"Bullet Time","floor":13.0},{"not_picked":["Distraction","Sucker Punch"],"picked":"Catalyst","floor":14.0},{"not_picked":["After Image","Die Die Die"],"picked":"Adrenaline","floor":16.0},{"not_picked":["Dagger Spray+1","Heel Hook"],"picked":"Backflip","floor":18},{"not_picked":["Dagger Throw","Prepared"],"picked":"Deflect","floor":19}],"player_experience":949607,"relics_obtained":[{"floor":7.0,"key":"Ice Cream"},{"floor":9.0,"key":"White Beast Statue"},{"floor":13.0,"key":"Lizard Tail"}],"event_choices":[{"damage_healed":0.0,"max_hp_gain":0.0,"max_hp_loss":0.0,"gold_gain":0.0,"event_name":"Living Wall","player_choice":"Grow","floor":3.0,"gold_loss":0.0,"damage_taken":0.0,"cards_upgraded":["Noxious Fumes"]},{"cards_removed":["Strike_G"],"damage_healed":0.0,"max_hp_gain":0.0,"max_hp_loss":0.0,"gold_gain":0.0,"event_name":"Golden Wing","player_choice":"Card Removal","floor":5.0,"gold_loss":0.0,"damage_taken":7.0},{"damage_healed":0.0,"max_hp_gain":0.0,"max_hp_loss":0.0,"gold_gain":50.0,"event_name":"Golden Shrine","player_choice":"Pray","floor":10.0,"gold_loss":0.0,"damage_taken":0.0}],"is_beta":true,"boss_relics":[{"not_picked":["Astrolabe","Ring of the Serpent"],"picked":"SacredBark"}],"items_purged_floors":[],"is_endless":false,"potions_floor_spawned":[4,7,12,13,14,16,18,19],"killed_by":"Snake Plant","ascension_level":20}}