{"host":"a03nuch2hxtfs9ti","time":1611023313,"event":{"mods":["BaseMod","Custom Start","Marisa£®ÏF”Í°°ƒß¿Ì…≥£©","Minty Spire (QoL Compilation)","Replay The Spire","StSLib","Td1madao Mod","The Servant 0.9.4"],"gold_per_floor":[110,126,32,48,61,61,79,112,193,193,2,2,2,36,36,36,36],"floor_reached":16,"language":"ZHS","playtime":835,"items_purged":[],"score":141,"play_id":"92a96aa1-db3d-47b9-a5d0-9cda3bc01f00","local_time":"20210119102833","is_ascension_mode":true,"campfire_choices":[{"data":"True Grit","floor":6,"key":"SMITH"},{"data":"Flame Barrier","floor":12,"key":"SMITH"},{"data":"Fire Breathing","floor":15,"key":"SMITH"}],"circlet_count":0,"master_deck":["Strike_R","Strike_R","Strike_R","Strike_R","Strike_R","Defend_R","Defend_R","Defend_R","Bash","True Grit+1","Dark Embrace","Power Through","Shrug It Off","Wild Strike","Dual Wield","Flame Barrier+1","Fire Breathing+1"],"relics":["Burning Blood","Sundial","Magic Flower","Quantum Egg","Dream Catcher","Sling","Blood Vial"],"acts_visited":["Exordium"],"potions_floor_usage":[5,8],"damage_taken":[{"damage":10,"enemies":"Jaw Worm","floor":1,"turns":6},{"damage":0,"enemies":"Cultist","floor":2,"turns":3},{"damage":7,"enemies":"2 Louse","floor":4,"turns":5},{"damage":3,"enemies":"Lots of Slimes","floor":5,"turns":5},{"damage":2,"enemies":"Blue Slaver","floor":7,"turns":8},{"damage":29,"enemies":"Gremlin Nob","floor":8,"turns":5},{"damage":13,"enemies":"3 Sentries","floor":14,"turns":10},{"damage":56,"enemies":"Hexaghost","floor":16,"turns":12}],"seed_played":"-6892629002061966807","potions_obtained":[{"floor":4,"key":"Fire Potion"},{"floor":7,"key":"Venom Potion"}],"is_trial":false,"path_per_floor":["M","M","?","M","M","R","M","E","T","T","$","R","?","E","R","B"],"character_chosen":"IRONCLAD","items_purchased":["Sling","Flame Barrier"],"campfire_rested":0,"item_purchase_floors":[11,11],"current_hp_per_floor":[68,74,74,73,76,76,80,57,57,57,57,57,57,53,53,0,0],"gold":36,"neow_bonus":"TWENTY_PERCENT_HP_BONUS","is_daily":false,"chose_seed":false,"campfire_upgraded":3,"win_rate":0.0,"timestamp":1611023313,"path_taken":["M","M","?","?","M","R","M","E","T","?","?","R","?","E","R","BOSS"],"items_purchased_type":["Relic","Card"],"build_version":"2020-12-22","purchased_purges":0,"victory":false,"max_hp_per_floor":[96,96,96,96,96,96,96,96,96,96,96,96,96,96,96,96,96],"card_choices":[{"not_picked":["Warcry","Whirlwind"],"picked":"True Grit","floor":1},{"not_picked":["Headbutt","Perfected Strike"],"picked":"Dark Embrace","floor":2},{"not_picked":["Rage","Shockwave"],"picked":"Power Through","floor":4},{"not_picked":["Havoc","Headbutt"],"picked":"Shrug It Off","floor":5},{"not_picked":["Spot Weakness","Anger"],"picked":"Wild Strike","floor":7},{"not_picked":["Power Through","Pommel Strike"],"picked":"Dual Wield","floor":8},{"not_picked":["Immolate","Clothesline"],"picked":"Fire Breathing","floor":14}],"player_experience":278204,"relics_obtained":[{"floor":8,"key":"Magic Flower"},{"floor":9,"key":"Quantum Egg"},{"floor":10,"key":"Dream Catcher"},{"floor":14,"key":"Blood Vial"}],"event_choices":[{"damage_healed":0,"gold_gain":0,"player_choice":"Paid Gold","damage_taken":0,"relics_obtained":["Sundial"],"max_hp_gain":0,"max_hp_loss":0,"event_name":"WeMeetAgain","floor":3,"gold_loss":94}],"is_beta":false,"boss_relics":[],"items_purged_floors":[],"is_endless":false,"potions_floor_spawned":[4,7],"killed_by":"Hexaghost","ascension_level":1}}