{"host":"1zjc08c6hob33401","time":1611016472,"event":{"mods":["AchievementEnabler","Act Like it!","Aspiration","BaseMod","Downfall","Energized Spire","Evolution","Friendly Minions","Gensokyo","GifTheSpireLib","Hubris","Infinite Spire","Jedi Mod","Minty Spire (QoL Compilation)","Pale of the Ancients","Quick Restart","Retaliation","Shop Mod","Spire Arcade","StS++","StSLib","Stuff the Spire","The Blue Laboratory","Wandering Minibosses","vexMod","??????REMEMod"],"gold_per_floor":[118,76,89,89,105,105,132,151,151,167,167,200,3,17,17,17,17],"floor_reached":16,"language":"RUS","playtime":1623,"items_purged":[],"score":153,"play_id":"9065746f-5056-41fa-a84e-9390eb9fd9b5","local_time":"20210119023432","is_ascension_mode":true,"campfire_choices":[{"data":"infinitespire:Neurotoxin","floor":6,"key":"SMITH"},{"floor":11,"key":"REST"},{"floor":15,"key":"REST"}],"circlet_count":0,"master_deck":["Ball Lightning","Ball Lightning","Strike_B","Defend_B","Defend_B","Zap","Dualcast","DDmod:MulticlassingSkill","Heatsinks","Barrage","Deadly Poison","Phantasmal Killer","StuffTheSpire:Injection","REME_ForAll","StSpp:Channeliser","Streamline+1","StSpp:Mask+1","hubris:DuctTapeCard","Streamline+1","Ball Lightning+1"],"relics":["Cracked Core","EVO:Axolotl","REME_ComplimentaryCards","Molten Egg 2","hubris:CrystalStatue","hubris:DuctTape","Runic Capacitor"],"acts_visited":["Gensokyo:Gensokyo"],"potions_floor_usage":[12,12,16,16],"damage_taken":[{"damage":6,"enemies":"Gensokyo:3_Fairies","floor":1,"turns":5},{"damage":2,"enemies":"Gensokyo:2_Kodama","floor":3,"turns":2},{"damage":12,"enemies":"Gensokyo:Gryphon","floor":5,"turns":3},{"damage":20,"enemies":"Gensokyo:Mamizou","floor":7,"turns":5},{"damage":26,"enemies":"Gensokyo:Kitsune","floor":8,"turns":3},{"damage":3,"enemies":"Gensokyo:Python_and_Kodama","floor":10,"turns":2},{"damage":6,"enemies":"Gensokyo:Aya","floor":12,"turns":3},{"damage":12,"enemies":"Gensokyo:CorruptedTreant","floor":14,"turns":2},{"damage":28,"enemies":"Gensokyo:Yukari","floor":16,"turns":4}],"seed_played":"-8176331036489496373","potions_obtained":[{"floor":8,"key":"hexamod:SoulburnPotion"},{"floor":10,"key":"hexamod:SoulburnPotion"},{"floor":12,"key":"blueLaboratory:CorrosionFlask"},{"floor":14,"key":"FocusPotion"}],"is_trial":false,"path_per_floor":["M","COS","M","?","M","R","E","M","T","M","R","E","$","M","R","B"],"character_chosen":"DEFECT","items_purchased":["Runic Capacitor","Ball Lightning+1"],"campfire_rested":2,"item_purchase_floors":[13,13],"current_hp_per_floor":[62,62,60,60,48,48,28,4,4,1,23,17,17,5,27,0,0],"gold":17,"neow_bonus":"RANDOM_COLORLESS","is_daily":false,"chose_seed":false,"campfire_upgraded":1,"win_rate":0.0,"timestamp":1611016472,"path_taken":["M","COS","M","?","M","R","E","?","T","M","R","E","$","M","R","BOSS"],"items_purchased_type":["Relic","Card"],"build_version":"2020-12-22","purchased_purges":0,"victory":false,"max_hp_per_floor":[75,75,75,75,75,75,75,75,75,75,75,75,75,75,75,75,75],"card_choices":[{"not_picked":["vexMod:EmailVexCard","Trip"],"picked":"DDmod:MulticlassingSkill","floor":0.0},{"not_picked":["Leap","Rebound"],"picked":"Heatsinks","floor":1},{"not_picked":["Steam","StuffTheSpire:GlassShard"],"picked":"Barrage","floor":3},{"not_picked":["StuffTheSpire:EventHorizon","StSpp:CopyPaste"],"picked":"REME_ForAll","floor":5},{"not_picked":["Glacier","jedi:spotbugs"],"picked":"StSpp:Channeliser","floor":5},{"not_picked":["Recycle","Consume"],"picked":"Streamline+1","floor":7},{"not_picked":["StuffTheSpire:Plugnplay","Sweeping Beam+1"],"picked":"Gash+1","floor":8},{"not_picked":["Steam","StuffTheSpire:Plugnplay"],"picked":"StSpp:Mask+1","floor":10},{"not_picked":["Redo","StuffTheSpire:ShieldGenerator"],"picked":"Streamline+1","floor":12},{"not_picked":["Hologram","REME_SelfUpgrade","Turbo"],"picked":"SKIP","floor":14}],"player_experience":616355,"relics_obtained":[{"floor":7,"key":"Molten Egg 2"},{"floor":9,"key":"hubris:CrystalStatue"},{"floor":12,"key":"hubris:DuctTape"}],"event_choices":[],"is_beta":false,"boss_relics":[],"items_purged_floors":[],"is_endless":false,"potions_floor_spawned":[8,10,12,14],"killed_by":"Gensokyo:Yukari","ascension_level":9}}