{"host":"od5czx9kemjopzpf","time":1611065942,"event":{"mods":["Aspiration","BaseMod","Defuse TimeMaze Blight","Downfall","Minty Spire (QoL Compilation)","Spicy Shops","StSLib"],"gold_per_floor":[99,32,32,32,45,30,57,75,101,120,20,38,138,155,168,264,264,264,274,274,286,286,315,339,32,46,81,181,81,106,124,143,248,248,248,259,272,272,13,13,94,108,108,128,28,39,67,414,424,424,424,451,25,25,25,25],"floor_reached":57,"language":"ZHS","playtime":3773,"items_purged":["Guardian:Strike_Guardian"],"score":1469,"play_id":"63fbbcdf-fb99-4d74-a295-77117dc6d974","local_time":"20210119221902","is_ascension_mode":false,"campfire_choices":[{"floor":1,"key":"RECALL"},{"data":"Guardian:FloatingOrbs","floor":11,"key":"SMITH"},{"data":"Guardian:ConstructionForm","floor":18,"key":"SMITH"},{"data":"Guardian:FloatingOrbs","floor":29,"key":"SMITH"},{"data":"Guardian:ConstructionForm","floor":35,"key":"SMITH"},{"data":"Guardian:DonusPower","floor":40,"key":"SMITH"},{"data":"Guardian:VentSteam","floor":45,"key":"SMITH"},{"data":"Guardian:Incinerate","floor":54,"key":"SMITH"}],"circlet_count":0,"master_deck":["Guardian:Defend_Guardian","Guardian:Defend_Guardian","Guardian:Defend_Guardian","Guardian:Defend_Guardian","Guardian:CurlUp","Guardian:TwinSlam","Guardian:FloatingOrbs+1","Guardian:VentSteam+1","Guardian:Incinerate","Guardian:Reroute","Guardian:BodySlam","Guardian:Reroute","Guardian:Suspension","Guardian:ConstructionForm+1","Guardian:BodySlam","Guardian:TemporalStrike","Ghostly","Ghostly","Ghostly+1","Ghostly","Ghostly","Guardian:DonusPower+1","Guardian:FloatingOrbs+1","Guardian:WalkerClaw+1","Guardian:Preprogram+1","Guardian:Incinerate+1","Guardian:TemporalStrike+1","Guardian:Clone","Guardian:ConstructionForm+1","Guardian:TimeCapacitor","Guardian:TemporalShield+1","Guardian:WalkerClaw+1","Guardian:PrismaticBeam+1","Guardian:Incinerate+1","Guardian:Reroute+1","Guardian:Suspension","Guardian:CrystalBeam+1"],"relics":["Guardian:ModeShifter","downfall:HeartsMalice","Bag of Preparation","Orichalcum","downfall:HeartBlessingRed","downfall:GremlinWheel","Sozu","Enchiridion","aspiration:HiddenCompartment","Nunchaku","Kunai","TungstenRod","downfall:HeartBlessingGreen","Ornamental Fan","Empty Cage","Letter Opener","Molten Egg 2","downfall:HeartBlessingBlue","Sundial","Old Coin","Bag of Marbles","War Paint","TheAbacus"],"acts_visited":["Exordium","TheCity","TheBeyond","TheEnding"],"potions_floor_usage":[5,13,16,16,16,19],"damage_taken":[{"damage":0,"enemies":"downfall:FleeingMerchant","floor":2,"turns":1},{"damage":0,"enemies":"Cultist","floor":3,"turns":1},{"damage":0,"enemies":"Small Slimes","floor":4,"turns":1},{"damage":3,"enemies":"Jaw Worm","floor":5,"turns":5},{"damage":0,"enemies":"downfall:FleeingMerchant","floor":6,"turns":4},{"damage":0,"enemies":"Large Slime","floor":8,"turns":6},{"damage":31,"enemies":"Gremlin Nob","floor":9,"turns":5},{"damage":20,"enemies":"Gremlin Gang","floor":10,"turns":5},{"damage":8,"enemies":"Red Slaver","floor":12,"turns":2},{"damage":10,"enemies":"Red Slaver","floor":13,"turns":4},{"damage":0,"enemies":"Exordium Wildlife","floor":14,"turns":3},{"damage":0,"enemies":"2 Fungi Beasts","floor":15,"turns":2},{"damage":0,"enemies":"IC_STATUS_ARCHETYPE","floor":16,"turns":4},{"damage":0,"enemies":"3 Byrds","floor":19,"turns":5},{"damage":0,"enemies":"Chosen","floor":21,"turns":4},{"damage":0,"enemies":"Slavers","floor":23,"turns":8},{"damage":0,"enemies":"downfall:FleeingMerchant","floor":25,"turns":4},{"damage":11,"enemies":"Snecko","floor":26,"turns":5},{"damage":0,"enemies":"Gremlin Leader","floor":27,"turns":6},{"damage":4,"enemies":"Gremlin Leader","floor":28,"turns":3},{"damage":0,"enemies":"Slavers","floor":30,"turns":6},{"damage":0,"enemies":"Sentry and Sphere","floor":31,"turns":6},{"damage":0,"enemies":"Shelled Parasite and Fungi","floor":32,"turns":5},{"damage":8,"enemies":"SI_MIRROR_ARCHETYPE","floor":33,"turns":9},{"damage":0,"enemies":"3 Shapes","floor":36,"turns":5},{"damage":0,"enemies":"Orb Walker","floor":37,"turns":6},{"damage":1,"enemies":"downfall:FleeingMerchant","floor":39,"turns":4},{"damage":0,"enemies":"Sphere and 2 Shapes","floor":42,"turns":5},{"damage":0,"enemies":"4 Shapes","floor":44,"turns":6},{"damage":0,"enemies":"Transient","floor":46,"turns":5},{"damage":0,"enemies":"Nemesis","floor":47,"turns":8},{"damage":0,"enemies":"2 Orb Walkers","floor":48,"turns":5},{"damage":0,"enemies":"Spire Growth","floor":49,"turns":5},{"damage":0,"enemies":"DF_ARCHETYPE_ORBS","floor":50,"turns":8},{"damage":0,"enemies":"downfall:CharBossMerchant","floor":52,"turns":9},{"damage":0,"enemies":"downfall:NeowBoss","floor":55,"turns":13},{"damage":15,"enemies":"downfall:NeowBossFinal","floor":56,"turns":11}],"seed_played":"8981243698339403470","potions_obtained":[{"floor":5,"key":"Fruit Juice"},{"floor":8,"key":"FearPotion"},{"floor":12,"key":"Block Potion"},{"floor":13,"key":"LiquidBronze"},{"floor":14,"key":"AttackPotion"},{"floor":15,"key":"ColorlessPotion"},{"floor":16,"key":"AttackPotion"}],"is_trial":false,"path_per_floor":["R","$","M","M","M","$","T","M","E","M","R","M","?","M","M","B",null,"R","M","?","M","?","E","T","$","M","E","?","R","E","M","M","B",null,"R","M","M","T","$","R","T","M","?","M","R","M","E","?","M","B",null,"E","$","R","B","B",null],"character_chosen":"GUARDIAN","items_purchased":["Guardian:VentSteam","Kunai","Guardian:FloatingOrbs","Letter Opener","Guardian:CrystalBeam+1","War Paint","TheAbacus"],"campfire_rested":0,"item_purchase_floors":[2,25,25,39,53,53,53],"current_hp_per_floor":[80,80,80,80,82,82,82,82,51,31,31,23,13,13,13,13,85,85,85,69,69,42,42,42,42,31,31,27,27,27,27,27,19,42,42,42,42,42,41,41,41,41,41,41,51,51,51,51,51,51,52,52,52,52,52,37],"gold":25,"neow_bonus":"THREE_ENEMY_KILL","is_daily":false,"chose_seed":false,"campfire_upgraded":7,"win_rate":0.0,"timestamp":1611065942,"path_taken":["R","$","M","M","M","?","T","?","E","?","R","M","?","?","M","BOSS","R","M","?","M","?","E","T","$","M","E","?","R","E","?","M","BOSS","R","M","M","?","$","R","T","M","?","M","R","M","E","?","M","BOSS","E","$","R","BOSS","BOSS"],"items_purchased_type":["Card","Relic","Card","Relic","Card","Relic","Relic"],"build_version":"2020-12-22","purchased_purges":1,"victory":true,"max_hp_per_floor":[80,80,80,80,85,85,85,85,85,85,85,85,85,85,85,85,85,85,85,85,85,42,42,42,42,42,42,42,42,42,42,42,42,42,42,42,42,42,42,42,42,42,42,42,52,52,52,52,52,52,52,52,52,52,52,52],"card_choices":[{"not_picked":["Guardian:ShieldCharger","Guardian:Gem_Cyan"],"picked":"Guardian:FloatingOrbs","floor":2},{"not_picked":["Guardian:WalkerClaw","Guardian:PiercingHide"],"picked":"Guardian:Gem_Cyan","floor":3},{"not_picked":["Guardian:DecasProtection","Guardian:VentSteam"],"picked":"Guardian:Gem_Cyan","floor":4},{"not_picked":["Guardian:StasisStrike","Guardian:Gem_Lightblue"],"picked":"Guardian:Incinerate","floor":5},{"not_picked":["Guardian:WalkerClaw","Guardian:BronzeOrb"],"picked":"Guardian:Gem_Cyan","floor":6},{"not_picked":["Guardian:Gem_Purple","Guardian:CrystalBeam"],"picked":"Guardian:Gem_Crimson","floor":8},{"not_picked":["Guardian:Incinerate","Guardian:Gem_Lightblue"],"picked":"Guardian:Reroute","floor":9},{"not_picked":["Guardian:Incinerate","Guardian:SentryBeam"],"picked":"Guardian:Gem_Synthetic","floor":10},{"not_picked":["Guardian:MultiBeam","Guardian:TimeCapacitor"],"picked":"Guardian:BodySlam","floor":12},{"not_picked":["Guardian:Emergency","Guardian:ShieldSpikes"],"picked":"Guardian:Reroute","floor":14},{"not_picked":["Guardian:RefractedBeam","Guardian:BronzeArmor"],"picked":"Guardian:Suspension","floor":15},{"not_picked":["Guardian:FastForward","Guardian:HyperBeam_Guardian"],"picked":"Guardian:ConstructionForm","floor":16},{"not_picked":["Guardian:PrimingBeam","Guardian:BronzeOrb"],"picked":"Guardian:BodySlam","floor":19},{"not_picked":["Guardian:TimeBomb","Guardian:BodySlam+1"],"picked":"Guardian:TemporalStrike","floor":21},{"not_picked":["Guardian:Recover+1","Guardian:Incinerate"],"picked":"Guardian:DonusPower","floor":23},{"not_picked":["Guardian:Planning","Guardian:VentSteam+1"],"picked":"Guardian:Gem_Cyan","floor":25},{"not_picked":["Guardian:GuardianWhirl","Guardian:BronzeOrb"],"picked":"Guardian:WalkerClaw+1","floor":26},{"not_picked":["Guardian:GuardianWhirl","Guardian:MultiBeam"],"picked":"Guardian:Preprogram+1","floor":27},{"not_picked":["Guardian:Preprogram+1","Guardian:BodySlam"],"picked":"Guardian:Incinerate","floor":28},{"not_picked":["Guardian:StasisStrike","Guardian:PiercingHide"],"picked":"Guardian:Gem_Green","floor":30},{"not_picked":["Guardian:WalkerClaw","Guardian:PiercingHide+1"],"picked":"Guardian:TemporalStrike+1","floor":31},{"not_picked":["Guardian:ChargeCore+1","Guardian:PrimingBeam"],"picked":"Guardian:Clone","floor":32},{"not_picked":["Guardian:SphericShield","Guardian:StasisStrike"],"picked":"Guardian:ConstructionForm","floor":33},{"not_picked":["Guardian:Repulse","Guardian:Suspension+1"],"picked":"Guardian:Gem_Purple","floor":36},{"not_picked":["Guardian:Preprogram","Guardian:CrystalBeam"],"picked":"Guardian:Gem_Crimson","floor":37},{"not_picked":["Guardian:ShieldSpikes","Guardian:PiercingHide+1"],"picked":"Guardian:TimeCapacitor","floor":39},{"not_picked":["Guardian:RollAttack+1","Guardian:ChargeCore+1"],"picked":"Guardian:TemporalShield","floor":42},{"not_picked":["Guardian:Recover","Guardian:FastForward"],"picked":"Guardian:WalkerClaw+1","floor":44},{"not_picked":["Guardian:PiercingHide","Guardian:TemporalStrike+1"],"picked":"Guardian:Gem_Cyan","floor":46},{"not_picked":["Guardian:PrimingBeam+1","Guardian:Planning"],"picked":"Guardian:PrismaticBeam+1","floor":47},{"not_picked":["Guardian:Recover","Guardian:RollAttack+1"],"picked":"Guardian:Incinerate+1","floor":48},{"not_picked":["Guardian:Recover+1","Guardian:Gem_Lightblue"],"picked":"Guardian:Reroute+1","floor":49},{"not_picked":["Guardian:MultiBeam+1","Guardian:TemporalShield"],"picked":"Guardian:Suspension","floor":52}],"player_experience":48224,"relics_obtained":[{"floor":7,"key":"Bag of Preparation"},{"floor":9,"key":"Orichalcum"},{"floor":13,"key":"downfall:GremlinWheel"},{"floor":20,"key":"Enchiridion"},{"floor":23,"key":"aspiration:HiddenCompartment"},{"floor":24,"key":"Nunchaku"},{"floor":27,"key":"TungstenRod"},{"floor":30,"key":"Ornamental Fan"},{"floor":41,"key":"Molten Egg 2"},{"floor":47,"key":"Sundial"},{"floor":48,"key":"Old Coin"},{"floor":52,"key":"Bag of Marbles"}],"event_choices":[{"cards_removed":["Guardian:Strike_Guardian"],"damage_healed":0,"gold_gain":0,"player_choice":"Card Removal","damage_taken":0,"max_hp_gain":0,"max_hp_loss":0,"event_name":"Wheel of Change","floor":18,"gold_loss":0},{"damage_healed":0,"gold_gain":0,"player_choice":"Became a Ghost","damage_taken":0,"max_hp_gain":0,"max_hp_loss":43,"event_name":"Ghosts","floor":22,"gold_loss":0,"cards_obtained":["Ghostly","Ghostly","Ghostly","Ghostly","Ghostly"]},{"damage_healed":0,"gold_gain":0,"player_choice":"Fight","damage_taken":0,"max_hp_gain":0,"max_hp_loss":0,"event_name":"Mysterious Sphere","floor":48,"gold_loss":0}],"is_beta":false,"boss_relics":[{"not_picked":["Runic Pyramid","aspiration:WatcherSkillbook"],"picked":"Sozu"},{"not_picked":["aspiration:DefectSkillbook","aspiration:RunicSpoon"],"picked":"Empty Cage"}],"items_purged_floors":[53],"is_endless":false,"potions_floor_spawned":[5,8,12,13,14,15,16,21,23,28,30,33,37,42,46,47,52],"ascension_level":0}}