{"host":"0rxdudjy6rylha1k","time":1611086039,"event":{"mods":["Aspiration","BaseMod","Colored Map","Colored Powertips","Downfall","Highlight Path","Hubris","Minty Spire (QoL Compilation)","StSLib"],"gold_per_floor":[99,112,128,228,242,242,242,142,160,160,179,179,179,192,207,303,303,303,315,334,334,354,367,367,367,379,395,495,511,345,45,61,61,61,61],"floor_reached":33,"language":"ENG","playtime":3024,"items_purged":[],"score":270,"play_id":"e0ead59d-a307-4343-9481-dfb1f9d44737","local_time":"20210119125359","is_ascension_mode":false,"campfire_choices":[{"floor":1.0,"key":"RECALL"},{"data":"bronze:Flail","floor":8.0,"key":"SMITH"},{"data":"bronze:Library","floor":10.0,"key":"SMITH"},{"data":"bronze:Frontload","floor":13.0,"key":"SMITH"},{"data":"bronze:InfiniteLoop","floor":18.0,"key":"SMITH"},{"floor":25,"key":"REST"}],"circlet_count":0,"master_deck":["bronze:Strike","bronze:Strike","bronze:Strike","bronze:Strike","bronze:Defend","bronze:Defend","bronze:Defend","bronze:Defend","bronze:Replicate+1","bronze:Goto","bronze:Flail+1","bronze:Frontload+1","bronze:Library+1","bronze:Separator","bronze:ChosenStrike+1","bronze:InfiniteLoop+1","bronze:Repulsor","bronze:Terminator+1","bronze:Shield","bronze:ItsAFeature","bronze:BronzeOrb","bronze:ForceShield+1","bronze:Boost"],"relics":["bronze:BronzeCore","Lantern","downfall:HeartBlessingRed","hubris:Towel","hubris:ScarierMask","Blue Candle","Dead Branch","Matryoshka","hexamod:BolsterEngine","Pear"],"acts_visited":["Exordium","TheCity"],"potions_floor_usage":[23,26,28,29],"damage_taken":[{"damage":3.0,"enemies":"Small Slimes","floor":2.0,"turns":4.0},{"damage":1.0,"enemies":"2 Louse","floor":3.0,"turns":2.0},{"damage":0.0,"enemies":"Cultist","floor":5.0,"turns":4.0},{"damage":2.0,"enemies":"3 Louse","floor":9.0,"turns":2.0},{"damage":3.0,"enemies":"Exordium Wildlife","floor":11.0,"turns":3.0},{"damage":2.0,"enemies":"Blue Slaver","floor":14.0,"turns":5.0},{"damage":0.0,"enemies":"2 Fungi Beasts","floor":15.0,"turns":2.0},{"damage":34.0,"enemies":"WA_ARCHETYPE_RETAIN","floor":16.0,"turns":8.0},{"damage":0,"enemies":"Chosen","floor":19,"turns":4},{"damage":13,"enemies":"Centurion and Healer","floor":20,"turns":4},{"damage":15,"enemies":"Snake Plant","floor":22,"turns":4},{"damage":0,"enemies":"3 Cultists","floor":23,"turns":3},{"damage":0,"enemies":"Snecko","floor":26,"turns":3},{"damage":4,"enemies":"Centurion and Healer","floor":27,"turns":5},{"damage":27,"enemies":"Colosseum Nobs","floor":28,"turns":4},{"damage":15,"enemies":"Snake Plant","floor":29,"turns":5},{"damage":10,"enemies":"downfall:FleeingMerchant","floor":30,"turns":4},{"damage":0,"enemies":"downfall:FleeingMerchant","floor":31,"turns":4},{"damage":5,"enemies":"Cultist and Chosen","floor":32,"turns":4},{"damage":21,"enemies":"DF_ARCHETYPE_CLAW","floor":33,"turns":3}],"seed_played":"-7757921657453922107","potions_obtained":[{"floor":2.0,"key":"Fire Potion"},{"floor":9.0,"key":"DuplicationPotion"},{"floor":14.0,"key":"champ:CounterPotion"},{"floor":19,"key":"Slimebound:ThreeZeroPotion"},{"floor":20,"key":"LiquidBronze"},{"floor":26,"key":"ColorlessPotion"},{"floor":27,"key":"LiquidBronze"},{"floor":32,"key":"GamblersBrew"}],"is_trial":false,"path_per_floor":["R","M","M","?","M","?","T","R","M","R","M","?","R","M","M","B",null,"R","M","M","?","M","M","T","R","M","M","?","M","$","$","M","B"],"character_chosen":"THE_AUTOMATON","items_purchased":["hexamod:BolsterEngine","Pear","bronze:Boost"],"campfire_rested":1,"item_purchase_floors":[30,31,31],"current_hp_per_floor":[77,74,73,73,73,73,73,73,71,71,68,68,68,66,66,32,77,77,77,64,64,49,49,49,72,72,68,41,26,16,26,21,0,0,0],"gold":61,"neow_bonus":"TEN_PERCENT_HP_BONUS","is_daily":false,"chose_seed":false,"campfire_upgraded":4,"win_rate":0.0,"timestamp":1611086039,"path_taken":["R","M","M","?","M","?","T","R","M","R","M","?","R","M","M","BOSS","R","M","M","?","?","M","T","R","M","M","?","M","?","$","M","BOSS"],"items_purchased_type":["Relic","Relic","Card"],"build_version":"2020-12-22","purchased_purges":0,"victory":false,"max_hp_per_floor":[77,77,77,77,77,77,77,77,77,77,77,77,77,77,77,77,77,77,77,77,77,77,77,77,77,77,77,77,77,77,87,87,87,87,87],"card_choices":[{"not_picked":["bronze:Turbo","bronze:FineTuning"],"picked":"bronze:Flail","floor":2.0},{"not_picked":["bronze:Allocate","bronze:Shield"],"picked":"bronze:Frontload","floor":3.0},{"not_picked":["bronze:Branch","bronze:CutThrough","bronze:ChildClass"],"picked":"SKIP","floor":5.0},{"not_picked":["bronze:BuggyMess","bronze:CutThrough"],"picked":"bronze:Library","floor":9.0},{"not_picked":["bronze:Backtrace","bronze:FineTuning"],"picked":"bronze:Separator","floor":11.0},{"not_picked":["bronze:DigitalCarnage","bronze:CutThrough","bronze:WildBeam"],"picked":"SKIP","floor":14.0},{"not_picked":["bronze:AlphaBuild","bronze:Frontload"],"picked":"bronze:ChosenStrike","floor":15.0},{"not_picked":["bronze:ShipIt","bronze:BurnOut"],"picked":"bronze:InfiniteLoop","floor":16.0},{"not_picked":["bronze:BugBarrage","bronze:Branch+1"],"picked":"bronze:Repulsor","floor":19},{"not_picked":["bronze:Iterate","bronze:Invalidate+1"],"picked":"bronze:Terminator","floor":20},{"not_picked":["bronze:Separator","bronze:Break","bronze:Overheat"],"picked":"SKIP","floor":22},{"not_picked":["bronze:Deprecate","bronze:DelayedGuard"],"picked":"bronze:Shield","floor":23},{"not_picked":["bronze:Separator","bronze:BitShift+1"],"picked":"bronze:ItsAFeature","floor":26},{"not_picked":["bronze:DarkDash","bronze:Branch","bronze:FineTuning"],"picked":"SKIP","floor":27},{"not_picked":["bronze:ChildClass","bronze:Deprecate"],"picked":"bronze:BronzeOrb","floor":28},{"not_picked":["bronze:RecursiveStrike","bronze:Refactor+1"],"picked":"bronze:ForceShield+1","floor":29},{"not_picked":["bronze:Safeguard+1","bronze:Branch","bronze:DelayedSlice"],"picked":"SKIP","floor":30},{"not_picked":["bronze:ForceShield","bronze:Iterate","bronze:Terminator"],"picked":"SKIP","floor":31},{"not_picked":["bronze:BuggyMess","bronze:Refactor+1","bronze:Iterate"],"picked":"SKIP","floor":32}],"player_experience":2614912,"relics_obtained":[{"floor":7.0,"key":"Lantern"},{"floor":24,"key":"Blue Candle"},{"floor":28,"key":"Dead Branch"},{"floor":28,"key":"Matryoshka"}],"event_choices":[],"is_beta":false,"boss_relics":[{"not_picked":["aspiration:PoetsPen_weak","Empty Cage"],"picked":"hubris:ScarierMask"}],"items_purged_floors":[],"is_endless":false,"potions_floor_spawned":[2,9,14,19,20,26,27,32],"killed_by":"DF_ARCHETYPE_CLAW","ascension_level":0}}