{"host":"qxeepl7ydvsgmfdb","time":1611047153,"event":{"mods":["AchievementEnabler","BaseMod","Colored Powertips","Minty Spire (QoL Compilation)","Quick Restart","slay the spire mod where everything is the same but ironclad has a cowboy hat"],"gold_per_floor":[109,13,13,13,288,288,304,317,368,381,406,406,441,441,441,441,441],"floor_reached":16,"language":"ENG","playtime":307,"items_purged":[],"score":119,"play_id":"f986fd2e-269c-4a38-ba08-3288031ab858","local_time":"20210119040553","is_ascension_mode":true,"campfire_choices":[{"data":"Flex","floor":6,"key":"SMITH"},{"data":"Wild Strike","floor":12,"key":"SMITH"},{"floor":15,"key":"REST"}],"circlet_count":0,"master_deck":["Strike_R","Strike_R","Strike_R","Strike_R","Strike_R","Defend_R","Defend_R","Defend_R","Defend_R","Wild Strike+1","Cleave","Flex+1","Regret","Flex","Injury"],"relics":["Burning Blood","NeowsBlessing","Bronze Scales","Mummified Hand","Bag of Marbles","Golden Idol"],"acts_visited":["Exordium"],"potions_floor_usage":[11],"damage_taken":[{"damage":0,"enemies":"Cultist","floor":1,"turns":1},{"damage":0,"enemies":"Jaw Worm","floor":7,"turns":1},{"damage":3,"enemies":"Small Slimes","floor":8,"turns":2},{"damage":7,"enemies":"Looter","floor":10,"turns":3},{"damage":46,"enemies":"Gremlin Nob","floor":11,"turns":5},{"damage":37,"enemies":"Lagavulin","floor":13,"turns":6},{"damage":32,"enemies":"Slime Boss","floor":16,"turns":3}],"seed_played":"-714125007026644088","potions_obtained":[{"floor":1,"key":"PowerPotion"},{"floor":11,"key":"Explosive Potion"},{"floor":13,"key":"Explosive Potion"}],"is_trial":false,"path_per_floor":["M","$","?","$","?","R","M","M","T","M","E","R","E","?","R","B"],"character_chosen":"IRONCLAD","items_purchased":["Cleave","Flex"],"campfire_rested":1,"item_purchase_floors":[2,2],"current_hp_per_floor":[80,80,80,80,80,80,80,80,80,79,39,39,8,8,32,0,0],"gold":441,"neow_bonus":"THREE_ENEMY_KILL","is_daily":false,"chose_seed":false,"campfire_upgraded":2,"win_rate":0.0,"timestamp":1611047153,"path_taken":["M","$","?","?","?","R","M","M","T","?","E","R","E","?","R","BOSS"],"items_purchased_type":["Card","Card"],"build_version":"2020-12-22","purchased_purges":0,"victory":false,"max_hp_per_floor":[80,80,80,80,80,80,80,80,80,80,80,80,80,80,80,80,80],"card_choices":[{"not_picked":["Sever Soul","Dropkick"],"picked":"Wild Strike","floor":1},{"not_picked":["Sword Boomerang","Havoc","Dual Wield"],"picked":"SKIP","floor":7},{"not_picked":["Disarm","Clash","Headbutt"],"picked":"SKIP","floor":8},{"not_picked":["Thunderclap","Perfected Strike"],"picked":"Flex","floor":10},{"not_picked":["Thunderclap","Bloodletting","Rampage"],"picked":"SKIP","floor":11},{"not_picked":["Clothesline","Pommel Strike","Fiend Fire"],"picked":"SKIP","floor":13}],"player_experience":179827,"relics_obtained":[{"floor":9,"key":"Bronze Scales"},{"floor":11,"key":"Mummified Hand"},{"floor":13,"key":"Bag of Marbles"}],"event_choices":[{"cards_removed":["Bash"],"damage_healed":0,"gold_gain":0,"player_choice":"Purged","damage_taken":0,"max_hp_gain":0,"max_hp_loss":0,"event_name":"Purifier","floor":3,"gold_loss":0},{"damage_healed":0,"gold_gain":275,"player_choice":"Desecrate","damage_taken":0,"max_hp_gain":0,"max_hp_loss":0,"event_name":"Golden Shrine","floor":5,"gold_loss":0,"cards_obtained":["Regret"]},{"damage_healed":0,"gold_gain":0,"player_choice":"Take Wound","damage_taken":0,"relics_obtained":["Golden Idol"],"max_hp_gain":0,"max_hp_loss":0,"event_name":"Golden Idol","floor":14,"gold_loss":0,"cards_obtained":["Injury"]}],"is_beta":false,"boss_relics":[],"items_purged_floors":[],"is_endless":false,"potions_floor_spawned":[1,11,13],"killed_by":"Slime Boss","ascension_level":2}}