{"host":"sz8c8ni79nvzjmmg","time":1611034611,"event":{"mods":["AchievementEnabler","BaseMod","DeckTracker","Keyboard Shortcuts","Minty Spire (QoL Compilation)","SuperFastMode"],"gold_per_floor":[12,12,31,55,78,78,97,138,138,179,179,202,74,115,115,204,204,227,127,127,127,143,143,193,229,229,13,13,13],"floor_reached":28,"language":"KOR","playtime":679,"items_purged":["Strike_B","Strike_B","Strike_B"],"score":512,"play_id":"6598561a-3814-47b1-ab16-710efc5f3796","local_time":"20210119143651","is_ascension_mode":true,"campfire_choices":[{"data":"Zap","floor":6.0,"key":"SMITH"},{"data":"Consume","floor":15.0,"key":"SMITH"},{"data":"Coolheaded","floor":23.0,"key":"SMITH"}],"circlet_count":0,"master_deck":["AscendersBane","Strike_B","Defend_B","Defend_B","Defend_B","Defend_B","Zap+1","Dualcast","Cold Snap","Ball Lightning","Electrodynamics","Compile Driver","Consume+1","Core Surge","Coolheaded+1","Thunder Strike","Skim","Finesse"],"relics":["Cracked Core","Mango","Golden Idol","Toy Ornithopter","Potion Belt","Omamori","Meat on the Bone","Cursed Key","Bronze Scales","Bottled Tornado"],"acts_visited":["Exordium","TheCity"],"potions_floor_usage":[25,25,28],"damage_taken":[{"damage":2.0,"enemies":"Jaw Worm","floor":1.0,"turns":3.0},{"damage":0.0,"enemies":"2 Louse","floor":3.0,"turns":3.0},{"damage":0.0,"enemies":"Cultist","floor":4.0,"turns":4.0},{"damage":0.0,"enemies":"3 Louse","floor":5.0,"turns":2.0},{"damage":3.0,"enemies":"Exordium Thugs","floor":7.0,"turns":2.0},{"damage":25.0,"enemies":"Lagavulin","floor":8.0,"turns":5.0},{"damage":20.0,"enemies":"3 Sentries","floor":10.0,"turns":3.0},{"damage":12.0,"enemies":"2 Fungi Beasts","floor":12.0,"turns":3.0},{"damage":22.0,"enemies":"Lagavulin","floor":14.0,"turns":6.0},{"damage":11.0,"enemies":"The Guardian","floor":16.0,"turns":12.0},{"damage":7.0,"enemies":"3 Byrds","floor":18.0,"turns":3.0},{"damage":29.0,"enemies":"2 Thieves","floor":22.0,"turns":3.0},{"damage":34,"enemies":"Slavers","floor":25,"turns":2},{"damage":29,"enemies":"Book of Stabbing","floor":28,"turns":4}],"seed_played":"8299651431692927683","potions_obtained":[{"floor":1.0,"key":"Swift Potion"},{"floor":5.0,"key":"Strength Potion"},{"floor":8.0,"key":"GamblersBrew"},{"floor":10.0,"key":"Fruit Juice"},{"floor":18.0,"key":"Dexterity Potion"},{"floor":22.0,"key":"FocusPotion"},{"floor":25,"key":"PotionOfCapacity"}],"is_trial":false,"path_per_floor":["M","?","M","M","M","R","M","E","T","E","?","M","$","E","R","B",null,"M","$","?","?","M","R","?","E","T","$","E"],"character_chosen":"DEFECT","items_purchased":["Coolheaded","Finesse"],"campfire_rested":0,"item_purchase_floors":[13,27],"current_hp_per_floor":[76,76,76,76,76,76,73,48,48,28,53,41,41,29,29,30,69,62,62,62,62,45,45,45,33,33,33,9,9],"gold":13,"neow_bonus":"ONE_RARE_RELIC","is_daily":false,"chose_seed":false,"campfire_upgraded":3,"win_rate":0.0,"timestamp":1611034611,"path_taken":["M","?","M","M","M","R","M","E","T","E","?","M","$","E","R","BOSS","M","$","?","?","M","R","?","E","T","$","E"],"items_purchased_type":["Card","Card"],"build_version":"2020-12-22","purchased_purges":3,"victory":false,"max_hp_per_floor":[85,77,77,77,77,77,77,77,77,77,77,77,77,82,82,82,82,82,82,82,82,82,82,82,82,82,82,82,82],"card_choices":[{"not_picked":["Genetic Algorithm","Force Field"],"picked":"Cold Snap","floor":1.0},{"not_picked":["Beam Cell","Streamline"],"picked":"Ball Lightning","floor":3.0},{"not_picked":["Compile Driver","Steam Power"],"picked":"Electrodynamics","floor":4.0},{"not_picked":["Beam Cell","Hologram"],"picked":"Compile Driver","floor":5.0},{"not_picked":["Ball Lightning","Redo","Rip and Tear"],"picked":"SKIP","floor":7.0},{"not_picked":["Auto Shields","Compile Driver"],"picked":"Consume","floor":8.0},{"not_picked":["Cold Snap","Redo"],"picked":"Core Surge","floor":10.0},{"not_picked":["White Noise","Hello World","Fusion"],"picked":"SKIP","floor":12.0},{"not_picked":["Leap","Barrage","Fusion"],"picked":"SKIP","floor":14.0},{"not_picked":["Buffer","Meteor Strike"],"picked":"Thunder Strike","floor":16.0},{"not_picked":["Rebound","Go for the Eyes","Sweeping Beam"],"picked":"SKIP","floor":18.0},{"not_picked":["Cold Snap","White Noise","Go for the Eyes"],"picked":"SKIP","floor":22.0},{"not_picked":["Stack","Conserve Battery","Hologram"],"picked":"SKIP","floor":25}],"player_experience":1241330,"relics_obtained":[{"floor":8.0,"key":"Toy Ornithopter"},{"floor":9.0,"key":"Potion Belt"},{"floor":10.0,"key":"Omamori"},{"floor":14.0,"key":"Meat on the Bone"},{"floor":25,"key":"Bronze Scales"},{"floor":26,"key":"Bottled Tornado"}],"event_choices":[{"damage_healed":0.0,"max_hp_gain":0.0,"max_hp_loss":8.0,"gold_gain":0.0,"event_name":"Golden Idol","player_choice":"Lose Max HP","floor":2.0,"gold_loss":0.0,"damage_taken":0.0,"relics_obtained":["Golden Idol"]},{"damage_healed":25.0,"max_hp_gain":0.0,"max_hp_loss":0.0,"gold_gain":0.0,"event_name":"Big Fish","player_choice":"Banana","floor":11.0,"gold_loss":0.0,"damage_taken":0.0},{"damage_healed":0.0,"max_hp_gain":0.0,"max_hp_loss":0.0,"gold_gain":0.0,"event_name":"Ghosts","player_choice":"Ignored","floor":20.0,"gold_loss":0.0,"damage_taken":0.0},{"damage_healed":0.0,"max_hp_gain":0.0,"max_hp_loss":0.0,"gold_gain":0.0,"event_name":"The Library","player_choice":"Read","floor":21.0,"gold_loss":0.0,"damage_taken":0.0,"cards_obtained":["Skim"]},{"damage_healed":0.0,"max_hp_gain":0.0,"max_hp_loss":0.0,"gold_gain":50.0,"event_name":"Golden Shrine","player_choice":"Pray","floor":24.0,"gold_loss":0.0,"damage_taken":0.0}],"is_beta":false,"boss_relics":[{"not_picked":["Fusion Hammer","Black Star"],"picked":"Cursed Key"}],"items_purged_floors":[13,19,27],"is_endless":false,"potions_floor_spawned":[1,5,8,10,18,22,25],"killed_by":"Book of Stabbing","ascension_level":20}}