{"host":"jik2t8ix0jx4gxjb","time":1611045250,"event":{"mods":["AchievementEnabler","BaseMod","Colored Map","Colored Powertips","Hermit","Highlight Path","Minty Spire (QoL Compilation)","Shop Mod","StSLib","SuperFastMode"],"gold_per_floor":[100000000,100000012,100000012,99999972,99999972,99999972,99999972,99999972,99999972,99999972,99999972,99999972,99999972,99999051,99999051,99999151,99999151,99999151,99999151],"floor_reached":18,"language":"KOR","playtime":731,"items_purged":["hermit:Defend_Hermit","hermit:Strike_Hermit"],"score":160,"play_id":"56ab8167-270f-4ec1-b8b3-cda503c9758a","local_time":"20210119173410","is_ascension_mode":false,"campfire_choices":[{"data":"hermit:Brawl","floor":6.0,"key":"SMITH"},{"data":"hermit:Covet","floor":8.0,"key":"SMITH"},{"data":"hermit:Glare","floor":15.0,"key":"SMITH"}],"circlet_count":0,"master_deck":["hermit:Strike_Hermit","hermit:Strike_Hermit","hermit:Strike_Hermit","hermit:Defend_Hermit","hermit:Defend_Hermit","hermit:Defend_Hermit","hermit:Snapshot","hermit:Covet+1","hermit:Showdown","hermit:Brawl+1","hermit:FlashPowder","hermit:Malice+1","hermit:TakeCover","hermit:Ricochet+1","hermit:Brawl","hermit:Virtue","hermit:FinalCanter+1","hermit:Desperado+1","Bandage Up","hermit:Brawl+1","hermit:TakeAim","hermit:Glare+1","hermit:CursedWeapon+1","hermit:Misfire+1","hermit:LowProfile","hermit:OverwhelmingPower"],"relics":["hermit:Momento","NeowsBlessing","Molten Egg 2","Pear","Lantern","Happy Flower","Peace Pipe","Cauldron","DollysMirror","Tiny Chest","Eternal Feather","Cursed Key"],"acts_visited":[],"potions_floor_usage":[],"damage_taken":[{"damage":0.0,"enemies":"2 Louse","floor":1.0,"turns":3.0},{"damage":0.0,"enemies":"Cultist","floor":2.0,"turns":3.0},{"damage":0.0,"enemies":"Small Slimes","floor":5.0,"turns":3.0},{"damage":0.0,"enemies":"3 Louse","floor":7.0,"turns":5.0},{"damage":16.0,"enemies":"3 Sentries","floor":10.0,"turns":8.0},{"damage":6.0,"enemies":"Large Slime","floor":11.0,"turns":5.0},{"damage":30.0,"enemies":"Hexaghost","floor":16.0,"turns":8.0},{"damage":0,"enemies":"3 Byrds","floor":18,"turns":1}],"seed_played":"2638120786235826077","potions_obtained":[{"floor":4.0,"key":"SkillPotion"},{"floor":4.0,"key":"Fruit Juice"},{"floor":4.0,"key":"SpeedPotion"},{"floor":7.0,"key":"hermit:Tonic"},{"floor":12.0,"key":"hermit:Eclipse"},{"floor":12.0,"key":"hermit:Eclipse"}],"is_trial":false,"path_per_floor":["M","M","?","?","M","R","M","R","T","E","M","$","?","$","R","B",null,"M"],"character_chosen":"HERMIT","items_purchased":["CultistPotion","Happy Flower","Peace Pipe","Cauldron","hermit:Brawl","hermit:Virtue","hermit:FinalCanter+1","hermit:Desperado+1","Bandage Up","DollysMirror","Tiny Chest","Eternal Feather","hermit:TakeAim","hermit:Glare","hermit:CursedWeapon+1","hermit:Misfire+1","hermit:LowProfile"],"campfire_rested":0,"item_purchase_floors":[12,12,12,12,12,12,12,12,12,14,14,14,14,14,14,14,14],"current_hp_per_floor":[75,75,75,75,75,75,75,75,85,85,85,85,85,85,85,85,85,85,85],"gold":99999151,"neow_bonus":"THREE_ENEMY_KILL","is_daily":false,"chose_seed":false,"campfire_upgraded":3,"win_rate":0.0,"timestamp":1611045250,"path_taken":["M","M","?","?","M","R","M","R","T","E","?","$","?","$","R","BOSS","M"],"items_purchased_type":["Potion","Relic","Relic","Relic","Card","Card","Card","Card","Card","Relic","Relic","Relic","Card","Card","Card","Card","Card"],"build_version":"2020-12-22","purchased_purges":2,"victory":false,"max_hp_per_floor":[75,75,75,75,75,75,75,75,85,85,85,85,85,85,85,85,85,85,85],"card_choices":[{"not_picked":["hermit:HighCaliber","hermit:Headshot"],"picked":"hermit:Showdown","floor":1.0},{"not_picked":["hermit:Spite","hermit:LowProfile"],"picked":"hermit:Brawl","floor":2.0},{"not_picked":["hermit:Combo","hermit:Manifest"],"picked":"hermit:FlashPowder","floor":5.0},{"not_picked":["hermit:CalledShot+1","hermit:Misfire+1"],"picked":"hermit:Malice+1","floor":7.0},{"not_picked":["hermit:LuckOfTheDraw","hermit:HoleUp"],"picked":"hermit:TakeCover","floor":10.0},{"not_picked":["hermit:TakeCover","hermit:LowProfile"],"picked":"hermit:Ricochet+1","floor":11.0},{"not_picked":["hermit:Adapt","hermit:HeroicBravado"],"picked":"hermit:OverwhelmingPower","floor":16.0}],"player_experience":74320,"relics_obtained":[{"floor":9.0,"key":"Pear"},{"floor":10.0,"key":"Lantern"}],"event_choices":[{"damage_healed":0.0,"max_hp_gain":0.0,"max_hp_loss":0.0,"gold_gain":0.0,"event_name":"Scrap Ooze","player_choice":"Success","floor":3.0,"gold_loss":0.0,"damage_taken":12.0,"relics_obtained":["Molten Egg 2"]},{"damage_healed":0.0,"max_hp_gain":0.0,"max_hp_loss":0.0,"gold_gain":0.0,"event_name":"The Woman in Blue","player_choice":"Bought 3 Potions","floor":4.0,"gold_loss":0.0,"damage_taken":0.0},{"damage_healed":0.0,"max_hp_gain":0.0,"max_hp_loss":0.0,"gold_gain":0.0,"event_name":"Dead Adventurer","player_choice":"Searched \u00270\u0027 times","floor":13.0,"gold_loss":0.0,"damage_taken":0.0}],"is_beta":false,"boss_relics":[{"not_picked":["Busted Crown","SlaversCollar"],"picked":"Cursed Key"}],"items_purged_floors":[12,14],"is_endless":false,"potions_floor_spawned":[7,10,16],"killed_by":"3 Byrds","ascension_level":0}}