{"host":"nbmmy2ys5j9alw05","time":1611040861,"event":{"mods":["AchievementEnabler","BaseMod","Bestiary","Better Vampires","Colored Map","Colored Powertips","Googly Eyes","Minty Spire (QoL Compilation)","Quick Restart","StSLib","The Hierophant","The IronCluck","everything is the same but u backflip on backflip"],"gold_per_floor":[116,41,59,59,72,72,72,72,96,89,94,94,94,108,108,199,199,185,184,37,136,136,136,106,106],"floor_reached":24,"language":"ENG","playtime":764,"items_purged":["hierophant:Strike_Hierophant"],"score":230,"play_id":"7db99147-be69-444c-ab83-1e7ee0aa3e7d","local_time":"20210118232101","is_ascension_mode":true,"campfire_choices":[{"data":"hierophant:FieryStrike","floor":6,"key":"SMITH"},{"data":"hierophant:Purify","floor":8,"key":"SMITH"},{"data":"hierophant:Encroach","floor":13,"key":"SMITH"},{"floor":15,"key":"REST"},{"data":"hierophant:WrathOfGod","floor":23,"key":"SMITH"}],"circlet_count":0,"master_deck":["hierophant:Strike_Hierophant","hierophant:Strike_Hierophant","hierophant:Strike_Hierophant","hierophant:Punish","hierophant:Defend_Hierophant","hierophant:Defend_Hierophant","hierophant:Defend_Hierophant","hierophant:Defend_Hierophant","hierophant:ChurchCoffers+1","hierophant:Encroach+1","hierophant:FieryStrike+1","hierophant:HammerAndAnvil","hierophant:Purify+1","hierophant:OrnateBuckler+1","hierophant:WrathOfGod+1","CurseOfTheBell","hierophant:Sermon","hierophant:FlamingChariot","hierophant:DeathKnell"],"relics":["hierophant:PropheticMaskRelic","NeowsBlessing","MealTicket","Anchor","Calling Bell","Smiling Mask","Mummified Hand","Girya","Red Mask","Mango"],"acts_visited":["Exordium","TheCity"],"potions_floor_usage":[11,11],"damage_taken":[{"damage":0,"enemies":"Jaw Worm","floor":1,"turns":1},{"damage":0,"enemies":"Cultist","floor":3,"turns":1},{"damage":0,"enemies":"Small Slimes","floor":5,"turns":1},{"damage":13,"enemies":"Looter","floor":7,"turns":3},{"damage":0,"enemies":"Blue Slaver","floor":10,"turns":2},{"damage":18,"enemies":"3 Sentries","floor":11,"turns":5},{"damage":6,"enemies":"Large Slime","floor":14,"turns":4},{"damage":12,"enemies":"Slime Boss","floor":16,"turns":10},{"damage":11,"enemies":"2 Thieves","floor":18,"turns":3},{"damage":18,"enemies":"Masked Bandits","floor":19,"turns":2}],"seed_played":"-8683144493863837248","potions_obtained":[{"floor":1,"key":"Regen Potion"},{"floor":10,"key":"LiquidBronze"},{"floor":16,"key":"SteroidPotion"},{"floor":19,"key":"LiquidBronze"}],"is_trial":false,"path_per_floor":["M","$","M","?","M","R","M","R","T","M","E","?","R","M","R","B",null,"M","?","$","?","T","R","E"],"character_chosen":"HIEROPHANT","items_purchased":["hierophant:DeathKnell"],"campfire_rested":1,"item_purchase_floors":[20],"current_hp_per_floor":[75,75,75,75,75,75,62,62,62,62,58,43,43,37,59,47,75,64,46,61,61,75,75,0,0],"gold":106,"neow_bonus":"THREE_ENEMY_KILL","is_daily":false,"chose_seed":false,"campfire_upgraded":4,"win_rate":0.0,"timestamp":1611040861,"path_taken":["M","$","M","?","M","R","M","R","T","?","E","?","R","M","R","BOSS","M","?","$","?","?","R","E"],"items_purchased_type":["Card"],"build_version":"2020-12-22","purchased_purges":1,"victory":false,"max_hp_per_floor":[75,75,75,75,75,75,75,75,75,75,75,75,75,75,75,75,75,75,75,75,75,89,89,89,89],"card_choices":[{"not_picked":["hierophant:ConvertCurrency","hierophant:Sermon"],"picked":"hierophant:Encroach","floor":1},{"not_picked":["hierophant:SealAway","hierophant:MorningPrayer"],"picked":"hierophant:FieryStrike","floor":3},{"not_picked":["hierophant:SealAway","hierophant:FaithHealing"],"picked":"hierophant:HammerAndAnvil","floor":5},{"not_picked":["hierophant:FieryStrike","hierophant:AuricBeam"],"picked":"hierophant:Purify","floor":7},{"not_picked":["hierophant:MintersHammer","hierophant:Zeal","hierophant:Sermon"],"picked":"SKIP","floor":10},{"not_picked":["hierophant:Flagellation","hierophant:Doubloon"],"picked":"hierophant:OrnateBuckler","floor":11},{"not_picked":["hierophant:Doubloon","hierophant:Repentance","hierophant:Remorse"],"picked":"SKIP","floor":14},{"not_picked":["hierophant:BulkyChest","hierophant:LocustPlague"],"picked":"hierophant:WrathOfGod","floor":16},{"not_picked":["hierophant:DisplayOfPower","hierophant:HammerAndAnvil"],"picked":"hierophant:Sermon","floor":18},{"not_picked":["hierophant:DisplayOfPower","hierophant:PassingBell"],"picked":"hierophant:FlamingChariot","floor":19}],"player_experience":460736,"relics_obtained":[{"floor":9,"key":"MealTicket"},{"floor":11,"key":"Anchor"},{"floor":17,"key":"Smiling Mask"},{"floor":17,"key":"Mummified Hand"},{"floor":17,"key":"Girya"},{"floor":19,"key":"Red Mask"},{"floor":22,"key":"Mango"}],"event_choices":[{"damage_healed":0,"gold_gain":0,"player_choice":"Bought 0 Potions","damage_taken":0,"max_hp_gain":0,"max_hp_loss":0,"event_name":"The Woman in Blue","floor":4,"gold_loss":0},{"damage_healed":0,"gold_gain":0,"player_choice":"Entered Light","damage_taken":15,"max_hp_gain":0,"max_hp_loss":0,"event_name":"Shining Light","floor":12,"gold_loss":0,"cards_upgraded":["hierophant:ChurchCoffers","hierophant:OrnateBuckler"]},{"damage_healed":0,"gold_gain":0,"player_choice":"Fought Bandits","damage_taken":0,"max_hp_gain":0,"max_hp_loss":0,"event_name":"Masked Bandits","floor":19,"gold_loss":0},{"damage_healed":0,"gold_gain":99,"player_choice":"Stole From Cult","damage_taken":0,"max_hp_gain":0,"max_hp_loss":0,"event_name":"Nest","floor":21,"gold_loss":0}],"is_beta":false,"boss_relics":[{"not_picked":["Cursed Key","Velvet Choker"],"picked":"Calling Bell"}],"items_purged_floors":[2],"is_endless":false,"potions_floor_spawned":[1,10,16,19],"killed_by":"Gremlin Leader","ascension_level":1}}