{"host":"xi8yg1ddhptuxb9d","time":1611099473,"event":{"mods":["AchievementEnabler","AlwaysNeverKeys","BaseMod","Block Reminder","Minty Spire (QoL Compilation)","Relic Sorter","StSLib"],"gold_per_floor":[119,139,139,139,156,181,181,208,208,208,15,50,50,87,87,187,187,226,226,226,240,309,309,367,367,393,393,409,409,440,454,454,526,526,542,584,296,334,16,16,43,43,43,43,72,127,127,139,139,164,164],"floor_reached":50,"language":"ENG","playtime":2567,"items_purged":[],"score":1076,"play_id":"7541e320-62b7-4c38-9d75-26da555d1b41","local_time":"20210119183753","is_ascension_mode":true,"campfire_choices":[{"floor":7.0,"key":"REST"},{"floor":10.0,"key":"REST"},{"floor":15.0,"key":"REST"},{"data":"Storm of Steel","floor":23.0,"key":"SMITH"},{"floor":27.0,"key":"REST"},{"floor":29.0,"key":"REST"},{"data":"Tools of the Trade","floor":32.0,"key":"SMITH"},{"floor":40.0,"key":"REST"},{"data":"Adrenaline","floor":44.0,"key":"SMITH"},{"floor":49,"key":"REST"}],"circlet_count":0,"master_deck":["AscendersBane","Strike_G","Strike_G","Strike_G","Strike_G","Strike_G","Defend_G","Defend_G","Defend_G","Defend_G","Defend_G","Survivor","Neutralize+1","Quick Slash+1","Dodge and Roll","Blade Dance","Bane+1","Calculated Gamble","HandOfGreed+1","Leg Sweep","Unload+1","Storm of Steel+1","Dodge and Roll","Skewer+1","Quick Slash+1","Tools of the Trade+1","Adrenaline+1","Sucker Punch+1","Choke+1","Madness","Madness","Calculated Gamble+1"],"relics":["Runic Dome","Molten Egg 2","Paper Crane","Dead Branch","Question Card","Busted Crown","Bottled Lightning","Regal Pillow","Ninja Scroll","WristBlade","InkBottle","TungstenRod","MealTicket","Mango","Happy Flower","The Specimen"],"acts_visited":["Exordium","TheCity","TheBeyond"],"potions_floor_usage":[50],"damage_taken":[{"damage":3.0,"enemies":"Cultist","floor":1.0,"turns":5.0},{"damage":1.0,"enemies":"Jaw Worm","floor":2.0,"turns":4.0},{"damage":0.0,"enemies":"Small Slimes","floor":5.0,"turns":4.0},{"damage":28.0,"enemies":"3 Sentries","floor":6.0,"turns":9.0},{"damage":17.0,"enemies":"Lagavulin","floor":8.0,"turns":8.0},{"damage":12.0,"enemies":"Exordium Wildlife","floor":12.0,"turns":3.0},{"damage":9.0,"enemies":"Exordium Thugs","floor":14.0,"turns":3.0},{"damage":3.0,"enemies":"Hexaghost","floor":16.0,"turns":7.0},{"damage":17.0,"enemies":"2 Thieves","floor":18.0,"turns":4.0},{"damage":0.0,"enemies":"Spheric Guardian","floor":21.0,"turns":3.0},{"damage":4.0,"enemies":"Centurion and Healer","floor":22.0,"turns":6.0},{"damage":25.0,"enemies":"Slavers","floor":24.0,"turns":4.0},{"damage":20.0,"enemies":"Snake Plant","floor":28.0,"turns":2.0},{"damage":4.0,"enemies":"Gremlin Leader","floor":30.0,"turns":4.0},{"damage":0.0,"enemies":"Snecko","floor":31.0,"turns":2.0},{"damage":39.0,"enemies":"Automaton","floor":33.0,"turns":8.0},{"damage":0.0,"enemies":"Orb Walker","floor":35.0,"turns":1.0},{"damage":17.0,"enemies":"3 Shapes","floor":36.0,"turns":3.0},{"damage":4.0,"enemies":"Jaw Worm Horde","floor":38.0,"turns":3.0},{"damage":0.0,"enemies":"Nemesis","floor":41.0,"turns":1.0},{"damage":21.0,"enemies":"Reptomancer","floor":45.0,"turns":4.0},{"damage":0.0,"enemies":"2 Orb Walkers","floor":46.0,"turns":1.0},{"damage":0,"enemies":"Maw","floor":48,"turns":4},{"damage":81,"enemies":"Awakened One","floor":50,"turns":12}],"seed_played":"4493574709306013348","potions_obtained":[{"floor":6.0,"key":"LiquidMemories"},{"floor":14.0,"key":"Block Potion"},{"floor":16.0,"key":"Explosive Potion"},{"floor":22.0,"key":"Swift Potion"},{"floor":24.0,"key":"FearPotion"},{"floor":30.0,"key":"Weak Potion"},{"floor":33.0,"key":"LiquidMemories"},{"floor":36.0,"key":"AttackPotion"},{"floor":48,"key":"SteroidPotion"}],"is_trial":false,"path_per_floor":["M","M","?","T","M","E","R","E","T","R","$","M","$","M","R","B",null,"M","?","?","M","M","R","E","?","T","R","M","R","E","M","R","B",null,"M","M","$","M","$","R","E","?","T","R","E","?","?","M","R","B"],"character_chosen":"THE_SILENT","items_purchased":["HandOfGreed+1","InkBottle","TungstenRod"],"campfire_rested":7,"item_purchase_floors":[11,37,39],"current_hp_per_floor":[56,55,35,35,35,7,26,9,9,28,28,16,16,7,26,23,55,38,51,51,51,47,47,22,22,22,56,36,66,62,62,62,23,55,55,38,38,34,34,66,66,55,69,69,48,48,48,48,80,0,0],"gold":164,"neow_bonus":"BOSS_RELIC","is_daily":false,"chose_seed":false,"campfire_upgraded":3,"win_rate":0.0,"timestamp":1611099473,"path_taken":["M","M","?","?","?","E","R","E","T","R","$","M","$","M","R","BOSS","M","?","?","M","?","R","E","?","T","R","M","R","E","?","R","BOSS","M","M","$","M","$","R","E","?","T","R","E","?","?","M","R","BOSS"],"items_purchased_type":["Card","Relic","Relic"],"build_version":"2020-12-22","purchased_purges":0,"victory":false,"max_hp_per_floor":[66,66,66,66,66,66,66,66,66,66,66,66,66,66,66,66,66,66,66,66,66,66,66,66,66,66,66,66,66,66,66,66,66,66,66,66,66,66,66,66,66,66,80,80,80,80,80,80,80,80,80],"card_choices":[{"not_picked":["Flying Knee","Deadly Poison"],"picked":"Quick Slash","floor":1.0},{"not_picked":["Deadly Poison","Outmaneuver"],"picked":"Dodge and Roll","floor":2.0},{"not_picked":["Underhanded Strike+1","Dodge and Roll"],"picked":"Blade Dance","floor":5.0},{"not_picked":["Prepared","Expertise"],"picked":"Bane+1","floor":6.0},{"not_picked":["Heel Hook+1","Setup"],"picked":"Calculated Gamble","floor":8.0},{"not_picked":["Bane+1","Eviscerate+1","Skewer+1"],"picked":"Leg Sweep","floor":12.0},{"not_picked":["Poisoned Stab+1","Deadly Poison","Calculated Gamble"],"picked":"Unload+1","floor":14.0},{"not_picked":["Adrenaline","Glass Knife+1","Phantasmal Killer"],"picked":"Storm of Steel","floor":16.0},{"not_picked":["Poisoned Stab+1"],"picked":"Dodge and Roll","floor":18.0},{"not_picked":["Prepared","Reflex"],"picked":"SKIP","floor":21.0},{"not_picked":["Dagger Spray+1"],"picked":"Skewer+1","floor":22.0},{"not_picked":["Slice+1","Outmaneuver"],"picked":"SKIP","floor":24.0},{"not_picked":["PiercingWail"],"picked":"Quick Slash+1","floor":28.0},{"not_picked":["Underhanded Strike+1"],"picked":"Tools of the Trade","floor":30.0},{"not_picked":["Eviscerate+1","Deflect"],"picked":"SKIP","floor":31.0},{"not_picked":["Wraith Form v2"],"picked":"Adrenaline","floor":33.0},{"not_picked":["Well Laid Plans","Acrobatics+1"],"picked":"SKIP","floor":35.0},{"not_picked":["Bane+1"],"picked":"Sucker Punch+1","floor":36.0},{"not_picked":["Poisoned Stab+1","Flying Knee+1"],"picked":"SKIP","floor":38.0},{"not_picked":["Quick Slash+1"],"picked":"Choke+1","floor":41.0},{"not_picked":["Outmaneuver","Slice+1"],"picked":"SKIP","floor":45.0},{"not_picked":["Riddle With Holes+1"],"picked":"Calculated Gamble","floor":46.0},{"not_picked":["Dodge and Roll","Prepared"],"picked":"SKIP","floor":48}],"player_experience":648069,"relics_obtained":[{"floor":4.0,"key":"Molten Egg 2"},{"floor":6.0,"key":"Paper Crane"},{"floor":8.0,"key":"Dead Branch"},{"floor":9.0,"key":"Question Card"},{"floor":24.0,"key":"Bottled Lightning"},{"floor":26.0,"key":"Regal Pillow"},{"floor":30.0,"key":"Ninja Scroll"},{"floor":41.0,"key":"MealTicket"},{"floor":43.0,"key":"Mango"},{"floor":45.0,"key":"Happy Flower"},{"floor":46.0,"key":"The Specimen"}],"event_choices":[{"damage_healed":0.0,"max_hp_gain":0.0,"max_hp_loss":0.0,"gold_gain":0.0,"event_name":"Shining Light","player_choice":"Entered Light","floor":3.0,"gold_loss":0.0,"damage_taken":20.0,"cards_upgraded":["Neutralize","Quick Slash"]},{"damage_healed":13.0,"max_hp_gain":0.0,"max_hp_loss":0.0,"gold_gain":0.0,"event_name":"The Library","player_choice":"Heal","floor":19.0,"gold_loss":0.0,"damage_taken":0.0},{"damage_healed":0.0,"max_hp_gain":0.0,"max_hp_loss":0.0,"gold_gain":0.0,"event_name":"Beggar","player_choice":"Ignored","floor":20.0,"gold_loss":0.0,"damage_taken":0.0},{"damage_healed":0.0,"max_hp_gain":0.0,"max_hp_loss":0.0,"gold_gain":0.0,"event_name":"N\u0027loth","player_choice":"Ignored","floor":25.0,"gold_loss":0.0,"damage_taken":0.0},{"damage_healed":0.0,"max_hp_gain":0.0,"max_hp_loss":0.0,"gold_gain":0.0,"event_name":"Winding Halls","player_choice":"Embrace Madness","floor":42.0,"gold_loss":0.0,"damage_taken":12.0,"cards_obtained":["Madness","Madness"]},{"damage_healed":0.0,"max_hp_gain":0.0,"max_hp_loss":0.0,"gold_gain":0.0,"event_name":"Mysterious Sphere","player_choice":"Fight","floor":46.0,"gold_loss":0.0,"damage_taken":0.0},{"damage_healed":0.0,"max_hp_gain":0.0,"max_hp_loss":0.0,"gold_gain":0.0,"event_name":"Accursed Blacksmith","player_choice":"Forge","floor":47.0,"gold_loss":0.0,"damage_taken":0.0,"cards_upgraded":["Calculated Gamble"]}],"is_beta":false,"boss_relics":[{"not_picked":["Velvet Choker","Empty Cage"],"picked":"Busted Crown"},{"not_picked":["Coffee Dripper","Fusion Hammer"],"picked":"WristBlade"}],"items_purged_floors":[],"is_endless":false,"potions_floor_spawned":[6,14,16,22,24,30,33,36,48],"killed_by":"Awakened One","ascension_level":16}}