{"host":"usru02jcpe2a942d","time":1611065501,"event":{"mods":["Act Like it!","Ascension Reborn","BaseMod","Colored Powertips","Downfall","GifTheSpireLib","Highlight Path","Minty Spire (QoL Compilation)","MostiFishMod","Quick Restart","Relic Stats","RumiaBox-露米娅的神秘盒子","StSLib","Waifu the Spire","noobMod","篝火指南"],"gold_per_floor":[99,110,129,129,143,162,188,200,217,247,47,47,32,60,78,177,177,77,95,5,21,21,47,47,97,123,123,143,158,7,40,51,51,51],"floor_reached":33,"language":"ZHS","playtime":1037,"items_purged":["Clumsy","downfall:Bewildered"],"score":519,"play_id":"19b82905-4808-44fc-8286-452a2ba2c9b7","local_time":"20210119221141","daily_mods":["SealedDeck","Vintage","Heirloom","Time Dilation","Flight","downfall:Lament","DeadlyEvents","Binary","Elite Swarm","Lethality","Night Terrors","Terminal","Uncertain Future","downfall:ExchangeController","Binary"],"is_ascension_mode":true,"campfire_choices":[{"floor":1,"key":"RECALL"},{"floor":11,"key":"DIG"},{"floor":18,"key":"DIG"}],"circlet_count":0,"master_deck":["bronze:Branch","bronze:CutThrough","bronze:DelayedSlice","bronze:DelayedSlice","bronze:Terminator","bronze:FineTuning","bronze:Safeguard","bronze:AlphaBuild","bronze:OilSpill+1"],"relics":["bronze:BronzeCore","Busted Crown","downfall:NeowBlessing_Player","NeowsBlessing","DaveBox","ice","SynthV","Prayer Wheel","Bronze Scales","Bird Faced Urn","LastBattle","White Beast Statue","Tiny Chest","Shovel","downfall:HeartBlessingRed","downfall:HeartBlessingBlue","TungstenRod","Boot","Molten Egg 2","sneckomod:SneckoTalon","downfall:HeartBlessingGreen","Thread and Needle","CombinedTypeHook","MagicDraw2","sneckomod:BabySnecko","SynthV:C4","PlanX","Slimebound:StickyStick","GodSword1","ZombieArmy","Happy Flower","Omamori","GodSword5","The Courier"],"acts_visited":["Exordium","TheCity"],"potions_floor_usage":[],"damage_taken":[{"damage":0,"enemies":"Small Slimes","floor":2,"turns":1},{"damage":0,"enemies":"Cultist","floor":3,"turns":1},{"damage":0,"enemies":"2 Louse","floor":5,"turns":1},{"damage":0,"enemies":"Large Slime","floor":6,"turns":2},{"damage":0,"enemies":"3 Louse","floor":8,"turns":2},{"damage":0,"enemies":"Red Slaver","floor":9,"turns":1},{"damage":0,"enemies":"3 Sentries","floor":10,"turns":4},{"damage":4,"enemies":"downfall:FleeingMerchant","floor":13,"turns":4},{"damage":12,"enemies":"Lagavulin","floor":14,"turns":3},{"damage":9,"enemies":"Blue Slaver","floor":15,"turns":1},{"damage":0,"enemies":"SI_SHIV_ARCHETYPE","floor":16,"turns":7},{"damage":6,"enemies":"3 Byrds","floor":19,"turns":2},{"damage":17,"enemies":"downfall:FleeingMerchant","floor":20,"turns":4},{"damage":0,"enemies":"Snake Plant","floor":21,"turns":1},{"damage":8,"enemies":"Book of Stabbing","floor":23,"turns":2},{"damage":0,"enemies":"Slavers","floor":26,"turns":3},{"damage":5,"enemies":"Centurion and Healer","floor":28,"turns":2},{"damage":0,"enemies":"Cultist and Chosen","floor":29,"turns":2},{"damage":8,"enemies":"Book of Stabbing","floor":31,"turns":2},{"damage":0,"enemies":"Snake Plant","floor":32,"turns":1},{"damage":0,"enemies":"DF_ARCHETYPE_CLAW","floor":33,"turns":1}],"seed_played":"-6058972115231483343","potions_obtained":[{"floor":5,"key":"SmokeBomb"},{"floor":6,"key":"Guardian:BlockOnCardUsePotion"},{"floor":8,"key":"SkillPotion"},{"floor":9,"key":"Swift Potion"},{"floor":10,"key":"LiquidBronze"},{"floor":13,"key":"Dexterity Potion"},{"floor":14,"key":"Fire Potion"},{"floor":15,"key":"LiquidMemories"},{"floor":16,"key":"ColorlessPotion"},{"floor":19,"key":"Strength Potion"},{"floor":20,"key":"champ:CounterPotion"},{"floor":21,"key":"bronze:BuildAFunctionPotion"},{"floor":23,"key":"SpeedPotion"},{"floor":26,"key":"FearPotion"},{"floor":28,"key":"bronze:CleanCodePotion"},{"floor":29,"key":"Strength Potion"},{"floor":31,"key":"DuplicationPotion"},{"floor":32,"key":"SkillPotion"}],"is_trial":true,"path_per_floor":["R","M","M","?","M","M","T","M","M","E","R","?","$","E","M","B",null,"R","M","$","M","?","E","T","T","E","T","M","M","R","E","M","B"],"character_chosen":"THE_AUTOMATON","items_purchased":["bronze:OilSpill+1"],"campfire_rested":0,"item_purchase_floors":[30],"current_hp_per_floor":[168,167,166,165,164,163,162,161,160,159,168,167,163,153,144,148,262,261,255,243,243,243,235,235,235,237,237,234,234,234,228,228,228,228],"gold":51,"neow_bonus":"","is_daily":false,"chose_seed":false,"campfire_upgraded":0,"win_rate":0.0,"timestamp":1611065501,"path_taken":["R","M","M","?","M","M","T","M","?","E","R","?","$","E","M","BOSS","R","M","$","M","?","E","T","?","E","?","M","M","R","E","M","BOSS"],"items_purchased_type":["Card"],"build_version":"2020-12-22","purchased_purges":2,"victory":false,"max_hp_per_floor":[168,167,166,165,164,163,162,161,160,159,168,167,166,165,164,163,262,261,260,259,258,257,256,255,254,253,252,251,250,249,248,247,247,247],"relic_stats":{"Busted Crown":16,"Shovel":2,"Happy Flower":[2],"counters":[21,46],"Bronze Scales":[127],"Bird Faced Urn":[17],"Prayer Wheel":0,"Tiny Chest":1,"Boot":[13],"obtain_stats":[{"CombinedTypeHook":19,"bronze:BronzeCore":0,"downfall:NeowBlessing_Player":0,"DaveBox":0,"SynthV":0,"downfall:HeartBlessingGreen":18,"ice":0,"Boot":14,"MagicDraw2":21,"SynthV:C4":23,"Shovel":10,"downfall:HeartBlessingBlue":11,"Slimebound:StickyStick":25,"Prayer Wheel":0,"Tiny Chest":8,"ZombieArmy":27,"NeowsBlessing":0,"downfall:HeartBlessingRed":11,"Happy Flower":28,"Thread and Needle":18,"The Courier":32,"Omamori":29,"LastBattle":5,"sneckomod:SneckoTalon":17,"White Beast Statue":6,"sneckomod:BabySnecko":22,"Busted Crown":0,"bronze:ProtectiveGoggles":9,"Bronze Scales":2,"Bird Faced Urn":3,"PlanX":24,"Molten Egg 2":15,"GodSword5":31,"TungstenRod":11,"GodSword1":26},{"CombinedTypeHook":12,"bronze:BronzeCore":0,"downfall:NeowBlessing_Player":0,"DaveBox":0,"SynthV":0,"downfall:HeartBlessingGreen":11,"ice":0,"Boot":9,"MagicDraw2":14,"SynthV:C4":15,"Shovel":7,"downfall:HeartBlessingBlue":7,"Slimebound:StickyStick":15,"Prayer Wheel":0,"Tiny Chest":5,"ZombieArmy":16,"NeowsBlessing":0,"downfall:HeartBlessingRed":7,"Happy Flower":17,"Thread and Needle":11,"The Courier":20,"Omamori":18,"LastBattle":3,"sneckomod:SneckoTalon":11,"White Beast Statue":4,"sneckomod:BabySnecko":14,"Busted Crown":0,"bronze:ProtectiveGoggles":6,"Bronze Scales":1,"Bird Faced Urn":2,"PlanX":15,"Molten Egg 2":10,"GodSword5":19,"TungstenRod":7,"GodSword1":16},{"CombinedTypeHook":29,"bronze:BronzeCore":0,"downfall:NeowBlessing_Player":0,"DaveBox":0,"SynthV":0,"downfall:HeartBlessingGreen":27,"ice":0,"Boot":19,"MagicDraw2":34,"SynthV:C4":36,"Shovel":12,"downfall:HeartBlessingBlue":12,"Slimebound:StickyStick":36,"Prayer Wheel":0,"Tiny Chest":7,"ZombieArmy":39,"NeowsBlessing":0,"downfall:HeartBlessingRed":12,"Happy Flower":41,"Thread and Needle":27,"The Courier":45,"Omamori":42,"LastBattle":3,"sneckomod:SneckoTalon":27,"White Beast Statue":5,"sneckomod:BabySnecko":34,"Busted Crown":0,"bronze:ProtectiveGoggles":8,"Bronze Scales":1,"Bird Faced Urn":2,"PlanX":36,"Molten Egg 2":20,"GodSword5":44,"TungstenRod":12,"GodSword1":39}],"TungstenRod":13},"card_choices":[],"player_experience":296709,"relics_obtained":[{"floor":2,"key":"Bronze Scales"},{"floor":3,"key":"Bird Faced Urn"},{"floor":5,"key":"LastBattle"},{"floor":6,"key":"White Beast Statue"},{"floor":8,"key":"Tiny Chest"},{"floor":9,"key":"bronze:ProtectiveGoggles"},{"floor":10,"key":"Shovel"},{"floor":11,"key":"TungstenRod"},{"floor":14,"key":"Boot"},{"floor":15,"key":"Molten Egg 2"},{"floor":18,"key":"Thread and Needle"},{"floor":19,"key":"CombinedTypeHook"},{"floor":21,"key":"MagicDraw2"},{"floor":23,"key":"SynthV:C4"},{"floor":24,"key":"PlanX"},{"floor":25,"key":"Slimebound:StickyStick"},{"floor":26,"key":"GodSword1"},{"floor":27,"key":"ZombieArmy"},{"floor":28,"key":"Happy Flower"},{"floor":29,"key":"Omamori"},{"floor":31,"key":"GodSword5"},{"floor":32,"key":"The Courier"}],"event_choices":[],"is_beta":false,"boss_relics":[{"not_picked":["TimeKeys","BloodWine"],"picked":"sneckomod:SneckoTalon"}],"items_purged_floors":[20,30],"is_endless":false,"potions_floor_spawned":[5,6,8,9,10,13,14,15,16,19,20,21,23,26,28,29,31,32],"killed_by":"DF_ARCHETYPE_CLAW","ascension_level":0}}