{"host":"wshh0nphwn6jv7vj","time":1611050369,"event":{"mods":["BaseMod","Bestiary","Minty Spire (QoL Compilation)","Relic Stats"],"gold_per_floor":[116,135,60,60,74,74,74,103,103,103,132,132,158,169,169,242,242,261,4,4,4,24,56,56,86,110,35,45,55,55,90,90,167,167,180,205,205,225,235,570,570,570,570,570,570],"floor_reached":44,"language":"ENG","playtime":3535,"items_purged":["Pain","Strike_B"],"score":993,"play_id":"885f71be-8aed-46b6-b1f7-bb00263ba6ca","local_time":"20210119045929","is_ascension_mode":true,"campfire_choices":[{"data":"Cold Snap","floor":6.0,"key":"SMITH"},{"floor":10.0,"key":"REST"},{"floor":15.0,"key":"REST"},{"data":"Hologram","floor":24.0,"key":"SMITH"},{"data":"Zap","floor":30.0,"key":"SMITH"},{"data":"Ghostly","floor":32.0,"key":"SMITH"},{"floor":42,"key":"DIG"}],"circlet_count":0,"master_deck":["AscendersBane","Defend_B+1","Defend_B+1","Zap+1","Dualcast","Master of Strategy","Sweeping Beam","Cold Snap+1","Conserve Battery","Self Repair","Streamline","Gash","Hologram+1","Echo Form","Self Repair","Ghostly+1","Ghostly","Ghostly","Glacier","Ball Lightning","Doom and Gloom+1","Electrodynamics","Recycle","Coolheaded+1","BootSequence","Discovery","PanicButton"],"relics":["Cracked Core","White Beast Statue","Bag of Preparation","Emotion Chip","Gremlin Horn","Anchor","Coffee Dripper","OrangePellets","Singing Bowl","Eternal Feather","DataDisk","War Paint","Empty Cage","Shovel","Old Coin","Pen Nib"],"acts_visited":["Exordium","TheCity","TheBeyond"],"potions_floor_usage":[38,40,40,44],"damage_taken":[{"damage":3.0,"enemies":"2 Louse","floor":1.0,"turns":2.0},{"damage":3.0,"enemies":"Small Slimes","floor":2.0,"turns":3.0},{"damage":12.0,"enemies":"Jaw Worm","floor":5.0,"turns":2.0},{"damage":29.0,"enemies":"Gremlin Nob","floor":8.0,"turns":4.0},{"damage":4.0,"enemies":"3 Sentries","floor":11.0,"turns":8.0},{"damage":26.0,"enemies":"Gremlin Nob","floor":13.0,"turns":4.0},{"damage":3.0,"enemies":"Exordium Thugs","floor":14.0,"turns":4.0},{"damage":30.0,"enemies":"Slime Boss","floor":16.0,"turns":8.0},{"damage":37.0,"enemies":"Spheric Guardian","floor":18.0,"turns":6.0},{"damage":6.0,"enemies":"Shell Parasite","floor":22.0,"turns":7.0},{"damage":5.0,"enemies":"Slavers","floor":23.0,"turns":7.0},{"damage":14.0,"enemies":"Book of Stabbing","floor":25.0,"turns":6.0},{"damage":10.0,"enemies":"Shelled Parasite and Fungi","floor":28.0,"turns":6.0},{"damage":0.0,"enemies":"Centurion and Healer","floor":29.0,"turns":6.0},{"damage":0.0,"enemies":"Slavers","floor":31.0,"turns":7.0},{"damage":21.0,"enemies":"Collector","floor":33.0,"turns":7.0},{"damage":0.0,"enemies":"3 Shapes","floor":35.0,"turns":3.0},{"damage":0.0,"enemies":"Mind Bloom Boss Battle","floor":36.0,"turns":4.0},{"damage":11,"enemies":"3 Darklings","floor":38,"turns":6},{"damage":0,"enemies":"4 Shapes","floor":39,"turns":4},{"damage":13,"enemies":"Reptomancer","floor":40,"turns":8},{"damage":63,"enemies":"Giant Head","floor":44,"turns":8}],"seed_played":"1484680112834928309","potions_obtained":[{"floor":1.0,"key":"LiquidMemories"},{"floor":8.0,"key":"SkillPotion"},{"floor":11.0,"key":"BlessingOfTheForge"},{"floor":13.0,"key":"DuplicationPotion"},{"floor":16.0,"key":"Strength Potion"},{"floor":23.0,"key":"PowerPotion"},{"floor":25.0,"key":"SkillPotion"},{"floor":28.0,"key":"DistilledChaos"},{"floor":31.0,"key":"Swift Potion"},{"floor":33.0,"key":"Weak Potion"},{"floor":38,"key":"EssenceOfDarkness"},{"floor":39,"key":"Block Potion"},{"floor":40,"key":"PotionOfCapacity"}],"is_trial":false,"path_per_floor":["M","M","$","?","M","R","?","E","T","R","E","?","E","M","R","B",null,"M","$","?","$","M","E","R","E","T","?","M","M","R","E","R","B",null,"M","?","?","M","M","E","?","R","T","E"],"character_chosen":"DEFECT","items_purchased":["OrangePellets"],"campfire_rested":2,"item_purchase_floors":[19],"current_hp_per_floor":[61,58,58,63,51,51,40,11,11,33,36,29,10,14,36,13,60,30,30,30,30,38,38,38,40,40,40,37,42,42,44,44,37,42,46,46,46,48,48,48,40,50,50,0,0],"gold":570,"neow_bonus":"RANDOM_COLORLESS_2","is_daily":false,"chose_seed":false,"campfire_upgraded":4,"win_rate":0.0,"timestamp":1611050369,"path_taken":["M","M","$","?","M","R","?","E","T","R","E","?","E","M","R","BOSS","M","$","?","?","M","E","R","E","T","?","M","M","R","E","R","BOSS","M","?","?","M","?","E","?","R","T","E"],"items_purchased_type":["Relic"],"build_version":"2020-12-22","purchased_purges":2,"victory":false,"max_hp_per_floor":[71,71,71,76,76,76,76,76,76,76,76,76,76,76,76,76,76,76,76,38,38,38,38,38,40,40,40,40,42,42,44,44,44,44,46,46,46,48,48,48,50,50,50,50,50],"relic_stats":{"OrangePellets":[9],"Emotion Chip":[53,32,18,2,1],"Shovel":1,"Gremlin Horn":[25,25],"Singing Bowl":12,"counters":[22,120],"Eternal Feather":10,"Pen Nib":[1],"Bag of Preparation":[36],"War Paint":["Defend_B","Defend_B"],"obtain_stats":[{"Gremlin Horn":11,"Singing Bowl":23,"Eternal Feather":25,"Pen Nib":42,"Bag of Preparation":8,"War Paint":31,"Empty Cage":34,"White Beast Statue":7,"Old Coin":40,"OrangePellets":19,"Emotion Chip":9,"Anchor":13,"DataDisk":26,"Shovel":36,"Coffee Dripper":17,"Cracked Core":0},{"Gremlin Horn":5,"Singing Bowl":11,"Eternal Feather":12,"Pen Nib":21,"Bag of Preparation":4,"War Paint":15,"Empty Cage":16,"White Beast Statue":3,"Old Coin":21,"OrangePellets":9,"Emotion Chip":4,"Anchor":6,"DataDisk":12,"Shovel":18,"Coffee Dripper":8,"Cracked Core":0},{"Gremlin Horn":19,"Singing Bowl":55,"Eternal Feather":61,"Pen Nib":112,"Bag of Preparation":11,"War Paint":80,"Empty Cage":87,"White Beast Statue":7,"Old Coin":112,"OrangePellets":41,"Emotion Chip":11,"Anchor":23,"DataDisk":61,"Shovel":94,"Coffee Dripper":35,"Cracked Core":0}]},"card_choices":[{"not_picked":["Thinking Ahead","Magnetism"],"picked":"Master of Strategy","floor":0.0},{"not_picked":["Streamline","Hologram"],"picked":"Sweeping Beam","floor":1.0},{"not_picked":["Gash","Auto Shields"],"picked":"Cold Snap","floor":2.0},{"not_picked":["Stack","Reprogram"],"picked":"Conserve Battery","floor":5.0},{"not_picked":["Buffer","Defragment"],"picked":"Self Repair","floor":8.0},{"not_picked":["Turbo","Sweeping Beam"],"picked":"Streamline","floor":11.0},{"not_picked":["Fusion","Coolheaded"],"picked":"Gash","floor":13.0},{"not_picked":["Heatsinks","Rebound"],"picked":"Hologram","floor":14.0},{"not_picked":["Reboot","Creative AI"],"picked":"Echo Form","floor":16.0},{"not_picked":["Beam Cell","Capacitor"],"picked":"Self Repair","floor":18.0},{"not_picked":["Chaos","Static Discharge+1"],"picked":"Glacier","floor":22.0},{"not_picked":["Hologram","Core Surge"],"picked":"Ball Lightning","floor":23.0},{"not_picked":["Stack","Barrage","Hello World"],"picked":"Singing Bowl","floor":25.0},{"not_picked":["Force Field","Rebound"],"picked":"Doom and Gloom+1","floor":28.0},{"not_picked":["Stack+1","Reinforced Body","Go for the Eyes"],"picked":"Singing Bowl","floor":29.0},{"not_picked":["Cold Snap","Compile Driver","Barrage"],"picked":"Singing Bowl","floor":31.0},{"not_picked":["Hyperbeam","Fission"],"picked":"Electrodynamics","floor":33.0},{"not_picked":["Sweeping Beam","Gash","Blizzard"],"picked":"Singing Bowl","floor":35.0},{"not_picked":["Coolheaded","Blizzard"],"picked":"Recycle","floor":36.0},{"not_picked":["Aggregate","Leap","Rip and Tear"],"picked":"Singing Bowl","floor":38},{"not_picked":["Lockon","Go for the Eyes"],"picked":"Coolheaded+1","floor":39},{"not_picked":["Doom and Gloom","Self Repair+1"],"picked":"BootSequence","floor":40},{"not_picked":["Dramatic Entrance","Mind Blast"],"picked":"Discovery","floor":41},{"not_picked":["Forethought","Panacea"],"picked":"PanicButton","floor":41},{"not_picked":["Swift Strike","Magnetism","Dramatic Entrance"],"picked":"Singing Bowl","floor":41}],"player_experience":1584747,"relics_obtained":[{"floor":8.0,"key":"Bag of Preparation"},{"floor":9.0,"key":"Emotion Chip"},{"floor":11.0,"key":"Gremlin Horn"},{"floor":13.0,"key":"Anchor"},{"floor":23.0,"key":"Singing Bowl"},{"floor":25.0,"key":"Eternal Feather"},{"floor":26.0,"key":"DataDisk"},{"floor":31.0,"key":"War Paint"},{"floor":36.0,"key":"Shovel"},{"floor":40,"key":"Old Coin"},{"floor":42,"key":"Pen Nib"}],"event_choices":[{"damage_healed":0.0,"max_hp_gain":5.0,"max_hp_loss":0.0,"gold_gain":0.0,"event_name":"Big Fish","player_choice":"Donut","floor":4.0,"gold_loss":0.0,"damage_taken":0.0},{"damage_healed":0.0,"max_hp_gain":0.0,"max_hp_loss":0.0,"gold_gain":0.0,"event_name":"Scrap Ooze","player_choice":"Success","floor":7.0,"gold_loss":0.0,"damage_taken":11.0,"relics_obtained":["White Beast Statue"]},{"cards_removed":["Strike_B"],"damage_healed":0.0,"max_hp_gain":0.0,"max_hp_loss":0.0,"gold_gain":0.0,"event_name":"Golden Wing","player_choice":"Card Removal","floor":12.0,"gold_loss":0.0,"damage_taken":7.0},{"damage_healed":0.0,"max_hp_gain":0.0,"max_hp_loss":38.0,"gold_gain":0.0,"event_name":"Ghosts","player_choice":"Became a Ghost","floor":20.0,"gold_loss":0.0,"damage_taken":0.0,"cards_obtained":["Ghostly","Ghostly","Ghostly"]},{"cards_removed":["Strike_B"],"damage_healed":0.0,"max_hp_gain":0.0,"max_hp_loss":0.0,"gold_gain":0.0,"event_name":"Beggar","player_choice":"Gave Gold","floor":27.0,"gold_loss":75.0,"damage_taken":0.0},{"damage_healed":0.0,"max_hp_gain":0.0,"max_hp_loss":0.0,"gold_gain":0.0,"event_name":"MindBloom","player_choice":"Fight","floor":36.0,"gold_loss":0.0,"damage_taken":0.0},{"cards_removed":["Defend_B"],"damage_healed":0,"gold_gain":0,"player_choice":"Purged","damage_taken":0,"max_hp_gain":0,"max_hp_loss":0,"event_name":"Purifier","floor":37,"gold_loss":0},{"damage_healed":0,"gold_gain":0,"player_choice":"Memory 3","damage_taken":10,"max_hp_gain":0,"max_hp_loss":0,"event_name":"SensoryStone","floor":41,"gold_loss":0}],"is_beta":false,"boss_relics":[{"not_picked":["Velvet Choker","Tiny House"],"picked":"Coffee Dripper"},{"not_picked":["Pandora\u0027s Box","Nuclear Battery"],"picked":"Empty Cage"}],"items_purged_floors":[3,19],"is_endless":false,"potions_floor_spawned":[1,8,11,13,14,16,18,22,23,25,28,29,31,33,35,36,38,39,40],"killed_by":"Giant Head","ascension_level":17}}