{"host":"2t0ddmgeopc3yqug","time":1611038350,"event":{"mods":["AchievementEnabler","BaseMod","BetterRewards","Colored Map","Colored Powertips","Hermit","Marisa£¨Ùöéë¡¡Øª×âÞÞ£©","Minty Spire (QoL Compilation)","Rare Cards Sparkle","Shop Mod","StSLib","SuperFastMode","The Cursed","The Poker Player","everything is the same but u backflip on backflip"],"gold_per_floor":[117,117,117,128,144,144,178,178,178,207,24,199,210,210,210,313,313,329,329,342,370,228,228,258,258,258,275,288,288,318,330,330,430,430,441,459,471,485,505,505,345,345,345,365,377,377,377,377],"floor_reached":46,"language":"KOR","playtime":3722,"items_purged":[],"score":572,"play_id":"282ccd3b-d1b5-4432-9ca8-855c6924169d","local_time":"20210119153910","is_ascension_mode":false,"metric_token":990,"campfire_choices":[{"data":"PokerPlayerMod:TrumpStrike","floor":6,"key":"SMITH"},{"data":"PokerPlayerMod:Mulligan","floor":8,"key":"SMITH"},{"data":"PokerPlayerMod:Manipulation","floor":15,"key":"SMITH"},{"data":"PokerPlayerMod:Spade4","floor":23,"key":"SMITH"},{"data":"PokerPlayerMod:Diamond2","floor":25,"key":"SMITH"},{"data":"PokerPlayerMod:Club4","floor":32,"key":"SMITH"},{"data":"PokerPlayerMod:Club9","floor":40,"key":"SMITH"},{"data":"PokerPlayerMod:Diamond9","floor":42,"key":"SMITH"}],"circlet_count":0,"master_deck":["PokerPlayerMod:Diamond1","PokerPlayerMod:Diamond2","PokerPlayerMod:Diamond3","PokerPlayerMod:Diamond4","PokerPlayerMod:Diamond5","PokerPlayerMod:Spade2","PokerPlayerMod:Spade3","PokerPlayerMod:Spade4","PokerPlayerMod:Club1","PokerPlayerMod:Club2","PokerPlayerMod:Heart2","PokerPlayerMod:TrumpStrike+1","PokerPlayerMod:BadJoker","PokerPlayerMod:Mulligan+1","PokerPlayerMod:ClubShade","PokerPlayerMod:Club10+","PokerPlayerMod:Heart1","PokerPlayerMod:MagicTrick","PokerPlayerMod:Extraction","PokerPlayerMod:Club7","PokerPlayerMod:Club5","PokerPlayerMod:HeartStrike+1","PokerPlayerMod:Heart7","PokerPlayerMod:HeartStrike","PokerPlayerMod:Diamond10+","PokerPlayerMod:Diamond4","PokerPlayerMod:Heart10+","PokerPlayerMod:Manipulation+1","PokerPlayerMod:Spade7","Decay","PokerPlayerMod:Diamond3","PokerPlayerMod:Fold+1","PokerPlayerMod:Spade5","PokerPlayerMod:TrumpStrike+1","PokerPlayerMod:Diamond2","PokerPlayerMod:Manipulation+1","PokerPlayerMod:Club3","PokerPlayerMod:FakeSymbols","PokerPlayerMod:Sharpen","PokerPlayerMod:Club4","PokerPlayerMod:Diamond5","PokerPlayerMod:DiamondStrike+1","PokerPlayerMod:Promotion","CurseOfTheBell","PokerPlayerMod:Spade3","PokerPlayerMod:Spade7","Parasite","PokerPlayerMod:Club6","PokerPlayerMod:Club5","PokerPlayerMod:Spade10+","PokerPlayerMod:Diamond7","PokerPlayerMod:Spade5","PokerPlayerMod:Heart8"],"relics":["PokerPlayerMod:DeckCase","Membership Card","FossilizedHelix","Orrery","PokerPlayerMod:CoolBox","Bag of Marbles","PokerPlayerMod:Splitter","PokerPlayerMod:PendantOfEscape","Astrolabe","Red Mask","Pear","Ornamental Fan","Orichalcum","Frozen Egg 2","White Beast Statue","Calling Bell","MealTicket","PokerPlayerMod:BottledPoker","Prayer Wheel","PrismaticShard","The Courier"],"acts_visited":["Exordium","TheCity","TheBeyond"],"potions_floor_usage":[24,33,46],"damage_taken":[{"damage":0,"enemies":"Jaw Worm","floor":1,"turns":2},{"damage":0,"enemies":"Cultist","floor":4,"turns":3},{"damage":0,"enemies":"2 Louse","floor":5,"turns":1},{"damage":0,"enemies":"Gremlin Nob","floor":7,"turns":3},{"damage":11,"enemies":"Lagavulin","floor":10,"turns":4},{"damage":0,"enemies":"Large Slime","floor":13,"turns":2},{"damage":21,"enemies":"Hexaghost","floor":16,"turns":6},{"damage":0,"enemies":"3 Byrds","floor":18,"turns":2},{"damage":10,"enemies":"Spheric Guardian","floor":20,"turns":4},{"damage":9,"enemies":"Masked Bandits","floor":21,"turns":3},{"damage":6,"enemies":"Book of Stabbing","floor":24,"turns":4},{"damage":13,"enemies":"Snake Plant","floor":27,"turns":3},{"damage":0,"enemies":"Snecko","floor":28,"turns":4},{"damage":0,"enemies":"Gremlin Leader","floor":30,"turns":5},{"damage":9,"enemies":"Shelled Parasite and Fungi","floor":31,"turns":3},{"damage":62,"enemies":"Collector","floor":33,"turns":8},{"damage":0,"enemies":"Orb Walker","floor":35,"turns":3},{"damage":0,"enemies":"3 Shapes","floor":36,"turns":2},{"damage":17,"enemies":"Sphere and 2 Shapes","floor":37,"turns":4},{"damage":0,"enemies":"Writhing Mass","floor":38,"turns":4},{"damage":0,"enemies":"3 Darklings","floor":39,"turns":3},{"damage":0,"enemies":"Sphere and 2 Shapes","floor":44,"turns":1},{"damage":0,"enemies":"Jaw Worm Horde","floor":45,"turns":2},{"damage":95,"enemies":"Giant Head","floor":46,"turns":9}],"seed_played":"-8480467034582171139","potions_obtained":[{"floor":1,"key":"Dexterity Potion"},{"floor":4,"key":"Strength Potion"},{"floor":10,"key":"LiquidBronze"},{"floor":13,"key":"SkillPotion"},{"floor":21,"key":"ColorlessPotion"},{"floor":27,"key":"DuplicationPotion"},{"floor":28,"key":"Regen Potion"},{"floor":33,"key":"Strength Potion"},{"floor":39,"key":"LiquidMemories"}],"is_trial":false,"path_per_floor":["M","?","?","M","M","R","E","R","T","E","$","?","M","?","R","B",null,"M","?","M","?","$","R","E","R","T","M","M","T","E","M","R","B",null,"M","M","M","M","M","R","$","R","T","M","M","E"],"character_chosen":"THE_POKER_PLAYER","items_purchased":["Membership Card","PokerPlayerMod:ClubShade","PokerPlayerMod:Club9","PokerPlayerMod:Heart1","Orrery","PokerPlayerMod:Heart10+","PokerPlayerMod:ClubsClub","PokerPlayerMod:PendantOfEscape","PokerPlayerMod:Club3","Pear","PokerPlayerMod:Spade10+","PrismaticShard"],"campfire_rested":0,"item_purchase_floors":[0,0,0,0,0,11,11,11,22,22,41,41],"current_hp_per_floor":[49,39,44,52,52,52,52,52,52,52,52,52,52,52,52,52,52,52,52,42,43,53,53,62,62,62,49,62,62,62,62,62,14,62,62,62,58,62,62,62,62,62,62,62,62,0,0,0],"gold":377,"neow_bonus":"","is_daily":false,"chose_seed":false,"campfire_upgraded":8,"win_rate":0.0,"timestamp":1611038350,"path_taken":["M","?","?","?","M","R","E","R","T","E","$","?","M","?","R","BOSS","M","?","M","?","$","R","E","R","T","M","M","?","E","M","R","BOSS","M","M","M","M","M","R","$","R","T","M","M","E"],"items_purchased_type":["Relic","Card","Card","Card","Relic","Undefined","Card","Relic","Card","Relic","Undefined","Relic"],"build_version":"2020-12-22","purchased_purges":0,"victory":false,"max_hp_per_floor":[52,52,52,52,52,52,52,52,52,52,52,52,52,52,52,52,52,52,52,52,52,62,62,62,62,62,62,62,62,62,62,62,62,62,62,62,62,62,62,62,62,62,62,62,62,62,62,62],"card_choices":[{"not_picked":["PokerPlayerMod:Diamond3","PokerPlayerMod:DiamondStrike"],"picked":"PokerPlayerMod:MagicTrick","floor":0},{"not_picked":["PokerPlayerMod:Club4","PokerPlayerMod:Diamond3"],"picked":"PokerPlayerMod:Extraction","floor":0},{"not_picked":["PokerPlayerMod:Spade4","PokerPlayerMod:Club3"],"picked":"PokerPlayerMod:Club7","floor":0},{"not_picked":["PokerPlayerMod:Heart2","PokerPlayerMod:Fold"],"picked":"PokerPlayerMod:Club4","floor":0},{"not_picked":["PokerPlayerMod:ClubStrike","PokerPlayerMod:Spade1"],"picked":"PokerPlayerMod:HeartStrike","floor":0},{"not_picked":["PokerPlayerMod:Diamond2","PokerPlayerMod:Spade4"],"picked":"PokerPlayerMod:Heart7","floor":1},{"not_picked":["PokerPlayerMod:Club4","PokerPlayerMod:Diamond3"],"picked":"PokerPlayerMod:MagicTrick","floor":4},{"not_picked":["PokerPlayerMod:Diamond1","PokerPlayerMod:Extraction"],"picked":"PokerPlayerMod:HeartStrike","floor":5},{"not_picked":["PokerPlayerMod:Diamond2","PokerPlayerMod:DamnStraight"],"picked":"PokerPlayerMod:Diamond9","floor":7},{"not_picked":["PokerPlayerMod:Spade2","PokerPlayerMod:FlyingCard"],"picked":"PokerPlayerMod:Diamond4","floor":10},{"not_picked":["PokerPlayerMod:Spade4","PokerPlayerMod:FillThePot"],"picked":"PokerPlayerMod:Manipulation","floor":13},{"not_picked":["PokerPlayerMod:ItsShowtime","PokerPlayerMod:Club10+"],"picked":"PokerPlayerMod:Spade7","floor":16},{"not_picked":["PokerPlayerMod:Club1","PokerPlayerMod:Configure"],"picked":"PokerPlayerMod:Spade4","floor":18},{"not_picked":["PokerPlayerMod:DartThrow","PokerPlayerMod:Extraction"],"picked":"PokerPlayerMod:Diamond2","floor":20},{"not_picked":["PokerPlayerMod:HotShotCut","PokerPlayerMod:Spade4"],"picked":"PokerPlayerMod:Manipulation+1","floor":21},{"not_picked":["PokerPlayerMod:Spade8","PokerPlayerMod:SpadeStrike+1"],"picked":"PokerPlayerMod:FakeSymbols","floor":24},{"not_picked":["PokerPlayerMod:MagicTrick","PokerPlayerMod:Configure"],"picked":"PokerPlayerMod:Sharpen","floor":27},{"not_picked":["PokerPlayerMod:Club3","PokerPlayerMod:Spade4"],"picked":"PokerPlayerMod:Club4","floor":28},{"not_picked":["PokerPlayerMod:Club4","PokerPlayerMod:Diamond3"],"picked":"PokerPlayerMod:Diamond5","floor":30},{"not_picked":["PokerPlayerMod:SpadeStrike","PokerPlayerMod:Raise"],"picked":"PokerPlayerMod:DiamondStrike+1","floor":31},{"not_picked":["PokerPlayerMod:Spade9","PokerPlayerMod:ChangeRules"],"picked":"PokerPlayerMod:Promotion","floor":33},{"not_picked":["PokerPlayerMod:Spade1","PokerPlayerMod:SpadeStrike"],"picked":"PokerPlayerMod:Spade3","floor":35},{"not_picked":["PokerPlayerMod:Trickery","PokerPlayerMod:ClubsClub+1","PokerPlayerMod:Heart3"],"picked":"SKIP","floor":35},{"not_picked":["PokerPlayerMod:Diamond2","PokerPlayerMod:Spade3","PokerPlayerMod:CloakAndDiamond"],"picked":"SKIP","floor":36},{"not_picked":["PokerPlayerMod:Diamond1","PokerPlayerMod:Spade2","PokerPlayerMod:Raise"],"picked":"SKIP","floor":36},{"not_picked":["PokerPlayerMod:ClubsClub+1","PokerPlayerMod:Diamond3"],"picked":"PokerPlayerMod:Spade7","floor":37},{"not_picked":["PokerPlayerMod:Club4","PokerPlayerMod:Diamond1","PokerPlayerMod:JackOfSpades+1"],"picked":"SKIP","floor":37},{"not_picked":["PokerPlayerMod:Extraction","PokerPlayerMod:Diamond4"],"picked":"PokerPlayerMod:Club6","floor":38},{"not_picked":["PokerPlayerMod:Spade4","PokerPlayerMod:VarietyAttack"],"picked":"PokerPlayerMod:Club5","floor":38},{"not_picked":["PokerPlayerMod:DiamondStrike+1","PokerPlayerMod:Diamond2","PokerPlayerMod:Heart1"],"picked":"SKIP","floor":39},{"not_picked":["PokerPlayerMod:Extraction+1","PokerPlayerMod:CardBurn","PokerPlayerMod:DiamondStrike+1"],"picked":"SKIP","floor":39},{"not_picked":["TheCursedMod:Stigma","BowlingBash+1"],"picked":"PokerPlayerMod:Diamond7","floor":44},{"not_picked":["Phantasmal Killer","PokerPlayerMod:Spade3","PokerPlayerMod:Diamond4"],"picked":"SKIP","floor":44},{"not_picked":["TheCursedMod:Grudge+1","PokerPlayerMod:Diamond5"],"picked":"PokerPlayerMod:Spade5","floor":45},{"not_picked":["PokerPlayerMod:Diamond4","PokerPlayerMod:Club3"],"picked":"PokerPlayerMod:Heart8","floor":45}],"player_experience":102266,"relics_obtained":[{"floor":7,"key":"PokerPlayerMod:CoolBox"},{"floor":9,"key":"Bag of Marbles"},{"floor":10,"key":"PokerPlayerMod:Splitter"},{"floor":21,"key":"Red Mask"},{"floor":24,"key":"Ornamental Fan"},{"floor":26,"key":"Orichalcum"},{"floor":29,"key":"Frozen Egg 2"},{"floor":30,"key":"White Beast Statue"},{"floor":34,"key":"MealTicket"},{"floor":34,"key":"PokerPlayerMod:BottledPoker"},{"floor":34,"key":"Prayer Wheel"},{"floor":43,"key":"The Courier"}],"event_choices":[{"damage_healed":0,"gold_gain":0,"player_choice":"Entered Light","damage_taken":10,"max_hp_gain":0,"max_hp_loss":0,"event_name":"Shining Light","floor":2,"gold_loss":0,"cards_upgraded":["PokerPlayerMod:Spade2","PokerPlayerMod:HeartStrike"]},{"cards_removed":["PokerPlayerMod:Spade2"],"damage_healed":5,"gold_gain":0,"player_choice":"Offered Special","damage_taken":0,"max_hp_gain":0,"max_hp_loss":0,"event_name":"Bonfire Elementals","floor":3,"gold_loss":0},{"damage_healed":0,"gold_gain":175,"player_choice":"AGREE","damage_taken":0,"max_hp_gain":0,"max_hp_loss":0,"event_name":"Liars Game","floor":12,"gold_loss":0,"cards_obtained":["Doubt"]},{"damage_healed":0,"gold_gain":0,"player_choice":"Leave","damage_taken":0,"max_hp_gain":0,"max_hp_loss":0,"event_name":"The Cleric","floor":14,"gold_loss":0},{"damage_healed":0,"gold_gain":0,"player_choice":"Copied","damage_taken":0,"max_hp_gain":0,"max_hp_loss":0,"event_name":"PokerPlayerMod:BackToBasicsPoker","floor":19,"gold_loss":0,"cards_obtained":["PokerPlayerMod:TrumpStrike"]},{"damage_healed":0,"gold_gain":0,"player_choice":"Fought Bandits","damage_taken":0,"max_hp_gain":0,"max_hp_loss":0,"event_name":"Masked Bandits","floor":21,"gold_loss":0}],"is_beta":false,"boss_relics":[{"not_picked":["Empty Cage","Sozu"],"picked":"Astrolabe"},{"not_picked":["Runic Dome","Fusion Hammer"],"picked":"Calling Bell"}],"items_purged_floors":[],"is_endless":false,"potions_floor_spawned":[1,4,10,13,21,27,28,31,33,35,36,37,38,39,44,45],"killed_by":"Giant Head","ascension_level":0}}