{"host":"m4zn6rtsd36lrr22","time":1611056694,"event":{"mods":["2.2 Compatiblity","Act Like it!","BaseMod","Better Synergies","CapriCore","Colored Map","Custom Start","Gensokyo","GungeonMod","HololiveMod","Ironclad Rager","Lobotomy","LobotomyExtend","Luminous","Minty Spire (QoL Compilation)","Permanent Neow","Prisma Mod","Quick Restart","Rare Cards Sparkle","Reimu（博丽灵梦）","Relic Stats","Remilia（蕾米莉亚）","Replay The Spire","RumiaBox-露米娅的神秘盒子","Ryuuou龙王","Shop Mod","Spicy Shops","StSLib","The Alterego","The Animator","The Immortal","The Senshi","Waifu the Spire","WarShipGirlsR/战舰少女R mod","Yakumo Yukari mod","noobMod","【功能Mod】混沌之环修复补丁","【遗物卡牌】REMEMod"],"gold_per_floor":[131,36,36,36,56,387,442,453,479,493,508,518,83,96,96,193,243,253,253,266,17,35,60,60,79,79,79,289,289,307,230,230,326,326,337,277,277,287,305,305,67,84,84,24,40,58,140,157,157,157,157],"floor_reached":52,"language":"ZHS","playtime":3034,"items_purged":["Clumsy","AT_purpleEX"],"score":805,"play_id":"77d996ba-bdb5-4659-964b-44b1a295a635","local_time":"20210119194454","is_ascension_mode":false,"campfire_choices":[{"floor":15,"key":"DIG"},{"floor":24,"key":"RECALL"},{"data":"ContainerChange_purple","floor":27,"key":"SMITH"},{"data":"Theboundaryofcreation_purpleEX","floor":32,"key":"SMITH"},{"data":"Gensokyo:UnhurriedMind","floor":40,"key":"SMITH"},{"floor":49,"key":"DIG"}],"circlet_count":0,"master_deck":["Gensokyo:UnhurriedMind+1","Mirror_TwoAndThreeElementRealm_purple","Worldmountain_purple","StateErode_purple+1","Shallow_ocean_purpleEX","Boundary_LifeAndDeath_purple","DimensionStaggered_purple+1","Anti_communist_purple","Umbrella_purple","Fantasy_PerpetualMotionMachine_purple","REME_BodyOfCthun","LoveAcrossDimensions_purple","RuleDissolution_purple","WatchEChange_purple","ContainerChange_purple+1","Bait_HighSpeedFlying_purple+1","MonsterNeedle_purple+1","Theboundaryofcreation_purpleEX+1","PurpleNeedle_purple","Boundary_of_Extermination_purpleEX","Monsters_DoubleDeathButterfly_purple","Boundary_of_Extermination_purpleEX","Gensokyo:CustomPotion","Gensokyo:HouraiInAPot+1","MeetDecomposer_purple+1","Magnetism","Umbrella_purple","OmniscientAndOmnipotent_Monster_purple+1","Computing_the_future_purpleEX","ProofOfUnderstanding_purple","ProofOfUnderstanding_purple","Price_of_realm_purpleEX","ContainerChange_purple","ProofOfUnderstanding_purple","Know_ledgeAbilityRealm_purple","ContainerChange_purple","GluttonyofRealm_purpleEX","Boundary_of_Extermination_purpleEX","Boundary_of_Extermination_purpleEX","Charmbait_purple","ExternalForce_HighSpeedFlying_purple"],"relics":["Boundary_crack","Memoryfragments_purpleEX","REME_ComplimentaryCards","ice","LetterFromLob","Gensokyo:NagashiBinaDoll","ScarletDevilRocket","Letter Opener","ReplayTheSpireMod:Lightbulb","CrazyTorch:ReiMu","Replay:Grab Bag","Sozu","ChewingGum","Tiny House","REME_CardOfGreed","Lantern","Orichalcum","Replay:Ringing Soul","REME_ChargedStone","SumBook","Golden Egg","Gambling Chip"],"acts_visited":["Gensokyo:Gensokyo","Gensokyo:Gensokyoer","Gensokyo:Gensokyoest"],"potions_floor_usage":[],"damage_taken":[{"damage":9,"enemies":"Gensokyo:2_Kodama","floor":1,"turns":4},{"damage":25,"enemies":"Gensokyo:Python","floor":5,"turns":5},{"damage":59,"enemies":"Gensokyo:Mamizou","floor":6,"turns":11},{"damage":0,"enemies":"Gensokyo:Gryphon","floor":8,"turns":3},{"damage":8,"enemies":"Gensokyo:CorruptedTreant","floor":10,"turns":2},{"damage":4,"enemies":"Gensokyo:Python_and_Kodama","floor":11,"turns":4},{"damage":0,"enemies":"Gensokyo:Gryphon_and_Rabbit","floor":12,"turns":2},{"damage":0,"enemies":"Gensokyo:LivingMonolith","floor":14,"turns":2},{"damage":37,"enemies":"Gensokyo:Yukari","floor":16,"turns":11},{"damage":0,"enemies":"Gensokyo:CosmicMonolith","floor":18,"turns":3},{"damage":0,"enemies":"Gensokyo:2_Gloops","floor":20,"turns":3},{"damage":23,"enemies":"Gensokyo:Wraith","floor":22,"turns":5},{"damage":8,"enemies":"Gensokyo:Tenshi","floor":23,"turns":4},{"damage":3,"enemies":"Gensokyo:Slime_Group","floor":25,"turns":5},{"damage":4,"enemies":"Gensokyo:Mirror_and_Dog","floor":28,"turns":3},{"damage":0,"enemies":"Gensokyo:Chomper_and_Gloop","floor":30,"turns":2},{"damage":70,"enemies":"Gensokyo:Eternal_Rivals","floor":33,"turns":6},{"damage":6,"enemies":"Gensokyo:3_Bats","floor":35,"turns":2},{"damage":4,"enemies":"Gensokyo:3_Bats","floor":37,"turns":9},{"damage":0,"enemies":"Gensokyo:3_Boulders","floor":38,"turns":1},{"damage":15,"enemies":"Gensokyo:SeedOfUnknown","floor":39,"turns":4},{"damage":11,"enemies":"Gensokyo:4_Bats","floor":42,"turns":3},{"damage":49,"enemies":"Gensokyo:Rafflesia","floor":45,"turns":4},{"damage":10,"enemies":"Gensokyo:AtlasGolem","floor":46,"turns":4},{"damage":0,"enemies":"Gensokyo:3_Boulders","floor":48,"turns":1},{"damage":50,"enemies":"Gensokyo:Shinki","floor":50,"turns":8}],"seed_played":"-1735373321418586871","potions_obtained":[{"floor":6,"key":"LiquidMemories"},{"floor":10,"key":"Fire Potion"},{"floor":11,"key":"ZuzhouPotion:ReiMu"}],"is_trial":false,"path_per_floor":["M","COS","?","?","M","E","T","M","T","M","M","M","$","M","R_BF","B",null,"M","M","M","COS","M","E","R","M","T","R","M","?","M","$","R","B",null,"M","?","?","M","M","R","$","M","T","$","M","M","T","M","R_BF","B",null,null],"character_chosen":"Youkari","items_purchased":["Fantasy_PerpetualMotionMachine_purple","REME_BodyOfCthun","Boundary_of_Extermination_purpleEX","Magnetism","Umbrella_purple","Boundary_of_Extermination_purpleEX"],"campfire_rested":0,"item_purchase_floors":[13,13,31,41,41,44],"current_hp_per_floor":[70,70,70,70,46,53,53,54,54,56,56,57,57,57,57,25,98,98,98,100,100,77,74,74,76,76,76,81,84,88,91,91,25,137,142,145,148,148,136,136,139,132,135,138,92,82,82,85,85,39,39],"gold":157,"neow_bonus":"ONE_RANDOM_RARE_CARD","is_daily":false,"chose_seed":false,"campfire_upgraded":3,"win_rate":0.0,"timestamp":1611056694,"path_taken":["M","COS","?","?","?","E","?","M","T","M","M","M","$","M","R_BF","BOSS","M","M","M","COS","M","E","R","M","T","R","M","?","?","$","R","BOSS","M","?","?","?","M","R","?","M","T","$","M","M","?","M","R_BF","BOSS"],"items_purchased_type":["Card","Card","Card","Card","Card","Card"],"build_version":"2020-12-22","purchased_purges":2,"victory":true,"max_hp_per_floor":[70,70,70,70,70,70,70,73,73,76,79,82,82,82,82,93,98,100,100,100,100,108,112,112,117,117,117,120,123,126,129,129,137,137,142,145,148,148,152,152,155,163,166,169,176,177,177,180,180,188,188],"relic_stats":{"Sozu":9,"counters":[26,111],"Gambling Chip":[19],"Letter Opener":[311],"Orichalcum":[90],"obtain_stats":[{"Golden Egg":47,"Lantern":23,"ScarletDevilRocket":6,"Tiny House":17,"Replay:Grab Bag":17,"REME_ChargedStone":34,"Gensokyo:NagashiBinaDoll":3,"DemoMod:GlassGuonStoneRelic":12,"ice":0,"Boundary_crack":0,"Letter Opener":6,"Orichalcum":23,"Sozu":17,"Replay:Ringing Soul":26,"Gambling Chip":49,"CrazyTorch:ReiMu":15,"ChewingGum":17,"LetterFromLob":1,"REME_CardOfGreed":21,"ReplayTheSpireMod:Lightbulb":9,"Memoryfragments_purpleEX":0,"REME_ComplimentaryCards":0,"SumBook":43},{"Golden Egg":24,"Lantern":13,"ScarletDevilRocket":3,"Tiny House":9,"Replay:Grab Bag":9,"REME_ChargedStone":17,"Gensokyo:NagashiBinaDoll":1,"DemoMod:GlassGuonStoneRelic":7,"ice":0,"Boundary_crack":0,"Letter Opener":3,"Orichalcum":13,"Sozu":9,"Replay:Ringing Soul":14,"Gambling Chip":25,"CrazyTorch:ReiMu":8,"ChewingGum":9,"LetterFromLob":1,"REME_CardOfGreed":11,"ReplayTheSpireMod:Lightbulb":4,"Memoryfragments_purpleEX":0,"REME_ComplimentaryCards":0,"SumBook":22},{"Golden Egg":102,"Lantern":56,"ScarletDevilRocket":11,"Tiny House":44,"Replay:Grab Bag":44,"REME_ChargedStone":75,"Gensokyo:NagashiBinaDoll":4,"DemoMod:GlassGuonStoneRelic":31,"ice":0,"Boundary_crack":0,"Letter Opener":20,"Orichalcum":59,"Sozu":44,"Replay:Ringing Soul":64,"Gambling Chip":103,"CrazyTorch:ReiMu":33,"ChewingGum":44,"LetterFromLob":4,"REME_CardOfGreed":50,"ReplayTheSpireMod:Lightbulb":23,"Memoryfragments_purpleEX":0,"REME_ComplimentaryCards":0,"SumBook":94}]},"card_choices":[{"not_picked":["RuleDissolution_purple","ExistenceContinue_purple"],"picked":"Worldmountain_purple","floor":1},{"not_picked":["MeetDecomposer_purple+1","OmniscientAndOmnipotent_Monster_purple+1"],"picked":"StateErode_purple+1","floor":5},{"not_picked":["Realm_recovery_purpleEX","WingOfChimera_purple"],"picked":"Shallow_ocean_purpleEX","floor":5},{"not_picked":["Worldmountain_purple","Mirror_TwoAndThreeElementRealm_purple"],"picked":"Boundary_LifeAndDeath_purple","floor":6},{"not_picked":["RuleDissolution_purple","MeetDecomposer_purple"],"picked":"DimensionStaggered_purple","floor":8},{"not_picked":["Realm_recovery_purpleEX","SharpContractionReality_purple"],"picked":"Anti_communist_purple","floor":10},{"not_picked":["StateDuplicate_purple","Realm_recovery_purpleEX"],"picked":"Line_surface_state_purple","floor":11},{"not_picked":["Mirror_FormAndEmptin_purple","AdvanceAttack_purple"],"picked":"Umbrella_purple","floor":12},{"not_picked":["Shallow_ocean_purpleEX","AdvanceAttack_purple","Umbrella_purple"],"picked":"SKIP","floor":14},{"not_picked":["D_absorption_purple","BarrageBoundary_PipeDream_purple"],"picked":"LoveAcrossDimensions_purple","floor":16},{"not_picked":["SfantasyHide_purple","Worldmountain_purple"],"picked":"RuleDissolution_purple","floor":17},{"not_picked":["ExistenceContinue_purple","DimensionStaggered_purple+1"],"picked":"WatchEChange_purple","floor":18},{"not_picked":["RuleDissolution_purple","Mirror_FormAndEmptin_purple","StateErode_purple"],"picked":"SKIP","floor":20},{"not_picked":["SharpContractionReality_purple","Extrememeaning_purpleEX","StateErode_purple"],"picked":"SKIP","floor":22},{"not_picked":["GluttonyofRealm_purpleEX","MagicEyes_LaplaceDemon_purple"],"picked":"ContainerChange_purple","floor":23},{"not_picked":["ButterflyHabitatTemple_purple","Photoelasticity_Doppler_Effect_purple"],"picked":"Bait_HighSpeedFlying_purple+1","floor":23},{"not_picked":["Realm_recovery_purpleEX","ExistenceContinue_purple"],"picked":"MonsterNeedle_purple+1","floor":25},{"not_picked":["Umbrella_purple","Realm_recovery_purpleEX","StateErode_purple"],"picked":"SKIP","floor":28},{"not_picked":["OmniscientAndOmnipotent_Monster_purple+1","Boundary_LightAndDark_purple"],"picked":"PurpleNeedle_purple","floor":30},{"not_picked":["D_absorption_purple","Mirror_TwoAndThreeElementRealm_purple"],"picked":"Monsters_DoubleDeathButterfly_purple","floor":33},{"not_picked":["SfantasyHide_purple","RuleDissolution_purple"],"picked":"Boundary_of_Extermination_purpleEX","floor":35},{"not_picked":["Gensokyo:UnhurriedMind+1","Gensokyo:RisingWorld+1"],"picked":"Gensokyo:HouraiInAPot+1","floor":37},{"not_picked":["Boundary_DynamicStaticEquilibrium_purple+1","Realm_recovery_purpleEX+1","RuleDissolution_purple"],"picked":"SKIP","floor":38},{"not_picked":["AdvanceAttack_purple+1","Boundary_LightAndDark_purple"],"picked":"MeetDecomposer_purple+1","floor":39},{"not_picked":["Mirror_FourBoundary_purple+1","WingOfChimera_purple+1"],"picked":"OmniscientAndOmnipotent_Monster_purple+1","floor":42},{"not_picked":["RuleDissolution_purple","Mirror_FourBoundary_purple+1"],"picked":"Charmbait_purple","floor":45},{"not_picked":["RuleDissolution_purple+1","MeetDecomposer_purple","Erosivefilter_purple+1"],"picked":"SKIP","floor":46},{"not_picked":["ButterflyHabitatTemple_purple","Charmbait_purple+1"],"picked":"ExternalForce_HighSpeedFlying_purple","floor":48}],"player_experience":332596,"relics_obtained":[{"floor":1,"key":"LetterFromLob"},{"floor":6,"key":"Letter Opener"},{"floor":9,"key":"ReplayTheSpireMod:Lightbulb"},{"floor":15,"key":"CrazyTorch:ReiMu"},{"floor":23,"key":"Orichalcum"},{"floor":26,"key":"Replay:Ringing Soul"},{"floor":43,"key":"SumBook"},{"floor":47,"key":"Golden Egg"},{"floor":49,"key":"Gambling Chip"}],"event_choices":[],"is_beta":false,"boss_relics":[{"not_picked":["EasyGame_NEW","Velvet Choker"],"picked":"Replay:Grab Bag"},{"not_picked":["SlaversCollar","Philosopher\u0027s Stone"],"picked":"Sozu"},{"not_picked":["Busted Crown","Runic Dome"],"picked":"ChewingGum"},{"not_picked":["Calling Bell","AddBug"],"picked":"Tiny House"},{"not_picked":["Hololive_ChaosS","Painkiller Herb"],"picked":"REME_ChargedStone"}],"items_purged_floors":[13,13],"is_endless":false,"potions_floor_spawned":[6,10,11,14,20,25,28,30,35,42,45,48],"ascension_level":0}}