{"host":"te4ihy0orbpglf07","time":1611075419,"event":{"mods":["Act Like it!","Arknights The Spire","BaseMod","BetterRewards","Friendly Minions","Gensokyo","Hubris","Infinite Spire","Minty Spire (QoL Compilation)","Prisma Mod","RumiaBox-????????","Small Relic Pack","StSLib","SuperFastMode","Td1madao Mod","The Servant 0.9.4","??????REMEMod"],"gold_per_floor":[110,110,133,133,157,195,213,213,237,256,277,277,300,321,321,452,452,468,491,516,516,560,560,575,595,666,82,82,82,5,69,69,254,254,284,309,334,334,343,343],"floor_reached":39,"language":"ENG","playtime":3276,"items_purged":["PrismaMod:IllyaCommonDefend"],"score":566,"play_id":"a116a9f5-32c9-41f1-89bf-0e1558460f94","local_time":"20210119195659","is_ascension_mode":false,"campfire_choices":[{"data":"Defend System","floor":8,"key":"SMITH"},{"floor":12,"key":"REST"},{"data":"PrismaMod:IllyaUberChannel","floor":15,"key":"SMITH"},{"data":"PrismaMod:IllyaUberChannel","floor":23,"key":"SMITH"},{"floor":29,"key":"REST"},{"data":"PrismaMod:IllyaFriendMaker","floor":29,"key":"SMITH"},{"data":"PrismaMod:IllyaCarnivalPrismaAstolfo","floor":32,"key":"SMITH"}],"circlet_count":0,"master_deck":["PrismaMod:IllyaCommonAttack","PrismaMod:IllyaCommonDefend","PrismaMod:IllyaCommonAttack","PrismaMod:IllyaCommonDefend","PrismaMod:IllyaCommonAttack","PrismaMod:IllyaCommonAttack","PrismaMod:IllyaCommonDefend","PrismaMod:IllyaCommonAttack","PrismaMod:IllyaCommonDefend","PrismaMod:IllyaUncommonAttack","PrismaMod:IllyaUncommonDefend","Defend System+1","PrismaMod:IllyaPoisonTippedWeapons","PrismaMod:IllyaDevil","PrismaMod:IllyaBride","PrismaMod:IllyaRubysPotion","PrismaMod:IllyaCheapChannelPoison","PrismaMod:IllyaCommandSeal","PrismaMod:IllyaPartialInstallAssassin","PrismaMod:IllyaAOECommonAttack","PrismaMod:IllyaCheapChannelAttack","PrismaMod:IllyaRubysPotion","PrismaMod:IllyaUberChannel+1","PrismaMod:IllyaInstallRuler","PrismaMod:IllyaUberChannel+1","PrismaMod:IllyaCarnivalPrismaAstolfo+1","PrismaMod:IllyaBerserCAR","PrismaMod:IllyaPoisonTippedWeapons","PrismaMod:IllyaFriendMaker+1","infinitespire:Punishment","PrismaMod:IllyaGrail","PrismaMod:IllyaInstallMoonCancer","PrismaMod:IllyaCarnivalPrismaAstolfo","PrismaMod:IllyaPartialInstallAssassin","PrismaMod:IllyaCarnivalPrismaAstolfo","PrismaMod:IllyaAlice","infinitespire:Punishment"],"relics":["PrismaMod:PrismaRuby","REME_ComplimentaryCards","Golden Idol","SSSystem","Ornamental Fan","hubris:TenFootPole","hubris:VirtuousBlindfold","REME_ArchaeologicalTools","infinitespire:Magic Flask","relicPack:WeightedSword","SacredBark"],"acts_visited":["Exordium","TheCity","TheBeyond"],"potions_floor_usage":[11,11,14,16,22,36,37,39],"damage_taken":[{"damage":2,"enemies":"Jaw Worm","floor":1,"turns":4},{"damage":10,"enemies":"infinitespire:Voidling","floor":3,"turns":4},{"damage":0,"enemies":"2 Louse","floor":5,"turns":2},{"damage":18,"enemies":"Lagavulin","floor":6,"turns":8},{"damage":16,"enemies":"Lots of Slimes","floor":7,"turns":6},{"damage":20,"enemies":"Gremlin Gang","floor":10,"turns":7},{"damage":18,"enemies":"Exordium Wildlife","floor":11,"turns":5},{"damage":13,"enemies":"Exordium Thugs","floor":13,"turns":5},{"damage":16,"enemies":"Lots of Slimes","floor":14,"turns":4},{"damage":8,"enemies":"The Guardian","floor":16,"turns":13},{"damage":23,"enemies":"Chosen","floor":18,"turns":5},{"damage":25,"enemies":"Spheric Guardian","floor":19,"turns":5},{"damage":20,"enemies":"Shelled Parasite and Fungi","floor":20,"turns":5},{"damage":11,"enemies":"Snake Plant","floor":22,"turns":6},{"damage":5,"enemies":"3 Cultists","floor":24,"turns":4},{"damage":19,"enemies":"Centurion and Healer","floor":25,"turns":8},{"damage":0,"enemies":"Snake Plant","floor":31,"turns":2},{"damage":19,"enemies":"Collector","floor":33,"turns":5},{"damage":10,"enemies":"3 Shapes","floor":35,"turns":4},{"damage":11,"enemies":"Orb Walker","floor":36,"turns":4},{"damage":3,"enemies":"Transient","floor":37,"turns":5},{"damage":80,"enemies":"Writhing Mass","floor":39,"turns":3}],"seed_played":"3842883827302662542","potions_obtained":[{"floor":6,"key":"DuplicationPotion"},{"floor":7,"key":"SpeedPotion"},{"floor":10,"key":"EssenceOfSteel"},{"floor":11,"key":"Swift Potion"},{"floor":16,"key":"SmokeBomb"},{"floor":19,"key":"LiquidBronze"},{"floor":20,"key":"DistilledChaos"},{"floor":25,"key":"FearPotion"},{"floor":35,"key":"AttackPotion"},{"floor":36,"key":"Fire Potion"},{"floor":37,"key":"Ancient Potion"}],"is_trial":false,"path_per_floor":["M","?","M","?","M","E","M","R","T","M","M","R","M","M","R","B",null,"M","M","M","?","M","R","M","M","T","$","?","R","$","M","R","B",null,"M","M","M","?","M"],"character_chosen":"ILLYA","items_purchased":["PrismaMod:IllyaPoisonTippedWeapons","PrismaMod:IllyaDevil","infinitespire:Magic Flask","relicPack:WeightedSword","PrismaMod:IllyaPoisonTippedWeapons","PrismaMod:IllyaFriendMaker","PrismaMod:IllyaGrail"],"campfire_rested":2,"item_purchase_floors":[0,0,27,27,27,27,30],"current_hp_per_floor":[73,55,52,52,52,39,31,31,31,19,9,31,26,23,23,28,75,56,44,39,36,33,33,41,35,35,35,26,49,49,49,49,38,77,68,65,70,70,0,0],"gold":343,"neow_bonus":"","is_daily":false,"chose_seed":false,"campfire_upgraded":5,"win_rate":0.0,"timestamp":1611075419,"path_taken":["M","?","M","?","M","E","?","R","T","M","M","R","M","M","R","BOSS","M","M","M","?","?","R","?","M","T","$","?","R","?","M","R","BOSS","M","?","M","?","M"],"items_purchased_type":["Card","Card","Relic","Relic","Card","Card","Card"],"build_version":"2020-12-22","purchased_purges":1,"victory":false,"max_hp_per_floor":[75,75,75,75,75,75,75,75,75,75,75,75,75,75,75,75,75,75,75,77,77,77,77,77,77,77,77,77,77,77,77,77,77,77,77,77,80,80,80,80],"card_choices":[{"not_picked":["PrismaMod:IllyaUncommonAttack","PrismaMod:IllyaFeed"],"picked":"PrismaMod:IllyaBride","floor":1},{"not_picked":["PrismaMod:IllyaUncommonAttack","PrismaMod:IllyaReinForce"],"picked":"PrismaMod:IllyaRubysPotion","floor":3},{"not_picked":["PrismaMod:IllyaStunPoison","PrismaMod:IllyaMinorReinForce"],"picked":"PrismaMod:IllyaCheapChannelPoison","floor":5},{"not_picked":["PrismaMod:IllyaPartialInstallAssassin","PrismaMod:IllyaCheapChannelDefend"],"picked":"PrismaMod:IllyaCommandSeal","floor":6},{"not_picked":["PrismaMod:IllyaUpgradeOrbs","PrismaMod:IllyaDevil"],"picked":"PrismaMod:IllyaPartialInstallAssassin","floor":7},{"not_picked":["PrismaMod:IllyaMinorRapidFire","PrismaMod:IllyaPoisonBlock"],"picked":"PrismaMod:IllyaAOECommonAttack","floor":10},{"not_picked":["PrismaMod:IllyaFriendMaker","PrismaMod:IllyaAOECommonAttack"],"picked":"PrismaMod:IllyaCheapChannelAttack","floor":11},{"not_picked":["PrismaMod:IllyaGrailKun","PrismaMod:IllyaBoysLove"],"picked":"PrismaMod:IllyaRubysPotion","floor":13},{"not_picked":["PrismaMod:IllyaFriendMaker","PrismaMod:IllyaGun"],"picked":"PrismaMod:IllyaUberChannel","floor":14},{"not_picked":["PrismaMod:IllyaZwei","PrismaMod:IllyaInstallLancer"],"picked":"PrismaMod:IllyaInstallRuler","floor":16},{"not_picked":["PrismaMod:IllyaRussianRoulette","PrismaMod:IllyaCheapAttack"],"picked":"PrismaMod:IllyaUberChannel","floor":18},{"not_picked":["PrismaMod:IllyaCheapChannelAttack+1","PrismaMod:IllyaRubysPotion"],"picked":"PrismaMod:IllyaCarnivalPrismaAstolfo","floor":19},{"not_picked":["PrismaMod:IllyaCheapChannelDefend","PrismaMod:IllyaStunPoison","PrismaMod:IllyaRapidFire"],"picked":"SKIP","floor":20},{"not_picked":["PrismaMod:IllyaHassanGift","PrismaMod:IllyaMaid"],"picked":"PrismaMod:IllyaBerserCAR","floor":22},{"not_picked":["PrismaMod:IllyaTestament","PrismaMod:IllyaBoysLove","PrismaMod:IllyaUncommonEvoke"],"picked":"SKIP","floor":24},{"not_picked":["PrismaMod:IllyaUberPoisonBlock","PrismaMod:IllyaBride","PrismaMod:IllyaGun+1"],"picked":"SKIP","floor":25},{"not_picked":["hubris:Rewind","infinitespire:TheBestDefense"],"picked":"infinitespire:Punishment","floor":28},{"not_picked":["PrismaMod:IllyaStunPoison","PrismaMod:IllyaPoisonTippedWeapons+1"],"picked":"PrismaMod:IllyaInstallMoonCancer","floor":31},{"not_picked":["PrismaMod:IllyaCarnivalDefend","PrismaMod:IllyaCarnivalAttack"],"picked":"PrismaMod:IllyaCarnivalPrismaAstolfo","floor":33},{"not_picked":["PrismaMod:IllyaUncommonEvoke","PrismaMod:IllyaRubysPotion+1"],"picked":"PrismaMod:IllyaPartialInstallAssassin","floor":35},{"not_picked":["PrismaMod:IllyaMinorRapidFire","PrismaMod:IllyaPoisonBomb"],"picked":"PrismaMod:IllyaCarnivalPrismaAstolfo","floor":36},{"not_picked":["PrismaMod:IllyaUpgradeOrbs","PrismaMod:IllyaPoisonTippedWeapons"],"picked":"PrismaMod:IllyaAlice","floor":37}],"player_experience":80493,"relics_obtained":[{"floor":4,"key":"SSSystem"},{"floor":6,"key":"Ornamental Fan"},{"floor":9,"key":"hubris:TenFootPole"},{"floor":26,"key":"REME_ArchaeologicalTools"}],"event_choices":[{"damage_healed":0,"gold_gain":0,"player_choice":"Take Damage","damage_taken":18,"relics_obtained":["Golden Idol"],"max_hp_gain":0,"max_hp_loss":0,"event_name":"Golden Idol","floor":2,"gold_loss":0},{"damage_healed":0,"gold_gain":0,"player_choice":"Relic","damage_taken":0,"max_hp_gain":0,"max_hp_loss":0,"event_name":"Wheel of Change","floor":4,"gold_loss":0},{"damage_healed":0,"gold_gain":0,"player_choice":"Damaged","damage_taken":7,"max_hp_gain":0,"max_hp_loss":0,"event_name":"Wheel of Change","floor":21,"gold_loss":0},{"damage_healed":0,"gold_gain":0,"player_choice":"Copied","damage_taken":0,"max_hp_gain":0,"max_hp_loss":0,"event_name":"Duplicator","floor":38,"gold_loss":0,"cards_obtained":["infinitespire:Punishment"]}],"is_beta":false,"boss_relics":[{"not_picked":["SlaversCollar","Tiny House"],"picked":"hubris:VirtuousBlindfold"},{"not_picked":["REME_DuelDisc","hubris:BlackHole"],"picked":"SacredBark"}],"items_purged_floors":[27],"is_endless":false,"potions_floor_spawned":[6,7,10,11,16,19,20,25,33,35,36,37],"killed_by":"Writhing Mass","ascension_level":0}}