{"host":"gbjphby09ecsfbbs","time":1611098194,"event":{"mods":["AchievementEnabler","BaseMod","Downfall","GifTheSpireLib","Minty Spire (QoL Compilation)","StSLib","The Animator","The Bug Knight","The Cursed","The Saiyan","The Servant 0.9.4","Yuri Mod"],"gold_per_floor":[109,119,119,134,151,184,198,198,225,225,225,235,251,277,277,381,381,396,321,391,365,365,365,365,365,365,365,365,365,384,403,403,505,505,518,529,529,529,529,529,529,529],"floor_reached":41,"language":"ENG","playtime":4615,"items_purged":["Strike_S"],"score":401,"play_id":"fc4d1e86-b440-499a-899e-93410d7ac4d1","local_time":"20210119151634","is_ascension_mode":false,"campfire_choices":[{"floor":8.0,"key":"REST"},{"floor":10.0,"key":"REST"},{"floor":15.0,"key":"REST"},{"floor":23.0,"key":"REST"},{"floor":25.0,"key":"RECALL"},{"data":"KillingDoll","floor":27.0,"key":"SMITH"},{"data":"SilverBlades","floor":29,"key":"SMITH"},{"floor":32,"key":"REST"},{"data":"Alleviate","floor":40,"key":"SMITH"}],"circlet_count":0,"master_deck":["Strike_S","Defend_S","Defend_S","Defend_S","Defend_S","KidneyShot","Exchange","Sabotage","Potential","RealityMarble","Replace","ReturningBlade","SilverBlades+1","Misdirection","KillingDoll+1","InstantArmor","BestPractice","RitualDagger","WasteNot","Alleviate+1","TheWorld","Replace+1","Revamp+1"],"relics":["Uniform","TungstenRod","Juzu Bracelet","Anchor","Snecko Eye","Matryoshka","Mercury Hourglass","Ice Cream","Empty Cage"],"acts_visited":["Exordium","TheCity","TheBeyond"],"potions_floor_usage":[33],"damage_taken":[{"damage":0.0,"enemies":"2 Louse","floor":1.0,"turns":4.0},{"damage":1.0,"enemies":"Cultist","floor":2.0,"turns":4.0},{"damage":2.0,"enemies":"Small Slimes","floor":4.0,"turns":4.0},{"damage":13.0,"enemies":"Exordium Thugs","floor":5.0,"turns":7.0},{"damage":12.0,"enemies":"Lagavulin","floor":6.0,"turns":7.0},{"damage":11.0,"enemies":"Exordium Wildlife","floor":7.0,"turns":7.0},{"damage":9.0,"enemies":"2 Fungi Beasts","floor":12.0,"turns":4.0},{"damage":14.0,"enemies":"Large Slime","floor":13.0,"turns":8.0},{"damage":5.0,"enemies":"Gremlin Nob","floor":14.0,"turns":4.0},{"damage":41.0,"enemies":"The Guardian","floor":16.0,"turns":10.0},{"damage":18.0,"enemies":"Spheric Guardian","floor":18.0,"turns":4.0},{"damage":9.0,"enemies":"2 Thieves","floor":21.0,"turns":5.0},{"damage":19,"enemies":"Centurion and Healer","floor":30,"turns":8},{"damage":30,"enemies":"Snecko","floor":31,"turns":5},{"damage":5,"enemies":"Champ","floor":33,"turns":8},{"damage":0,"enemies":"3 Shapes","floor":35,"turns":3},{"damage":14,"enemies":"Orb Walker","floor":36,"turns":6},{"damage":60,"enemies":"4 Shapes","floor":41,"turns":4}],"seed_played":"-7449746514316277946","potions_obtained":[{"floor":1.0,"key":"Fire Potion"},{"floor":5.0,"key":"Strength Potion"},{"floor":7.0,"key":"FearPotion"},{"floor":21.0,"key":"CultistPotion"},{"floor":33,"key":"Weak Potion"},{"floor":35,"key":"bronze:BurnAndBuffPotion"}],"is_trial":false,"path_per_floor":["M","M","?","M","M","E","M","R","T","R","?","M","M","E","R","B",null,"M","$","T","M","?","R","?","R","T","R","?","R","M","M","R","B",null,"M","M","?","?","?","R","M"],"character_chosen":"THE_SERVANT","items_purchased":[],"campfire_rested":5,"item_purchase_floors":[],"current_hp_per_floor":[71,70,45,43,30,18,7,28,28,49,49,40,26,21,42,1,71,53,53,53,44,39,60,71,71,71,71,71,71,52,22,43,38,71,71,57,57,57,57,57,0,0],"gold":529,"neow_bonus":"TEN_PERCENT_HP_BONUS","is_daily":false,"chose_seed":false,"campfire_upgraded":3,"win_rate":0.0,"timestamp":1611098194,"path_taken":["M","M","?","M","M","E","M","R","T","R","?","M","M","E","R","BOSS","M","$","?","M","?","R","?","R","T","R","?","R","M","M","R","BOSS","M","M","?","?","?","R","M"],"items_purchased_type":[],"build_version":"2020-12-22","purchased_purges":1,"victory":false,"max_hp_per_floor":[71,71,71,71,71,71,71,71,71,71,71,71,71,71,71,71,71,71,71,71,71,71,71,71,71,71,71,71,71,71,71,71,71,71,71,71,71,71,71,71,71,71],"card_choices":[{"not_picked":["Alleviate","Ricochet"],"picked":"Sabotage","floor":1.0},{"not_picked":["Alleviate","Revamp"],"picked":"Potential","floor":2.0},{"not_picked":["Replace","Alleviate"],"picked":"RealityMarble","floor":4.0},{"not_picked":["Foresight","Rewind"],"picked":"StarChef","floor":5.0},{"not_picked":["Rearm","Revamp"],"picked":"Replace","floor":6.0},{"not_picked":["Revamp","TimeWarp"],"picked":"ReturningBlade","floor":7.0},{"not_picked":["Replace","Potential"],"picked":"BestPractice","floor":12.0},{"not_picked":["LightFlow","Revamp"],"picked":"SilverBlades","floor":13.0},{"not_picked":["SpecialFormula","Collapse"],"picked":"Misdirection","floor":14.0},{"not_picked":["MurderousAura","LightFlow"],"picked":"KillingDoll","floor":16.0},{"not_picked":["Foresight","ShatteredReality"],"picked":"InstantArmor","floor":18.0},{"not_picked":["Revamp","Spin"],"picked":"BestPractice","floor":21.0},{"not_picked":["Potential+1","Unruled+1"],"picked":"WasteNot","floor":30},{"not_picked":["BestPractice+1","FastForward"],"picked":"Alleviate","floor":31},{"not_picked":["Solidify","Sunlight"],"picked":"TheWorld","floor":33},{"not_picked":["Alleviate+1","Ricochet"],"picked":"Replace+1","floor":35},{"not_picked":["Potential+1","Desolation"],"picked":"Revamp+1","floor":36}],"player_experience":79366,"relics_obtained":[{"floor":6.0,"key":"Juzu Bracelet"},{"floor":14.0,"key":"Anchor"},{"floor":20.0,"key":"Matryoshka"},{"floor":26.0,"key":"Mercury Hourglass"},{"floor":26.0,"key":"Ice Cream"}],"event_choices":[{"damage_healed":0.0,"max_hp_gain":0.0,"max_hp_loss":0.0,"gold_gain":0.0,"event_name":"Scrap Ooze","player_choice":"Success","floor":3.0,"gold_loss":0.0,"damage_taken":25.0,"relics_obtained":["TungstenRod"]},{"damage_healed":0.0,"max_hp_gain":0.0,"max_hp_loss":0.0,"gold_gain":0.0,"event_name":"NoteForYourself","player_choice":"Ignored","floor":11.0,"gold_loss":0.0,"damage_taken":0.0},{"damage_healed":0.0,"max_hp_gain":0.0,"max_hp_loss":0.0,"gold_gain":0.0,"event_name":"Nest","player_choice":"Joined the Cult","floor":22.0,"gold_loss":0.0,"damage_taken":6.0,"cards_obtained":["RitualDagger"]},{"cards_removed":["StarChef"],"damage_healed":11.0,"max_hp_gain":0.0,"max_hp_loss":0.0,"gold_gain":0.0,"event_name":"Bonfire Elementals","player_choice":"Offered Uncommon","floor":24.0,"gold_loss":0.0,"damage_taken":0.0},{"damage_healed":0.0,"max_hp_gain":0.0,"max_hp_loss":0.0,"gold_gain":0.0,"event_name":"Vampires","player_choice":"Ignored","floor":28.0,"gold_loss":0.0,"damage_taken":0.0},{"damage_healed":0,"gold_gain":0,"player_choice":"Ignored","damage_taken":0,"max_hp_gain":0,"max_hp_loss":0,"event_name":"Tomb of Lord Red Mask","floor":37,"gold_loss":0},{"cards_removed":["BestPractice"],"damage_healed":0,"gold_gain":0,"player_choice":"Removed Power","damage_taken":0,"max_hp_gain":0,"max_hp_loss":0,"event_name":"Falling","floor":39,"gold_loss":0}],"is_beta":false,"boss_relics":[{"not_picked":["Sozu","Tiny House"],"picked":"Snecko Eye"},{"not_picked":["SacredBark","Philosopher\u0027s Stone"],"picked":"Empty Cage"}],"items_purged_floors":[19],"is_endless":false,"potions_floor_spawned":[1,5,7,13,21,33,35],"killed_by":"4 Shapes","ascension_level":0}}