{"host":"f0gpob8hq9vgebej","time":1611015277,"event":{"mods":["AchievementEnabler","BaseMod","Minty Spire (QoL Compilation)","Quick Restart","SuperFastMode"],"gold_per_floor":[109,119,137,151,76,76,93,93,144,144,162,172,186,212,212,308,308,325,337,347,366,227,227,227],"floor_reached":23,"language":"KOR","playtime":1494,"items_purged":["Strike_B","Strike_B"],"score":259,"play_id":"e4e21a4d-196e-4170-bc92-96c43b31f100","local_time":"20210119091437","is_ascension_mode":true,"campfire_choices":[{"data":"Zap","floor":6.0,"key":"SMITH"},{"data":"Genetic Algorithm","floor":8.0,"key":"SMITH"},{"floor":15.0,"key":"REST"}],"circlet_count":0,"master_deck":["Strike_B","Defend_B","Defend_B","Defend_B","Zap+1","Dualcast","Capacitor","Genetic Algorithm+1","Amplify","Ball Lightning","Buffer","Ball Lightning","Defragment","Chill","Defragment"],"relics":["Cracked Core","Potion Belt","Bag of Preparation","Kunai","Empty Cage"],"acts_visited":["Exordium","TheCity"],"potions_floor_usage":[20],"damage_taken":[{"damage":7.0,"enemies":"Jaw Worm","floor":1.0,"turns":4.0},{"damage":0.0,"enemies":"Cultist","floor":2.0,"turns":4.0},{"damage":0.0,"enemies":"Small Slimes","floor":3.0,"turns":3.0},{"damage":3.0,"enemies":"Exordium Wildlife","floor":4.0,"turns":3.0},{"damage":3.0,"enemies":"Blue Slaver","floor":7.0,"turns":4.0},{"damage":1.0,"enemies":"Large Slime","floor":11.0,"turns":6.0},{"damage":7.0,"enemies":"Exordium Thugs","floor":12.0,"turns":4.0},{"damage":16.0,"enemies":"Blue Slaver","floor":13.0,"turns":4.0},{"damage":20.0,"enemies":"Lagavulin","floor":14.0,"turns":6.0},{"damage":18.0,"enemies":"Hexaghost","floor":16.0,"turns":10.0},{"damage":41.0,"enemies":"3 Byrds","floor":18.0,"turns":5.0},{"damage":8.0,"enemies":"Spheric Guardian","floor":19.0,"turns":5.0},{"damage":0,"enemies":"Snecko","floor":20,"turns":5},{"damage":18,"enemies":"Shelled Parasite and Fungi","floor":21,"turns":6},{"damage":0,"enemies":"Slavers","floor":23,"turns":1}],"seed_played":"-2883357818372329616","potions_obtained":[{"floor":1.0,"key":"Fire Potion"},{"floor":3.0,"key":"GamblersBrew"},{"floor":4.0,"key":"GamblersBrew"},{"floor":10.0,"key":"EssenceOfSteel"},{"floor":10.0,"key":"Fire Potion"},{"floor":10.0,"key":"LiquidBronze"},{"floor":11.0,"key":"Energy Potion"},{"floor":13.0,"key":"EntropicBrew"},{"floor":19.0,"key":"Dexterity Potion"}],"is_trial":false,"path_per_floor":["M","M","M","M","$","R","M","R","T","?","M","M","M","E","R","B",null,"M","M","M","M","$","E"],"character_chosen":"DEFECT","items_purchased":["Defragment"],"campfire_rested":1,"item_purchase_floors":[22],"current_hp_per_floor":[61,61,61,58,58,58,55,55,55,55,54,47,31,11,33,15,60,19,11,11,16,16,16,16],"gold":227,"neow_bonus":"RANDOM_COMMON_RELIC","is_daily":false,"chose_seed":false,"campfire_upgraded":2,"win_rate":0.0,"timestamp":1611015277,"path_taken":["M","M","M","M","$","R","M","R","T","?","M","?","?","E","R","BOSS","M","M","?","M","$","E"],"items_purchased_type":["Card"],"build_version":"2020-12-22","purchased_purges":2,"victory":false,"max_hp_per_floor":[75,75,75,75,75,75,75,75,75,75,75,75,75,75,75,75,75,75,75,75,75,75,75,75],"card_choices":[{"not_picked":["Undo","Sweeping Beam","Streamline"],"picked":"SKIP","floor":1.0},{"not_picked":["Rip and Tear","Beam Cell","Rebound"],"picked":"SKIP","floor":2.0},{"not_picked":["Undo","Steam"],"picked":"Capacitor","floor":3.0},{"not_picked":["Go for the Eyes","Glacier","Gash"],"picked":"SKIP","floor":4.0},{"not_picked":["Compile Driver","Redo"],"picked":"Genetic Algorithm","floor":7.0},{"not_picked":["Steam","Hologram"],"picked":"Amplify","floor":11.0},{"not_picked":["Rebound","Stack","Aggregate"],"picked":"SKIP","floor":12.0},{"not_picked":["FTL","Steam"],"picked":"Ball Lightning","floor":13.0},{"not_picked":["Stack","Melter","Steam"],"picked":"SKIP","floor":14.0},{"not_picked":["Seek","Meteor Strike"],"picked":"Buffer","floor":16.0},{"not_picked":["Compile Driver","Reprogram"],"picked":"Ball Lightning","floor":18.0},{"not_picked":["Coolheaded","Glacier"],"picked":"Defragment","floor":19.0},{"not_picked":["Genetic Algorithm","Leap+1"],"picked":"Chill","floor":20},{"not_picked":["Glacier+1","Coolheaded+1","Compile Driver"],"picked":"SKIP","floor":21}],"player_experience":168038,"relics_obtained":[{"floor":9.0,"key":"Bag of Preparation"},{"floor":14.0,"key":"Kunai"}],"event_choices":[{"damage_healed":0.0,"max_hp_gain":0.0,"max_hp_loss":0.0,"gold_gain":0.0,"event_name":"Lab","player_choice":"Got Potions","floor":10.0,"gold_loss":0.0,"damage_taken":0.0}],"is_beta":false,"boss_relics":[{"not_picked":["Fusion Hammer","Philosopher\u0027s Stone"],"picked":"Empty Cage"}],"items_purged_floors":[5,22],"is_endless":false,"potions_floor_spawned":[1,3,4,11,13,19],"killed_by":"Slavers","ascension_level":6}}