{"host":"gqw4el7xk6pl8jgw","time":1611099372,"event":{"mods":["BaseMod","BetterRewards","Colored Map","Hermit","Highlight Path","Minty Spire (QoL Compilation)","Spicy Shops","StSLib","SuperFastMode","The Cursed","The Hierophant"],"gold_per_floor":[113,113,125,141,47,74,74,29,29,29,29,56,56,85,85,190,190,208,59,59,158,172,172,187,206,206,206,131,131,131],"floor_reached":29,"language":"ENG","playtime":563,"items_purged":[],"score":239,"play_id":"c5fed2fe-1f00-4cc6-b56c-870bdf4c8ed5","local_time":"20210120003612","is_ascension_mode":false,"campfire_choices":[{"data":"Entrench","floor":7,"key":"SMITH"},{"data":"Good Instincts","floor":10,"key":"SMITH"},{"floor":13,"key":"REST"},{"floor":15,"key":"REST"},{"floor":23,"key":"REST"},{"data":"Demon Form","floor":27,"key":"SMITH"}],"circlet_count":0,"master_deck":["Strike_R","Strike_R","Strike_R","Defend_R","Defend_R","Defend_R","Defend_R","Bash","Twin Strike","Good Instincts+1","Entrench+1","Inflame","Heavy Blade","Demon Form+1","Pommel Strike+1","Inflame","Heavy Blade","Armaments+1"],"relics":["Black Blood","Smiling Mask","Blue Candle","Eternal Feather","Unceasing Top","Meat on the Bone","Nunchaku","Paper Frog"],"acts_visited":["Exordium","TheCity"],"potions_floor_usage":[16,16],"damage_taken":[{"damage":2,"enemies":"Small Slimes","floor":1,"turns":3},{"damage":6,"enemies":"2 Louse","floor":3,"turns":4},{"damage":2,"enemies":"Jaw Worm","floor":4,"turns":5},{"damage":37,"enemies":"3 Sentries","floor":6,"turns":16},{"damage":28,"enemies":"Gremlin Nob","floor":12,"turns":5},{"damage":34,"enemies":"3 Sentries","floor":14,"turns":14},{"damage":37,"enemies":"The Guardian","floor":16,"turns":19},{"damage":21,"enemies":"Spheric Guardian","floor":18,"turns":5},{"damage":42,"enemies":"2 Thieves","floor":22,"turns":5},{"damage":35,"enemies":"Snake Plant","floor":24,"turns":6},{"damage":7,"enemies":"Centurion and Healer","floor":25,"turns":6},{"damage":75,"enemies":"Book of Stabbing","floor":29,"turns":7}],"seed_played":"8174876414892406910","potions_obtained":[{"floor":6,"key":"GamblersBrew"},{"floor":12,"key":"SkillPotion"},{"floor":14,"key":"PowerPotion"},{"floor":16,"key":"FearPotion"},{"floor":22,"key":"Swift Potion"}],"is_trial":false,"path_per_floor":["M","?","M","M","$","E","R","?","T","R","$","E","R","E","R","B",null,"M","$","?","?","M","R","M","M","T","R","?","E"],"character_chosen":"IRONCLAD","items_purchased":["Good Instincts","Nunchaku"],"campfire_rested":3,"item_purchase_floors":[5,19],"current_hp_per_floor":[80,73,73,77,77,46,46,46,46,52,52,30,60,32,62,43,80,71,71,71,71,53,80,57,62,62,71,71,0,0],"gold":131,"neow_bonus":"RANDOM_COMMON_RELIC","is_daily":false,"chose_seed":false,"campfire_upgraded":3,"win_rate":0.0,"timestamp":1611099372,"path_taken":["M","?","M","M","$","E","R","?","T","R","$","E","R","E","R","BOSS","M","$","?","?","M","R","M","M","T","R","?","E"],"items_purchased_type":["Card","Relic"],"build_version":"2020-12-22","purchased_purges":0,"victory":false,"max_hp_per_floor":[80,80,80,80,80,80,80,80,80,80,80,80,80,80,80,80,80,80,80,80,80,80,80,80,80,80,80,80,80,80],"card_choices":[{"not_picked":["Sword Boomerang","Clash","Havoc"],"picked":"SKIP","floor":1},{"not_picked":["True Grit","Warcry"],"picked":"Twin Strike","floor":3},{"not_picked":["Feel No Pain","Warcry","Sword Boomerang"],"picked":"SKIP","floor":4},{"not_picked":["Rupture","Evolve"],"picked":"Entrench","floor":6},{"not_picked":["Rupture","Pommel Strike"],"picked":"Inflame","floor":12},{"not_picked":["Fiend Fire","Pummel"],"picked":"Heavy Blade","floor":14},{"not_picked":["Brutality","Bludgeon"],"picked":"Demon Form","floor":16},{"not_picked":["Infernal Blade","Twin Strike"],"picked":"Pommel Strike+1","floor":18},{"not_picked":["Dark Embrace","Heavy Blade"],"picked":"Inflame","floor":22},{"not_picked":["Dark Embrace","Clash"],"picked":"Heavy Blade","floor":24},{"not_picked":["Clothesline","Iron Wave"],"picked":"Armaments+1","floor":25}],"player_experience":712537,"relics_obtained":[{"floor":6,"key":"Blue Candle"},{"floor":9,"key":"Eternal Feather"},{"floor":12,"key":"Unceasing Top"},{"floor":14,"key":"Meat on the Bone"},{"floor":26,"key":"Paper Frog"}],"event_choices":[{"cards_removed":["Strike_R"],"damage_healed":0,"gold_gain":0,"player_choice":"Card Removal","damage_taken":7,"max_hp_gain":0,"max_hp_loss":0,"event_name":"Golden Wing","floor":2,"gold_loss":0},{"damage_healed":0,"gold_gain":0,"player_choice":"Left Gold","damage_taken":0,"max_hp_gain":0,"max_hp_loss":0,"event_name":"World of Goop","floor":8,"gold_loss":45},{"damage_healed":0,"gold_gain":0,"player_choice":"Ignored","damage_taken":0,"max_hp_gain":0,"max_hp_loss":0,"event_name":"Vampires","floor":20,"gold_loss":0},{"damage_healed":0,"gold_gain":99,"player_choice":"Stole From Cult","damage_taken":0,"max_hp_gain":0,"max_hp_loss":0,"event_name":"Nest","floor":21,"gold_loss":0},{"cards_removed":["Strike_R"],"damage_healed":0,"gold_gain":0,"player_choice":"Gave Gold","damage_taken":0,"max_hp_gain":0,"max_hp_loss":0,"event_name":"Beggar","floor":28,"gold_loss":75}],"is_beta":false,"boss_relics":[{"not_picked":["Empty Cage","SlaversCollar"],"picked":"Black Blood"}],"items_purged_floors":[],"is_endless":false,"potions_floor_spawned":[6,12,14,16,22],"killed_by":"Book of Stabbing","ascension_level":0}}