{"host":"bpkhhmvsfrvlto2l","time":1611078024,"event":{"mods":["2.2 Compatiblity","AchievementEnabler","Act Like it!","AlwaysNeverKeys","Aspiration","BaseMod","Better Silent Start","Challenge The Spire","Colored Map","Colored Powertips","Custom Start","Energized Spire","Friendly Minions","GifTheSpireLib","Halation","Hubris","Infinite Spire","Ironclad Rager","Mimic Mod","Minty Spire (QoL Compilation)","Permanent Neow","Quick Restart","Random Character Button","Relic Sorter","Replay The Spire","Spikes Relics","StSLib","Stuff the Spire","Swap Starting Deck Mod","Trackpad"],"gold_per_floor":[115,115,129,144,160,160,82,82,151,170,170,190,201,221,221,316,316,327,347,367,367,367],"floor_reached":21,"language":"ENG","playtime":662,"items_purged":[],"score":254,"play_id":"8280ce20-79cc-4026-bbfd-967c4e554a03","local_time":"20210119124024","is_ascension_mode":true,"campfire_choices":[{"data":"Venomology","floor":6,"key":"SMITH"},{"data":"Catalyst","floor":11,"key":"SMITH"},{"data":"Poisoned Stab","floor":15,"key":"SMITH"}],"circlet_count":0,"master_deck":["Poisoned Stab+1","Poisoned Stab","Poisoned Stab","Poisoned Stab","Deflect","Deflect","Deflect","Deflect","Deadly Poison","Venomology+1","Catalyst+1","Envenom"],"relics":["Ring of the Snake","Mercury Hourglass","Black Star"],"acts_visited":["Exordium","TheCity"],"potions_floor_usage":[10,12,16],"damage_taken":[{"damage":3,"enemies":"Jaw Worm","floor":1,"turns":3},{"damage":0,"enemies":"Cultist","floor":3,"turns":3},{"damage":0,"enemies":"2 Louse","floor":4,"turns":2},{"damage":0,"enemies":"Blue Slaver","floor":5,"turns":2},{"damage":11,"enemies":"Looter","floor":10,"turns":2},{"damage":5,"enemies":"Gremlin Gang","floor":12,"turns":3},{"damage":2,"enemies":"Lots of Slimes","floor":13,"turns":2},{"damage":0,"enemies":"Blue Slaver","floor":14,"turns":2},{"damage":6,"enemies":"Fading Forest","floor":16,"turns":11},{"damage":16,"enemies":"Spheric Guardian","floor":18,"turns":4},{"damage":8,"enemies":"3 Byrds","floor":19,"turns":4},{"damage":28,"enemies":"Shelled Parasite and Fungi","floor":20,"turns":4},{"damage":47,"enemies":"Sentry and Sphere","floor":21,"turns":5}],"seed_played":"8313918458742494008","potions_obtained":[{"floor":14,"key":"DuplicationPotion"}],"is_trial":false,"path_per_floor":["M","?","M","M","M","R","$","?","T","M","R","M","M","M","R","B",null,"M","M","M","M"],"character_chosen":"THE_SILENT","items_purchased":["Catalyst"],"campfire_rested":0,"item_purchase_floors":[7],"current_hp_per_floor":[32,32,32,32,32,32,32,55,55,44,44,39,37,37,37,39,70,54,46,18,0,0],"gold":367,"neow_bonus":"","is_daily":false,"chose_seed":false,"campfire_upgraded":3,"win_rate":0.0,"timestamp":1611078024,"path_taken":["M","?","M","M","?","R","$","?","T","M","R","M","M","M","R","BOSS","M","M","M","M"],"items_purchased_type":["Card"],"build_version":"2020-12-22","purchased_purges":0,"victory":false,"max_hp_per_floor":[70,70,70,70,70,70,70,70,70,70,70,70,70,70,70,70,70,70,70,70,70,70],"card_choices":[{"not_picked":["Bullet Time","Night Terror"],"picked":"Envenom","floor":16}],"player_experience":88450,"relics_obtained":[{"floor":9,"key":"Mercury Hourglass"}],"event_choices":[{"damage_healed":0,"gold_gain":0,"player_choice":"Ignored","damage_taken":0,"max_hp_gain":0,"max_hp_loss":0,"event_name":"Transmorgrifier","floor":2,"gold_loss":0},{"damage_healed":23,"gold_gain":0,"player_choice":"Banana","damage_taken":0,"max_hp_gain":0,"max_hp_loss":0,"event_name":"Big Fish","floor":8,"gold_loss":0}],"is_beta":false,"boss_relics":[{"not_picked":["Snecko Eye","ChewingGum"],"picked":"Black Star"}],"items_purged_floors":[],"is_endless":false,"potions_floor_spawned":[5,10,12,14,16,19],"killed_by":"Sentry and Sphere","ascension_level":3}}