{"host":"4ek4eq5z32z3zgvw","time":1611029753,"event":{"mods":["2.2 Compatiblity","AchievementEnabler","Act Like it!","AlwaysNeverKeys","Aspiration","BaseMod","Better Altar","Better Match","Better Note","Better Sensory Stone","Better Skull","Better Third Choice","BetterRewards","Block Reminder","Challenge The Spire","Colored Map","Colored Powertips","Curses Come First","Dark Map","DeckTracker","Defuse TimeMaze Blight","Energized Spire","Evolution","Gensokyo","GifTheSpireLib","Halation","Hallownest","Highlight Path","Hubris","Infinite Spire","Minty Spire (QoL Compilation)","Permanent Neow","Quick Restart","RRrroohrrRGHHhhh!!","Rare Cards Sparkle","RatMod","Relic Filter","Relic Sorter","Relic Stats","Replay The Spire","Reworked Bosses","Shop Mod","Spicy Shops","Spikes Relics","StSLib","Stuff the Spire","SuperFastMode","The Blue Laboratory","Uncapped","Unceasing Turn Reminder","Unknown Chances","UnlockEverythingMod","Waifu the Spire","egg","vexMod","????"],"gold_per_floor":[117,117,132,132,143,173,193,221,221,221,221,221,3,15,15,87,87,98,98,113,38,51,79,91,91,114,149,159,171,171,171,171,247,247,258,58,1057,1037,1056,1189,1208,1237,1237,1263,1263,1263,1263,1263,813,885,885,885],"floor_reached":51,"language":"ENG","playtime":1856,"items_purged":["Delirium","Cloak And Dagger"],"score":1766,"play_id":"c514d4b4-a362-442c-b18e-07cc06225a69","local_time":"20210118221553","is_ascension_mode":true,"campfire_choices":[{"floor":11.0,"key":"REST"},{"floor":15.0,"key":"REST"},{"floor":30.0,"key":"REST"}],"circlet_count":0,"master_deck":["AscendersBane","Poisoned Stab+1","Poisoned Stab+1","Poisoned Stab+1","Poisoned Stab+1","Cloak And Dagger","Cloak And Dagger","Cloak And Dagger","Cloak And Dagger+1","Survivor","Neutralize","Deadly Poison","rat:SilveredBlade","PiercingWail","ReplayTheSpireMod:Necrosis","rat:RuptureArtery","Caltrops+1","rat:MoondustBomb+1","CurseOfTheBell","Cloak And Dagger+1","Toxin Wave","rorgmod:Accuracy","rat:Garrote","rat:SiphonSilver","Night Terror","rat:OpeningStrike+1","infinitespire:UltimateForm","rat:Shadowstep+1","Apotheosis","PiercingWail","hubris:DuctTapeCard","rat:VenomousWounds"],"relics":["Ring of the Snake","halation:VictoryRuler","hubris:Icosahedron","EVO:Axolotl","Dream Catcher","infinitespire:PuzzleCube","Bird Faced Urn","Pocketwatch","Oddly Smooth Stone","Calling Bell","StuffTheSpire:Barrel","hubris:DuctTape","RollingBoulder","Ring of Misfortune","Ring of Panic","infinitespire:Lucky Rock","halation:PromiseList","aspiration:PoetsPen","Membership Card","Juzu Bracelet","Boot","Eternal Feather","GiantMaggot","halation:EternalFortune","Centennial Puzzle","Replay:Bottled Eggs"],"acts_visited":["Exordium","TheCity","TheBeyond"],"potions_floor_usage":[50,50],"damage_taken":[{"damage":0.0,"enemies":"Jaw Worm","floor":1.0,"turns":1.0},{"damage":0.0,"enemies":"Cultist","floor":3.0,"turns":2.0},{"damage":0.0,"enemies":"Small Slimes","floor":5.0,"turns":2.0},{"damage":30.0,"enemies":"3 Sentries","floor":6.0,"turns":5.0},{"damage":0.0,"enemies":"Gremlin Gang","floor":7.0,"turns":3.0},{"damage":0.0,"enemies":"Gremlin Nob","floor":8.0,"turns":2.0},{"damage":6.0,"enemies":"Looter","floor":14.0,"turns":3.0},{"damage":6.0,"enemies":"Slime Boss","floor":16.0,"turns":6.0},{"damage":17.0,"enemies":"2 Thieves","floor":18.0,"turns":4.0},{"damage":6.0,"enemies":"3 Byrds","floor":20.0,"turns":4.0},{"damage":38.0,"enemies":"Sentry and Sphere","floor":22.0,"turns":5.0},{"damage":13.0,"enemies":"Book of Stabbing","floor":23.0,"turns":5.0},{"damage":0.0,"enemies":"Snake Plant","floor":24.0,"turns":4.0},{"damage":1.0,"enemies":"Nightmare","floor":27.0,"turns":4.0},{"damage":3.0,"enemies":"Shelled Parasite and Fungi","floor":28.0,"turns":3.0},{"damage":0.0,"enemies":"Centurion and Healer","floor":29.0,"turns":5.0},{"damage":17.0,"enemies":"bossMod:newChamp","floor":33.0,"turns":10.0},{"damage":0.0,"enemies":"Orb Walker","floor":35.0,"turns":1.0},{"damage":6.0,"enemies":"3 Darklings","floor":39.0,"turns":2.0},{"damage":52.0,"enemies":"R_Hoarder","floor":40.0,"turns":6.0},{"damage":26.0,"enemies":"Maw","floor":41.0,"turns":4.0},{"damage":49.0,"enemies":"Nightmare","floor":42.0,"turns":5.0},{"damage":20.0,"enemies":"R_Hoarder","floor":44.0,"turns":7.0},{"damage":19,"enemies":"bossMod:newShapes","floor":50,"turns":5},{"damage":1050,"enemies":"bossMod:newShapes","floor":51,"turns":4}],"seed_played":"7388462756586954536","potions_obtained":[{"floor":5.0,"key":"blueLaboratory:EnvenomedCoating"},{"floor":7.0,"key":"Adrenaline Potion"},{"floor":8.0,"key":"blueLaboratory:FrostheartPotion"},{"floor":20.0,"key":"Elixir"},{"floor":22.0,"key":"AttackPotion"},{"floor":28.0,"key":"blueLaboratory:Virophage"},{"floor":33.0,"key":"SteroidPotion"},{"floor":38.0,"key":"Milkshake"},{"floor":39.0,"key":"ColorlessPotion"},{"floor":42.0,"key":"blueLaboratory:PhilterOfMotion"},{"floor":44.0,"key":"blueLaboratory:ImpenetrablePotion"}],"is_trial":false,"path_per_floor":["M","?","M","?","M","E","M","E","T","?","R","?","$","M","R","B",null,"M","?","M","?","M","E","M","?","T","NM","M","M","R","?","R_BF","B",null,"M","$","?","?","M","E","M","NM","T","E","?","?","?","?","R","B","B"],"character_chosen":"THE_SILENT","items_purchased":["Oddly Smooth Stone","Poison Potion","Membership Card","Apotheosis","PiercingWail","Centennial Puzzle","Replay:Bottled Eggs"],"campfire_rested":3,"item_purchase_floors":[13,13,36,49,49,49,49],"current_hp_per_floor":[63,63,63,63,63,33,33,33,33,33,54,54,54,50,70,64,69,62,62,60,60,34,25,29,29,29,32,35,37,58,58,70,56,67,70,70,70,70,66,52,50,36,36,32,32,32,35,35,53,73,0,0],"gold":885,"neow_bonus":"ONE_RANDOM_RARE_CARD","is_daily":false,"chose_seed":false,"campfire_upgraded":0,"win_rate":0.0,"timestamp":1611029753,"path_taken":["M","?","?","?","M","E","M","E","T","?","R","?","$","M","R","BOSS","M","?","M","?","M","E","?","?","T","NM","M","M","R","?","R_BF","BOSS","M","$","?","?","M","E","M","NM","T","E","?","?","?","?","R","BOSS","BOSS"],"items_purchased_type":["Relic","Potion","Relic","Card","Card","Relic","Relic"],"build_version":"2020-12-22","purchased_purges":2,"victory":false,"max_hp_per_floor":[70,70,70,70,70,70,70,70,70,70,70,70,70,70,70,70,70,70,70,70,70,70,70,70,70,70,70,70,70,70,70,70,70,70,70,70,70,70,70,70,70,70,70,70,70,70,73,73,73,73,73,73],"relic_stats":{"Dream Catcher":4,"Centennial Puzzle":[6],"counters":[68,227],"Bird Faced Urn":[81],"Eternal Feather":18,"Juzu Bracelet":2,"Boot":[22],"obtain_stats":[{"TwistedFunnel":11,"Golden Egg":0,"StuffTheSpire:Barrel":36,"vexMod:MemoryStick":40,"Whetstone":0,"Bottled Tornado":0,"Sling":0,"Boot":42,"vexMod:InvisibilityCloak":9,"infinitespire:ShieldingShard":0,"rorgmod:The Boot":46,"aspiration:PoetsPen":34,"halation:PromiseList":7,"Replay:Wax Seal":9,"hubris:MobiusCoin":0,"MerchantsRug":11,"GiantMaggot":44,"Blue Candle":29,"Eternal Feather":43,"Pen Nib":10,"infinitespire:Magic Flask":3,"aspiration:FrozenJewel":0,"Bird Faced Urn":8,"Kintsugi":17,"infinitespire:PuzzleCube":6,"Lantern":0,"Torii":0,"Singing Bowl":0,"Bag of Preparation":46,"HeavenlyBonsai":0,"Burning Blood":29,"Replay:Rubber Ducky":0,"StuffTheSpire:OccultApparatus":3,"Ring of Peace":4,"hubris:CuriousFeather":47,"Chemical X":0,"Ring of Panic":25,"Replay:Bottled Eggs":49,"InkBottle":14,"Ring of the Snake":0,"StuffTheSpire:TintedRock":0,"Potion Belt":0,"Lee\u0027s Waffle":0,"StuffTheSpire:Saxophone":0,"PreservedInsect":0,"Omamori":0,"infinitespire:Lucky Rock":26,"hubris:Towel":2,"Frozen Egg 2":0,"halation:NonexistentMirror":0,"StuffTheSpire:Mouthbags":25,"Ornamental Fan":0,"rat:KircheisShard":23,"Ring of Misfortune":25,"Orrery":0,"Garlic":0,"SpikesRelics:DaevaFist":0,"Art of War":29,"Bottled Lightning":11,"halation:LostSnail":0,"halation:PinkSoulGem":42,"Ice Cream":13,"CeramicFish":0,"EVO:Axolotl":0,"Centennial Puzzle":49,"DollysMirror":0,"halation:PrussianBluePaint":0,"halation:VictoryRuler":17,"Philosopher\u0027s Stone":34,"Toxic Egg 2":0,"Happy Flower":11,"hubris:DuctTape":0,"ReplayTheSpireMod:CursedCoin":0,"aspiration:Nostalgia":29,"Oddly Smooth Stone":0,"infinitespire:Beetle Shell":0,"vexMod:PaidLearning":0,"BlackRope":0,"War Paint":0,"Question Card":0,"Du-Vu Doll":0,"rat:RedSneckoSkull":46,"ReplayTheSpireMod:Shallot":0,"Bronze Scales":0,"StuffTheSpire:DarkSteelAnvil":0,"Onion Ring":29,"ReplayTheSpireMod:TigerMarble":0,"Pocketwatch":9,"Darkstone Periapt":0,"ReplayFunnel":0,"SnailShell":0,"aspiration:TomeofQuesting":0,"Snake Skull":0,"halation:WeightlessCrab":0,"Juzu Bracelet":0,"hubris:SlimyHat":0,"vexMod:Spyglass":0,"ClockworkSouvenir":0,"StuffTheSpire:Experiment12":7,"Tough Bandages":0,"Dream Catcher":4,"hubris:Icosahedron":3,"Mummified Hand":0,"MiniBlackHole":12,"RollingBoulder":0,"Tiny Chest":0,"energizedSpire:RedRose":52,"BargainBundle":0,"Replay:Towering Pillar of Hats":0,"infinitespire:CursedDice":27,"Guide Book":0,"Quantum Egg":44,"halation:IllGainedPizza":43,"hubris:MedicalManual":0,"Orichalcum":0,"Medical Kit":0,"Peace Pipe":29,"Calling Bell":17,"Strange Spoon":0,"Anchor":46,"vexMod:BarristanHead":26,"vexMod:HeadHunter":0,"halation:EternalFortune":47,"rat:QuicksilverSash":0,"Membership Card":0,"hubris:OldNail":0,"hubris:Potato":0,"ReplayTheSpireMod:ShopPack":0,"hubris:NiceRug":29},{"TwistedFunnel":13,"Golden Egg":2,"StuffTheSpire:Barrel":26,"vexMod:MemoryStick":29,"Whetstone":9,"Bottled Tornado":9,"Sling":9,"Boot":65,"vexMod:InvisibilityCloak":12,"infinitespire:ShieldingShard":9,"rorgmod:The Boot":31,"aspiration:PoetsPen":60,"halation:PromiseList":5,"Replay:Wax Seal":6,"hubris:MobiusCoin":9,"MerchantsRug":13,"GiantMaggot":66,"Blue Candle":21,"Eternal Feather":65,"Pen Nib":13,"infinitespire:Magic Flask":40,"aspiration:FrozenJewel":2,"Bird Faced Urn":49,"Kintsugi":16,"infinitespire:PuzzleCube":47,"Lantern":9,"Torii":2,"Singing Bowl":9,"Bag of Preparation":31,"HeavenlyBonsai":38,"Burning Blood":22,"Replay:Rubber Ducky":9,"StuffTheSpire:OccultApparatus":1,"Ring of Peace":11,"hubris:CuriousFeather":31,"Chemical X":9,"Ring of Panic":56,"Replay:Bottled Eggs":66,"InkBottle":15,"Ring of the Snake":0,"StuffTheSpire:TintedRock":9,"Potion Belt":9,"Lee\u0027s Waffle":9,"StuffTheSpire:Saxophone":2,"PreservedInsect":9,"Omamori":9,"infinitespire:Lucky Rock":56,"hubris:Towel":1,"Frozen Egg 2":9,"halation:NonexistentMirror":2,"StuffTheSpire:Mouthbags":20,"Ornamental Fan":9,"rat:KircheisShard":19,"Ring of Misfortune":56,"Orrery":9,"Garlic":9,"SpikesRelics:DaevaFist":9,"Art of War":22,"Bottled Lightning":13,"halation:LostSnail":9,"halation:PinkSoulGem":29,"Ice Cream":14,"CeramicFish":9,"EVO:Axolotl":0,"Centennial Puzzle":66,"DollysMirror":9,"halation:PrussianBluePaint":9,"halation:VictoryRuler":51,"Philosopher\u0027s Stone":25,"Toxic Egg 2":38,"Happy Flower":7,"hubris:DuctTape":9,"ReplayTheSpireMod:CursedCoin":9,"aspiration:Nostalgia":22,"Oddly Smooth Stone":9,"infinitespire:Beetle Shell":9,"vexMod:PaidLearning":9,"BlackRope":9,"War Paint":9,"Question Card":9,"Du-Vu Doll":9,"rat:RedSneckoSkull":31,"ReplayTheSpireMod:Shallot":9,"Bronze Scales":9,"StuffTheSpire:DarkSteelAnvil":9,"Onion Ring":22,"ReplayTheSpireMod:TigerMarble":9,"Pocketwatch":49,"Darkstone Periapt":9,"ReplayFunnel":9,"SnailShell":9,"aspiration:TomeofQuesting":9,"Snake Skull":9,"halation:WeightlessCrab":9,"Juzu Bracelet":9,"hubris:SlimyHat":9,"vexMod:Spyglass":9,"ClockworkSouvenir":9,"StuffTheSpire:Experiment12":12,"Tough Bandages":9,"Dream Catcher":45,"hubris:Icosahedron":3,"Mummified Hand":9,"MiniBlackHole":14,"RollingBoulder":9,"Tiny Chest":9,"energizedSpire:RedRose":35,"BargainBundle":9,"Replay:Towering Pillar of Hats":2,"infinitespire:CursedDice":21,"Guide Book":9,"Quantum Egg":30,"halation:IllGainedPizza":29,"hubris:MedicalManual":9,"Orichalcum":38,"Medical Kit":9,"Peace Pipe":22,"Calling Bell":51,"Strange Spoon":9,"Anchor":31,"vexMod:BarristanHead":20,"vexMod:HeadHunter":9,"halation:EternalFortune":66,"rat:QuicksilverSash":9,"Membership Card":9,"hubris:OldNail":9,"hubris:Potato":9,"ReplayTheSpireMod:ShopPack":2,"hubris:NiceRug":22},{"TwistedFunnel":30,"Golden Egg":6,"StuffTheSpire:Barrel":69,"vexMod:MemoryStick":78,"Whetstone":22,"Bottled Tornado":22,"Sling":22,"Boot":211,"vexMod:InvisibilityCloak":27,"infinitespire:ShieldingShard":22,"rorgmod:The Boot":82,"aspiration:PoetsPen":193,"halation:PromiseList":14,"Replay:Wax Seal":15,"hubris:MobiusCoin":22,"MerchantsRug":30,"GiantMaggot":218,"Blue Candle":55,"Eternal Feather":211,"Pen Nib":30,"infinitespire:Magic Flask":108,"aspiration:FrozenJewel":6,"Bird Faced Urn":140,"Kintsugi":34,"infinitespire:PuzzleCube":135,"Lantern":22,"Torii":6,"Singing Bowl":22,"Bag of Preparation":82,"HeavenlyBonsai":99,"Burning Blood":60,"Replay:Rubber Ducky":22,"StuffTheSpire:OccultApparatus":5,"Ring of Peace":26,"hubris:CuriousFeather":82,"Chemical X":22,"Ring of Panic":171,"Replay:Bottled Eggs":218,"InkBottle":32,"Ring of the Snake":0,"StuffTheSpire:TintedRock":22,"Potion Belt":22,"Lee\u0027s Waffle":22,"StuffTheSpire:Saxophone":6,"PreservedInsect":22,"Omamori":22,"infinitespire:Lucky Rock":171,"hubris:Towel":5,"Frozen Egg 2":22,"halation:NonexistentMirror":6,"StuffTheSpire:Mouthbags":53,"Ornamental Fan":22,"rat:KircheisShard":42,"Ring of Misfortune":171,"Orrery":22,"Garlic":22,"SpikesRelics:DaevaFist":22,"Art of War":60,"Bottled Lightning":30,"halation:LostSnail":22,"halation:PinkSoulGem":78,"Ice Cream":31,"CeramicFish":22,"EVO:Axolotl":0,"Centennial Puzzle":218,"DollysMirror":22,"halation:PrussianBluePaint":22,"halation:VictoryRuler":149,"Philosopher\u0027s Stone":66,"Toxic Egg 2":99,"Happy Flower":19,"hubris:DuctTape":22,"ReplayTheSpireMod:CursedCoin":22,"aspiration:Nostalgia":60,"Oddly Smooth Stone":22,"infinitespire:Beetle Shell":22,"vexMod:PaidLearning":22,"BlackRope":22,"War Paint":22,"Question Card":22,"Du-Vu Doll":22,"rat:RedSneckoSkull":82,"ReplayTheSpireMod:Shallot":22,"Bronze Scales":22,"StuffTheSpire:DarkSteelAnvil":22,"Onion Ring":60,"ReplayTheSpireMod:TigerMarble":22,"Pocketwatch":140,"Darkstone Periapt":22,"ReplayFunnel":22,"SnailShell":22,"aspiration:TomeofQuesting":22,"Snake Skull":22,"halation:WeightlessCrab":22,"Juzu Bracelet":22,"hubris:SlimyHat":22,"vexMod:Spyglass":22,"ClockworkSouvenir":22,"StuffTheSpire:Experiment12":27,"Tough Bandages":22,"Dream Catcher":128,"hubris:Icosahedron":10,"Mummified Hand":22,"MiniBlackHole":31,"RollingBoulder":22,"Tiny Chest":22,"energizedSpire:RedRose":91,"BargainBundle":22,"Replay:Towering Pillar of Hats":6,"infinitespire:CursedDice":55,"Guide Book":22,"Quantum Egg":81,"halation:IllGainedPizza":78,"hubris:MedicalManual":22,"Orichalcum":99,"Medical Kit":22,"Peace Pipe":60,"Calling Bell":149,"Strange Spoon":22,"Anchor":82,"vexMod:BarristanHead":53,"vexMod:HeadHunter":22,"halation:EternalFortune":218,"rat:QuicksilverSash":22,"Membership Card":22,"hubris:OldNail":22,"hubris:Potato":22,"ReplayTheSpireMod:ShopPack":6,"hubris:NiceRug":60}],"Ring of the Snake":[129],"Pocketwatch":[63]},"card_choices":[{"not_picked":["Outmaneuver","Heel Hook","Setup"],"picked":"SKIP","floor":1.0},{"not_picked":["Distraction","Flying Knee"],"picked":"Deadly Poison","floor":3.0},{"not_picked":["Backstab","StuffTheSpire:Injection"],"picked":"rat:SilveredBlade","floor":5.0},{"not_picked":["rat:MimicPod","StuffTheSpire:Injection"],"picked":"PiercingWail","floor":6.0},{"not_picked":["Eviscerate","rat:FanOfKnives","Dodge and Roll"],"picked":"SKIP","floor":7.0},{"not_picked":["StuffTheSpire:BumpUp","rorgmod:Phantasmal Killer"],"picked":"ReplayTheSpireMod:Necrosis","floor":8.0},{"not_picked":["Dagger Throw","rat:EchoingStrikes"],"picked":"rat:RuptureArtery","floor":11.0},{"not_picked":["Bouncing Flask+1","hubris:TrickCloak+1"],"picked":"Caltrops+1","floor":12.0},{"not_picked":["Draining Mist+1","rorgmod:Catalyst+1"],"picked":"rat:MoondustBomb+1","floor":12.0},{"not_picked":["StuffTheSpire:Repulse+1","Terror+1"],"picked":"StuffTheSpire:ReptileScales+1","floor":12.0},{"not_picked":["StuffTheSpire:Injection","Bouncing Flask","Backflip"],"picked":"SKIP","floor":14.0},{"not_picked":["Acrobatics","Dash","ReplayTheSpireMod:Exploit Weakness"],"picked":"SKIP","floor":18.0},{"not_picked":["rat:Shadowstep","StuffTheSpire:Repulse"],"picked":"Cloak And Dagger+1","floor":20.0},{"not_picked":["Deadly Poison","Hidden Blade","Dagger Throw"],"picked":"SKIP","floor":22.0},{"not_picked":["Bane+1","StuffTheSpire:Injection+1","rorgmod:Tools of the Trade"],"picked":"SKIP","floor":23.0},{"not_picked":["Leg Sweep","Flying Knee"],"picked":"Toxin Wave","floor":24.0},{"not_picked":["rorgmod:Prepared","rat:Sprint"],"picked":"rorgmod:Accuracy","floor":27.0},{"not_picked":["Replay:Poison Smokescreen","Hidden Blade+1","hubris:TrickCloak"],"picked":"SKIP","floor":28.0},{"not_picked":["StuffTheSpire:DoubleShiv","Eviscerate","hubris:SlightOfHand"],"picked":"SKIP","floor":29.0},{"not_picked":["Tactician","rorgmod:Tendon Slice"],"picked":"rat:Garrote","floor":30.0},{"not_picked":["Flying Knee","ReplayTheSpireMod:Tripwire"],"picked":"rat:SiphonSilver","floor":32.0},{"not_picked":["rat:Disembowel","rorgmod:Tools of the Trade"],"picked":"Night Terror","floor":33.0},{"not_picked":["rat:RuptureArtery","Hidden Blade","Blur"],"picked":"SKIP","floor":35.0},{"not_picked":["rat:Shadowstep","Hidden Blade"],"picked":"rat:OpeningStrike+1","floor":39.0},{"not_picked":["Expertise","Concentrate","rorgmod:Prepared+1"],"picked":"SKIP","floor":40.0},{"not_picked":["rorgmod:Tendon Slice","ShadowRift","Dagger Spray"],"picked":"SKIP","floor":41.0},{"not_picked":["infinitespire:FutureSight","infinitespire:Oblivion"],"picked":"infinitespire:UltimateForm","floor":42.0},{"not_picked":["Poisoned Stab","rat:SilveredBlade+1","Infinite Blades"],"picked":"SKIP","floor":42.0},{"not_picked":["rorgmod:Prepared","Tactician+1"],"picked":"rat:Shadowstep+1","floor":44.0},{"not_picked":["rorgmod:Wraith Form","Grand Finale"],"picked":"rat:VenomousWounds","floor":50}],"player_experience":629444,"relics_obtained":[{"floor":6.0,"key":"infinitespire:PuzzleCube"},{"floor":8.0,"key":"Bird Faced Urn"},{"floor":9.0,"key":"Pocketwatch"},{"floor":17.0,"key":"StuffTheSpire:Barrel"},{"floor":17.0,"key":"halation:VictoryRuler"},{"floor":17.0,"key":"hubris:DuctTape"},{"floor":23.0,"key":"RollingBoulder"},{"floor":25.0,"key":"Ring of Misfortune"},{"floor":25.0,"key":"Ring of Panic"},{"floor":26.0,"key":"infinitespire:Lucky Rock"},{"floor":27.0,"key":"halation:PromiseList"},{"floor":40.0,"key":"Juzu Bracelet"},{"floor":42.0,"key":"Boot"},{"floor":43.0,"key":"Eternal Feather"},{"floor":44.0,"key":"GiantMaggot"}],"event_choices":[{"damage_healed":0.0,"max_hp_gain":0.0,"max_hp_loss":0.0,"gold_gain":0.0,"event_name":"Accursed Blacksmith","player_choice":"Forge","floor":2.0,"gold_loss":0.0,"damage_taken":0.0,"cards_upgraded":["Sadistic Nature"]},{"damage_healed":0.0,"max_hp_gain":0.0,"max_hp_loss":0.0,"gold_gain":0.0,"event_name":"Big Fish","player_choice":"Box","floor":4.0,"gold_loss":0.0,"damage_taken":0.0,"relics_obtained":["Dream Catcher"],"cards_obtained":["Regret"]},{"damage_healed":0.0,"max_hp_gain":0.0,"max_hp_loss":0.0,"gold_gain":0.0,"event_name":"betterMatch:BetterMatch","player_choice":"3","floor":12.0,"gold_loss":0.0,"damage_taken":0.0,"cards_obtained":["betterMatch:UncommonCard"]},{"damage_healed":0.0,"max_hp_gain":0.0,"max_hp_loss":0.0,"gold_gain":0.0,"event_name":"betterNote:BetterNote","player_choice":"Ignored","floor":19.0,"gold_loss":0.0,"damage_taken":0.0,"cards_obtained":["StuffTheSpire:Innocence"]},{"cards_removed":["Regret"],"damage_healed":0.0,"max_hp_gain":0.0,"max_hp_loss":0.0,"gold_gain":0.0,"event_name":"Beggar","player_choice":"Gave Gold","floor":21.0,"gold_loss":75.0,"damage_taken":0.0},{"damage_healed":0.0,"max_hp_gain":0.0,"max_hp_loss":0.0,"gold_gain":999.0,"event_name":"MindBloom","player_choice":"Gold","floor":37.0,"gold_loss":0.0,"damage_taken":0.0,"cards_obtained":["Normality","Normality"]},{"damage_healed":0.0,"max_hp_gain":0.0,"max_hp_loss":0.0,"gold_gain":0.0,"event_name":"The Woman in Blue","player_choice":"Bought 1 Potion","floor":38.0,"gold_loss":0.0,"damage_taken":0.0},{"damage_healed":0.0,"max_hp_gain":0.0,"max_hp_loss":0.0,"gold_gain":3.0,"event_name":"betterStone:BetterStone","player_choice":"1","floor":45.0,"gold_loss":0.0,"damage_taken":0.0},{"cards_removed":["Normality","Normality"],"damage_healed":0.0,"max_hp_gain":0.0,"max_hp_loss":0.0,"gold_gain":0.0,"event_name":"Fountain of Cleansing","player_choice":"Removed Curses","floor":46.0,"gold_loss":0.0,"damage_taken":0.0},{"cards_removed":["Poisoned Stab"],"damage_healed":0.0,"max_hp_gain":0.0,"max_hp_loss":0.0,"gold_gain":0.0,"event_name":"Purifier","player_choice":"Purged","floor":48.0,"gold_loss":0.0,"damage_taken":0.0}],"is_beta":false,"boss_relics":[{"not_picked":["energizedSpire:MagnifyingGlass","hubris:Stopwatch"],"picked":"Calling Bell"},{"not_picked":["Honey Jar","ChewingGum"],"picked":"aspiration:PoetsPen"}],"items_purged_floors":[36,49],"is_endless":true,"potions_floor_spawned":[5,7,8,20,22,28,33,39,42,44],"killed_by":"bossMod:newShapes","ascension_level":20}}