{"host":"ELF","time":1611043953,"event":{"mods":["BaseMod","Bestiary","Minty Spire (QoL Compilation)","Relic Stats","Slay the Relics Exporter"],"gold_per_floor":[112,127,277,29,29,29,29,29],"floor_reached":7,"language":"ENG","playtime":262,"items_purged":["Doubt"],"score":76,"play_id":"6ef87381-86ef-4800-9af5-2c72f443d982","local_time":"20210119021233","is_ascension_mode":true,"campfire_choices":[{"data":"White Noise","floor":6,"key":"SMITH"}],"circlet_count":0,"master_deck":["AscendersBane","Strike_B","Strike_B","Strike_B","Strike_B","Defend_B","Defend_B","Defend_B","Defend_B","Zap","Dualcast","Genetic Algorithm","BootSequence","Cold Snap","Gash","Redo","White Noise+1","Capacitor","Echo Form"],"relics":["Cracked Core","Bag of Preparation","Orrery"],"acts_visited":["Exordium"],"potions_floor_usage":[],"damage_taken":[{"damage":4,"enemies":"Small Slimes","floor":1,"turns":3},{"damage":5,"enemies":"Jaw Worm","floor":2,"turns":5},{"damage":57,"enemies":"Gremlin Nob","floor":7,"turns":4}],"seed_played":"-2647961911109649496","potions_obtained":[],"is_trial":false,"path_per_floor":["M","M","?","$","?","R","E"],"character_chosen":"DEFECT","items_purchased":["Orrery"],"campfire_rested":0,"item_purchase_floors":[4],"current_hp_per_floor":[60,55,55,55,55,55,0,0],"gold":29,"neow_bonus":"RANDOM_COMMON_RELIC","is_daily":false,"chose_seed":false,"campfire_upgraded":1,"win_rate":0.0,"timestamp":1611043953,"path_taken":["M","M","?","$","?","R","E"],"items_purchased_type":["Relic"],"build_version":"2020-12-18","purchased_purges":1,"victory":false,"max_hp_per_floor":[71,71,71,71,71,71,71,71],"relic_stats":{"counters":[3,12],"Bag of Preparation":[6],"obtain_stats":[{"Orrery":4,"Bag of Preparation":0,"Cracked Core":0},{"Orrery":2,"Bag of Preparation":0,"Cracked Core":0},{"Orrery":8,"Bag of Preparation":0,"Cracked Core":0}]},"card_choices":[{"not_picked":["Redo","Ball Lightning"],"picked":"Genetic Algorithm","floor":1},{"not_picked":["Go for the Eyes","Beam Cell"],"picked":"BootSequence","floor":2},{"not_picked":["Hologram","Force Field"],"picked":"Cold Snap","floor":4},{"not_picked":["Undo","Heatsinks"],"picked":"Gash","floor":4},{"not_picked":["Hologram","Stack"],"picked":"Redo","floor":4},{"not_picked":["Blizzard","FTL"],"picked":"White Noise","floor":4},{"not_picked":["Stack","Sweeping Beam"],"picked":"Capacitor","floor":4}],"player_experience":3229411,"relics_obtained":[],"event_choices":[{"damage_healed":0,"gold_gain":150,"player_choice":"AGREE","damage_taken":0,"max_hp_gain":0,"max_hp_loss":0,"event_name":"Liars Game","floor":3,"gold_loss":0,"cards_obtained":["Doubt"]},{"damage_healed":0,"gold_gain":0,"player_choice":"1 cards matched","damage_taken":0,"max_hp_gain":0,"max_hp_loss":0,"event_name":"Match and Keep!","floor":5,"gold_loss":0,"cards_obtained":["Echo Form"]}],"is_beta":true,"boss_relics":[],"items_purged_floors":[4],"is_endless":false,"potions_floor_spawned":[],"killed_by":"Gremlin Nob","ascension_level":19}}