{"host":"skr63qsdfgeey3it","time":1611092883,"event":{"mods":["BaseMod","Colored Map","Hubris","Minty Spire (QoL Compilation)","Replay The Spire","Spicy Shops","StSLib"],"gold_per_floor":[111,122,12,12,22,22,22,22,47,47,47,59,79,94,94,56,56,56,56],"floor_reached":18,"language":"ENG","playtime":534,"items_purged":["hubris:Sloth"],"score":188,"play_id":"708df6a0-7cc5-4408-aa5a-0ba865c4d622","local_time":"20210119154803","is_ascension_mode":true,"campfire_choices":[{"data":"ReplayTheSpireMod:Brewmster","floor":10,"key":"SMITH"},{"floor":17,"key":"REST"}],"circlet_count":0,"master_deck":["AscendersBane","Strike_R","Strike_R","Strike_R","Strike_R","Strike_R","Defend_R","Defend_R","Defend_R","Defend_R","Bash","ReplayTheSpireMod:Brewmster+1","Rampage","Sever Soul","Finesse","Life Link","Dual Wield","Searing Blow","Reaper"],"relics":["Burning Blood","hubris:Icosahedron","Blue Doll","Self Forming Clay"],"acts_visited":["Exordium"],"potions_floor_usage":[5,9,9,9,14,14,16],"damage_taken":[{"damage":14,"enemies":"Small Slimes","floor":1,"turns":5},{"damage":13,"enemies":"Cultist","floor":2,"turns":6},{"damage":7,"enemies":"Jaw Worm","floor":5,"turns":4},{"damage":20,"enemies":"Gremlin Nob","floor":9,"turns":4},{"damage":17,"enemies":"3 Louse","floor":12,"turns":5},{"damage":14,"enemies":"Gremlin Gang","floor":13,"turns":5},{"damage":30,"enemies":"Lots of Slimes","floor":14,"turns":6},{"damage":15,"enemies":"Exordium Thugs","floor":16,"turns":4},{"damage":54,"enemies":"The Guardian","floor":18,"turns":2}],"seed_played":"-101926924573173474","potions_obtained":[{"floor":2,"key":"Strength Potion"},{"floor":16,"key":"Fire Potion"}],"is_trial":false,"path_per_floor":["M","M","$","?","M","PTL","PTL","?","E","R","T","M","M","M","?","M","R","B"],"character_chosen":"IRONCLAD","items_purchased":["Sever Soul"],"campfire_rested":1,"item_purchase_floors":[3],"current_hp_per_floor":[64,57,57,57,56,56,56,56,42,42,42,31,23,26,26,17,41,0,0],"gold":56,"neow_bonus":"RANDOM_COLORLESS_2","is_daily":false,"chose_seed":false,"campfire_upgraded":1,"win_rate":0.0,"timestamp":1611092883,"path_taken":["M","M","$","?","?","PTL","PTL","?","E","R","T","M","M","M","?","M","R","BOSS"],"items_purchased_type":["Card"],"build_version":"2020-12-22","purchased_purges":1,"victory":false,"max_hp_per_floor":[80,80,80,80,80,80,80,80,80,80,80,80,80,80,80,80,80,80,80],"card_choices":[{"not_picked":["ReplayUltimateDefense","Chrysalis"],"picked":"ReplayTheSpireMod:Brewmster","floor":0},{"not_picked":["Perfected Strike","Rupture","Reckless Charge"],"picked":"SKIP","floor":1},{"not_picked":["Warcry","Dark Embrace"],"picked":"Rampage","floor":2},{"not_picked":["Perfected Strike","Iron Wave"],"picked":"Life Link","floor":5},{"not_picked":["Sentinel","Power Through"],"picked":"Dual Wield","floor":9},{"not_picked":["Iron Wave","Thunderclap","True Grit"],"picked":"SKIP","floor":12},{"not_picked":["Flex","Intimidate","Body Slam"],"picked":"SKIP","floor":13},{"not_picked":["Sword Boomerang","hubris:SharpeningStone"],"picked":"Searing Blow","floor":14},{"not_picked":["Power Through","Heavy Blade"],"picked":"Reaper","floor":16}],"player_experience":760722,"relics_obtained":[{"floor":9,"key":"Blue Doll"},{"floor":11,"key":"Self Forming Clay"}],"event_choices":[{"damage_healed":0,"gold_gain":0,"player_choice":"1 cards matched","damage_taken":0,"max_hp_gain":0,"max_hp_loss":0,"event_name":"Match and Keep!","floor":4,"gold_loss":0,"cards_obtained":["Finesse"]},{"damage_healed":0,"gold_gain":0,"player_choice":"Got Potions","damage_taken":0,"max_hp_gain":0,"max_hp_loss":0,"event_name":"Lab","floor":15,"gold_loss":0}],"is_beta":false,"boss_relics":[],"items_purged_floors":[3],"is_endless":false,"potions_floor_spawned":[2,9,14,16],"killed_by":"The Guardian","ascension_level":13}}