{"host":"hjw1ay65n7jm40lc","time":1611062357,"event":{"mods":["AchievementEnabler","BaseMod","Block Reminder","Colored Map","Colored Powertips","Curses Come First","Downfall","Googly Eyes","Hermit","Highlight Path","Minty Spire (QoL Compilation)","Quick Restart","Relic Stats","StSLib"],"gold_per_floor":[149,149,163,183,196,228,274,303,188,206,240,340,340,358,373,471,471,471,471,488,588,588,220,220,230,262,441,476,476,283,300,310,405,405,405,421,441,454,468,488,540,552,580,480,480,490,87,137,155,155],"floor_reached":51,"language":"ENG","playtime":5770,"items_purged":["bronze:Strike","Parasite","Pain","bronze:Strike+1","bronze:Replicate"],"score":1159,"play_id":"7fd287bf-02af-4add-8eb1-7992ff7d4298","local_time":"20210119081917","is_ascension_mode":true,"campfire_choices":[{"data":"bronze:WhirlingStrike","floor":1.0,"key":"SMITH"},{"data":"bronze:Shell","floor":13.0,"key":"SMITH"},{"data":"bronze:Format","floor":18.0,"key":"SMITH"},{"floor":29.0,"key":"REST"},{"floor":35.0,"key":"RECALL"},{"data":"bronze:InfiniteLoop","floor":44.0,"key":"SMITH"}],"circlet_count":0,"master_deck":["bronze:Defend+1","bronze:Defend+1","bronze:Defend+1","bronze:Defend+1","bronze:Goto","bronze:WhirlingStrike+1","bronze:ChosenStrike","bronze:Constructor","bronze:BronzeOrb","bronze:Shell+1","bronze:Optimize+1","bronze:Format+1","bronze:OilSpill","bronze:DelayedSlice","J.A.X.+1","bronze:Philosophize+1","bronze:Repulsor+1","bronze:InfiniteLoop+1","bronze:Iterate+1","Clumsy"],"relics":["Tiny House","downfall:ShatteredFragment","Toy Ornithopter","Bag of Preparation","Smiling Mask","Strawberry","Cursed Key","MutagenicStrength","Guardian:GemstoneGun","Question Card","Unceasing Top","Du-Vu Doll","ClockworkSouvenir","Runic Pyramid","Vajra","champ:DeflectingBracers","downfall:HeartBlessingRed","Ice Cream","Mango"],"acts_visited":["Exordium","TheCity","TheBeyond"],"potions_floor_usage":[47,48,50,50],"damage_taken":[{"damage":2.0,"enemies":"Jaw Worm","floor":3.0,"turns":3.0},{"damage":1.0,"enemies":"2 Louse","floor":4.0,"turns":2.0},{"damage":0.0,"enemies":"Small Slimes","floor":5.0,"turns":2.0},{"damage":10.0,"enemies":"Gremlin Nob","floor":6.0,"turns":3.0},{"damage":2.0,"enemies":"3 Sentries","floor":8.0,"turns":4.0},{"damage":0.0,"enemies":"downfall:FleeingMerchant","floor":9.0,"turns":4.0},{"damage":1.0,"enemies":"Red Slaver","floor":10.0,"turns":4.0},{"damage":0.0,"enemies":"Gremlin Nob","floor":11.0,"turns":3.0},{"damage":0.0,"enemies":"Lots of Slimes","floor":14.0,"turns":1.0},{"damage":0.0,"enemies":"Blue Slaver","floor":15.0,"turns":3.0},{"damage":21.0,"enemies":"IC_STATUS_ARCHETYPE","floor":16.0,"turns":9.0},{"damage":6.0,"enemies":"Shell Parasite","floor":20.0,"turns":4.0},{"damage":7.0,"enemies":"downfall:Augmenter","floor":21.0,"turns":4.0},{"damage":3.0,"enemies":"downfall:FleeingMerchant","floor":23.0,"turns":4.0},{"damage":3.0,"enemies":"Spheric Guardian","floor":25.0,"turns":1.0},{"damage":9.0,"enemies":"Book of Stabbing","floor":26.0,"turns":3.0},{"damage":8.0,"enemies":"downfall:FleeingMerchant","floor":27.0,"turns":3.0},{"damage":6.0,"enemies":"Gremlin Leader","floor":28.0,"turns":3.0},{"damage":8.0,"enemies":"Centurion and Healer","floor":31.0,"turns":3.0},{"damage":0.0,"enemies":"Shelled Parasite and Fungi","floor":32.0,"turns":1.0},{"damage":6.0,"enemies":"WA_ARCHETYPE_CALM","floor":33.0,"turns":4.0},{"damage":6.0,"enemies":"3 Shapes","floor":36.0,"turns":1.0},{"damage":0.0,"enemies":"3 Darklings","floor":37.0,"turns":2.0},{"damage":10.0,"enemies":"4 Shapes","floor":38.0,"turns":3.0},{"damage":3.0,"enemies":"Maw","floor":39.0,"turns":4.0},{"damage":0.0,"enemies":"Spire Growth","floor":40.0,"turns":2.0},{"damage":6.0,"enemies":"Transient","floor":42.0,"turns":5.0},{"damage":0.0,"enemies":"Nemesis","floor":43.0,"turns":3.0},{"damage":0,"enemies":"3 Darklings","floor":46,"turns":1},{"damage":0,"enemies":"3 Darklings","floor":48,"turns":2},{"damage":0,"enemies":"Spire Growth","floor":49,"turns":1},{"damage":45,"enemies":"DF_ARCHETYPE_ORBS","floor":50,"turns":4}],"seed_played":"-3103565169980409054","potions_obtained":[{"floor":0.0,"key":"bronze:BuildAFunctionPotion"},{"floor":5.0,"key":"FearPotion"},{"floor":6.0,"key":"Energy Potion"},{"floor":10.0,"key":"Explosive Potion"},{"floor":14.0,"key":"champ:CounterPotion"},{"floor":15.0,"key":"FearPotion"},{"floor":25.0,"key":"Weak Potion"},{"floor":28.0,"key":"SteroidPotion"},{"floor":40.0,"key":"hexamod:SoulburnPotion"},{"floor":43.0,"key":"Fruit Juice"},{"floor":46,"key":"DistilledChaos"},{"floor":48,"key":"PowerPotion"}],"is_trial":false,"path_per_floor":["R","?","M","M","M","E","T","E","$","M","E","?","R","M","M","B",null,"R","?","M","?","?","$","T","M","E","$","E","R","$","M","M","B",null,"R","M","M","M","M","M","T","M","E","R","?","M","$","?","M","B",null],"character_chosen":"THE_AUTOMATON","items_purchased":["Fire Potion","Guardian:GemstoneGun","EntropicBrew","ClockworkSouvenir","Ice Cream","Weak Potion"],"campfire_rested":1,"item_purchase_floors":[9,23,27,30,47,47],"current_hp_per_floor":[75,54,52,51,51,41,41,44,44,43,50,50,50,50,50,34,82,82,82,76,74,74,71,71,68,64,56,50,73,73,65,65,59,79,79,73,73,63,60,65,65,64,69,69,69,69,79,98,98,58],"gold":155,"neow_bonus":"BOSS_RELIC","is_daily":false,"chose_seed":false,"campfire_upgraded":4,"win_rate":0.0,"timestamp":1611062357,"path_taken":["R","?","M","M","M","E","T","E","$","M","E","?","R","M","M","BOSS","R","?","M","?","?","$","T","?","E","$","E","R","$","M","M","BOSS","R","M","M","M","?","M","T","M","E","R","?","?","$","?","M","BOSS"],"items_purchased_type":["Potion","Relic","Potion","Relic","Relic","Potion"],"build_version":"2020-12-22","purchased_purges":5,"victory":true,"max_hp_per_floor":[75,75,75,75,75,75,75,75,75,75,82,82,82,82,82,82,82,82,82,82,82,82,79,79,79,79,79,79,79,79,79,79,79,79,79,79,79,79,79,79,79,79,79,79,79,79,84,98,98,98],"relic_stats":{"counters":[32,96],"Bag of Preparation":[56],"Smiling Mask":375,"Cursed Key":2,"Question Card":17,"obtain_stats":[{"Ice Cream":47,"bronze:BronzeCore":0,"Tiny House":0,"downfall:ShatteredFragment":2,"downfall:HeartBlessingRed":44,"Guardian:GemstoneGun":23,"Vajra":41,"Mango":48,"champ:DeflectingBracers":43,"Bag of Preparation":7,"Smiling Mask":8,"Cursed Key":17,"Question Card":24,"ClockworkSouvenir":30,"Du-Vu Doll":28,"Strawberry":11,"MutagenicStrength":21,"Toy Ornithopter":6,"Unceasing Top":26,"Runic Pyramid":34},{"Ice Cream":29,"bronze:BronzeCore":0,"Tiny House":0,"downfall:ShatteredFragment":0,"downfall:HeartBlessingRed":28,"Guardian:GemstoneGun":14,"Vajra":26,"Mango":30,"champ:DeflectingBracers":28,"Bag of Preparation":4,"Smiling Mask":5,"Cursed Key":11,"Question Card":14,"ClockworkSouvenir":18,"Du-Vu Doll":18,"Strawberry":8,"MutagenicStrength":13,"Toy Ornithopter":4,"Unceasing Top":16,"Runic Pyramid":21},{"Ice Cream":89,"bronze:BronzeCore":0,"Tiny House":0,"downfall:ShatteredFragment":0,"downfall:HeartBlessingRed":88,"Guardian:GemstoneGun":50,"Vajra":80,"Mango":91,"champ:DeflectingBracers":88,"Bag of Preparation":10,"Smiling Mask":14,"Cursed Key":38,"Question Card":50,"ClockworkSouvenir":60,"Du-Vu Doll":60,"Strawberry":25,"MutagenicStrength":46,"Toy Ornithopter":10,"Unceasing Top":54,"Runic Pyramid":68}],"Toy Ornithopter":50,"Unceasing Top":[2]},"card_choices":[{"not_picked":["bronze:Invalidate","bronze:CutThrough"],"picked":"bronze:WhirlingStrike","floor":0.0},{"not_picked":["bronze:Invalidate","bronze:Branch","bronze:BuggyMess"],"picked":"SKIP","floor":3.0},{"not_picked":["bronze:FineTuning","bronze:MaxOutput"],"picked":"bronze:ChosenStrike","floor":4.0},{"not_picked":["bronze:CutThrough","bronze:Iterate","bronze:Shield"],"picked":"SKIP","floor":5.0},{"not_picked":["bronze:Shell","bronze:HardenedForm"],"picked":"bronze:Constructor","floor":6.0},{"not_picked":["bronze:DigitalCarnage","bronze:WhirlingStrike"],"picked":"bronze:BronzeOrb","floor":8.0},{"not_picked":["bronze:Turbo","bronze:FineTuning"],"picked":"bronze:Shell","floor":9.0},{"not_picked":["bronze:GetLatest","bronze:InfiniteBeams","bronze:WildBeam"],"picked":"SKIP","floor":10.0},{"not_picked":["bronze:BugBarrage","bronze:Constructor","bronze:Shield"],"picked":"SKIP","floor":11.0},{"not_picked":["bronze:Deprecate","bronze:Shell","bronze:CutThrough"],"picked":"SKIP","floor":14.0},{"not_picked":["bronze:Turbo","bronze:BugBarrage"],"picked":"bronze:Optimize","floor":15.0},{"not_picked":["bronze:Mutator","bronze:Break"],"picked":"bronze:Format","floor":16.0},{"not_picked":["bronze:Invalidate","bronze:DelayedGuard+1","bronze:ItsAFeature"],"picked":"SKIP","floor":20.0},{"not_picked":[],"picked":"J.A.X.","floor":21.0},{"not_picked":["bronze:BuggyMess","bronze:WildBeam","bronze:DigitalCarnage+1"],"picked":"SKIP","floor":23.0},{"not_picked":["bronze:ThunderWave","bronze:Backtrace","bronze:Turbo+1"],"picked":"bronze:Philosophize+1","floor":25.0},{"not_picked":["bronze:Philosophize+1","bronze:Overheat","bronze:BugBarrage","bronze:DelayedGuard"],"picked":"SKIP","floor":26.0},{"not_picked":["bronze:Constructor","bronze:Safeguard","bronze:FollowUp"],"picked":"bronze:Repulsor+1","floor":27.0},{"not_picked":["bronze:CleanCode","bronze:CloningBeam","bronze:Branch+1","bronze:Deprecate"],"picked":"SKIP","floor":28.0},{"not_picked":["bronze:ClassDefault+1","bronze:Branch","bronze:CloningBeam","bronze:FineTuning+1"],"picked":"SKIP","floor":31.0},{"not_picked":["bronze:BugBarrage","bronze:DelayedSlice","bronze:Repair","bronze:Shield"],"picked":"SKIP","floor":32.0},{"not_picked":["bronze:SpaghettiCode","bronze:HardenedForm","bronze:Format"],"picked":"bronze:InfiniteLoop","floor":33.0},{"not_picked":["bronze:BuggyMess","bronze:FineTuning","bronze:Constructor","bronze:BugBarrage"],"picked":"SKIP","floor":36.0},{"not_picked":["bronze:CleanCode","bronze:BitShift","bronze:OilSpill"],"picked":"bronze:Iterate+1","floor":37.0},{"not_picked":["bronze:Constructor+1","bronze:ClassDefault","bronze:Iterate","bronze:CutThrough"],"picked":"SKIP","floor":38.0},{"not_picked":["bronze:Fortify","bronze:Turbo+1","bronze:FollowUp+1","bronze:Return"],"picked":"SKIP","floor":39.0},{"not_picked":["bronze:Separator","bronze:Turbo+1","bronze:OilSpill","bronze:BitShift+1"],"picked":"SKIP","floor":40.0},{"not_picked":["bronze:Refactor+1","bronze:Turbo","bronze:CleanCode","bronze:ForceShield"],"picked":"SKIP","floor":42.0},{"not_picked":["bronze:BugBarrage","bronze:Overload+1","bronze:Separator","bronze:Boost"],"picked":"SKIP","floor":43.0},{"not_picked":["bronze:Repair+1","bronze:DelayedSlice+1","bronze:Invalidate+1","bronze:BugBarrage"],"picked":"SKIP","floor":46},{"not_picked":["bronze:Frontload","bronze:BugBarrage","bronze:Safeguard+1","bronze:BronzeOrb+1"],"picked":"SKIP","floor":49}],"player_experience":942490,"relics_obtained":[{"floor":6.0,"key":"Toy Ornithopter"},{"floor":7.0,"key":"Bag of Preparation"},{"floor":8.0,"key":"Smiling Mask"},{"floor":11.0,"key":"Strawberry"},{"floor":21.0,"key":"MutagenicStrength"},{"floor":24.0,"key":"Question Card"},{"floor":26.0,"key":"Unceasing Top"},{"floor":28.0,"key":"Du-Vu Doll"},{"floor":41.0,"key":"Vajra"},{"floor":43.0,"key":"champ:DeflectingBracers"},{"floor":48,"key":"Mango"}],"event_choices":[],"is_beta":false,"boss_relics":[{"not_picked":["Calling Bell","expansioncontent:StudyCardRelic"],"picked":"Cursed Key"},{"not_picked":["Sozu","Empty Cage"],"picked":"Runic Pyramid"}],"items_purged_floors":[9,23,27,30,47],"is_endless":false,"potions_floor_spawned":[5,6,10,14,15,25,28,31,32,33,39,40,43,46,48,49],"ascension_level":4}}