{"host":"v417sqk9t447evpw","time":1611069767,"event":{"mods":["2.2 Compatiblity","AchievementEnabler","BaseMod","DeckTracker","Highlight Path","Keyboard Shortcuts","Minty Spire (QoL Compilation)","Permanent Neow","Quick Restart","Replay The Spire","StSLib"],"gold_per_floor":[115,133,133,151,169,169,180,180,180,180,192,206,206,235,235,312,312,212,228,228,66,66,99,99,99],"floor_reached":24,"language":"KOR","playtime":908,"items_purged":["Hallucinations"],"score":432,"play_id":"f0962979-5934-4e5f-b61f-125eb5dd6340","local_time":"20210120002247","is_ascension_mode":true,"campfire_choices":[{"data":"BasicCrystalCard","floor":6,"key":"SMITH"},{"floor":10,"key":"REST"},{"data":"Consume","floor":13,"key":"SMITH"}],"circlet_count":0,"master_deck":["AscendersBane","Strike_B","Strike_B+1","Defend_B","Defend_B","Zap+1","Dualcast","Machine Learning","Barrage","Coolheaded+1","Cold Snap","BasicCrystalCard+1","Self Repair","Glacier","Consume+1","Consume","Fission+1","FIFO Queue+1","Rebound+1","Core Surge+1","Blizzard","ReplayGash","Coolheaded","Time Bomb+1","Redo"],"relics":["Cracked Core","Replay:Bottled Steam","Golden Egg","Astrolabe","Prayer Wheel","Replay:WaspNest","ReplayTheSpireMod:Ring of Exchange","Centennial Puzzle"],"acts_visited":["Exordium","TheCity"],"potions_floor_usage":[7,23],"damage_taken":[{"damage":0,"enemies":"2 Louse","floor":1,"turns":1},{"damage":1,"enemies":"Cultist","floor":2,"turns":4},{"damage":8,"enemies":"Small Slimes","floor":4,"turns":3},{"damage":16,"enemies":"Exordium Wildlife","floor":5,"turns":6},{"damage":5,"enemies":"Looter","floor":7,"turns":4},{"damage":11,"enemies":"2 Fungi Beasts","floor":11,"turns":4},{"damage":6,"enemies":"Blue Slaver","floor":12,"turns":4},{"damage":25,"enemies":"3 Sentries","floor":14,"turns":7},{"damage":8,"enemies":"Hexaghost","floor":16,"turns":15},{"damage":17,"enemies":"2 Thieves","floor":18,"turns":5},{"damage":30,"enemies":"Spheric Guardian","floor":19,"turns":7},{"damage":19,"enemies":"Gremlin Leader","floor":23,"turns":8},{"damage":13,"enemies":"3 Cultists","floor":24,"turns":2}],"seed_played":"-2126997751805104213","potions_obtained":[{"floor":5,"key":"Toxic Potion"},{"floor":7,"key":"Weak Potion"},{"floor":11,"key":"Elixir"}],"is_trial":false,"path_per_floor":["M","M","?","M","M","R","M","?","T","R","M","M","R","E","R","B",null,"M","M","?","$","?","E","M"],"character_chosen":"DEFECT","items_purchased":["Time Bomb"],"campfire_rested":1,"item_purchase_floors":[21],"current_hp_per_floor":[64,63,63,55,39,39,34,13,13,34,30,31,31,13,34,33,62,45,22,22,22,22,10,0,0],"gold":99,"neow_bonus":"ONE_RANDOM_RARE_CARD","is_daily":false,"chose_seed":false,"campfire_upgraded":2,"win_rate":0.0,"timestamp":1611069767,"path_taken":["M","M","?","M","?","R","?","?","T","R","M","M","R","E","R","BOSS","M","M","?","$","?","E","M"],"items_purchased_type":["Card"],"build_version":"2020-12-22","purchased_purges":1,"victory":false,"max_hp_per_floor":[71,71,71,71,71,71,71,71,71,71,71,71,71,71,71,71,71,71,71,71,71,71,71,71,71],"card_choices":[{"not_picked":["Rebound","Go for the Eyes"],"picked":"Barrage","floor":1},{"not_picked":["Sweeping Beam","Go for the Eyes"],"picked":"Coolheaded","floor":2},{"not_picked":["Go for the Eyes","Rebound"],"picked":"Cold Snap","floor":4},{"not_picked":["Beam Cell","ReplayTheSpireMod:GoodbyeWorld"],"picked":"BasicCrystalCard","floor":5},{"not_picked":["Thunder Strike","Leap"],"picked":"Self Repair","floor":7},{"not_picked":["Gash","Panic Button"],"picked":"Glacier","floor":11},{"not_picked":["BootSequence","ReplayTheSpireMod:GoodbyeWorld"],"picked":"Consume","floor":12},{"not_picked":["Rebound","Gash"],"picked":"Consume","floor":14},{"not_picked":["Creative AI","Echo Form"],"picked":"Fission","floor":16},{"not_picked":["Fusion","ReplayGash"],"picked":"Blizzard","floor":18},{"not_picked":["Go for the Eyes","Storm"],"picked":"ReplayGash","floor":18},{"not_picked":["Melter","Undo"],"picked":"Coolheaded","floor":19},{"not_picked":["Coolheaded","Scrape","Heatsinks"],"picked":"SKIP","floor":19},{"not_picked":["FIFO Queue+1","Ball Lightning"],"picked":"Redo","floor":23}],"player_experience":928403,"relics_obtained":[{"floor":9,"key":"Replay:Bottled Steam"},{"floor":14,"key":"Golden Egg"},{"floor":22,"key":"ReplayTheSpireMod:Ring of Exchange"},{"floor":23,"key":"Centennial Puzzle"}],"event_choices":[{"cards_removed":["Strike_B"],"damage_healed":0,"gold_gain":0,"player_choice":"Offered Basic","damage_taken":0,"max_hp_gain":0,"max_hp_loss":0,"event_name":"Bonfire Elementals","floor":3,"gold_loss":0},{"damage_healed":0,"gold_gain":0,"player_choice":"Entered Light","damage_taken":21,"max_hp_gain":0,"max_hp_loss":0,"event_name":"Shining Light","floor":8,"gold_loss":0,"cards_upgraded":["Zap","Strike_B"]}],"is_beta":false,"boss_relics":[{"not_picked":["SacredBark","Honey Jar"],"picked":"Astrolabe"}],"items_purged_floors":[21],"is_endless":false,"potions_floor_spawned":[5,7,11,14],"killed_by":"3 Cultists","ascension_level":20}}