{"host":"xwgrz7y3g1a3iikb","time":1611035832,"event":{"mods":["BaseMod","Highlight Path","Minty Spire (QoL Compilation)","Quick Restart","Relic Stats"],"gold_per_floor":[113,388,53,68,68,96,96,116,116,141,182,194,218,230,242,326,338,370,382,319,347,17,46,46,46,46,46,58,78,78,113,113,113,113],"floor_reached":33,"language":"ENG","playtime":1971,"items_purged":[],"score":682,"play_id":"3a3f7b6f-65f1-4525-b5e5-691074630dbd","local_time":"20210118215712","is_ascension_mode":true,"campfire_choices":[{"floor":7.0,"key":"DIG"},{"floor":12.0,"key":"DIG"},{"floor":15.0,"key":"DIG"},{"floor":24.0,"key":"DIG"},{"floor":27.0,"key":"DIG"},{"floor":30.0,"key":"DIG"},{"floor":32.0,"key":"DIG"}],"circlet_count":0,"master_deck":["AscendersBane","Strike_R","Strike_R","Strike_R","Strike_R","Defend_R","Defend_R","Defend_R","Defend_R+1","Bash","Carnage","Carnage","Feel No Pain","Dark Embrace","Offering","Inflame","Pummel","Immolate","Battle Trance+1","Power Through+1"],"relics":["Burning Blood","NeowsBlessing","Bag of Preparation","Orichalcum","Shovel","InkBottle","Gremlin Horn","MawBank","Odd Mushroom","Happy Flower","Charon\u0027s Ashes","Mark of Pain","Dead Branch","War Paint","Nunchaku","Sundial","Toxic Egg 2","Bird Faced Urn","Akabeko","CaptainsWheel","Blood Vial"],"acts_visited":["Exordium","TheCity"],"potions_floor_usage":[33],"damage_taken":[{"damage":0.0,"enemies":"Small Slimes","floor":1.0,"turns":1.0},{"damage":0.0,"enemies":"Cultist","floor":4.0,"turns":1.0},{"damage":0.0,"enemies":"Lagavulin","floor":6.0,"turns":1.0},{"damage":0.0,"enemies":"2 Louse","floor":8.0,"turns":2.0},{"damage":14.0,"enemies":"Gremlin Nob","floor":10.0,"turns":3.0},{"damage":11.0,"enemies":"The Mushroom Lair","floor":11.0,"turns":4.0},{"damage":14.0,"enemies":"Large Slime","floor":13.0,"turns":3.0},{"damage":21.0,"enemies":"Hexaghost","floor":16.0,"turns":9.0},{"damage":6.0,"enemies":"Spheric Guardian","floor":18.0,"turns":1.0},{"damage":17.0,"enemies":"2 Thieves","floor":21.0,"turns":3.0},{"damage":8.0,"enemies":"Book of Stabbing","floor":23.0,"turns":4.0},{"damage":17.0,"enemies":"Centurion and Healer","floor":28.0,"turns":4.0},{"damage":14.0,"enemies":"Cultist and Chosen","floor":29.0,"turns":4.0},{"damage":6.0,"enemies":"Slavers","floor":31.0,"turns":2.0},{"damage":64,"enemies":"Champ","floor":33,"turns":9}],"seed_played":"890373440546207550","potions_obtained":[{"floor":1.0,"key":"Weak Potion"},{"floor":6.0,"key":"AttackPotion"},{"floor":13.0,"key":"Energy Potion"},{"floor":18.0,"key":"SneckoOil"},{"floor":28.0,"key":"Energy Potion"},{"floor":29.0,"key":"Dexterity Potion"}],"is_trial":false,"path_per_floor":["M","?","$","M","$","E","R","M","T","E","?","R","M","?","R","B",null,"M","?","?","M","$","E","R","T","T","R","M","M","R","E","R","B"],"character_chosen":"IRONCLAD","items_purchased":["Bag of Preparation","Orichalcum","Dead Branch"],"campfire_rested":0,"item_purchase_floors":[3,3,22],"current_hp_per_floor":[74,74,74,75,75,75,75,75,75,67,62,62,54,54,54,39,66,66,66,66,55,55,53,53,53,53,53,46,44,44,50,50,0,0],"gold":113,"neow_bonus":"THREE_ENEMY_KILL","is_daily":false,"chose_seed":false,"campfire_upgraded":0,"win_rate":0.0,"timestamp":1611035832,"path_taken":["M","?","?","M","$","E","R","M","T","E","?","R","M","?","R","BOSS","M","?","?","M","?","E","R","?","T","R","M","M","R","E","R","BOSS"],"items_purchased_type":["Relic","Relic","Relic"],"build_version":"2020-12-22","purchased_purges":0,"victory":false,"max_hp_per_floor":[75,75,75,75,75,75,75,75,75,75,75,75,75,75,75,75,75,75,75,75,75,75,75,75,75,75,75,75,75,75,75,75,75,75],"relic_stats":{"Gremlin Horn":[6,7],"Happy Flower":[13],"counters":[15,51],"Dead Branch":[27],"Charon\u0027s Ashes":[115],"Bag of Preparation":[28],"Orichalcum":[138],"War Paint":["Battle Trance","Defend_R"],"MawBank":144,"Burning Blood":67,"Blood Vial":2,"Nunchaku":[4],"Shovel":7,"Sundial":[4],"Bird Faced Urn":[22],"obtain_stats":[{"NeowsBlessing":0,"Gremlin Horn":9,"Happy Flower":12,"Dead Branch":22,"Charon\u0027s Ashes":15,"Bag of Preparation":3,"Orichalcum":3,"Odd Mushroom":11,"War Paint":23,"MawBank":10,"Burning Blood":0,"Akabeko":30,"Blood Vial":32,"Nunchaku":24,"CaptainsWheel":31,"Shovel":6,"Sundial":25,"Bird Faced Urn":27,"Mark of Pain":17,"Toxic Egg 2":26,"InkBottle":7},{"NeowsBlessing":0,"Gremlin Horn":4,"Happy Flower":6,"Dead Branch":10,"Charon\u0027s Ashes":7,"Bag of Preparation":1,"Orichalcum":1,"Odd Mushroom":6,"War Paint":11,"MawBank":5,"Burning Blood":0,"Akabeko":13,"Blood Vial":14,"Nunchaku":11,"CaptainsWheel":14,"Shovel":3,"Sundial":11,"Bird Faced Urn":11,"Mark of Pain":8,"Toxic Egg 2":11,"InkBottle":3},{"NeowsBlessing":0,"Gremlin Horn":5,"Happy Flower":12,"Dead Branch":28,"Charon\u0027s Ashes":15,"Bag of Preparation":1,"Orichalcum":1,"Odd Mushroom":12,"War Paint":32,"MawBank":8,"Burning Blood":0,"Akabeko":40,"Blood Vial":42,"Nunchaku":32,"CaptainsWheel":42,"Shovel":3,"Sundial":32,"Bird Faced Urn":32,"Mark of Pain":24,"Toxic Egg 2":32,"InkBottle":3}],"InkBottle":[10]},"card_choices":[{"not_picked":["Wild Strike","Rampage"],"picked":"Carnage","floor":1.0},{"not_picked":["Wild Strike","Rampage"],"picked":"Carnage","floor":1.0},{"not_picked":["Flex","Body Slam"],"picked":"Feel No Pain","floor":4.0},{"not_picked":["Cleave","Pommel Strike"],"picked":"Dark Embrace","floor":6.0},{"not_picked":["Iron Wave","Perfected Strike"],"picked":"Offering","floor":8.0},{"not_picked":["Rupture","Warcry"],"picked":"Inflame","floor":10.0},{"not_picked":["Clash","Sword Boomerang"],"picked":"Pummel","floor":11.0},{"not_picked":["Warcry","Infernal Blade","Body Slam"],"picked":"SKIP","floor":13.0},{"not_picked":["Brutality","Bludgeon"],"picked":"Immolate","floor":16.0},{"not_picked":["Pummel","Uppercut"],"picked":"Battle Trance","floor":18.0},{"not_picked":["Sword Boomerang","Dropkick","Iron Wave+1"],"picked":"SKIP","floor":21.0},{"not_picked":["Perfected Strike","Dropkick","Thunderclap"],"picked":"SKIP","floor":23.0},{"not_picked":["Metallicize","Wild Strike","Thunderclap+1"],"picked":"SKIP","floor":28.0},{"not_picked":["Armaments+1","Dark Embrace","Iron Wave"],"picked":"SKIP","floor":29.0},{"not_picked":["Uppercut+1","Heavy Blade"],"picked":"Power Through+1","floor":31.0}],"player_experience":301743,"relics_obtained":[{"floor":6.0,"key":"Shovel"},{"floor":7.0,"key":"InkBottle"},{"floor":9.0,"key":"Gremlin Horn"},{"floor":10.0,"key":"MawBank"},{"floor":11.0,"key":"Odd Mushroom"},{"floor":12.0,"key":"Happy Flower"},{"floor":15.0,"key":"Charon\u0027s Ashes"},{"floor":23.0,"key":"War Paint"},{"floor":24.0,"key":"Nunchaku"},{"floor":25.0,"key":"Sundial"},{"floor":26.0,"key":"Toxic Egg 2"},{"floor":27.0,"key":"Bird Faced Urn"},{"floor":30.0,"key":"Akabeko"},{"floor":31.0,"key":"CaptainsWheel"},{"floor":32.0,"key":"Blood Vial"}],"event_choices":[{"damage_healed":0.0,"max_hp_gain":0.0,"max_hp_loss":0.0,"gold_gain":275.0,"event_name":"Golden Shrine","player_choice":"Desecrate","floor":2.0,"gold_loss":0.0,"damage_taken":0.0,"cards_obtained":["Regret"]},{"damage_healed":0.0,"max_hp_gain":0.0,"max_hp_loss":0.0,"gold_gain":0.0,"event_name":"Mushrooms","player_choice":"Fought Mushrooms","floor":11.0,"gold_loss":0.0,"damage_taken":0.0},{"cards_removed":["Regret"],"damage_healed":0.0,"max_hp_gain":0.0,"max_hp_loss":0.0,"gold_gain":0.0,"event_name":"Purifier","player_choice":"Purged","floor":14.0,"gold_loss":0.0,"damage_taken":0.0},{"damage_healed":0.0,"max_hp_gain":0.0,"max_hp_loss":0.0,"gold_gain":0.0,"event_name":"The Mausoleum","player_choice":"Ignored","floor":19.0,"gold_loss":0.0,"damage_taken":0.0},{"cards_removed":["Strike_R"],"damage_healed":0.0,"max_hp_gain":0.0,"max_hp_loss":0.0,"gold_gain":0.0,"event_name":"Beggar","player_choice":"Gave Gold","floor":20.0,"gold_loss":75.0,"damage_taken":0.0}],"is_beta":false,"boss_relics":[{"not_picked":["Ectoplasm","Busted Crown"],"picked":"Mark of Pain"}],"items_purged_floors":[],"is_endless":false,"potions_floor_spawned":[1,6,10,13,18,28,29],"killed_by":"Champ","ascension_level":20}}