{"host":"op7lvjy5lsqtpdgx","time":1611049171,"event":{"mods":["BaseMod","Minty Spire (QoL Compilation)","StSLib"],"gold_per_floor":[144,144,144,104,149,149,149,26,51,226,226,324,373,422,422,747,747,796,796,865,865,780,780,780,780],"floor_reached":24,"language":"ENG","playtime":1366,"items_purged":["Defend_P"],"score":192,"play_id":"245cfbd8-90b3-46f4-a8b5-ea82f086dbc8","local_time":"20210119223931","daily_mods":["Allstar","Time Dilation","Midas"],"is_ascension_mode":false,"campfire_choices":[{"floor":6.0,"key":"REST"},{"floor":15.0,"key":"REST"},{"floor":23.0,"key":"REST"}],"circlet_count":0,"master_deck":["Strike_P","Strike_P","Strike_P","Defend_P","Defend_P","Defend_P","Eruption","Vigilance","Impatience","Transmutation","Mind Blast","Secret Technique","Bandage Up","SandsOfTime","Swivel","EmptyBody","FlurryOfBlows","Devotion","Halt"],"relics":["PureWater","Golden Idol","Boot","Damaru","Black Star","Nilry\u0027s Codex","Lantern"],"acts_visited":["Exordium","TheCity"],"potions_floor_usage":[],"damage_taken":[{"damage":0.0,"enemies":"Small Slimes","floor":1.0,"turns":3.0},{"damage":1.0,"enemies":"Jaw Worm","floor":5.0,"turns":4.0},{"damage":34.0,"enemies":"3 Sentries","floor":12.0,"turns":10.0},{"damage":0.0,"enemies":"2 Louse","floor":13.0,"turns":2.0},{"damage":0.0,"enemies":"2 Fungi Beasts","floor":14.0,"turns":2.0},{"damage":24.0,"enemies":"Hexaghost","floor":16.0,"turns":8.0},{"damage":9.0,"enemies":"Spheric Guardian","floor":18.0,"turns":5.0},{"damage":0.0,"enemies":"3 Byrds","floor":20.0,"turns":2.0},{"damage":81,"enemies":"Gremlin Leader","floor":24,"turns":4}],"seed_played":"3706737729498028133","potions_obtained":[{"floor":1.0,"key":"Strength Potion"},{"floor":13.0,"key":"LiquidBronze"},{"floor":16.0,"key":"DistilledChaos"}],"is_trial":false,"path_per_floor":["M","?","?","$","M","R","?","$","T","?","?","E","M","M","R","B",null,"M","?","M","?","?","R","E"],"character_chosen":"WATCHER","items_purchased":["Swivel","EmptyBody"],"campfire_rested":3,"item_purchase_floors":[4,8],"current_hp_per_floor":[72,77,77,77,76,77,58,58,58,58,51,21,21,25,48,28,77,72,56,60,60,60,77,0,0],"gold":780,"neow_bonus":"","is_daily":true,"chose_seed":false,"campfire_upgraded":0,"win_rate":0.0,"timestamp":1611049171,"path_taken":["M","?","?","?","M","R","?","$","T","?","?","E","M","?","R","BOSS","M","?","M","?","?","R","E"],"items_purchased_type":["Card","Card"],"build_version":"2020-12-22","purchased_purges":1,"victory":false,"max_hp_per_floor":[72,77,77,77,77,77,77,77,77,77,77,77,77,77,77,77,77,77,77,77,77,77,77,77,77],"card_choices":[{"not_picked":["Prostrate","Evaluate"],"picked":"SandsOfTime","floor":1.0},{"not_picked":["ClearTheMind","FollowUp","Evaluate"],"picked":"SKIP","floor":5.0},{"not_picked":["EmptyBody","DevaForm"],"picked":"FlurryOfBlows","floor":12.0},{"not_picked":["FlyingSleeves","Evaluate","CutThroughFate"],"picked":"SKIP","floor":13.0},{"not_picked":["EmptyBody","Consecrate","FlurryOfBlows"],"picked":"SKIP","floor":14.0},{"not_picked":["Omniscience","Scrawl"],"picked":"Devotion","floor":16.0},{"not_picked":["Crescendo","CutThroughFate+1","FollowUp"],"picked":"SKIP","floor":18.0},{"not_picked":["Prostrate","CutThroughFate"],"picked":"Halt","floor":20.0}],"player_experience":174518,"relics_obtained":[{"floor":9.0,"key":"Boot"},{"floor":12.0,"key":"Damaru"},{"floor":19.0,"key":"Nilry\u0027s Codex"}],"event_choices":[{"damage_healed":0.0,"max_hp_gain":5.0,"max_hp_loss":0.0,"gold_gain":0.0,"event_name":"Big Fish","player_choice":"Donut","floor":2.0,"gold_loss":0.0,"damage_taken":0.0},{"cards_removed":["Strike_P"],"damage_healed":0.0,"max_hp_gain":0.0,"max_hp_loss":0.0,"gold_gain":0.0,"event_name":"Living Wall","player_choice":"Forget","floor":3.0,"gold_loss":0.0,"damage_taken":0.0},{"damage_healed":0.0,"max_hp_gain":0.0,"max_hp_loss":0.0,"gold_gain":0.0,"event_name":"Golden Idol","player_choice":"Take Damage","floor":7.0,"gold_loss":0.0,"damage_taken":19.0,"relics_obtained":["Golden Idol"]},{"damage_healed":0.0,"max_hp_gain":0.0,"max_hp_loss":0.0,"gold_gain":175.0,"event_name":"Liars Game","player_choice":"AGREE","floor":10.0,"gold_loss":0.0,"damage_taken":0.0,"cards_obtained":["Doubt"]},{"cards_removed":["Doubt"],"damage_healed":0.0,"max_hp_gain":0.0,"max_hp_loss":0.0,"gold_gain":0.0,"event_name":"Golden Wing","player_choice":"Card Removal","floor":11.0,"gold_loss":0.0,"damage_taken":7.0},{"damage_healed":0.0,"max_hp_gain":0.0,"max_hp_loss":0.0,"gold_gain":0.0,"event_name":"Cursed Tome","player_choice":"Obtained Book","floor":19.0,"gold_loss":0.0,"damage_taken":16.0},{"damage_healed":0.0,"max_hp_gain":0.0,"max_hp_loss":0.0,"gold_gain":0.0,"event_name":"Ghosts","player_choice":"Ignored","floor":21.0,"gold_loss":0.0,"damage_taken":0.0},{"damage_healed":0.0,"max_hp_gain":0.0,"max_hp_loss":0.0,"gold_gain":0.0,"event_name":"Addict","player_choice":"Obtained Relic","floor":22.0,"gold_loss":85.0,"damage_taken":0.0,"relics_obtained":["Lantern"]}],"is_beta":false,"boss_relics":[{"not_picked":["Runic Pyramid","Velvet Choker"],"picked":"Black Star"}],"items_purged_floors":[8],"is_endless":false,"potions_floor_spawned":[1,13,16],"killed_by":"Gremlin Leader","ascension_level":0}}