{"host":"ky7z67tg8zpdk0g7","time":1611031067,"event":{"mods":["2.2 Compatiblity","BaseMod","Better Third Choice","CapriCore","Displayed Cursed Tome","Energized Spire","Halation","Hubris","Minty Spire (QoL Compilation)","Replay The Spire","Shade Mod","Shop Mod","StSLib","The Animator"],"gold_per_floor":[125,137,137,137,147,147,116,147,196,196,259,36,36,86,86,183,208,219,219,18,37,37,37,93,112,137,205,223,223,249,122,122,227,252,264,118,131,175,247,247,307,307,332,62,62,120,25,100,100,100,100],"floor_reached":50,"language":"RUS","playtime":3094,"items_purged":["animator:Strike","animator:Strike","animator:Strike"],"score":683,"play_id":"1f198e45-64ab-4136-9302-757fc56cb646","local_time":"20210119113747","is_ascension_mode":true,"campfire_choices":[{"data":"animator:Illya","floor":6.0,"key":"SMITH"},{"data":"animator:Gilgamesh+1","floor":10.0,"key":"SMITH"},{"data":"animator:Eve","floor":13.0,"key":"SMITH"},{"data":"animator:Gilgamesh+4","floor":15.0,"key":"SMITH"},{"data":"animator:Layla","floor":23.0,"key":"SMITH"},{"data":"animator:Viivi","floor":29.0,"key":"SMITH"},{"data":"animator:Gilgamesh+9","floor":32.0,"key":"SMITH"},{"floor":40.0,"key":"REST"},{"data":"animator:Elesis","floor":42.0,"key":"SMITH"},{"floor":49,"key":"RECALL"}],"circlet_count":0,"master_deck":["animator:Strike_Elsword","animator:Defend_Elsword","animator:Defend+1","animator:Defend+1","animator:Defend","animator:Chung","animator:Raven","animator:Gillette","animator:Illya+1","animator:Layla+1","animator:Gilgamesh+15","animator:Lu","animator:Rimuru","animator:Scar+1","animator:Berserker","animator:Viivi+1","animator:Shizu","animator:Ciel+1","animator:Witch","animator:Rimuru","animator:Elesis+2","animator:Guy+1","animator:Elesis","animator:Saber+1","animator:Rider+1"],"relics":["animator:LivingPicture","animator:TheMissingPiece","halation:EternalFortune","hubris:Icosahedron","halation:SwordOfLegend","Bag of Marbles","halation:AfternoonTea","Blue Doll","Bottled Lightning","energizedSpire:NeverEndingSparkler","Replay:Baseball","Regal Pillow","Paper Frog","Akabeko","energizedSpire:SpiderWeb","Lee\u0027s Waffle","hubris:DisguiseKit","War Paint","Gremlin Food","Turnip"],"acts_visited":["Exordium","TheCity","TheBeyond"],"potions_floor_usage":[46,48,50,50,50],"damage_taken":[{"damage":0.0,"enemies":"Jaw Worm","floor":1.0,"turns":6.0},{"damage":0.0,"enemies":"Small Slimes","floor":2.0,"turns":3.0},{"damage":0.0,"enemies":"Cultist","floor":5.0,"turns":4.0},{"damage":4.0,"enemies":"Blue Slaver","floor":7.0,"turns":4.0},{"damage":10.0,"enemies":"Gremlin Nob","floor":8.0,"turns":3.0},{"damage":36.0,"enemies":"Lagavulin","floor":11.0,"turns":7.0},{"damage":4.0,"enemies":"Gremlin Nob","floor":14.0,"turns":4.0},{"damage":41.0,"enemies":"Fading Forest","floor":16.0,"turns":11.0},{"damage":14.0,"enemies":"2 Thieves","floor":18.0,"turns":3.0},{"damage":28.0,"enemies":"3 Byrds","floor":21.0,"turns":3.0},{"damage":50.0,"enemies":"Gremlin Leader","floor":24.0,"turns":6.0},{"damage":24.0,"enemies":"Centurion and Healer","floor":25.0,"turns":4.0},{"damage":6.0,"enemies":"animator:HornedBat","floor":27.0,"turns":5.0},{"damage":4.0,"enemies":"Snecko","floor":28.0,"turns":2.0},{"damage":0.0,"enemies":"Sentry and Sphere","floor":30.0,"turns":2.0},{"damage":64.0,"enemies":"Automaton","floor":33.0,"turns":8.0},{"damage":41.0,"enemies":"3 Darklings","floor":35.0,"turns":3.0},{"damage":23.0,"enemies":"Orb Walker","floor":37.0,"turns":4.0},{"damage":22.0,"enemies":"Sphere and 2 Shapes","floor":38.0,"turns":13.0},{"damage":25.0,"enemies":"R_Hoarder","floor":41.0,"turns":6.0},{"damage":21,"enemies":"Giant Head","floor":46,"turns":6},{"damage":41,"enemies":"2 Orb Walkers","floor":48,"turns":5},{"damage":41,"enemies":"Time Eater","floor":50,"turns":5}],"seed_played":"388193309416604005","potions_obtained":[{"floor":1.0,"key":"Block Potion"},{"floor":7.0,"key":"Block Potion"},{"floor":11.0,"key":"Reflective Coating"},{"floor":24.0,"key":"SkillPotion"},{"floor":25.0,"key":"Adrenaline Potion"},{"floor":28.0,"key":"Regen Potion"},{"floor":30.0,"key":"Dexterity Potion"},{"floor":38.0,"key":"Cursed Concoction"},{"floor":39.0,"key":"DuplicationPotion"},{"floor":48,"key":"Toxic Potion"}],"is_trial":false,"path_per_floor":["M","M","?","?","M","R","M","E","T","R","E","$","R","E","R","B",null,"M","?","$","M","$","R","E","M","T","E","M","R","M","$","R","B",null,"M","$","M","M","?","R","E","R","T","$","?","E","$","?","R","B"],"character_chosen":"THE_ANIMATOR","items_purchased":["Blue Doll","Replay:Baseball","animator:Scar+1","animator:Witch","Lee\u0027s Waffle","War Paint","animator:Saber+1"],"campfire_rested":1,"item_purchase_floors":[12,20,20,31,36,44,47],"current_hp_per_floor":[72,72,75,75,75,75,72,62,62,61,25,25,28,25,28,36,77,63,87,87,59,59,68,37,13,13,7,83,87,87,87,87,23,87,46,94,72,53,30,86,76,79,79,79,79,58,58,31,34,0,0],"gold":100,"neow_bonus":"TEN_PERCENT_HP_BONUS","is_daily":false,"chose_seed":false,"campfire_upgraded":8,"win_rate":0.0,"timestamp":1611031067,"path_taken":["M","M","?","?","M","R","M","E","T","R","E","$","R","E","R","BOSS","M","?","$","M","?","R","E","M","T","E","M","R","M","$","R","BOSS","M","$","M","M","?","R","E","R","T","$","?","E","$","?","R","BOSS"],"items_purchased_type":["Relic","Relic","Card","Card","Relic","Relic","Card"],"build_version":"2020-12-22","purchased_purges":3,"victory":false,"max_hp_per_floor":[72,72,75,75,75,75,76,76,76,76,76,76,76,77,77,77,77,77,87,87,87,87,87,87,87,87,87,87,87,87,87,87,87,87,87,94,95,98,99,99,99,99,99,99,99,99,99,99,99,99,99],"card_choices":[{"not_picked":["animator:Pride","animator:Rider"],"picked":"animator:Gillette","floor":1.0},{"not_picked":["animator:Vesta","animator:Demiurge"],"picked":"animator:Illya","floor":2.0},{"not_picked":["animator:Souei","animator:RinTohsaka","animator:Illya"],"picked":"SKIP","floor":5.0},{"not_picked":["animator:ChaikaBohdan","animator:Gillette"],"picked":"animator:Layla","floor":7.0},{"not_picked":["animator:EmiyaShirou","animator:Entoma"],"picked":"animator:Gilgamesh","floor":8.0},{"not_picked":["animator:AcuraTooru","animator:DwarfShaman"],"picked":"animator:Eve","floor":11.0},{"not_picked":["animator:Ara","animator:LizardPriest"],"picked":"animator:Lu","floor":14.0},{"not_picked":["animator:AcuraShin","animator:Elesis"],"picked":"animator:Rimuru","floor":16.0},{"not_picked":["animator:Witch","animator:Laby"],"picked":"animator:Berserker","floor":21.0},{"not_picked":["animator:ElricAlphonse","animator:AcuraTooru","animator:Entoma"],"picked":"SKIP","floor":24.0},{"not_picked":["animator:Greed","animator:Demiurge","animator:Rena"],"picked":"SKIP","floor":25.0},{"not_picked":["animator:Layla","animator:Fredrika"],"picked":"animator:Viivi","floor":27.0},{"not_picked":["animator:Shuna+1","animator:Lu"],"picked":"animator:Shizu","floor":28.0},{"not_picked":["animator:Viivi+1","animator:SakuraMatou+1"],"picked":"animator:Ciel+1","floor":30.0},{"not_picked":["animator:Eve","animator:Albedo"],"picked":"animator:Rimuru","floor":33.0},{"not_picked":["animator:GuildGirl+1","animator:AcuraTooru+1","animator:Priestess"],"picked":"SKIP","floor":35.0},{"not_picked":["animator:Laby","animator:Add"],"picked":"animator:Elesis","floor":37.0},{"not_picked":["animator:Ciel","animator:Sebas+1"],"picked":"animator:EmiyaShirou+1","floor":38.0},{"not_picked":["animator:PandorasActor+1","animator:Alexander"],"picked":"animator:Guy+1","floor":39.0},{"not_picked":["animator:Layla","animator:Kaijin"],"picked":"animator:Elesis","floor":41.0},{"not_picked":["animator:Eve","animator:Priestess+1","animator:Hakurou+1","Conserve Battery"],"picked":"SKIP","floor":46},{"not_picked":["animator:Pride+1","animator:Shion+1","Sweeping Beam"],"picked":"animator:Rider+1","floor":48}],"player_experience":91088,"relics_obtained":[{"floor":8.0,"key":"halation:SwordOfLegend"},{"floor":9.0,"key":"Bag of Marbles"},{"floor":11.0,"key":"halation:AfternoonTea"},{"floor":14.0,"key":"Bottled Lightning"},{"floor":24.0,"key":"Regal Pillow"},{"floor":26.0,"key":"Paper Frog"},{"floor":27.0,"key":"Akabeko"},{"floor":38.0,"key":"halation:EternalFortune"},{"floor":41.0,"key":"hubris:DisguiseKit"},{"floor":46,"key":"Gremlin Food"},{"floor":48,"key":"Turnip"}],"event_choices":[{"cards_removed":["animator:Eve"],"damage_healed":14.0,"max_hp_gain":10.0,"max_hp_loss":0.0,"gold_gain":0.0,"event_name":"Bonfire Elementals","player_choice":"Offered Rare","floor":19.0,"gold_loss":0.0,"damage_taken":0.0},{"cards_removed":["animator:EmiyaShirou"],"damage_healed":0.0,"max_hp_gain":0.0,"max_hp_loss":0.0,"gold_gain":0.0,"event_name":"Falling","player_choice":"Removed Skill","floor":45.0,"gold_loss":0.0,"damage_taken":0.0},{"damage_healed":0,"gold_gain":0,"player_choice":"Fight","damage_taken":0,"max_hp_gain":0,"max_hp_loss":0,"event_name":"Mysterious Sphere","floor":48,"gold_loss":0}],"is_beta":false,"boss_relics":[{"not_picked":["halation:CatFaceCupcake","Mark of Pain"],"picked":"energizedSpire:NeverEndingSparkler"},{"not_picked":["hubris:GrandSneckoEye","SlaversCollar"],"picked":"energizedSpire:SpiderWeb"}],"items_purged_floors":[12,31,44],"is_endless":false,"potions_floor_spawned":[1,7,11,24,25,28,30,38,48],"killed_by":"Time Eater","ascension_level":1}}