{"host":"yzlg3mitc00v31o1","time":1611035520,"event":{"mods":["AchievementEnabler","BaseMod","BetterRewards","DeckTracker","Gold Saver","KOR Keyword Fix","Minty Spire (QoL Compilation)","Remove Card Discount Mod","Spicy Shops","StSLib","SuperFastMode"],"gold_per_floor":[860,860,860,148,162,190,190,190,190,190,190,190,190],"floor_reached":12,"language":"KOR","playtime":585,"items_purged":[],"score":74,"play_id":"af0ab96c-d982-40e3-98fb-c84d6f0b8948","local_time":"20210119145200","is_ascension_mode":false,"campfire_choices":[{"data":"Pummel","floor":8,"key":"SMITH"},{"data":"Rupture","floor":11,"key":"SMITH"}],"circlet_count":0,"master_deck":["Strike_R","Strike_R","Strike_R","Strike_R","Defend_R","Defend_R","Defend_R","Defend_R","Bash","Bloodletting","Limit Break","Flex","Pummel+1","Pommel Strike","Pommel Strike","Shrug It Off","Rupture+1","Trip"],"relics":["Burning Blood","TungstenRod","Chemical X","Potion Belt","Prayer Wheel","Lantern","Self Forming Clay","Golden Idol","Bottled Flame"],"acts_visited":["Exordium"],"potions_floor_usage":[12],"damage_taken":[{"damage":4,"enemies":"2 Louse","floor":1,"turns":3},{"damage":5,"enemies":"Jaw Worm","floor":5,"turns":3},{"damage":45,"enemies":"3 Sentries","floor":6,"turns":8},{"damage":27,"enemies":"Lagavulin","floor":12,"turns":5}],"seed_played":"-7637929926002604030","potions_obtained":[{"floor":1,"key":"SkillPotion"}],"is_trial":false,"path_per_floor":["M","?","?","$","M","E","?","R","T","?","R","E"],"character_chosen":"IRONCLAD","items_purchased":["TungstenRod","Chemical X","Potion Belt","Prayer Wheel","Lantern","Flex","Pummel"],"campfire_rested":0,"item_purchase_floors":[0,0,0,4,4,4,4],"current_hp_per_floor":[80,80,80,80,80,41,22,22,22,22,22,0,0],"gold":190,"neow_bonus":"","is_daily":false,"chose_seed":false,"campfire_upgraded":2,"win_rate":0.0,"timestamp":1611035520,"path_taken":["M","?","?","?","M","E","?","R","T","?","R","E"],"items_purchased_type":["Relic","Relic","Relic","Relic","Relic","Card","Card"],"build_version":"2020-12-22","purchased_purges":0,"victory":false,"max_hp_per_floor":[80,80,80,80,80,80,80,80,80,80,80,80,80],"card_choices":[{"not_picked":["Flame Barrier","Clash","Wild Strike"],"picked":"SKIP","floor":1},{"not_picked":["Whirlwind","Thunderclap"],"picked":"Pommel Strike","floor":5},{"not_picked":["Dropkick","Cleave"],"picked":"Pommel Strike","floor":5},{"not_picked":["Exhume","Limit Break"],"picked":"Shrug It Off","floor":6}],"player_experience":71555,"relics_obtained":[{"floor":6,"key":"Self Forming Clay"},{"floor":9,"key":"Bottled Flame"}],"event_choices":[{"damage_healed":0,"gold_gain":0,"cards_transformed":["Strike_R"],"player_choice":"Change","damage_taken":0,"max_hp_gain":0,"max_hp_loss":0,"event_name":"Living Wall","floor":2,"gold_loss":0,"cards_obtained":["Limit Break"]},{"damage_healed":0,"gold_gain":0,"player_choice":"Ignored","damage_taken":0,"max_hp_gain":0,"max_hp_loss":0,"event_name":"Golden Wing","floor":3,"gold_loss":0},{"damage_healed":0,"gold_gain":0,"player_choice":"Take Damage","damage_taken":20,"relics_obtained":["Golden Idol"],"max_hp_gain":0,"max_hp_loss":0,"event_name":"Golden Idol","floor":7,"gold_loss":0},{"damage_healed":0,"gold_gain":0,"player_choice":"2 cards matched","damage_taken":0,"max_hp_gain":0,"max_hp_loss":0,"event_name":"Match and Keep!","floor":10,"gold_loss":0,"cards_obtained":["Rupture","Trip"]}],"is_beta":false,"boss_relics":[],"items_purged_floors":[],"is_endless":false,"potions_floor_spawned":[1],"killed_by":"Lagavulin","ascension_level":0}}