{"host":"0ueeacaatm8t6jyh","time":1611045229,"event":{"mods":["AchievementEnabler","BaseMod","Colored Powertips","Minty Spire (QoL Compilation)","Quick Restart","Rare Cards Sparkle","Shop Mod","StSLib"],"gold_per_floor":[111,111,186,111,124,124,150,6,31,31,31,31,41,59,59,156,156,175,175,26,26,26,26,43,43,43,43,62,93,293,326,326,430,430,440,148,203,151,165,165,200,210,210,229,280,292,292,58,58,58],"floor_reached":51,"language":"ZHS","playtime":1571,"items_purged":["Defend_P","Nirvana"],"score":1214,"play_id":"72de4f65-ae8f-4c08-b101-ab7a2d8d6c8a","local_time":"20210119163348","is_ascension_mode":true,"campfire_choices":[{"data":"Eruption","floor":6.0,"key":"SMITH"},{"data":"Ragnarok","floor":12.0,"key":"SMITH"},{"floor":15.0,"key":"REST"},{"data":"Scrawl","floor":23.0,"key":"SMITH"},{"data":"Adaptation","floor":25.0,"key":"SMITH"},{"data":"Tantrum","floor":27.0,"key":"SMITH"},{"floor":32.0,"key":"REST"},{"data":"Apotheosis","floor":40.0,"key":"SMITH"},{"data":"DeusExMachina","floor":47.0,"key":"SMITH"},{"data":"TalkToTheHand","floor":49.0,"key":"SMITH"}],"circlet_count":0,"master_deck":["AscendersBane","Eruption+1","Vigilance","Ragnarok+1","TalkToTheHand+1","DeusExMachina+1","Blasphemy","Omniscience+1","Crescendo","EmptyMind","Wireheading","Establishment","Worship","Tantrum+1","Scrawl+1","Adaptation+1","Brilliance","CurseOfTheBell","Apotheosis+1"],"relics":["PureWater","Oddly Smooth Stone","Membership Card","Bronze Scales","Pandora\u0027s Box","TheAbacus","StrikeDummy","MealTicket","Bottled Tornado","Calling Bell","TeardropLocket","Gambling Chip","Orichalcum","Lee\u0027s Waffle","Vajra","Bag of Marbles","Mummified Hand","The Courier","Shovel","Pen Nib","Lantern","Cauldron","Ancient Tea Set"],"acts_visited":["Exordium","TheCity","TheBeyond"],"potions_floor_usage":[50,50],"damage_taken":[{"damage":7.0,"enemies":"Jaw Worm","floor":1.0,"turns":2.0},{"damage":11.0,"enemies":"Small Slimes","floor":5.0,"turns":4.0},{"damage":28.0,"enemies":"Gremlin Nob","floor":7.0,"turns":3.0},{"damage":0.0,"enemies":"2 Louse","floor":13.0,"turns":1.0},{"damage":0.0,"enemies":"Exordium Wildlife","floor":14.0,"turns":3.0},{"damage":12.0,"enemies":"Hexaghost","floor":16.0,"turns":6.0},{"damage":0.0,"enemies":"Spheric Guardian","floor":18.0,"turns":1.0},{"damage":12.0,"enemies":"3 Byrds","floor":24.0,"turns":3.0},{"damage":0.0,"enemies":"Shelled Parasite and Fungi","floor":28.0,"turns":1.0},{"damage":28.0,"enemies":"Slavers","floor":29.0,"turns":2.0},{"damage":0.0,"enemies":"Book of Stabbing","floor":31.0,"turns":1.0},{"damage":20.0,"enemies":"Collector","floor":33.0,"turns":9.0},{"damage":25.0,"enemies":"3 Darklings","floor":35.0,"turns":2.0},{"damage":0.0,"enemies":"3 Shapes","floor":39.0,"turns":1.0},{"damage":0.0,"enemies":"Nemesis","floor":41.0,"turns":1.0},{"damage":0.0,"enemies":"Writhing Mass","floor":42.0,"turns":1.0},{"damage":0.0,"enemies":"Transient","floor":44.0,"turns":5.0},{"damage":0.0,"enemies":"2 Orb Walkers","floor":45.0,"turns":1.0},{"damage":0.0,"enemies":"Spire Growth","floor":46.0,"turns":1.0},{"damage":14,"enemies":"Donu and Deca","floor":50,"turns":3}],"seed_played":"-7452414470009387487","potions_obtained":[{"floor":14.0,"key":"Ambrosia"},{"floor":16.0,"key":"BlessingOfTheForge"},{"floor":28.0,"key":"BlessingOfTheForge"},{"floor":31.0,"key":"ColorlessPotion"},{"floor":33.0,"key":"Dexterity Potion"},{"floor":35.0,"key":"Weak Potion"},{"floor":45.0,"key":"FearPotion"},{"floor":48.0,"key":"SteroidPotion"}],"is_trial":false,"path_per_floor":["M","?","?","$","M","R","E","$","T","?","?","R","M","M","R","B",null,"M","?","$","?","$","R","M","R","T","R","M","E","?","E","R","B",null,"M","$","T","$","M","R","E","M","T","M","?","M","R","$","R","B",null],"character_chosen":"WATCHER","items_purchased":["Membership Card","Tantrum","Scrawl","TheAbacus","Apotheosis","Lee\u0027s Waffle","Vajra","SmokeBomb","Pen Nib","Lantern","Cauldron","Ancient Tea Set"],"campfire_rested":2,"item_purchase_floors":[8,20,20,20,36,36,36,38,48,48,48,48],"current_hp_per_floor":[58,58,47,47,36,36,8,8,8,1,25,25,25,25,46,34,63,63,63,63,63,63,63,51,51,51,51,51,23,23,23,44,24,60,35,79,79,79,79,79,79,79,79,79,79,79,79,79,79,65],"gold":58,"neow_bonus":"ONE_RANDOM_RARE_CARD","is_daily":false,"chose_seed":false,"campfire_upgraded":8,"win_rate":0.0,"timestamp":1611045228,"path_taken":["M","?","?","?","M","R","E","$","T","?","?","R","?","M","R","BOSS","M","?","$","?","$","R","?","R","T","R","M","E","?","E","R","BOSS","M","$","?","$","?","R","E","M","T","M","?","M","R","?","R","BOSS"],"items_purchased_type":["Relic","Card","Card","Relic","Card","Relic","Relic","Potion","Relic","Relic","Relic","Relic"],"build_version":"2020-12-22","purchased_purges":2,"victory":true,"max_hp_per_floor":[72,72,72,72,72,72,72,72,72,72,72,72,72,72,72,72,72,72,72,72,72,72,72,72,72,72,72,72,72,72,72,72,72,72,72,79,79,79,79,79,79,79,79,79,79,79,79,79,79,79],"card_choices":[{"not_picked":["PathToVictory","FollowUp"],"picked":"TalkToTheHand","floor":1.0},{"not_picked":["EmptyBody","Protect"],"picked":"Nirvana","floor":5.0},{"not_picked":["SashWhip","Crescendo","SignatureMove"],"picked":"SKIP","floor":7.0},{"not_picked":["Swivel","ClearTheMind","EmptyFist"],"picked":"SKIP","floor":13.0},{"not_picked":["Swivel","LikeWater","CrushJoints"],"picked":"SKIP","floor":14.0},{"not_picked":["DevaForm","Ragnarok"],"picked":"DeusExMachina","floor":16.0},{"not_picked":["Prostrate","SandsOfTime"],"picked":"Worship","floor":18.0},{"not_picked":["InnerPeace+1","Study+1"],"picked":"Adaptation","floor":24.0},{"not_picked":["Wallop","EmptyFist","Protect"],"picked":"SKIP","floor":28.0},{"not_picked":["Prostrate","JustLucky+1","EmptyFist"],"picked":"SKIP","floor":29.0},{"not_picked":["Halt","Omniscience","Worship"],"picked":"SKIP","floor":31.0},{"not_picked":["Vault","Judgement"],"picked":"Brilliance","floor":33.0},{"not_picked":["ForeignInfluence+1","WheelKick+1","FlurryOfBlows"],"picked":"SKIP","floor":35.0},{"not_picked":["Wish","SashWhip","Wireheading+1"],"picked":"SKIP","floor":39.0},{"not_picked":["CrushJoints+1","Consecrate","EmptyFist+1"],"picked":"SKIP","floor":41.0},{"not_picked":["FlyingSleeves","Crescendo","Indignation"],"picked":"SKIP","floor":42.0},{"not_picked":["ThirdEye","CutThroughFate","Fasting2"],"picked":"SKIP","floor":44.0},{"not_picked":["WindmillStrike+1","ClearTheMind","CarveReality"],"picked":"SKIP","floor":46.0}],"player_experience":404404,"relics_obtained":[{"floor":7.0,"key":"Oddly Smooth Stone"},{"floor":9.0,"key":"Bronze Scales"},{"floor":26.0,"key":"StrikeDummy"},{"floor":29.0,"key":"MealTicket"},{"floor":31.0,"key":"Bottled Tornado"},{"floor":34.0,"key":"TeardropLocket"},{"floor":34.0,"key":"Gambling Chip"},{"floor":34.0,"key":"Orichalcum"},{"floor":37.0,"key":"Bag of Marbles"},{"floor":41.0,"key":"Mummified Hand"},{"floor":43.0,"key":"The Courier"},{"floor":45.0,"key":"Shovel"}],"event_choices":[{"damage_healed":0.0,"max_hp_gain":0.0,"max_hp_loss":0.0,"gold_gain":0.0,"event_name":"Shining Light","player_choice":"Ignored","floor":2.0,"gold_loss":0.0,"damage_taken":0.0},{"damage_healed":0.0,"max_hp_gain":0.0,"max_hp_loss":0.0,"gold_gain":75.0,"event_name":"World of Goop","player_choice":"Gather Gold","floor":3.0,"gold_loss":0.0,"damage_taken":11.0},{"cards_removed":["Strike_P"],"damage_healed":0.0,"max_hp_gain":0.0,"max_hp_loss":0.0,"gold_gain":0.0,"event_name":"Golden Wing","player_choice":"Card Removal","floor":10.0,"gold_loss":0.0,"damage_taken":7.0},{"damage_healed":24.0,"max_hp_gain":0.0,"max_hp_loss":0.0,"gold_gain":0.0,"event_name":"Big Fish","player_choice":"Banana","floor":11.0,"gold_loss":0.0,"damage_taken":0.0},{"damage_healed":0.0,"max_hp_gain":0.0,"max_hp_loss":0.0,"gold_gain":0.0,"event_name":"Back to Basics","player_choice":"Simplicity","floor":19.0,"gold_loss":0.0,"damage_taken":0.0,"cards_upgraded":[]},{"damage_healed":0.0,"max_hp_gain":0.0,"max_hp_loss":0.0,"gold_gain":0.0,"event_name":"Accursed Blacksmith","player_choice":"Forge","floor":21.0,"gold_loss":0.0,"damage_taken":0.0,"cards_upgraded":["Omniscience"]},{"damage_healed":0.0,"max_hp_gain":0.0,"max_hp_loss":0.0,"gold_gain":250.0,"event_name":"The Joust","player_choice":"Bet on Owner","floor":30.0,"gold_loss":50.0,"damage_taken":0.0},{"damage_healed":0.0,"max_hp_gain":0.0,"max_hp_loss":0.0,"gold_gain":0.0,"event_name":"Mysterious Sphere","player_choice":"Fight","floor":45.0,"gold_loss":0.0,"damage_taken":0.0}],"is_beta":false,"boss_relics":[{"not_picked":["SlaversCollar","Coffee Dripper"],"picked":"Pandora\u0027s Box"},{"not_picked":["Snecko Eye","VioletLotus"],"picked":"Calling Bell"}],"items_purged_floors":[4,36],"is_endless":false,"potions_floor_spawned":[14,16,28,31,33,35,44,45,46],"ascension_level":10}}