{"host":"q387i5o1hp66091u","time":1611040143,"event":{"mods":["2.2 Compatiblity","BaseMod","Minty Spire (QoL Compilation)","Rare Cards Sparkle"],"gold_per_floor":[117,135,155,168,180,207,207,207,207],"floor_reached":8,"language":"JPN","playtime":527,"items_purged":[],"score":75,"play_id":"3483b2b2-238d-4938-a183-28b0ce5f1e26","local_time":"20210119160903","is_ascension_mode":true,"campfire_choices":[{"floor":7,"key":"REST"}],"circlet_count":0,"master_deck":["Strike_R","Strike_R","Strike_R","Strike_R","Strike_R","Defend_R","Defend_R","Defend_R","Defend_R","Bash","Magnetism","Battle Trance","Disarm","Wild Strike","Rampage","Evolve","Metallicize","Perfected Strike"],"relics":["Burning Blood","Dream Catcher"],"acts_visited":["Exordium"],"potions_floor_usage":[8],"damage_taken":[{"damage":3,"enemies":"Small Slimes","floor":1,"turns":5},{"damage":5,"enemies":"Cultist","floor":2,"turns":5},{"damage":9,"enemies":"2 Louse","floor":3,"turns":4},{"damage":13,"enemies":"Blue Slaver","floor":4,"turns":5},{"damage":10,"enemies":"3 Louse","floor":5,"turns":4},{"damage":56,"enemies":"Gremlin Nob","floor":6,"turns":6},{"damage":30,"enemies":"3 Sentries","floor":8,"turns":6}],"seed_played":"3882719688439181739","potions_obtained":[{"floor":4,"key":"Dexterity Potion"},{"floor":5,"key":"SneckoOil"}],"is_trial":false,"path_per_floor":["M","M","M","M","M","E","R","E"],"character_chosen":"IRONCLAD","items_purchased":[],"campfire_rested":1,"item_purchase_floors":[],"current_hp_per_floor":[72,72,69,62,58,8,29,0,0],"gold":207,"neow_bonus":"RANDOM_COLORLESS_2","is_daily":false,"chose_seed":false,"campfire_upgraded":0,"win_rate":0.0,"timestamp":1611040143,"path_taken":["M","M","M","M","M","E","R","E"],"items_purchased_type":[],"build_version":"2020-12-22","purchased_purges":0,"victory":false,"max_hp_per_floor":[72,72,72,72,72,72,72,72,72],"card_choices":[{"not_picked":["Sadistic Nature","Thinking Ahead"],"picked":"Magnetism","floor":0},{"not_picked":["Flex","Carnage"],"picked":"Battle Trance","floor":1},{"not_picked":["Iron Wave","Shrug It Off"],"picked":"Disarm","floor":2},{"not_picked":["Anger","Clothesline"],"picked":"Wild Strike","floor":3},{"not_picked":["Iron Wave","Warcry"],"picked":"Rampage","floor":4},{"not_picked":["Carnage","Brutality"],"picked":"Evolve","floor":5},{"not_picked":["Heavy Blade","Clothesline"],"picked":"Metallicize","floor":6},{"not_picked":["Warcry","Dual Wield"],"picked":"Perfected Strike","floor":7}],"player_experience":597464,"relics_obtained":[{"floor":6,"key":"Dream Catcher"}],"event_choices":[],"is_beta":false,"boss_relics":[],"items_purged_floors":[],"is_endless":false,"potions_floor_spawned":[4,5],"killed_by":"3 Sentries","ascension_level":5}}