{"host":"xxyfyv4t3rs3ce5d","time":1611083968,"event":{"mods":["BaseMod","Hubris","Infinite Spire","Minty Spire (QoL Compilation)","Replay The Spire","Shop Mod","StSLib","The Animator","The Bug Knight","The Jungle"],"gold_per_floor":[109,315,330,330,330,330,365,376,376,394,394,414,414,432,432,532,532,532,532],"floor_reached":18,"language":"ENG","playtime":1075,"items_purged":[],"score":187,"play_id":"7aec29f0-69a5-4d4a-96df-7e4a5c5040d1","local_time":"20210119141928","is_ascension_mode":false,"campfire_choices":[{"data":"HollowMod:FocusHealStart","floor":6,"key":"SMITH"},{"data":"HollowMod:theNailsmith","floor":13,"key":"SMITH"},{"data":"HollowMod:CycloneSlash","floor":15,"key":"SMITH"}],"circlet_count":0,"master_deck":["HollowMod:NailStrikeStart","HollowMod:NailStrikeStart","HollowMod:NailStrikeStart","HollowMod:QuickDashStart","HollowMod:QuickDashStart","HollowMod:QuickDashStart","HollowMod:FocusHealStart+1","HollowMod:PogoStrike","HollowMod:SharpenedNail","HollowMod:CloakDash","HollowMod:theNailsmith+1","HollowMod:CloakDash","HollowMod:CycloneSlash+1","HollowMod:InfectedAttack","HollowMod:DashSlash","HollowMod:ElderbugsWisdom"],"relics":["HollowMod:VesselMask","NeowsBlessing","hubris:Reverence","hubris:Icosahedron","Replay:Bronze Core"],"acts_visited":["Exordium","TheCity"],"potions_floor_usage":[14,16,16],"damage_taken":[{"damage":0,"enemies":"Small Slimes","floor":1,"turns":1},{"damage":0,"enemies":"2 Louse","floor":3,"turns":1},{"damage":0,"enemies":"Gremlin Nob","floor":7,"turns":1},{"damage":0,"enemies":"Cultist","floor":8,"turns":4},{"damage":0,"enemies":"Looter","floor":10,"turns":3},{"damage":2,"enemies":"Blue Slaver","floor":12,"turns":4},{"damage":1,"enemies":"Gremlin Gang","floor":14,"turns":3},{"damage":49,"enemies":"Hexaghost","floor":16,"turns":11},{"damage":1,"enemies":"Spheric Guardian","floor":18,"turns":3}],"seed_played":"964081188020741437","potions_obtained":[{"floor":7,"key":"DistilledChaos"},{"floor":8,"key":"SteroidPotion"},{"floor":10,"key":"Weak Potion"}],"is_trial":false,"path_per_floor":["M","?","M","?","?","R","E","M","T","M","?","M","R","M","R","B",null,"M"],"character_chosen":"THE_BUGKNIGHT","items_purchased":[],"campfire_rested":0,"item_purchase_floors":[],"current_hp_per_floor":[75,57,57,57,57,57,57,67,67,73,73,75,75,74,74,35,75,74,74],"gold":532,"neow_bonus":"THREE_ENEMY_KILL","is_daily":false,"chose_seed":false,"campfire_upgraded":3,"win_rate":0.0,"timestamp":1611083968,"path_taken":["M","?","M","?","?","R","E","?","T","M","?","M","R","M","R","BOSS","M"],"items_purchased_type":[],"build_version":"2020-12-22","purchased_purges":0,"victory":false,"max_hp_per_floor":[75,75,75,75,75,75,75,75,75,75,75,75,75,75,75,75,75,75,75],"card_choices":[{"not_picked":["HollowMod:PureNailStrike","HollowMod:HeavyBlow","HollowMod:ChannelNail"],"picked":"SKIP","floor":1},{"not_picked":["HollowMod:LifebloodCocoon","HollowMod:HeavyBlow"],"picked":"HollowMod:SharpenedNail","floor":2},{"not_picked":["HollowMod:DreamGate","HollowMod:GoodIntentions"],"picked":"HollowMod:CloakDash","floor":3},{"not_picked":["HollowMod:WraithStrike","HollowMod:InfectedCysts"],"picked":"HollowMod:theNailsmith","floor":7},{"not_picked":["HollowMod:ShadowDash","HollowMod:DescendingDark"],"picked":"HollowMod:CloakDash","floor":8},{"not_picked":["HollowMod:MawleksShell","HollowMod:FastStrike"],"picked":"HollowMod:CycloneSlash","floor":10},{"not_picked":["HollowMod:DescendingDark","HollowMod:ChannelNail"],"picked":"HollowMod:InfectedAttack","floor":12},{"not_picked":["HollowMod:DescendingDark","HollowMod:NewJinnsSoul"],"picked":"HollowMod:DashSlash","floor":14},{"not_picked":["HollowMod:AwokenDreamNail","HollowMod:MidwifesHunger"],"picked":"HollowMod:ElderbugsWisdom","floor":16}],"player_experience":199432,"relics_obtained":[{"floor":7,"key":"hubris:Reverence"}],"event_choices":[{"cards_removed":["HollowMod:NailStrikeStart"],"damage_healed":0,"gold_gain":0,"player_choice":"Offered Basic","damage_taken":0,"max_hp_gain":0,"max_hp_loss":0,"event_name":"Bonfire Elementals","floor":5,"gold_loss":0}],"is_beta":false,"boss_relics":[{"not_picked":["SacredBark","Abe\u0027s Treasure"],"picked":"Replay:Bronze Core"}],"items_purged_floors":[],"is_endless":false,"potions_floor_spawned":[7,8,10,12],"killed_by":"Spheric Guardian","ascension_level":0}}