{"host":"kq2g769nefmuyn7c","time":1611037840,"event":{"mods":["ATMod(°¢èªMod)","Act Like it!","BaseMod","Gensokyo","Koishi","Minty Spire (QoL Compilation)","Remilia£¨ÀÙÃ×ÀòÑÇ£©","Replay The Spire","StSLib","The Servant 0.9.4"],"gold_per_floor":[113,113,128,128,128,158,158,186,255,255,310,310,346,346,346,437,437,476,509,509,528,528,580,593,608,635,680,666,719,731,255,255,328,328,346,346,296,296,296,296,296,322,361,406,418,446,488,519,531,543,555,567,156,187,187,187],"floor_reached":55,"language":"ZHS","playtime":2919,"items_purged":["Strike_RM","Defend_RM","Injury"],"score":1458,"play_id":"3abbba9a-9a1a-4114-bb12-05a46e5de3dd","local_time":"20210119143040","is_ascension_mode":true,"campfire_choices":[{"data":"DemonKingCradle","floor":7,"key":"SMITH"},{"data":"NightLord","floor":12,"key":"SMITH"},{"data":"AT_MachinaRedman","floor":15,"key":"SMITH"},{"data":"BloodyHallows","floor":40,"key":"SMITH"},{"floor":49,"key":"RECALL"},{"data":"ChaoticDestiny","floor":52,"key":"SMITH"}],"circlet_count":0,"master_deck":["AscendersBane","Defend_RM","Defend_RM","Defend_RM","RedMoon","ScarletShoot","AT_MachinaRedman+1","ScarletDevilSign","DemonKingCradle+1","Ultimatum","NightLord+1","UltimateOffering+1","ForecastOfChange+1","Clumsy","EquivalentExchange","RedRainbow+1","ReincarnationDial+1","Gensokyo:MenInBlack","ScarletMeister","Stigmanizer+1","NightDance+1","ScarletNetherworld","DiffusionOfMisfortune+1","FitfulNightmare","BloodyHallows+1","LeisurelyOfLord+1","MillenniumVampire","HellCatastrophe+1","CurseOfTheBell","EquivalentExchange","Gensokyo:ReactiveArmor","BloodAndWine+1","VampireKiss+1","Gensokyo:MorningStar+1","TwelveNightmare","ChaoticDestiny+1","ReplayTheSpireMod:Trickstab+1","Secret Weapon"],"relics":["ScarletHat","AT_ATBox","Ring of Panic","Ring of Misfortune","MealTicket","Potion Belt","Onion Ring","Mummified Hand","Molten Egg 2","Gensokyo:NagashiBinaDoll","ScarletEmblem","Mercury Hourglass","Replay:Wax Seal","Sundial","Bronze Scales","Membership Card","Gremlin Horn","Replay:Bottled Flurry","Calling Bell","PreservedInsect","RedBat","Pondfish Scales","MawBank","Regal Pillow","AT_SunfireAegis","Strawberry","Vajra","Pet Ghost","PrismaticShard","White Beast Statue"],"acts_visited":["Gensokyo:Gensokyo","Gensokyo:Gensokyoer","Gensokyo:Gensokyoest","TheEnding"],"potions_floor_usage":[25,27,27,27,47,55,55,55],"damage_taken":[{"damage":0,"enemies":"Gensokyo:Gryphon","floor":1,"turns":2},{"damage":0,"enemies":"Gensokyo:2_Kodama","floor":3,"turns":3},{"damage":0,"enemies":"Gensokyo:Cirno","floor":6,"turns":5},{"damage":0,"enemies":"Gensokyo:Mamizou","floor":8,"turns":4},{"damage":3,"enemies":"Gensokyo:Aya","floor":11,"turns":4},{"damage":0,"enemies":"Gensokyo:3_Fairies","floor":13,"turns":4},{"damage":14,"enemies":"Gensokyo:Yukari","floor":16,"turns":6},{"damage":0,"enemies":"Gensokyo:2_Gloops","floor":18,"turns":3},{"damage":0,"enemies":"Gensokyo:Chomper","floor":19,"turns":4},{"damage":0,"enemies":"Gensokyo:3_Gloops","floor":21,"turns":3},{"damage":7,"enemies":"Gensokyo:Reisen","floor":23,"turns":4},{"damage":0,"enemies":"Gensokyo:Wraith","floor":24,"turns":3},{"damage":0,"enemies":"Gensokyo:Mirror_and_Dog","floor":25,"turns":2},{"damage":49,"enemies":"Gensokyo:Tenshi","floor":27,"turns":4},{"damage":7,"enemies":"Gensokyo:Koishi","floor":29,"turns":5},{"damage":0,"enemies":"Gensokyo:3_Gloops","floor":30,"turns":4},{"damage":14,"enemies":"Gensokyo:Eiki","floor":33,"turns":4},{"damage":0,"enemies":"Gensokyo:3_Boulders","floor":35,"turns":3},{"damage":10,"enemies":"Gensokyo:Marisa","floor":42,"turns":4},{"damage":0,"enemies":"Gensokyo:Kasen","floor":44,"turns":1},{"damage":19,"enemies":"Gensokyo:Kasen","floor":45,"turns":6},{"damage":8,"enemies":"Gensokyo:3_Bats","floor":46,"turns":3},{"damage":12,"enemies":"Gensokyo:Marisa","floor":47,"turns":3},{"damage":5,"enemies":"Gensokyo:SeedOfUnknown","floor":48,"turns":3},{"damage":46,"enemies":"Gensokyo:Scarlet_Devils","floor":50,"turns":4},{"damage":1,"enemies":"Shield and Spear","floor":54,"turns":3},{"damage":95,"enemies":"The Heart","floor":55,"turns":5}],"seed_played":"7322368593576548496","potions_obtained":[{"floor":1,"key":"Strength Potion"},{"floor":1,"key":"Milkshake"},{"floor":3,"key":"AttackPotion"},{"floor":6,"key":"Swift Potion"},{"floor":6,"key":"DistilledChaos"},{"floor":24,"key":"Block Potion"},{"floor":27,"key":"Milkshake"},{"floor":29,"key":"Ancient Potion"},{"floor":33,"key":"Ancient Potion"},{"floor":33,"key":"DuplicationPotion"},{"floor":46,"key":"Fruit Juice"},{"floor":48,"key":"Languid Potion"},{"floor":54,"key":"Energy Potion"}],"is_trial":false,"path_per_floor":["M","?","M","?","?","E","R","E","T","?","E","R","M","?","R","B",null,"M","M","?","M","?","E","M","M","T","E","?","E","M","$","R","B",null,"M","?","$","?","?","R","?","E","T","E","?","M","E","M","R","B",null,"R","$","E","B"],"character_chosen":"REMILIA","items_purchased":["Membership Card","Gremlin Horn","LeisurelyOfLord+1","Replay:Bottled Flurry","Vajra","ReplayTheSpireMod:Trickstab+1","Pet Ghost","PrismaticShard","Secret Weapon"],"campfire_rested":0,"item_purchase_floors":[31,31,31,31,53,53,53,53,53],"current_hp_per_floor":[68,68,68,68,68,69,69,72,72,72,73,73,73,73,73,65,73,75,75,68,68,68,61,65,65,65,23,23,23,25,40,40,41,61,63,63,68,68,68,68,68,68,68,68,68,60,80,78,78,75,79,79,80,80,0,0],"gold":187,"neow_bonus":"TRANSFORM_CARD","is_daily":false,"chose_seed":false,"campfire_upgraded":5,"win_rate":0.0,"timestamp":1611037840,"path_taken":["M","?","?","?","?","E","R","E","T","?","E","R","M","?","R","BOSS","M","?","?","M","?","E","?","M","T","E","?","E","?","$","R","BOSS","M","?","$","?","?","R","?","E","T","E","?","?","E","M","R","BOSS","R","$","E","BOSS"],"items_purchased_type":["Relic","Relic","Card","Relic","Relic","Card","Relic","Relic","Card"],"build_version":"2020-12-22","purchased_purges":3,"victory":false,"max_hp_per_floor":[75,75,75,75,75,75,75,75,75,75,75,75,75,75,75,75,75,75,75,68,68,68,68,68,68,68,68,68,68,68,68,68,68,68,68,68,68,68,68,68,68,68,68,68,68,68,80,80,80,80,80,80,80,80,80,80],"card_choices":[{"not_picked":["Ultimatum","BloodHunter"],"picked":"LeisurelyOfLord","floor":1},{"not_picked":["ScarletImprint","Stigmanizer"],"picked":"ScarletDevilSign","floor":2},{"not_picked":["BombardNight","BloodHunter"],"picked":"DemonKingCradle","floor":2},{"not_picked":["BombardNight","UnstableMagic"],"picked":"Ultimatum","floor":3},{"not_picked":["FavorOfDestiny","RedNightlessCastle","KillingBlow"],"picked":"SKIP","floor":6},{"not_picked":["FavorOfDestiny","RedNightlessCastle","KillingBlow"],"picked":"SKIP","floor":6},{"not_picked":["VampireKiss","EndlessAdversity"],"picked":"NightLord","floor":8},{"not_picked":["MastersStateliness","EmergencyRegeneration"],"picked":"UltimateOffering+1","floor":11},{"not_picked":["BlasphemousPunishment","UnderTheZenith"],"picked":"ForecastOfChange+1","floor":13},{"not_picked":["CeilingFear","ChaoticDestiny"],"picked":"EquivalentExchange","floor":16},{"not_picked":["NightLord+1","CharismaGuard"],"picked":"RedRainbow+1","floor":18},{"not_picked":["SuperhumanBloodyKnife+1","Ultimatum+1"],"picked":"ReincarnationDial+1","floor":19},{"not_picked":["Gensokyo:GapWoman","Gensokyo:MissMary"],"picked":"Gensokyo:MenInBlack","floor":20},{"not_picked":["RedRainbow+1","Ultimatum+1"],"picked":"ScarletMeister","floor":21},{"not_picked":["UltimateOffering+1","VampirishNight"],"picked":"Stigmanizer+1","floor":21},{"not_picked":["BloodHunter","ScarletDevilSign+1","ScarletDevil+1"],"picked":"SKIP","floor":23},{"not_picked":["FavorOfDestiny","RedRainbow+1"],"picked":"NightDance+1","floor":24},{"not_picked":["DiffusionOfMisfortune+1","AfternoonTea"],"picked":"ScarletNetherworld","floor":25},{"not_picked":["EndlessAdversity+1","ScarletSymphony","Stigmanizer+1"],"picked":"SKIP","floor":27},{"not_picked":["SuperhumanBloodyKnife+1","GlobalNightmare"],"picked":"DiffusionOfMisfortune+1","floor":29},{"not_picked":["VampireKiss+1","ScarletImprint+1"],"picked":"FitfulNightmare","floor":29},{"not_picked":["ScarletDream","BloodHunter"],"picked":"BloodyHallows","floor":30},{"not_picked":["CeilingFear","BloodRain"],"picked":"HellCatastrophe+1","floor":33},{"not_picked":["RedRainbow+1","CharismaGuard","ScarletImprint+1"],"picked":"SKIP","floor":35},{"not_picked":["BloodHunter+1","ScarletDevil+1"],"picked":"BloodAndWine+1","floor":42},{"not_picked":["BloodyTrap","RedNightlessCastle+1","ScarletDevil+1"],"picked":"SKIP","floor":42},{"not_picked":["CharismaGuard","RedNightlessCastle+1"],"picked":"VampireKiss+1","floor":44},{"not_picked":["Gensokyo:HouraiInAPot","Gensokyo:UnhurriedMind"],"picked":"Gensokyo:MorningStar","floor":45},{"not_picked":["VampireKiss+1","ReincarnationDial+1"],"picked":"TwelveNightmare","floor":46},{"not_picked":["StarOfDavid+1","FavorOfDestiny","EndlessAdversity+1"],"picked":"SKIP","floor":46},{"not_picked":["BloodAndWine","Septette","UltimateOffering+1"],"picked":"SKIP","floor":47},{"not_picked":["MastersStateliness","BlasphemousPunishment","ForbiddenFruit"],"picked":"SKIP","floor":47},{"not_picked":["MiserableFate","AfternoonTea"],"picked":"ChaoticDestiny","floor":48},{"not_picked":["EndlessAdversity+1","Panic Button","EmergencyRegeneration"],"picked":"SKIP","floor":54}],"player_experience":261437,"relics_obtained":[{"floor":4,"key":"Ring of Panic"},{"floor":4,"key":"Ring of Misfortune"},{"floor":6,"key":"Potion Belt"},{"floor":8,"key":"Onion Ring"},{"floor":9,"key":"Mummified Hand"},{"floor":11,"key":"Molten Egg 2"},{"floor":23,"key":"Mercury Hourglass"},{"floor":26,"key":"Replay:Wax Seal"},{"floor":27,"key":"Sundial"},{"floor":29,"key":"Bronze Scales"},{"floor":34,"key":"PreservedInsect"},{"floor":34,"key":"RedBat"},{"floor":34,"key":"Pondfish Scales"},{"floor":42,"key":"MawBank"},{"floor":44,"key":"Regal Pillow"},{"floor":46,"key":"AT_SunfireAegis"},{"floor":47,"key":"Strawberry"},{"floor":54,"key":"White Beast Statue"}],"event_choices":[],"is_beta":false,"boss_relics":[{"not_picked":["ChewingGum","Pandora\u0027s Box"],"picked":"ScarletEmblem"},{"not_picked":["Replay:Drink Me","Replay:Wanted Poster"],"picked":"Calling Bell"}],"items_purged_floors":[31,37,53],"is_endless":false,"potions_floor_spawned":[1,6,11,19,23,29,33,35,46,48,54],"killed_by":"The Heart","ascension_level":13}}