{"host":"s2k2cf2d36evfy1t","time":1611061482,"event":{"mods":["BaseMod","Minty Spire (QoL Compilation)","StSLib"],"gold_per_floor":[117,135,135,165,177,222,234,277,289,319,331,343,381,44,44,142,142,142,102,102,102,102,102,102,102,102,102,72,72,72,72,72,72,72,72,72,72,72,72,72,72,72,72,72,72,72,72,72],"floor_reached":47,"language":"ENG","playtime":2087,"items_purged":[],"score":606,"play_id":"07722d75-1e14-4876-8a7d-e41276f71c87","local_time":"20210119160442","is_ascension_mode":true,"campfire_choices":[{"data":"Eruption","floor":7.0,"key":"SMITH"},{"floor":11.0,"key":"REST"},{"floor":15.0,"key":"REST"},{"data":"Crescendo","floor":25.0,"key":"SMITH"},{"data":"Vigilance","floor":27.0,"key":"SMITH"},{"data":"FlyingSleeves","floor":32.0,"key":"SMITH"},{"floor":40.0,"key":"REST"},{"floor":45.0,"key":"REST"}],"circlet_count":0,"master_deck":["Strike_P+1","Strike_P+1","Strike_P+1","Strike_P+1","Defend_P+1","Defend_P+1","Defend_P+1","Defend_P+1","Eruption+1","Vigilance+1","FlyingSleeves+1","Crescendo+1","ClearTheMind+1","FollowUp+1","EmptyBody+1","EmptyFist+1","Halt+1","SpiritShield+1","FlurryOfBlows+1","WreathOfFlame+1","Shame","ClearTheMind+1","Judgement+1","DeusExMachina+1","CrushJoints+1","Madness+1","Madness+1","FlyingSleeves+1","FearNoEvil+1"],"relics":["PureWater","MawBank","Toxic Egg 2","Matryoshka","Pantograph","Juzu Bracelet","Akabeko","TeardropLocket","Darkstone Periapt","Shuriken","Ectoplasm","Enchiridion","Whetstone","The Courier","Potion Belt","SacredBark","Ginger","Damaru"],"acts_visited":["Exordium","TheCity","TheBeyond"],"potions_floor_usage":[47],"damage_taken":[{"damage":5.0,"enemies":"Jaw Worm","floor":1.0,"turns":5.0},{"damage":8.0,"enemies":"Small Slimes","floor":2.0,"turns":4.0},{"damage":0.0,"enemies":"Cultist","floor":4.0,"turns":2.0},{"damage":2.0,"enemies":"Gremlin Nob","floor":6.0,"turns":3.0},{"damage":17.0,"enemies":"Lagavulin","floor":8.0,"turns":5.0},{"damage":0.0,"enemies":"3 Louse","floor":10.0,"turns":1.0},{"damage":0.0,"enemies":"3 Sentries","floor":13.0,"turns":3.0},{"damage":73.0,"enemies":"Hexaghost","floor":16.0,"turns":12.0},{"damage":1.0,"enemies":"Spheric Guardian","floor":18.0,"turns":3.0},{"damage":0.0,"enemies":"2 Thieves","floor":28.0,"turns":3.0},{"damage":8.0,"enemies":"Slavers","floor":30.0,"turns":8.0},{"damage":12.0,"enemies":"Snake Plant","floor":31.0,"turns":4.0},{"damage":28.0,"enemies":"Collector","floor":33.0,"turns":6.0},{"damage":20.0,"enemies":"3 Darklings","floor":35.0,"turns":6.0},{"damage":5.0,"enemies":"3 Shapes","floor":36.0,"turns":6.0},{"damage":21.0,"enemies":"Jaw Worm Horde","floor":38.0,"turns":6.0},{"damage":26.0,"enemies":"3 Darklings","floor":39.0,"turns":5.0},{"damage":21.0,"enemies":"Maw","floor":42.0,"turns":4.0},{"damage":47,"enemies":"Spire Growth","floor":47,"turns":4}],"seed_played":"7118295474381704826","potions_obtained":[{"floor":4.0,"key":"Explosive Potion"},{"floor":6.0,"key":"Swift Potion"},{"floor":8.0,"key":"Weak Potion"},{"floor":18.0,"key":"Swift Potion"},{"floor":28.0,"key":"LiquidBronze"},{"floor":31.0,"key":"Energy Potion"},{"floor":36.0,"key":"EssenceOfSteel"},{"floor":39.0,"key":"StancePotion"},{"floor":42.0,"key":"Fire Potion"}],"is_trial":false,"path_per_floor":["M","M","?","M","?","E","R","E","T","M","R","T","E","$","R","B",null,"M","?","?","?","?","?","?","R","T","R","M","?","E","M","R","B",null,"M","M","?","M","M","R","T","M","T","?","R","?","M"],"character_chosen":"WATCHER","items_purchased":["Fruit Juice","Shuriken"],"campfire_rested":4,"item_purchase_floors":[14,14],"current_hp_per_floor":[74,66,48,48,32,30,30,13,13,13,36,36,36,41,66,11,84,83,83,67,67,67,67,67,67,67,67,67,73,65,53,53,50,90,70,65,54,33,7,34,34,13,13,13,40,40,0,0],"gold":72,"neow_bonus":"TEN_PERCENT_HP_BONUS","is_daily":false,"chose_seed":false,"campfire_upgraded":4,"win_rate":0.0,"timestamp":1611061482,"path_taken":["M","M","?","M","?","E","R","E","T","M","R","?","E","$","R","BOSS","M","?","?","?","?","?","?","R","T","R","M","?","E","M","R","BOSS","M","M","?","M","M","R","?","M","T","?","R","?","M"],"items_purchased_type":["Potion","Relic"],"build_version":"2020-12-22","purchased_purges":0,"victory":false,"max_hp_per_floor":[79,79,79,79,79,79,79,79,79,79,79,79,79,84,84,84,84,84,84,84,84,84,84,84,84,84,84,84,90,90,90,90,90,90,90,90,90,90,90,90,90,90,90,90,90,90,90,90],"card_choices":[{"not_picked":["Crescendo","SandsOfTime"],"picked":"FlyingSleeves","floor":1.0},{"not_picked":["ThirdEye","JustLucky"],"picked":"Crescendo","floor":2.0},{"not_picked":["EmptyMind","Evaluate"],"picked":"ClearTheMind","floor":4.0},{"not_picked":["SpiritShield+1","Pray+1"],"picked":"FollowUp","floor":6.0},{"not_picked":["JustLucky","Sanctity+1"],"picked":"EmptyBody+1","floor":8.0},{"not_picked":["Tantrum","Worship+1"],"picked":"EmptyFist","floor":10.0},{"not_picked":["Perseverance+1","TalkToTheHand"],"picked":"Halt+1","floor":13.0},{"not_picked":["Blasphemy+1","Ragnarok"],"picked":"SpiritShield+1","floor":16.0},{"not_picked":["Halt+1","Protect+1"],"picked":"FlurryOfBlows+1","floor":18.0},{"not_picked":["Sanctity+1","WreathOfFlame+1"],"picked":"ClearTheMind+1","floor":28.0},{"not_picked":["FollowUp","Crescendo+1"],"picked":"ClearTheMind+1","floor":30.0},{"not_picked":["BowlingBash","EmptyBody+1"],"picked":"Judgement+1","floor":31.0},{"not_picked":["DevaForm","Establishment"],"picked":"DeusExMachina+1","floor":33.0},{"not_picked":["EmptyBody+1","Prostrate+1"],"picked":"CrushJoints+1","floor":35.0},{"not_picked":["ClearTheMind+1","CrushJoints+1","Crescendo+1"],"picked":"SKIP","floor":36.0},{"not_picked":["JustLucky+1","SandsOfTime"],"picked":"FlyingSleeves+1","floor":38.0},{"not_picked":["CrushJoints+1","WheelKick+1","ThirdEye+1"],"picked":"SKIP","floor":39.0},{"not_picked":["CrushJoints+1","JustLucky+1"],"picked":"FearNoEvil","floor":42.0}],"player_experience":225575,"relics_obtained":[{"floor":6.0,"key":"Toxic Egg 2"},{"floor":8.0,"key":"Matryoshka"},{"floor":9.0,"key":"Pantograph"},{"floor":9.0,"key":"Juzu Bracelet"},{"floor":12.0,"key":"Akabeko"},{"floor":12.0,"key":"TeardropLocket"},{"floor":13.0,"key":"Darkstone Periapt"},{"floor":20.0,"key":"Enchiridion"},{"floor":26.0,"key":"Whetstone"},{"floor":30.0,"key":"Potion Belt"},{"floor":41.0,"key":"Ginger"},{"floor":43.0,"key":"Damaru"}],"event_choices":[{"damage_healed":0.0,"max_hp_gain":0.0,"max_hp_loss":0.0,"gold_gain":0.0,"event_name":"Scrap Ooze","player_choice":"Success","floor":3.0,"gold_loss":0.0,"damage_taken":18.0,"relics_obtained":["MawBank"]},{"damage_healed":0.0,"max_hp_gain":0.0,"max_hp_loss":0.0,"gold_gain":0.0,"event_name":"Shining Light","player_choice":"Entered Light","floor":5.0,"gold_loss":0.0,"damage_taken":16.0,"cards_upgraded":["Strike_P","Strike_P"]},{"damage_healed":0.0,"max_hp_gain":0.0,"max_hp_loss":0.0,"gold_gain":0.0,"event_name":"Designer","player_choice":"Upgrade","floor":19.0,"gold_loss":40.0,"damage_taken":0.0,"cards_upgraded":["ClearTheMind"]},{"damage_healed":0.0,"max_hp_gain":0.0,"max_hp_loss":0.0,"gold_gain":0.0,"event_name":"Cursed Tome","player_choice":"Obtained Book","floor":20.0,"gold_loss":0.0,"damage_taken":16.0},{"damage_healed":0.0,"max_hp_gain":0.0,"max_hp_loss":0.0,"gold_gain":0.0,"event_name":"The Library","player_choice":"Read","floor":21.0,"gold_loss":0.0,"damage_taken":0.0,"cards_obtained":["WreathOfFlame"]},{"damage_healed":0.0,"max_hp_gain":0.0,"max_hp_loss":0.0,"gold_gain":0.0,"event_name":"The Woman in Blue","player_choice":"Bought 0 Potions","floor":22.0,"gold_loss":0.0,"damage_taken":0.0},{"damage_healed":0.0,"max_hp_gain":0.0,"max_hp_loss":0.0,"gold_gain":0.0,"event_name":"Vampires","player_choice":"Ignored","floor":23.0,"gold_loss":0.0,"damage_taken":0.0},{"damage_healed":0.0,"max_hp_gain":0.0,"max_hp_loss":0.0,"gold_gain":0.0,"event_name":"Back to Basics","player_choice":"Simplicity","floor":24.0,"gold_loss":0.0,"damage_taken":0.0,"cards_upgraded":["Strike_P","Strike_P","Defend_P","Defend_P","Defend_P","Defend_P"]},{"damage_healed":0.0,"max_hp_gain":0.0,"max_hp_loss":0.0,"gold_gain":0.0,"event_name":"Addict","player_choice":"Stole Relic","floor":29.0,"gold_loss":0.0,"damage_taken":0.0,"relics_obtained":["The Courier"],"cards_obtained":["Shame"]},{"damage_healed":0.0,"max_hp_gain":0.0,"max_hp_loss":0.0,"gold_gain":0.0,"event_name":"Winding Halls","player_choice":"Embrace Madness","floor":37.0,"gold_loss":0.0,"damage_taken":11.0,"cards_obtained":["Madness","Madness"]},{"damage_healed":0.0,"max_hp_gain":0.0,"max_hp_loss":0.0,"gold_gain":0.0,"event_name":"MindBloom","player_choice":"Upgrade","floor":44.0,"gold_loss":0.0,"damage_taken":0.0,"cards_upgraded":["FearNoEvil"],"relics_obtained":["Mark of the Bloom"]},{"cards_removed":["ClearTheMind"],"damage_healed":0.0,"max_hp_gain":0.0,"max_hp_loss":0.0,"gold_gain":0.0,"event_name":"Falling","player_choice":"Removed Skill","floor":46.0,"gold_loss":0.0,"damage_taken":0.0}],"is_beta":false,"boss_relics":[{"not_picked":["Snecko Eye","Black Star"],"picked":"Ectoplasm"},{"not_picked":["Philosopher\u0027s Stone","Coffee Dripper"],"picked":"SacredBark"}],"items_purged_floors":[],"is_endless":false,"potions_floor_spawned":[4,6,8,18,28,31,36,39,42],"killed_by":"Spire Growth","ascension_level":4}}