{"host":"2pmmafybkq7zb6na","time":1611057114,"event":{"mods":["AchievementEnabler","BaseMod","Colored Map","Highlight Path","Keyboard Shortcuts","Minty Spire (QoL Compilation)","Quick Restart","StSLib","SuperFastMode"],"gold_per_floor":[114,134,151,5,18,53,53,70,93,93,122,170,170,183,183,287,287,303,319,330,341,110,110,128,162,185,219,219,229,229,246,246,347,347,365,375,375,389,405,405,30,50,75,75,93,93,108,127,127,127,127],"floor_reached":50,"language":"KOR","playtime":2427,"items_purged":["Strike_R","Reaper"],"score":580,"play_id":"dfddca1c-db59-428d-b664-9c2e3bb4e0bd","local_time":"20210119205154","is_ascension_mode":true,"campfire_choices":[{"data":"Armaments","floor":10.0,"key":"SMITH"},{"data":"Whirlwind","floor":13.0,"key":"SMITH"},{"data":"Bloodletting","floor":15.0,"key":"SMITH"},{"data":"Exhume","floor":23.0,"key":"SMITH"},{"data":"Rage","floor":28,"key":"SMITH"},{"floor":30,"key":"REST"},{"floor":32,"key":"REST"},{"floor":40,"key":"RECALL"},{"floor":49,"key":"REST"}],"circlet_count":0,"master_deck":["Strike_R","Strike_R","Defend_R","Defend_R","Defend_R","Bash","Shrug It Off","Whirlwind+1","Armaments+1","Sword Boomerang","Intimidate","Bloodletting+1","Flex","Offering","Heavy Blade","Rupture+1","Rage+1","Heavy Blade+1","Exhume+1","Burning Pact","Dual Wield+1","Heavy Blade","Entrench","Shrug It Off+1","Inflame+1","Panache","Sentinel+1","Disarm"],"relics":["Burning Blood","Happy Flower","Orichalcum","Blood Vial","Oddly Smooth Stone","Bag of Preparation","Empty Cage","Orrery","Smiling Mask","Lantern","Anchor","Philosopher\u0027s Stone","Membership Card","Ice Cream"],"acts_visited":["Exordium","TheCity","TheBeyond"],"potions_floor_usage":[33,39,42,42,42],"damage_taken":[{"damage":1.0,"enemies":"Cultist","floor":1.0,"turns":3.0},{"damage":2.0,"enemies":"2 Louse","floor":2.0,"turns":3.0},{"damage":12.0,"enemies":"Small Slimes","floor":3.0,"turns":3.0},{"damage":7.0,"enemies":"Blue Slaver","floor":5.0,"turns":4.0},{"damage":22.0,"enemies":"3 Sentries","floor":6.0,"turns":5.0},{"damage":7.0,"enemies":"2 Fungi Beasts","floor":8.0,"turns":3.0},{"damage":23.0,"enemies":"Gremlin Nob","floor":11.0,"turns":5.0},{"damage":0.0,"enemies":"3 Louse","floor":14.0,"turns":1.0},{"damage":18.0,"enemies":"Slime Boss","floor":16.0,"turns":13.0},{"damage":19.0,"enemies":"Shell Parasite","floor":18.0,"turns":4.0},{"damage":3.0,"enemies":"Spheric Guardian","floor":19.0,"turns":3.0},{"damage":18.0,"enemies":"Centurion and Healer","floor":20.0,"turns":3.0},{"damage":7.0,"enemies":"Cultist and Chosen","floor":21.0,"turns":6.0},{"damage":15.0,"enemies":"Shelled Parasite and Fungi","floor":24.0,"turns":3.0},{"damage":18.0,"enemies":"Gremlin Leader","floor":25.0,"turns":4.0},{"damage":15,"enemies":"Slavers","floor":27,"turns":1},{"damage":30,"enemies":"Snecko","floor":29,"turns":7},{"damage":14,"enemies":"Snake Plant","floor":31,"turns":2},{"damage":38,"enemies":"Automaton","floor":33,"turns":6},{"damage":9,"enemies":"3 Darklings","floor":35,"turns":2},{"damage":31,"enemies":"Orb Walker","floor":36,"turns":5},{"damage":26,"enemies":"4 Shapes","floor":38,"turns":1},{"damage":20,"enemies":"3 Darklings","floor":39,"turns":4},{"damage":22,"enemies":"Transient","floor":42,"turns":5},{"damage":15,"enemies":"Jaw Worm Horde","floor":45,"turns":2},{"damage":19,"enemies":"Writhing Mass","floor":47,"turns":3},{"damage":33,"enemies":"Maw","floor":48,"turns":7},{"damage":50,"enemies":"Awakened One","floor":50,"turns":8}],"seed_played":"-156544738918536240","potions_obtained":[{"floor":1.0,"key":"BlessingOfTheForge"},{"floor":2.0,"key":"HeartOfIron"},{"floor":11.0,"key":"Ancient Potion"},{"floor":20.0,"key":"ElixirPotion"},{"floor":33,"key":"BloodPotion"},{"floor":39,"key":"BloodPotion"}],"is_trial":false,"path_per_floor":["M","M","M","$","M","E","$","M","T","R","E","T","R","M","R","B",null,"M","M","M","M","$","R","M","E","T","E","R","M","R","M","R","B",null,"M","M","?","M","M","R","$","M","T","?","M","?","M","M","R","B"],"character_chosen":"IRONCLAD","items_purchased":["Happy Flower","Orrery","Membership Card","Ice Cream","Regen Potion"],"campfire_rested":3,"item_purchase_floors":[4,22,41,41,41],"current_hp_per_floor":[88,88,82,82,81,65,65,64,64,64,49,49,49,57,57,47,88,75,80,70,71,71,71,64,54,54,47,47,25,51,45,71,41,88,85,62,62,44,36,36,36,65,65,65,58,58,47,22,47,0,0],"gold":127,"neow_bonus":"TEN_PERCENT_HP_BONUS","is_daily":false,"chose_seed":false,"campfire_upgraded":5,"win_rate":0.0,"timestamp":1611057114,"path_taken":["M","M","M","$","M","E","$","M","T","R","E","?","R","M","R","BOSS","M","M","M","M","$","R","M","E","T","E","R","M","R","M","R","BOSS","M","M","?","M","M","R","$","M","T","?","M","?","M","M","R","BOSS"],"items_purchased_type":["Relic","Relic","Relic","Relic","Potion"],"build_version":"2020-12-22","purchased_purges":2,"victory":false,"max_hp_per_floor":[88,88,88,88,88,88,88,88,88,88,88,88,88,88,88,88,88,88,88,88,88,88,88,88,88,88,88,88,88,88,88,88,88,88,88,88,88,88,88,88,88,88,88,88,88,84,84,84,84,84,84],"card_choices":[{"not_picked":["Battle Trance","Warcry"],"picked":"Shrug It Off","floor":1.0},{"not_picked":["Wild Strike","True Grit"],"picked":"Whirlwind","floor":2.0},{"not_picked":["Blood for Blood","Flame Barrier"],"picked":"Armaments","floor":3.0},{"not_picked":["Anger","Pummel"],"picked":"Sword Boomerang","floor":5.0},{"not_picked":["Headbutt","Battle Trance"],"picked":"Intimidate","floor":6.0},{"not_picked":["Cleave","Combust","Havoc"],"picked":"SKIP","floor":8.0},{"not_picked":["Reckless Charge","Limit Break"],"picked":"Bloodletting","floor":11.0},{"not_picked":["Pommel Strike","Entrench"],"picked":"Flex","floor":14.0},{"not_picked":["Corruption","Impervious"],"picked":"Offering","floor":16.0},{"not_picked":["Iron Wave","Flex"],"picked":"Heavy Blade","floor":18.0},{"not_picked":["Armaments+1","Headbutt+1","Clash"],"picked":"SKIP","floor":19.0},{"not_picked":["Pommel Strike","Armaments","Body Slam+1"],"picked":"SKIP","floor":20.0},{"not_picked":["Pommel Strike","Whirlwind","Anger"],"picked":"SKIP","floor":21.0},{"not_picked":["Immolate","Clothesline+1"],"picked":"Rupture+1","floor":22.0},{"not_picked":["Cleave+1","Feed"],"picked":"Rage","floor":22.0},{"not_picked":["Body Slam+1","Rupture"],"picked":"Heavy Blade+1","floor":22.0},{"not_picked":["Clash+1","Heavy Blade"],"picked":"Exhume","floor":22.0},{"not_picked":["Clash","Perfected Strike"],"picked":"Burning Pact","floor":22.0},{"not_picked":["Cleave","Disarm+1"],"picked":"Dual Wield+1","floor":24.0},{"not_picked":["Reckless Charge","Havoc"],"picked":"Heavy Blade","floor":25.0},{"not_picked":["Armaments","Demon Form"],"picked":"Entrench","floor":27},{"not_picked":["Battle Trance","Dark Embrace"],"picked":"Shrug It Off+1","floor":29},{"not_picked":["Metallicize","Rampage","Second Wind"],"picked":"SKIP","floor":31},{"not_picked":["Brutality","Limit Break"],"picked":"Reaper","floor":33},{"not_picked":["Power Through+1","Searing Blow","Rampage+1"],"picked":"SKIP","floor":35},{"not_picked":["Perfected Strike","Heavy Blade","Cleave+1"],"picked":"SKIP","floor":36},{"not_picked":["Anger+1","Twin Strike+1","Sword Boomerang+1"],"picked":"SKIP","floor":38},{"not_picked":["Cleave","Fire Breathing"],"picked":"Inflame+1","floor":39},{"not_picked":["Havoc+1","Shrug It Off+1","Perfected Strike"],"picked":"SKIP","floor":42},{"not_picked":["Mind Blast","Metamorphosis"],"picked":"Panache","floor":44},{"not_picked":["Twin Strike","True Grit+1","Anger+1"],"picked":"SKIP","floor":45},{"not_picked":["Heavy Blade","Entrench+1"],"picked":"Sentinel+1","floor":47},{"not_picked":["Inflame+1","Cleave+1"],"picked":"Disarm","floor":48}],"player_experience":95086,"relics_obtained":[{"floor":6.0,"key":"Orichalcum"},{"floor":9.0,"key":"Blood Vial"},{"floor":11.0,"key":"Oddly Smooth Stone"},{"floor":12.0,"key":"Bag of Preparation"},{"floor":25.0,"key":"Smiling Mask"},{"floor":26.0,"key":"Lantern"},{"floor":27,"key":"Anchor"}],"event_choices":[{"cards_removed":["Strike_R"],"damage_healed":0,"gold_gain":0,"player_choice":"Removed Attack","damage_taken":0,"max_hp_gain":0,"max_hp_loss":0,"event_name":"Falling","floor":37,"gold_loss":0},{"damage_healed":0,"gold_gain":0,"player_choice":"Memory 1","damage_taken":0,"max_hp_gain":0,"max_hp_loss":0,"event_name":"SensoryStone","floor":44,"gold_loss":0},{"damage_healed":0,"gold_gain":0,"player_choice":"Max HP","damage_taken":0,"max_hp_gain":0,"max_hp_loss":4,"event_name":"Winding Halls","floor":46,"gold_loss":0}],"is_beta":false,"boss_relics":[{"not_picked":["Velvet Choker","Busted Crown"],"picked":"Empty Cage"},{"not_picked":["Snecko Eye","Mark of Pain"],"picked":"Philosopher\u0027s Stone"}],"items_purged_floors":[22,41],"is_endless":false,"potions_floor_spawned":[1,2,11,20,24,27,29,33,36,38,39],"killed_by":"Awakened One","ascension_level":1}}