{"host":"zxd7sxkt31l2m2hb","time":1611046001,"event":{"mods":["AchievementEnabler","BaseMod","BetterRewards","Colored Map","Colored Powertips","Highlight Path","Minty Spire (QoL Compilation)","StSLib","SuperFastMode","The Jungle","slay the spire mod where everything is the same but ironclad has a cowboy hat"],"gold_per_floor":[112,112,287,50,10,10,10,10,35,35,48,48,48,48,48,143,143,179,179,179,179,199,199,199,199,199,209,209,7,7,27,27,125,125,143,143,158,176,176,176,488,503,503,503,503,503,513,513,513,513],"floor_reached":51,"language":"DEU","playtime":1839,"items_purged":["Doubt"],"score":754,"play_id":"ea4ccb5a-b084-48de-908e-fc2cb7cac1c2","local_time":"20210119094641","daily_mods":["SealedDeck","Vintage","Colorless Cards","Heirloom","Time Dilation","Flight"],"is_ascension_mode":false,"campfire_choices":[{"data":"Hyperbeam","floor":6,"key":"SMITH"},{"data":"Conserve Battery","floor":7,"key":"SMITH"},{"data":"Hologram","floor":8,"key":"SMITH"},{"data":"Impatience","floor":10,"key":"SMITH"},{"data":"Gash","floor":15,"key":"SMITH"},{"data":"Gash","floor":23,"key":"SMITH"},{"floor":32,"key":"DIG"},{"floor":40,"key":"DIG"},{"floor":46,"key":"DIG"},{"floor":49,"key":"DIG"}],"circlet_count":0,"master_deck":["Conserve Battery+1","Conserve Battery","Impatience+1","Go for the Eyes","Gash+1","Hologram+1","Skim","Gash+1","Go for the Eyes","Gash+1","Hyperbeam+1","Metamorphosis","Gash","Gash","Impatience+1","Panache"],"relics":["Cracked Core","Incense Burner","Oddly Smooth Stone","Toy Ornithopter","Pen Nib","Omamori","Thread and Needle","theJungle:BirthdayCakeSlice","Shovel","Blue Candle","Orichalcum","Orrery","Mummified Hand","Meat on the Bone","Nuclear Battery","Bottled Lightning","Centennial Puzzle","Dream Catcher","Gremlin Horn","Strawberry","Old Coin","Bottled Tornado","InkBottle","Akabeko","Girya","White Beast Statue"],"acts_visited":["Exordium","Exordium","TheBeyond"],"potions_floor_usage":[],"damage_taken":[{"damage":0,"enemies":"2 Louse","floor":1,"turns":2},{"damage":0,"enemies":"Small Slimes","floor":11,"turns":1},{"damage":8,"enemies":"The Guardian","floor":16,"turns":4},{"damage":0,"enemies":"Shell Parasite","floor":18,"turns":2},{"damage":1,"enemies":"theJungle:GiantWrat","floor":22,"turns":3},{"damage":0,"enemies":"theJungle:JungleHuntersEncounter","floor":27,"turns":2},{"damage":0,"enemies":"theJungle:SlimyTreeVines","floor":31,"turns":2},{"damage":3,"enemies":"theJungle:FunGuy","floor":33,"turns":4},{"damage":0,"enemies":"3 Darklings","floor":35,"turns":1},{"damage":3,"enemies":"3 Shapes","floor":37,"turns":1},{"damage":0,"enemies":"Jaw Worm Horde","floor":38,"turns":1},{"damage":0,"enemies":"Maw","floor":41,"turns":2},{"damage":12,"enemies":"4 Shapes","floor":42,"turns":1},{"damage":0,"enemies":"Transient","floor":47,"turns":5},{"damage":4,"enemies":"Donu and Deca","floor":50,"turns":2}],"seed_played":"3327894605703256831","potions_obtained":[{"floor":5,"key":"Strength Potion"},{"floor":5,"key":"DistilledChaos"},{"floor":5,"key":"EssenceOfSteel"},{"floor":16,"key":"EntropicBrew"},{"floor":41,"key":"AttackPotion"}],"is_trial":true,"path_per_floor":["M","$","?","$","?","R","R","R","T","R","M","?","$","?","R","B",null,"M","$","?","?","M","R","?","?","T","M","$","$","?","M","R","B",null,"M","?","M","M","?","R","M","M","T","?","?","R","M","$","R","B",null],"character_chosen":"DEFECT","items_purchased":["Gash","Hyperbeam","Gash","Orrery"],"campfire_rested":0,"item_purchase_floors":[4,4,29,29],"current_hp_per_floor":[75,75,75,75,75,75,75,75,75,75,75,75,75,75,75,67,75,75,75,75,75,74,74,79,63,63,63,63,63,63,63,63,60,80,80,80,77,77,77,84,84,72,72,72,72,72,72,72,72,68],"gold":513,"neow_bonus":"","is_daily":false,"chose_seed":false,"campfire_upgraded":6,"win_rate":0.0,"timestamp":1611046001,"path_taken":["M","$","?","$","?","R","R","R","T","R","?","?","?","?","R","BOSS","M","$","?","?","M","R","?","?","T","?","$","$","?","?","R","BOSS","M","?","M","?","?","R","?","?","T","?","?","R","?","?","R","BOSS"],"items_purchased_type":["Card","Card","Card","Relic"],"build_version":"2020-12-22","purchased_purges":1,"victory":true,"max_hp_per_floor":[75,75,75,75,75,75,75,75,75,75,75,75,75,75,75,75,75,75,75,75,75,75,75,80,80,80,80,80,80,80,80,80,80,80,80,80,80,80,80,87,87,87,87,87,87,87,87,87,87,87],"card_choices":[{"not_picked":["Rainbow","Mayhem"],"picked":"Metamorphosis","floor":16},{"not_picked":["Hologram","Redo+1"],"picked":"Gash","floor":29},{"not_picked":["Ball Lightning","Conserve Battery"],"picked":"Impatience+1","floor":29},{"not_picked":["Electrodynamics","Hyperbeam"],"picked":"Panache","floor":33}],"player_experience":42400,"relics_obtained":[{"floor":1,"key":"Oddly Smooth Stone"},{"floor":9,"key":"Toy Ornithopter"},{"floor":11,"key":"Pen Nib"},{"floor":18,"key":"Omamori"},{"floor":22,"key":"Thread and Needle"},{"floor":26,"key":"Blue Candle"},{"floor":27,"key":"Orichalcum"},{"floor":31,"key":"Mummified Hand"},{"floor":32,"key":"Meat on the Bone"},{"floor":35,"key":"Bottled Lightning"},{"floor":37,"key":"Centennial Puzzle"},{"floor":38,"key":"Dream Catcher"},{"floor":40,"key":"Strawberry"},{"floor":41,"key":"Old Coin"},{"floor":42,"key":"Bottled Tornado"},{"floor":43,"key":"InkBottle"},{"floor":46,"key":"Akabeko"},{"floor":47,"key":"Girya"},{"floor":49,"key":"White Beast Statue"}],"event_choices":[{"damage_healed":0,"gold_gain":175,"player_choice":"AGREE","damage_taken":0,"max_hp_gain":0,"max_hp_loss":0,"event_name":"Liars Game","floor":3,"gold_loss":0,"cards_obtained":["Doubt"]},{"damage_healed":0,"gold_gain":0,"player_choice":"Bought 3 Potions","damage_taken":0,"max_hp_gain":0,"max_hp_loss":0,"event_name":"The Woman in Blue","floor":5,"gold_loss":0},{"damage_healed":0,"gold_gain":0,"player_choice":"Grow","damage_taken":0,"max_hp_gain":0,"max_hp_loss":0,"event_name":"Living Wall","floor":12,"gold_loss":0,"cards_upgraded":["Gash"]},{"damage_healed":0,"gold_gain":0,"player_choice":"Fled","damage_taken":0,"max_hp_gain":0,"max_hp_loss":0,"event_name":"Scrap Ooze","floor":14,"gold_loss":0},{"damage_healed":0,"gold_gain":0,"player_choice":"Got Potions","damage_taken":0,"max_hp_gain":0,"max_hp_loss":0,"event_name":"Lab","floor":30,"gold_loss":0},{"cards_removed":["Rebound"],"damage_healed":5,"gold_gain":0,"player_choice":"Offered Common","damage_taken":0,"max_hp_gain":0,"max_hp_loss":0,"event_name":"Bonfire Elementals","floor":36,"gold_loss":0},{"cards_removed":["Rebound"],"damage_healed":5,"gold_gain":0,"player_choice":"Offered Special","damage_taken":0,"max_hp_gain":0,"max_hp_loss":0,"event_name":"Bonfire Elementals","floor":36,"gold_loss":0},{"damage_healed":0,"gold_gain":0,"player_choice":"Gave Potion","damage_taken":0,"relics_obtained":["Gremlin Horn"],"max_hp_gain":0,"max_hp_loss":0,"event_name":"WeMeetAgain","floor":39,"gold_loss":0},{"damage_healed":0,"gold_gain":0,"player_choice":"Ignored","damage_taken":0,"max_hp_gain":0,"max_hp_loss":0,"event_name":"Mysterious Sphere","floor":44,"gold_loss":0},{"damage_healed":0,"gold_gain":0,"player_choice":"Ignored","damage_taken":0,"max_hp_gain":0,"max_hp_loss":0,"event_name":"NoteForYourself","floor":45,"gold_loss":0}],"is_beta":false,"boss_relics":[{"not_picked":["Philosopher\u0027s Stone","Cursed Key","Sozu"]},{"not_picked":["Velvet Choker","Coffee Dripper"],"picked":"Nuclear Battery"}],"items_purged_floors":[4],"is_endless":false,"potions_floor_spawned":[16,31,33,37,38,41],"ascension_level":0}}