{"host":"1v94wza6sq30pv3l","time":1611028514,"event":{"mods":["AchievementEnabler","BaseMod","Highlight Path","Minty Spire (QoL Compilation)"],"gold_per_floor":[113,113,113,113,38,64,64,97,97,123,134,67,67,81,81,181,181,193,209,227,317,61,80,99,99,126,126,145,180,180,209,209,311,311,321,337,352,352,367,397,397,417,463,475,475,475,504,504,504,504],"floor_reached":51,"language":"ENG","playtime":3105,"items_purged":["Defend_G","Strike_G"],"score":855,"play_id":"62969e63-3ca5-4aeb-898c-1ecd7c6c5d8e","local_time":"20210118225514","is_ascension_mode":true,"campfire_choices":[{"data":"Noxious Fumes","floor":13,"key":"SMITH"},{"data":"Bane","floor":15,"key":"SMITH"},{"floor":25,"key":"REST"},{"floor":27,"key":"REST"},{"floor":30,"key":"REST"},{"data":"Finisher","floor":32,"key":"SMITH"},{"floor":41,"key":"REST"},{"floor":46,"key":"REST"},{"floor":49,"key":"REST"}],"circlet_count":0,"master_deck":["Strike_G","Strike_G","Strike_G","Strike_G","Defend_G+1","Defend_G","Defend_G+1","Survivor","Neutralize","Backflip","Finisher+1","All Out Attack","Bane+1","Noxious Fumes+1","Malaise","Deadly Poison+1","Expertise","Dodge and Roll+1","Dagger Spray+1","Blur","Flying Knee+1","Storm of Steel","Bullet Time+1","Acrobatics+1","Quick Slash+1","Quick Slash+1","Infinite Blades+1","Parasite","Accuracy","Cloak And Dagger","PiercingWail+1"],"relics":["Ring of the Snake","NeowsBlessing","Bronze Scales","Matryoshka","Mercury Hourglass","Gremlin Horn","Lantern","Black Star","Ancient Tea Set","Bag of Marbles","PreservedInsect","HornCleat","CaptainsWheel","Boot","Toy Ornithopter","WristBlade","Strawberry","InkBottle","Potion Belt","Juzu Bracelet","TungstenRod"],"acts_visited":["Exordium","TheCity","TheBeyond"],"potions_floor_usage":[10,16,16,23,24,24,33,35,50,50,50,50],"damage_taken":[{"damage":0,"enemies":"Cultist","floor":1,"turns":1},{"damage":0,"enemies":"Lagavulin","floor":6,"turns":1},{"damage":0,"enemies":"Gremlin Nob","floor":8,"turns":1},{"damage":3,"enemies":"Lagavulin","floor":10,"turns":7},{"damage":0,"enemies":"Jaw Worm","floor":11,"turns":3},{"damage":0,"enemies":"2 Louse","floor":14,"turns":2},{"damage":12,"enemies":"Hexaghost","floor":16,"turns":8},{"damage":17,"enemies":"Shell Parasite","floor":18,"turns":5},{"damage":4,"enemies":"2 Thieves","floor":19,"turns":4},{"damage":13,"enemies":"Snecko","floor":20,"turns":5},{"damage":2,"enemies":"Cultist and Chosen","floor":23,"turns":7},{"damage":11,"enemies":"Centurion and Healer","floor":24,"turns":6},{"damage":5,"enemies":"Snecko","floor":28,"turns":5},{"damage":1,"enemies":"Gremlin Leader","floor":29,"turns":5},{"damage":4,"enemies":"Book of Stabbing","floor":31,"turns":5},{"damage":37,"enemies":"Automaton","floor":33,"turns":8},{"damage":1,"enemies":"3 Darklings","floor":35,"turns":3},{"damage":10,"enemies":"3 Shapes","floor":36,"turns":3},{"damage":41,"enemies":"Spire Growth","floor":37,"turns":5},{"damage":4,"enemies":"Sphere and 2 Shapes","floor":39,"turns":5},{"damage":0,"enemies":"Nemesis","floor":40,"turns":1},{"damage":1,"enemies":"Writhing Mass","floor":42,"turns":5},{"damage":7,"enemies":"Jaw Worm Horde","floor":44,"turns":3},{"damage":20,"enemies":"Giant Head","floor":47,"turns":6},{"damage":42,"enemies":"Time Eater","floor":50,"turns":11}],"seed_played":"-592580437699145689","potions_obtained":[{"floor":8,"key":"Dexterity Potion"},{"floor":11,"key":"GamblersBrew"},{"floor":14,"key":"Weak Potion"},{"floor":18,"key":"SteroidPotion"},{"floor":20,"key":"SpeedPotion"},{"floor":23,"key":"Dexterity Potion"},{"floor":24,"key":"CunningPotion"},{"floor":28,"key":"PowerPotion"},{"floor":35,"key":"SpeedPotion"},{"floor":36,"key":"Dexterity Potion"},{"floor":40,"key":"DistilledChaos"},{"floor":44,"key":"SkillPotion"}],"is_trial":false,"path_per_floor":["M","?","?","?","$","E","?","E","T","E","M","$","R","M","R","B",null,"M","M","M","?","$","M","M","R","T","R","M","E","R","E","R","B",null,"M","M","M","?","M","E","R","M","T","M","?","R","E","?","R","B",null],"character_chosen":"THE_SILENT","items_purchased":["Noxious Fumes","Ancient Tea Set"],"campfire_rested":6,"item_purchase_floors":[12,22],"current_hp_per_floor":[70,63,49,70,70,70,70,70,70,67,67,67,67,67,67,55,70,53,49,36,24,24,22,11,32,32,53,48,47,68,64,64,32,70,70,60,19,19,15,22,45,44,44,37,37,60,40,40,63,41],"gold":504,"neow_bonus":"THREE_ENEMY_KILL","is_daily":false,"chose_seed":false,"campfire_upgraded":3,"win_rate":0.0,"timestamp":1611028514,"path_taken":["M","?","?","?","$","E","?","E","T","E","?","?","R","M","R","BOSS","M","M","M","?","$","M","?","R","T","R","M","E","R","E","R","BOSS","M","M","M","?","M","E","R","M","T","M","?","R","E","?","R","BOSS"],"items_purchased_type":["Card","Relic"],"build_version":"2020-12-22","purchased_purges":2,"victory":true,"max_hp_per_floor":[70,70,70,70,70,70,70,70,70,70,70,70,70,70,70,70,70,70,70,70,70,70,70,70,70,70,70,70,70,70,70,70,70,70,70,70,70,70,70,77,77,77,77,77,77,77,77,77,77,77],"card_choices":[{"not_picked":["Deflect","PiercingWail"],"picked":"Backflip","floor":1},{"not_picked":["Masterful Stab","Blur"],"picked":"Bane","floor":6},{"not_picked":["Tactician","Prepared"],"picked":"Finisher","floor":8},{"not_picked":["Well Laid Plans","Sucker Punch"],"picked":"All Out Attack","floor":10},{"not_picked":["Dagger Spray","Riddle With Holes"],"picked":"Bane","floor":11},{"not_picked":["Endless Agony","Reflex","Masterful Stab"],"picked":"SKIP","floor":14},{"not_picked":["Night Terror","Venomology"],"picked":"Malaise","floor":16},{"not_picked":["Well Laid Plans","PiercingWail"],"picked":"Deadly Poison+1","floor":18},{"not_picked":["Predator","Accuracy"],"picked":"Expertise","floor":19},{"not_picked":["Blade Dance","Sucker Punch"],"picked":"Dodge and Roll+1","floor":20},{"not_picked":["All Out Attack","Acrobatics"],"picked":"Dagger Spray+1","floor":23},{"not_picked":["Dagger Spray","Flechettes"],"picked":"Footwork+1","floor":24},{"not_picked":["Reflex","Poisoned Stab+1"],"picked":"Blur","floor":28},{"not_picked":["Riddle With Holes","Poisoned Stab+1"],"picked":"Flying Knee+1","floor":29},{"not_picked":["Deflect+1","Cloak And Dagger"],"picked":"Storm of Steel","floor":31},{"not_picked":["Die Die Die","Malaise"],"picked":"Bullet Time","floor":33},{"not_picked":["Distraction+1","PiercingWail"],"picked":"Acrobatics+1","floor":35},{"not_picked":["Tactician+1","Deadly Poison+1"],"picked":"Quick Slash+1","floor":36},{"not_picked":["Sucker Punch","Prepared"],"picked":"Quick Slash+1","floor":37},{"not_picked":["Sucker Punch+1","Heel Hook+1","Tools of the Trade"],"picked":"SKIP","floor":39},{"not_picked":["Bane+1","Outmaneuver"],"picked":"Infinite Blades+1","floor":40},{"not_picked":["Flying Knee","Acrobatics+1"],"picked":"Accuracy","floor":42},{"not_picked":["Sucker Punch","Backflip"],"picked":"Cloak And Dagger","floor":44},{"not_picked":["Bane","Distraction"],"picked":"PiercingWail+1","floor":47}],"player_experience":90284,"relics_obtained":[{"floor":6,"key":"Bronze Scales"},{"floor":8,"key":"Mercury Hourglass"},{"floor":9,"key":"Gremlin Horn"},{"floor":10,"key":"Lantern"},{"floor":26,"key":"Bag of Marbles"},{"floor":26,"key":"PreservedInsect"},{"floor":29,"key":"HornCleat"},{"floor":29,"key":"CaptainsWheel"},{"floor":31,"key":"Boot"},{"floor":31,"key":"Toy Ornithopter"},{"floor":40,"key":"Strawberry"},{"floor":40,"key":"InkBottle"},{"floor":43,"key":"Potion Belt"},{"floor":47,"key":"Juzu Bracelet"},{"floor":47,"key":"TungstenRod"}],"event_choices":[{"cards_removed":["Defend_G"],"damage_healed":0,"gold_gain":0,"player_choice":"Card Removal","damage_taken":7,"max_hp_gain":0,"max_hp_loss":0,"event_name":"Golden Wing","floor":2,"gold_loss":0},{"damage_healed":0,"gold_gain":0,"player_choice":"Entered Light","damage_taken":14,"max_hp_gain":0,"max_hp_loss":0,"event_name":"Shining Light","floor":3,"gold_loss":0,"cards_upgraded":["Defend_G","Defend_G"]},{"damage_healed":23,"gold_gain":0,"player_choice":"Banana","damage_taken":0,"max_hp_gain":0,"max_hp_loss":0,"event_name":"Big Fish","floor":4,"gold_loss":0},{"cards_removed":["Bane"],"damage_healed":0,"gold_gain":0,"player_choice":"Gave Card","damage_taken":0,"relics_obtained":["Matryoshka"],"max_hp_gain":0,"max_hp_loss":0,"event_name":"WeMeetAgain","floor":7,"gold_loss":0},{"damage_healed":0,"gold_gain":90,"player_choice":"GOLD ","damage_taken":12,"max_hp_gain":0,"max_hp_loss":0,"event_name":"Knowing Skull","floor":21,"potions_obtained":[],"gold_loss":0,"cards_obtained":[]},{"damage_healed":0,"gold_gain":0,"player_choice":"Ignored","damage_taken":0,"max_hp_gain":0,"max_hp_loss":0,"event_name":"Tomb of Lord Red Mask","floor":38,"gold_loss":0},{"damage_healed":0,"gold_gain":0,"player_choice":"Upgraded","damage_taken":0,"max_hp_gain":0,"max_hp_loss":0,"event_name":"Upgrade Shrine","floor":45,"gold_loss":0,"cards_upgraded":["Bullet Time"]},{"cards_removed":["Footwork"],"damage_healed":0,"gold_gain":0,"player_choice":"Removed Power","damage_taken":0,"max_hp_gain":0,"max_hp_loss":0,"event_name":"Falling","floor":48,"gold_loss":0}],"is_beta":false,"boss_relics":[{"not_picked":["Fusion Hammer","Coffee Dripper"],"picked":"Black Star"},{"not_picked":["Cursed Key","Busted Crown"],"picked":"WristBlade"}],"items_purged_floors":[5,22],"is_endless":false,"potions_floor_spawned":[8,11,14,18,20,23,24,28,35,36,40,44],"ascension_level":1}}