{"host":"y1oqg7uy0jc6f5mb","time":1611047048,"event":{"mods":["BaseMod","Better Altar","Better Match","Better Note","Better Sensory Stone","Better Skull","Better Third Choice","BetterRewards","Block Reminder","Colored Map","Colored Powertips","Custom Start","DeckTracker","Highlight Path","Minty Spire (QoL Compilation)","Permanent Neow","Quick Restart","Relic Sorter","Relic Stats","Shop Mod","StSLib"],"gold_per_floor":[218,232,232,248,1,76,76,76,76,76,91,101,134,149,149,245,245,257,217,228,179,189,217,217,217,243,254,254,269,175,191,191,295,295,313,363,363,363],"floor_reached":37,"language":"ENG","playtime":2396,"items_purged":[],"score":541,"play_id":"a2c7e4dd-135d-438d-9137-40e9c37a46eb","local_time":"20210119170408","is_ascension_mode":true,"campfire_choices":[{"data":"Spot Weakness","floor":8.0,"key":"SMITH"},{"data":"Body Slam","floor":10.0,"key":"SMITH"},{"data":"Searing Blow","floor":15.0,"key":"SMITH"},{"data":"Demon Form","floor":25.0,"key":"SMITH"},{"floor":28.0,"key":"REST"},{"floor":32.0,"key":"REST"}],"circlet_count":0,"master_deck":["Strike_R","Strike_R","Strike_R","Strike_R","Defend_R","Defend_R","Defend_R","Defend_R","Bash","Armaments+1","Spot Weakness+1","Body Slam+1","Double Tap","Perfected Strike","Searing Blow+1","Dual Wield","Demon Form+1","Sword Boomerang+1","Thunderclap","Iron Wave+1","Sentinel+1","Cleave","Evolve+1","Flame Barrier","Iron Wave","Inflame+1","Reckless Charge+1"],"relics":["Burning Blood","Nunchaku","FossilizedHelix","Pantograph","Pear","Mark of Pain","Ancient Tea Set","Orichalcum","Black Star","StoneCalendar"],"acts_visited":["Exordium","TheCity","TheBeyond"],"potions_floor_usage":[35,35,37],"damage_taken":[{"damage":8.0,"enemies":"Jaw Worm","floor":1.0,"turns":5.0},{"damage":5.0,"enemies":"Small Slimes","floor":2.0,"turns":3.0},{"damage":1.0,"enemies":"Cultist","floor":4.0,"turns":3.0},{"damage":40.0,"enemies":"3 Sentries","floor":6.0,"turns":8.0},{"damage":0.0,"enemies":"Looter","floor":11.0,"turns":3.0},{"damage":0.0,"enemies":"Exordium Thugs","floor":12.0,"turns":4.0},{"damage":7.0,"enemies":"Lagavulin","floor":13.0,"turns":6.0},{"damage":0.0,"enemies":"3 Louse","floor":14.0,"turns":3.0},{"damage":25.0,"enemies":"Slime Boss","floor":16.0,"turns":10.0},{"damage":20.0,"enemies":"2 Thieves","floor":18.0,"turns":4.0},{"damage":0.0,"enemies":"Chosen","floor":20.0,"turns":4.0},{"damage":28.0,"enemies":"Centurion and Healer","floor":22.0,"turns":7.0},{"damage":46.0,"enemies":"Gremlin Leader","floor":23.0,"turns":6.0},{"damage":35.0,"enemies":"Shelled Parasite and Fungi","floor":27.0,"turns":5.0},{"damage":13.0,"enemies":"Cultist and Chosen","floor":29.0,"turns":4.0},{"damage":18.0,"enemies":"Snake Plant","floor":31.0,"turns":4.0},{"damage":28.0,"enemies":"Collector","floor":33.0,"turns":6.0},{"damage":38,"enemies":"3 Darklings","floor":35,"turns":3},{"damage":42,"enemies":"Mind Bloom Boss Battle","floor":36,"turns":7},{"damage":54,"enemies":"2 Orb Walkers","floor":37,"turns":4}],"seed_played":"8104873051481971995","potions_obtained":[{"floor":1.0,"key":"SpeedPotion"},{"floor":6.0,"key":"FearPotion"},{"floor":14.0,"key":"Regen Potion"},{"floor":19.0,"key":"LiquidBronze"},{"floor":19.0,"key":"Fire Potion"},{"floor":22.0,"key":"PowerPotion"},{"floor":23.0,"key":"BlessingOfTheForge"},{"floor":31.0,"key":"SkillPotion"},{"floor":33.0,"key":"BloodPotion"},{"floor":36,"key":"AttackPotion"}],"is_trial":false,"path_per_floor":["M","M","?","M","$","E","?","R","T","R","M","M","E","M","R","B",null,"M","?","M","$","M","E","?","R","T","M","R","M","$","M","R","B",null,"M","?","?"],"character_chosen":"IRONCLAD","items_purchased":["BloodPotion","Nunchaku","Weak Potion","Thunderclap","Flame Barrier","Iron Wave"],"campfire_rested":2,"item_purchase_floors":[5,5,5,21,30,30],"current_hp_per_floor":[70,71,71,76,76,42,68,68,68,68,74,80,89,90,90,85,89,75,75,81,81,77,37,37,37,37,8,35,28,28,16,43,46,79,65,54,0,0],"gold":363,"neow_bonus":"HUNDRED_GOLD","is_daily":false,"chose_seed":false,"campfire_upgraded":4,"win_rate":0.0,"timestamp":1611047048,"path_taken":["M","M","?","M","$","E","?","R","T","R","M","M","E","M","R","BOSS","M","?","M","$","?","E","?","R","T","M","R","M","?","M","R","BOSS","M","?","?"],"items_purchased_type":["Potion","Relic","Potion","Card","Card","Card"],"build_version":"2020-12-22","purchased_purges":0,"victory":false,"max_hp_per_floor":[80,80,80,80,80,80,80,80,80,80,80,80,90,90,90,90,90,90,90,90,90,90,90,90,90,90,90,90,90,90,90,90,90,90,90,90,90,90],"relic_stats":{"Nunchaku":[16],"counters":[20,99],"Pantograph":50,"StoneCalendar":[0],"Black Star":0,"Orichalcum":[42],"obtain_stats":[{"Nunchaku":5,"Pear":13,"Pantograph":9,"StoneCalendar":36,"Mark of Pain":17,"Black Star":34,"Orichalcum":26,"Ancient Tea Set":23,"Burning Blood":0,"FossilizedHelix":6},{"Nunchaku":3,"Pear":7,"Pantograph":4,"StoneCalendar":19,"Mark of Pain":9,"Black Star":17,"Orichalcum":13,"Ancient Tea Set":13,"Burning Blood":0,"FossilizedHelix":4},{"Nunchaku":11,"Pear":32,"Pantograph":19,"StoneCalendar":95,"Mark of Pain":45,"Black Star":85,"Orichalcum":66,"Ancient Tea Set":66,"Burning Blood":0,"FossilizedHelix":19}],"Burning Blood":109},"card_choices":[{"not_picked":["Pummel","Pommel Strike"],"picked":"Armaments","floor":1.0},{"not_picked":["Armaments","True Grit"],"picked":"Spot Weakness","floor":2.0},{"not_picked":["Iron Wave","Flex"],"picked":"Body Slam","floor":4.0},{"not_picked":["Rage","Hemokinesis"],"picked":"Double Tap","floor":6.0},{"not_picked":["Iron Wave","Hemokinesis"],"picked":"Perfected Strike","floor":11.0},{"not_picked":["Warcry","Rupture","Spot Weakness"],"picked":"SKIP","floor":12.0},{"not_picked":["Havoc","Entrench"],"picked":"Searing Blow","floor":13.0},{"not_picked":["Intimidate","Perfected Strike"],"picked":"Dual Wield","floor":14.0},{"not_picked":["Double Tap","Immolate"],"picked":"Demon Form","floor":16.0},{"not_picked":["Warcry","Cleave"],"picked":"Sword Boomerang+1","floor":18.0},{"not_picked":["Dropkick","Spot Weakness","Havoc"],"picked":"SKIP","floor":20.0},{"not_picked":["Flex+1","Body Slam"],"picked":"Iron Wave+1","floor":22.0},{"not_picked":["Headbutt+1","Metallicize"],"picked":"Sentinel+1","floor":23.0},{"not_picked":["Flex","Twin Strike"],"picked":"Cleave","floor":27.0},{"not_picked":["Feel No Pain","Bloodletting+1"],"picked":"Evolve+1","floor":29.0},{"not_picked":["Wild Strike","Havoc"],"picked":"Inflame+1","floor":31.0},{"not_picked":["Cleave+1","Clothesline"],"picked":"Reckless Charge+1","floor":35}],"player_experience":52979,"relics_obtained":[{"floor":6.0,"key":"FossilizedHelix"},{"floor":9.0,"key":"Pantograph"},{"floor":13.0,"key":"Pear"},{"floor":23.0,"key":"Ancient Tea Set"},{"floor":26.0,"key":"Orichalcum"},{"floor":36,"key":"StoneCalendar"}],"event_choices":[{"damage_healed":0.0,"max_hp_gain":0.0,"max_hp_loss":0.0,"gold_gain":0.0,"event_name":"Living Wall","player_choice":"Grow","floor":3.0,"gold_loss":0.0,"damage_taken":0.0,"cards_upgraded":["Armaments"]},{"damage_healed":26.0,"max_hp_gain":0.0,"max_hp_loss":0.0,"gold_gain":0.0,"event_name":"Big Fish","player_choice":"Banana","floor":7.0,"gold_loss":0.0,"damage_taken":0.0},{"damage_healed":0.0,"max_hp_gain":0.0,"max_hp_loss":0.0,"gold_gain":0.0,"event_name":"The Woman in Blue","player_choice":"Bought 3 Potions","floor":19.0,"gold_loss":0.0,"damage_taken":0.0},{"cards_removed":["Strike_R"],"damage_healed":0.0,"max_hp_gain":0.0,"max_hp_loss":0.0,"gold_gain":0.0,"event_name":"Bonfire Elementals","player_choice":"Offered Basic","floor":24.0,"gold_loss":0.0,"damage_taken":0.0},{"damage_healed":0,"gold_gain":0,"player_choice":"Fight","damage_taken":0,"max_hp_gain":0,"max_hp_loss":0,"event_name":"MindBloom","floor":36,"gold_loss":0},{"damage_healed":0,"gold_gain":0,"player_choice":"Fight","damage_taken":0,"max_hp_gain":0,"max_hp_loss":0,"event_name":"Mysterious Sphere","floor":37,"gold_loss":0}],"is_beta":false,"boss_relics":[{"not_picked":["Snecko Eye","Empty Cage"],"picked":"Mark of Pain"},{"not_picked":["Philosopher\u0027s Stone","SacredBark"],"picked":"Black Star"}],"items_purged_floors":[],"is_endless":false,"potions_floor_spawned":[1,6,14,22,23,31,33,36],"killed_by":"2 Orb Walkers","ascension_level":7}}