{"host":"9jskdx4t2il7kdto","time":1611075706,"event":{"mods":["AchievementEnabler","Act Like it!","BaseMod","Card Forge","Colored Powertips","Highlight Path","Minty Spire (QoL Compilation)","Replay The Spire","StSLib","UnlockEverythingMod"],"gold_per_floor":[217,228,96,109,127,127,127,167,167,7,26,26,36,49,49,152,152,167,266,266,266],"floor_reached":20,"language":"ENG","playtime":897,"items_purged":["Strike_G","Strike_G"],"score":176,"play_id":"662d0134-5ca0-4fd8-aa48-094fa05d1786","local_time":"20210119110146","is_ascension_mode":true,"campfire_choices":[{"data":"ReplayTheSpireMod:Scrap Shanks","floor":6,"key":"SMITH"},{"data":"Accuracy","floor":12,"key":"SMITH"},{"floor":15,"key":"REST"}],"circlet_count":0,"master_deck":["Strike_G","Strike_G","Strike_G","Defend_G","Defend_G","Defend_G","Defend_G","Defend_G","Survivor","Neutralize","Deadly Poison","Hidden Blade","ReplayTheSpireMod:Scrap Shanks+1","ReplayTheSpireMod:Scrap Shanks","Caltrops","Blade Dance","Accuracy","Accuracy+1","Catalyst","Infinite Blades","ReplayTheSpireMod:Necrosis"],"relics":["Ring of the Snake","Hammer of Thor","Seething Fire","Anvil of the Gods","Pen Nib","Omamori","SacredBark"],"acts_visited":["Exordium","TheCity"],"potions_floor_usage":[8,16,18],"damage_taken":[{"damage":2,"enemies":"Cultist","floor":1,"turns":4},{"damage":2,"enemies":"Jaw Worm","floor":2,"turns":4},{"damage":4,"enemies":"2 Louse","floor":4,"turns":3},{"damage":11,"enemies":"Gremlin Gang","floor":5,"turns":6},{"damage":3,"enemies":"2 Fungi Beasts","floor":8,"turns":4},{"damage":12,"enemies":"3 Louse","floor":11,"turns":2},{"damage":9,"enemies":"Exordium Thugs","floor":13,"turns":2},{"damage":7,"enemies":"Blue Slaver","floor":14,"turns":2},{"damage":3,"enemies":"Fading Forest","floor":16,"turns":11},{"damage":32,"enemies":"2 Thieves","floor":18,"turns":4},{"damage":38,"enemies":"Spheric Guardian","floor":20,"turns":5}],"seed_played":"8743793589508541235","potions_obtained":[{"floor":1,"key":"SteroidPotion"},{"floor":4,"key":"ColorlessPotion"},{"floor":5,"key":"Dexterity Potion"},{"floor":14,"key":"PowerPotion"},{"floor":16,"key":"Explosive Potion"}],"is_trial":false,"path_per_floor":["M","M","$","M","M","R","?","M","T","$","M","R","M","M","R","B",null,"M","?","M"],"character_chosen":"THE_SILENT","items_purchased":["ReplayTheSpireMod:Scrap Shanks","Accuracy"],"campfire_rested":1,"item_purchase_floors":[3,10],"current_hp_per_floor":[68,66,66,62,51,51,51,48,48,48,36,36,27,20,41,48,70,38,38,0,0],"gold":266,"neow_bonus":"HUNDRED_GOLD","is_daily":false,"chose_seed":false,"campfire_upgraded":2,"win_rate":0.0,"timestamp":1611075706,"path_taken":["M","M","$","M","M","R","?","M","T","$","M","R","?","M","R","BOSS","M","?","M"],"items_purchased_type":["Card","Card"],"build_version":"2020-12-22","purchased_purges":2,"victory":false,"max_hp_per_floor":[70,70,70,70,70,70,70,70,70,70,70,70,70,70,70,70,70,70,70,70,70],"card_choices":[{"not_picked":["Underhanded Strike","Flechettes"],"picked":"Deadly Poison","floor":1},{"not_picked":["Underhanded Strike","Deflect"],"picked":"Hidden Blade","floor":2},{"not_picked":["Bane","Prepared"],"picked":"Caltrops","floor":4},{"not_picked":["Underhanded Strike","Eviscerate"],"picked":"Well Laid Plans","floor":5},{"not_picked":["Underhanded Strike","Dagger Spray"],"picked":"Blade Dance","floor":8},{"not_picked":["Bane","Deadly Poison"],"picked":"Catalyst","floor":11},{"not_picked":["Prepared","Tactician","Caltrops"],"picked":"SKIP","floor":13},{"not_picked":["Deflect","Reflex"],"picked":"Infinite Blades","floor":14},{"not_picked":["Adrenaline","Tools of the Trade"],"picked":"ReplayTheSpireMod:Necrosis","floor":16},{"not_picked":["Fluid Movement","Outmaneuver+1","Dagger Spray"],"picked":"SKIP","floor":18}],"player_experience":349237,"relics_obtained":[{"floor":9,"key":"Omamori"}],"event_choices":[{"cards_removed":["Well Laid Plans"],"damage_healed":0,"gold_gain":0,"player_choice":"Gave Card","damage_taken":0,"relics_obtained":["Pen Nib"],"max_hp_gain":0,"max_hp_loss":0,"event_name":"WeMeetAgain","floor":7,"gold_loss":0},{"damage_healed":0,"gold_gain":99,"player_choice":"Stole From Cult","damage_taken":0,"max_hp_gain":0,"max_hp_loss":0,"event_name":"Nest","floor":19,"gold_loss":0}],"is_beta":false,"boss_relics":[{"not_picked":["Coffee Dripper","Fusion Hammer"],"picked":"SacredBark"}],"items_purged_floors":[3,10],"is_endless":false,"potions_floor_spawned":[1,4,5,14,16],"killed_by":"Spheric Guardian","ascension_level":1}}