{"host":"ah3fvp1bei8896gw","time":1611036362,"event":{"mods":["BaseMod","Colored Powertips","Downfall","GifTheSpireLib","Minty Spire (QoL Compilation)","StSLib","Trackpad"],"gold_per_floor":[99,111,167,184,184,95,122,122,133,144,144,244,244,261,279,384,384,384,398,415,515,615,203,230,241,255,267,277,277,277,304,318,420,420,420,437,490,490,387,258,258,592,742,762,1725,1735,1755,1786,1796,1796,1796,1796],"floor_reached":50,"language":"ENG","playtime":3249,"items_purged":[],"score":593,"play_id":"93dcb126-2cef-4d63-b808-b95b1f3a235a","local_time":"20210118220602","is_ascension_mode":false,"campfire_choices":[{"data":"champ:Taunt","floor":1.0,"key":"SMITH"},{"data":"champ:Backstep","floor":13.0,"key":"SMITH"},{"data":"champ:UltimateStance","floor":18,"key":"SMITH"},{"floor":30,"key":"REST"},{"data":"champ:SteelEdge","floor":35,"key":"SMITH"}],"circlet_count":0,"master_deck":["champ:Strike","champ:Strike","champ:Strike","champ:Strike","champ:Defend","champ:Defend","champ:Defend","champ:Defend","champ:Execute","champ:Taunt+1","champ:Shatter","champ:PreciseThrust","champ:Backstep+1","champ:BringItOn","champ:FanOfKnives","champ:TornadoPunch","champ:PerfectedStrike","champ:EnGarde","champ:StanceDance","champ:GutPunch","champ:UltimateStance+1","champ:RisingSlash","champ:EnGarde+1","champ:TornadoPunch+1","champ:TripleStrike","champ:SetATrap+1","champ:ArenaPreparation","champ:Parry","champ:FlashCut","RitualDagger+1","champ:Encircle","champ:SteelEdge+1","champ:TornadoPunch+1","champ:EnragedBash+1","champ:ShieldWall","Apotheosis","champ:FalseCounter","champ:ShieldWall","champ:UltimateStance","champ:FocusedDefense+1","champ:IronFortress+1","champ:FocusedBerserking","champ:IronFortress","champ:Endure+1"],"relics":["champ:ChampionCrown","Oddly Smooth Stone","trackpad:RapidFire","Busted Crown","trackpad:WondrousWand","trackpad:PetRock","White Beast Statue","Runic Pyramid","trackpad:HandOfMidas","Lantern","Membership Card","champ:GladiatorsBookOfMartialProwess","Old Coin","Smiling Mask"],"acts_visited":["Exordium","TheCity","TheBeyond"],"potions_floor_usage":[42,48,48,50,50],"damage_taken":[{"damage":20.0,"enemies":"Cultist","floor":2.0,"turns":4.0},{"damage":69.0,"enemies":"Lagavulin Event","floor":3.0,"turns":9.0},{"damage":12.0,"enemies":"Small Slimes","floor":4.0,"turns":3.0},{"damage":20.0,"enemies":"downfall:FleeingMerchant","floor":6.0,"turns":4.0},{"damage":0.0,"enemies":"Jaw Worm","floor":9.0,"turns":3.0},{"damage":0.0,"enemies":"2 Fungi Beasts","floor":10.0,"turns":4.0},{"damage":0,"enemies":"3 Louse","floor":14,"turns":3},{"damage":0,"enemies":"Gremlin Gang","floor":15,"turns":2},{"damage":37,"enemies":"DF_ARCHETYPE_STREAMLINE","floor":16,"turns":11},{"damage":15,"enemies":"3 Byrds","floor":19,"turns":3},{"damage":34,"enemies":"Snake Plant","floor":20,"turns":3},{"damage":19,"enemies":"downfall:FleeingMerchant","floor":23,"turns":4},{"damage":20,"enemies":"3 Cultists","floor":25,"turns":2},{"damage":20,"enemies":"Centurion and Healer","floor":26,"turns":3},{"damage":10,"enemies":"Shelled Parasite and Fungi","floor":27,"turns":3},{"damage":25,"enemies":"Chosen and Byrds","floor":28,"turns":3},{"damage":19,"enemies":"Book of Stabbing","floor":31,"turns":3},{"damage":3,"enemies":"Snake Plant","floor":32,"turns":3},{"damage":44,"enemies":"IC_MUSHROOM_ARCHETYPE","floor":33,"turns":7},{"damage":5,"enemies":"3 Shapes","floor":36,"turns":4},{"damage":18,"enemies":"2 Orb Walkers","floor":37,"turns":3},{"damage":45,"enemies":"downfall:FleeingMerchant","floor":39,"turns":4},{"damage":37,"enemies":"Nemesis","floor":42,"turns":7},{"damage":47,"enemies":"3 Darklings","floor":44,"turns":5},{"damage":0,"enemies":"Transient","floor":45,"turns":2},{"damage":15,"enemies":"Jaw Worm Horde","floor":46,"turns":3},{"damage":0,"enemies":"Sphere and 2 Shapes","floor":47,"turns":3},{"damage":95,"enemies":"Giant Head","floor":48,"turns":7},{"damage":20,"enemies":"Transient","floor":49,"turns":5},{"damage":87,"enemies":"SI_POISON_ARCHETYPE","floor":50,"turns":6}],"seed_played":"393754032200170594","potions_obtained":[{"floor":4.0,"key":"sneckomod:MuddlingPotion"},{"floor":10.0,"key":"Weak Potion"},{"floor":15,"key":"Energy Potion"},{"floor":26,"key":"DuplicationPotion"},{"floor":29,"key":"CultistPotion"},{"floor":42,"key":"FairyPotion"},{"floor":48,"key":"SkillPotion"},{"floor":49,"key":"Explosive Potion"}],"is_trial":false,"path_per_floor":["R","M","?","M","?","$","T","T","M","M","?","?","R","M","M","B",null,"R","M","M","?","?","$","T","M","M","M","M","?","R","E","M","B",null,"R","M","?","?","$","?","T","E","?","M","M","M","M","E","M","B"],"character_chosen":"THE_CHAMP","items_purchased":["champ:FanOfKnives","champ:TornadoPunch","trackpad:WondrousWand","champ:TripleStrike","Lantern","Membership Card","champ:ShieldWall","Apotheosis","champ:FalseCounter","champ:ShieldWall","champ:UltimateStance"],"campfire_rested":1,"item_purchase_floors":[6,6,23,23,39,39,39,39,40,40,40],"current_hp_per_floor":[99,99,60,58,91,91,91,91,91,91,91,91,91,91,91,64,99,99,99,75,75,75,71,71,71,71,71,71,71,99,90,87,53,99,99,94,91,91,91,91,91,79,79,67,67,67,67,69,54,0,0,0],"gold":1796,"neow_bonus":"TEN_PERCENT_HP_BONUS","is_daily":false,"chose_seed":false,"campfire_upgraded":4,"win_rate":0.0,"timestamp":1611036362,"path_taken":["R","M","?","M","?","$","T","?","M","M","?","?","R","M","M","BOSS","R","M","M","?","?","$","T","M","M","M","?","?","R","E","M","BOSS","R","M","?","?","$","?","T","E","?","M","M","M","?","E","M","BOSS"],"items_purchased_type":["Card","Card","Relic","Card","Relic","Relic","Card","Card","Card","Card","Card"],"build_version":"2020-12-22","purchased_purges":0,"victory":false,"max_hp_per_floor":[99,99,99,99,99,99,99,99,99,99,99,99,99,99,99,99,99,99,99,99,99,99,99,99,99,99,99,99,99,99,99,99,99,99,99,99,99,99,99,99,99,99,99,99,99,99,99,99,99,99,99,99],"card_choices":[{"not_picked":["champ:ShieldSlam","champ:GutPunch"],"picked":"champ:Shatter","floor":2.0},{"not_picked":["champ:PerfectedStrike","champ:Shatter"],"picked":"champ:PreciseThrust","floor":3.0},{"not_picked":["champ:FlashCut","champ:DeathBlow"],"picked":"champ:Backstep","floor":4.0},{"not_picked":["champ:GladiatorForm","champ:BladeFlurry"],"picked":"champ:BringItOn","floor":6.0},{"not_picked":["champ:Backstep","champ:Haymaker"],"picked":"champ:PerfectedStrike","floor":9.0},{"not_picked":["champ:Backstep","champ:StanceDance"],"picked":"champ:EnGarde","floor":10.0},{"not_picked":["champ:GutPunch","champ:FlashCut"],"picked":"champ:StanceDance","floor":14},{"not_picked":["champ:Shatter","champ:EnragedBash"],"picked":"champ:GutPunch","floor":15},{"not_picked":["champ:HoldFirm","champ:DancingMaster"],"picked":"champ:UltimateStance","floor":16},{"not_picked":[],"picked":"champ:RisingSlash","floor":19},{"not_picked":[],"picked":"champ:EnGarde+1","floor":20},{"not_picked":[],"picked":"champ:TornadoPunch+1","floor":23},{"not_picked":[],"picked":"champ:SetATrap+1","floor":25},{"not_picked":[],"picked":"champ:ArenaPreparation","floor":26},{"not_picked":[],"picked":"champ:Parry","floor":27},{"not_picked":[],"picked":"champ:FlashCut","floor":28},{"not_picked":["champ:TornadoPunch"],"picked":"SKIP","floor":31},{"not_picked":[],"picked":"champ:Encircle","floor":32},{"not_picked":[],"picked":"champ:SteelEdge","floor":33},{"not_picked":["champ:EnGarde"],"picked":"SKIP","floor":36},{"not_picked":[],"picked":"champ:TornadoPunch+1","floor":37},{"not_picked":[],"picked":"champ:EnragedBash+1","floor":39},{"not_picked":["champ:FanOfKnives"],"picked":"SKIP","floor":42},{"not_picked":["champ:SetATrap"],"picked":"SKIP","floor":44},{"not_picked":[],"picked":"champ:FocusedDefense+1","floor":45},{"not_picked":[],"picked":"champ:IronFortress+1","floor":46},{"not_picked":[],"picked":"champ:FocusedBerserking","floor":47},{"not_picked":[],"picked":"champ:IronFortress","floor":48},{"not_picked":[],"picked":"champ:Endure+1","floor":49}],"player_experience":325644,"relics_obtained":[{"floor":3.0,"key":"trackpad:CultistFigurine"},{"floor":7.0,"key":"Oddly Smooth Stone"},{"floor":8.0,"key":"trackpad:RapidFire"},{"floor":24,"key":"trackpad:PetRock"},{"floor":31,"key":"White Beast Statue"},{"floor":37,"key":"trackpad:HandOfMidas"},{"floor":41,"key":"champ:GladiatorsBookOfMartialProwess"},{"floor":42,"key":"Old Coin"},{"floor":48,"key":"Smiling Mask"}],"event_choices":[{"damage_healed":33.0,"max_hp_gain":0.0,"max_hp_loss":0.0,"gold_gain":0.0,"event_name":"Big Fish","player_choice":"Banana","floor":5.0,"gold_loss":0.0,"damage_taken":0.0},{"damage_healed":0,"gold_gain":0,"player_choice":"Fight","damage_taken":0,"max_hp_gain":0,"max_hp_loss":0,"event_name":"Mysterious Sphere","floor":37,"gold_loss":0}],"is_beta":false,"boss_relics":[{"not_picked":["trackpad:Trackpad","Cursed Key"],"picked":"Busted Crown"},{"not_picked":["Velvet Choker","Tiny House"],"picked":"Runic Pyramid"}],"items_purged_floors":[],"is_endless":false,"potions_floor_spawned":[4,10,15,19,26,28,31,32,33,36,37,39,42,44,45,46,47,48,49],"killed_by":"SI_POISON_ARCHETYPE","ascension_level":0}}