{"host":"w4b7hmige5bnqipq","time":1611070777,"event":{"mods":["2.2 Compatiblity","BaseMod","Colored Map","DeckTracker","Keyboard Shortcuts","Minty Spire (QoL Compilation)","Permanent Neow","Rare Cards Sparkle","SuperFastMode","everything is the same but u backflip on backflip","slay the spire mod where everything is the same but ironclad has a cowboy hat"],"gold_per_floor":[35,67,125,125,50,120,120,45,95,95,158,169,226,289,289,364,364,379,379,226,226,290,290,334,373,373,373,389,183,209,248,248,324,374,413,13,55,123,173,227,52,52,52,52,65,65,120,133,133,158,158,158,158,0,50,50],"floor_reached":57,"language":"KOR","playtime":8911,"items_purged":["Strike_G","Strike_G","Defend_G","Deadly Poison","Defend_G"],"score":2963,"play_id":"1366af79-6fb6-415e-be4e-59bb3c294eed","local_time":"20210120003937","is_ascension_mode":true,"campfire_choices":[{"data":"HandOfGreed","floor":7.0,"key":"SMITH"},{"data":"Bouncing Flask","floor":10.0,"key":"SMITH"},{"data":"Tactician","floor":15.0,"key":"SMITH"},{"data":"Prepared","floor":23.0,"key":"SMITH"},{"data":"Acrobatics","floor":27.0,"key":"SMITH"},{"floor":32.0,"key":"REST"},{"data":"Calculated Gamble","floor":42.0,"key":"SMITH"},{"floor":44.0,"key":"RECALL"},{"data":"Reflex","floor":46.0,"key":"SMITH"},{"floor":49.0,"key":"REST"},{"data":"Neutralize","floor":53.0,"key":"SMITH"}],"circlet_count":0,"master_deck":["AscendersBane","Defend_G","Defend_G","Defend_G","Survivor","Neutralize+1","HandOfGreed+1","Bouncing Flask+1","Acrobatics+1","Tactician+1","Blur","Calculated Gamble+1","Grand Finale","Prepared+1","Backflip+1","Well Laid Plans","After Image","Prepared+1","Reflex+1","Night Terror"],"relics":["Ring of the Snake","Oddly Smooth Stone","Bag of Marbles","Centennial Puzzle","Empty Cage","HornCleat","Vajra","Tiny House","TheAbacus","Paper Crane","Medical Kit","Snake Skull"],"acts_visited":["Exordium","TheCity","TheBeyond","TheEnding"],"potions_floor_usage":[],"damage_taken":[{"damage":8.0,"enemies":"Cultist","floor":1.0,"turns":5.0},{"damage":4.0,"enemies":"Jaw Worm","floor":2.0,"turns":4.0},{"damage":5.0,"enemies":"Small Slimes","floor":3.0,"turns":4.0},{"damage":23.0,"enemies":"3 Sentries","floor":6.0,"turns":10.0},{"damage":8.0,"enemies":"Exordium Wildlife","floor":11.0,"turns":4.0},{"damage":1.0,"enemies":"Red Slaver","floor":12.0,"turns":2.0},{"damage":13.0,"enemies":"Lagavulin","floor":13.0,"turns":6.0},{"damage":0.0,"enemies":"2 Fungi Beasts","floor":14.0,"turns":5.0},{"damage":9.0,"enemies":"Hexaghost","floor":16.0,"turns":8.0},{"damage":3.0,"enemies":"Chosen","floor":18.0,"turns":5.0},{"damage":3.0,"enemies":"3 Byrds","floor":22.0,"turns":4.0},{"damage":3.0,"enemies":"Cultist and Chosen","floor":24.0,"turns":7.0},{"damage":15.0,"enemies":"3 Cultists","floor":25.0,"turns":5.0},{"damage":0.0,"enemies":"Snake Plant","floor":28.0,"turns":3.0},{"damage":0.0,"enemies":"Slavers","floor":30.0,"turns":1.0},{"damage":0.0,"enemies":"Snecko","floor":31.0,"turns":4.0},{"damage":6.0,"enemies":"Collector","floor":33.0,"turns":7.0},{"damage":1.0,"enemies":"Orb Walker","floor":35.0,"turns":6.0},{"damage":0.0,"enemies":"3 Darklings","floor":37.0,"turns":3.0},{"damage":0.0,"enemies":"Sphere and 2 Shapes","floor":38.0,"turns":3.0},{"damage":0.0,"enemies":"Giant Head","floor":40.0,"turns":6.0},{"damage":22.0,"enemies":"Jaw Worm Horde","floor":45.0,"turns":2.0},{"damage":0.0,"enemies":"Reptomancer","floor":47.0,"turns":2.0},{"damage":0.0,"enemies":"Transient","floor":48.0,"turns":6.0},{"damage":0.0,"enemies":"Awakened One","floor":50.0,"turns":4.0},{"damage":44.0,"enemies":"Time Eater","floor":51.0,"turns":14.0},{"damage":2.0,"enemies":"Shield and Spear","floor":55.0,"turns":4.0},{"damage":27,"enemies":"The Heart","floor":56,"turns":9}],"seed_played":"8572136133177661377","potions_obtained":[{"floor":2.0,"key":"Explosive Potion"},{"floor":3.0,"key":"Block Potion"},{"floor":12.0,"key":"FearPotion"},{"floor":13.0,"key":"BlessingOfTheForge"},{"floor":18.0,"key":"GhostInAJar"},{"floor":22.0,"key":"AttackPotion"},{"floor":30.0,"key":"CunningPotion"},{"floor":31.0,"key":"Energy Potion"},{"floor":34.0,"key":"EssenceOfSteel"},{"floor":35.0,"key":"CunningPotion"},{"floor":40.0,"key":"PowerPotion"},{"floor":48.0,"key":"EssenceOfSteel"},{"floor":55.0,"key":"Fire Potion"}],"is_trial":false,"path_per_floor":["M","M","M","?","?","E","R","$","T","R","M","M","E","M","R","B",null,"M","?","$","?","M","R","M","M","T","R","M","$","E","M","R","B",null,"M","$","M","M","?","E","$","R","T","R","M","R","E","M","R","B","B",null,"R","$","E","B",null],"character_chosen":"THE_SILENT","items_purchased":["Backflip","Well Laid Plans","Reflex","TheAbacus","Medical Kit"],"campfire_rested":2,"item_purchase_floors":[20,29,36,36,54],"current_hp_per_floor":[51,47,42,64,64,41,41,41,41,41,33,32,19,19,19,10,52,49,49,49,49,46,46,43,28,28,28,28,28,28,28,47,41,65,64,64,64,64,64,64,64,64,64,64,42,42,42,42,63,63,19,58,58,58,56,29],"gold":50,"neow_bonus":"RANDOM_COLORLESS_2","is_daily":false,"chose_seed":false,"campfire_upgraded":8,"win_rate":0.0,"timestamp":1611070777,"path_taken":["M","M","?","?","?","E","R","?","T","R","M","?","E","M","R","BOSS","M","?","$","?","M","R","M","?","T","R","M","$","E","M","R","BOSS","M","$","M","M","?","E","$","R","T","R","M","R","E","?","R","BOSS","BOSS","R","$","E","BOSS"],"items_purchased_type":["Card","Card","Card","Relic","Relic"],"build_version":"2020-12-22","purchased_purges":5,"victory":true,"max_hp_per_floor":[66,66,66,66,66,66,66,66,66,66,66,66,66,66,66,66,66,66,66,66,66,66,66,66,66,66,66,66,66,66,66,66,66,71,71,71,71,71,71,71,71,71,71,71,71,71,71,71,71,71,71,71,71,71,71,71],"card_choices":[{"not_picked":["Panache","Mayhem"],"picked":"HandOfGreed","floor":0.0},{"not_picked":["Caltrops","Backstab"],"picked":"Bouncing Flask","floor":1.0},{"not_picked":["Poisoned Stab","Endless Agony"],"picked":"Acrobatics","floor":2.0},{"not_picked":["Deflect","Acrobatics"],"picked":"Deadly Poison","floor":3.0},{"not_picked":["Backstab","Leg Sweep","Riddle With Holes"],"picked":"SKIP","floor":6.0},{"not_picked":["Underhanded Strike","Quick Slash"],"picked":"Tactician","floor":11.0},{"not_picked":["Accuracy","Poisoned Stab","Deadly Poison"],"picked":"SKIP","floor":12.0},{"not_picked":["Choke","Riddle With Holes"],"picked":"Blur","floor":13.0},{"not_picked":["PiercingWail","Unload"],"picked":"Calculated Gamble","floor":14.0},{"not_picked":["Burst","Tools of the Trade"],"picked":"Grand Finale","floor":16.0},{"not_picked":["Crippling Poison","Outmaneuver","Slice"],"picked":"SKIP","floor":18.0},{"not_picked":["Poisoned Stab","Underhanded Strike","Flying Knee+1"],"picked":"SKIP","floor":22.0},{"not_picked":["Poisoned Stab","Underhanded Strike","Flying Knee+1"],"picked":"SKIP","floor":22.0},{"not_picked":["PiercingWail","Deflect+1","Slice"],"picked":"SKIP","floor":24.0},{"not_picked":["Dagger Spray","Dash","Catalyst"],"picked":"SKIP","floor":25.0},{"not_picked":["Cloak And Dagger","Masterful Stab","Terror"],"picked":"SKIP","floor":28.0},{"not_picked":["Infinite Blades","Escape Plan"],"picked":"After Image","floor":30.0},{"not_picked":["Underhanded Strike","Endless Agony","Backflip"],"picked":"SKIP","floor":31.0},{"not_picked":["Slice+1","Dodge and Roll"],"picked":"Prepared+1","floor":35.0},{"not_picked":["Deadly Poison","Sucker Punch","Predator"],"picked":"SKIP","floor":37.0},{"not_picked":["Calculated Gamble","Caltrops","Outmaneuver"],"picked":"SKIP","floor":38.0},{"not_picked":["Sucker Punch","Predator","Distraction"],"picked":"SKIP","floor":40.0},{"not_picked":["Deadly Poison+1","Riddle With Holes","Slice"],"picked":"SKIP","floor":45.0},{"not_picked":["Bane+1","Outmaneuver","Prepared"],"picked":"SKIP","floor":47.0},{"not_picked":["Wraith Form v2","Bane","Cloak And Dagger"],"picked":"SKIP","floor":48.0},{"not_picked":["Wraith Form v2","Bane","Cloak And Dagger"],"picked":"SKIP","floor":48.0},{"not_picked":["Poisoned Stab","Deflect+1"],"picked":"Night Terror","floor":55.0}],"player_experience":524977,"relics_obtained":[{"floor":6.0,"key":"Oddly Smooth Stone"},{"floor":9.0,"key":"Bag of Marbles"},{"floor":13.0,"key":"Centennial Puzzle"},{"floor":26.0,"key":"HornCleat"},{"floor":30.0,"key":"Vajra"},{"floor":40.0,"key":"Paper Crane"},{"floor":55.0,"key":"Snake Skull"}],"event_choices":[{"damage_healed":22.0,"max_hp_gain":0.0,"max_hp_loss":0.0,"gold_gain":0.0,"event_name":"Big Fish","player_choice":"Banana","floor":4.0,"gold_loss":0.0,"damage_taken":0.0},{"cards_removed":["Strike_G"],"damage_healed":0.0,"max_hp_gain":0.0,"max_hp_loss":0.0,"gold_gain":0.0,"event_name":"The Cleric","player_choice":"Card Removal","floor":5.0,"gold_loss":75.0,"damage_taken":0.0},{"damage_healed":0.0,"max_hp_gain":0.0,"max_hp_loss":0.0,"gold_gain":0.0,"event_name":"The Library","player_choice":"Read","floor":19.0,"gold_loss":0.0,"damage_taken":0.0,"cards_obtained":["Prepared"]},{"damage_healed":0.0,"max_hp_gain":0.0,"max_hp_loss":0.0,"gold_gain":0.0,"event_name":"N\u0027loth","player_choice":"Ignored","floor":21.0,"gold_loss":0.0,"damage_taken":0.0},{"damage_healed":0.0,"max_hp_gain":0.0,"max_hp_loss":0.0,"gold_gain":50.0,"event_name":"Golden Shrine","player_choice":"Pray","floor":39.0,"gold_loss":0.0,"damage_taken":0.0}],"is_beta":false,"boss_relics":[{"not_picked":["HoveringKite","Black Star"],"picked":"Empty Cage"},{"not_picked":["Runic Dome","Coffee Dripper"],"picked":"Tiny House"}],"items_purged_floors":[8,20,29,36,41],"is_endless":false,"potions_floor_spawned":[2,3,12,13,18,22,30,31,35,40,48,55],"ascension_level":20}}