{"host":"a0d98l75j0h1o085","time":1611085429,"event":{"mods":["AlwaysNeverKeys","BaseMod","Downfall","Highlight Path","Minty Spire (QoL Compilation)","StSLib"],"gold_per_floor":[12,12,12,26,41,41,75,75,75,75,75,116,131,145,145,274,274,292,292,310,329,329,329,360,379,426,447,447,480,480,480,480,608,608,628,628,628,402,465,506,506,545,597,621,621,637,637,23,23,23],"floor_reached":51,"language":"ENG","playtime":7437,"items_purged":["Defend_P","Strike_P"],"score":919,"play_id":"d9b9d3ec-e9fc-408a-89fb-29b9e5be1f53","local_time":"20210119194349","is_ascension_mode":true,"campfire_choices":[{"data":"Strike_P","floor":6.0,"key":"PURGE"},{"data":"Strike_P","floor":8.0,"key":"PURGE"},{"data":"Consecrate","floor":11.0,"key":"SMITH"},{"data":"Defend_P","floor":15.0,"key":"PURGE"},{"data":"Vigilance","floor":23.0,"key":"SMITH"},{"data":"Shame","floor":28.0,"key":"PURGE"},{"data":"Eruption","floor":30.0,"key":"SMITH"},{"floor":32.0,"key":"REST"},{"data":"Defend_P","floor":41.0,"key":"PURGE"},{"data":"Scrawl","floor":45.0,"key":"SMITH"},{"data":"ForeignInfluence","floor":49,"key":"SMITH"}],"circlet_count":0,"master_deck":["Eruption+1","Vigilance+1","FollowUp","Consecrate+1","Halt","SandsOfTime","BattleHymn","Perseverance","Establishment","CurseOfTheBell","ClearTheMind+1","Scrawl+1","Adaptation","MasterReality","MentalFortress+1","Panache","Magnetism","Madness","ThirdEye+1","Sanctity+1","Study","BattleHymn+1","SandsOfTime","ForeignInfluence+1","Weave","Violence"],"relics":["PureWater","Peace Pipe","Golden Idol","Bottled Flame","Kunai","Oddly Smooth Stone","Ornamental Fan","Calling Bell","Darkstone Periapt","Ancient Tea Set","FossilizedHelix","Potion Belt","Lantern","Blood Vial","CaptainsWheel","VioletLotus","Juzu Bracelet","Mango","TungstenRod","Nunchaku","Regal Pillow","DollysMirror"],"acts_visited":["Exordium","TheCity","TheBeyond"],"potions_floor_usage":[46,50,50,50,50],"damage_taken":[{"damage":0.0,"enemies":"2 Louse","floor":1.0,"turns":2.0},{"damage":3.0,"enemies":"Jaw Worm","floor":4.0,"turns":3.0},{"damage":0.0,"enemies":"Cultist","floor":5.0,"turns":3.0},{"damage":19.0,"enemies":"Gremlin Nob","floor":7.0,"turns":3.0},{"damage":2.0,"enemies":"3 Sentries","floor":12.0,"turns":3.0},{"damage":0.0,"enemies":"Blue Slaver","floor":13.0,"turns":4.0},{"damage":0.0,"enemies":"Gremlin Gang","floor":14.0,"turns":1.0},{"damage":6.0,"enemies":"The Guardian","floor":16.0,"turns":7.0},{"damage":0.0,"enemies":"3 Byrds","floor":18.0,"turns":5.0},{"damage":0.0,"enemies":"Spheric Guardian","floor":20.0,"turns":3.0},{"damage":18.0,"enemies":"Centurion and Healer","floor":21.0,"turns":4.0},{"damage":0.0,"enemies":"Gremlin Leader","floor":24.0,"turns":5.0},{"damage":19.0,"enemies":"Shelled Parasite and Fungi","floor":25.0,"turns":6.0},{"damage":14.0,"enemies":"Chosen and Byrds","floor":27.0,"turns":5.0},{"damage":11.0,"enemies":"Book of Stabbing","floor":29.0,"turns":4.0},{"damage":0.0,"enemies":"Automaton","floor":33.0,"turns":9.0},{"damage":0.0,"enemies":"3 Shapes","floor":35.0,"turns":4.0},{"damage":0.0,"enemies":"Mind Bloom Boss Battle","floor":39.0,"turns":4.0},{"damage":0.0,"enemies":"Giant Head","floor":40.0,"turns":8.0},{"damage":0.0,"enemies":"Nemesis","floor":42.0,"turns":7.0},{"damage":0.0,"enemies":"Orb Walker","floor":44.0,"turns":4.0},{"damage":0,"enemies":"Writhing Mass","floor":46,"turns":5},{"damage":40,"enemies":"Awakened One","floor":50,"turns":11}],"seed_played":"-8083006595121346578","potions_obtained":[{"floor":1.0,"key":"SneckoOil"},{"floor":7.0,"key":"DistilledChaos"},{"floor":12.0,"key":"EntropicBrew"},{"floor":13.0,"key":"Fire Potion"},{"floor":21.0,"key":"SpeedPotion"},{"floor":27.0,"key":"StancePotion"},{"floor":33.0,"key":"Energy Potion"},{"floor":35.0,"key":"Swift Potion"},{"floor":42.0,"key":"EssenceOfSteel"},{"floor":46,"key":"FairyPotion"}],"is_trial":false,"path_per_floor":["M","?","?","M","M","R","E","R","T","?","R","E","M","M","R","B",null,"M","?","M","M","?","R","E","M","T","M","R","E","R","?","R","B",null,"M","?","?","$","?","E","R","E","T","M","R","M","?","$","R","B",null],"character_chosen":"WATCHER","items_purchased":["Juzu Bracelet","DollysMirror","ForeignInfluence","Weave","PowerPotion","Violence"],"campfire_rested":1,"item_purchase_floors":[38,48,48,48,48,48],"current_hp_per_floor":[72,54,54,51,51,51,32,32,32,32,32,30,30,30,30,24,72,72,78,78,60,60,60,60,41,41,29,29,20,20,20,43,45,78,78,68,68,68,84,86,86,88,88,90,90,92,87,87,87,47],"gold":23,"neow_bonus":"ONE_RARE_RELIC","is_daily":false,"chose_seed":false,"campfire_upgraded":5,"win_rate":0.0,"timestamp":1611085429,"path_taken":["M","?","?","M","?","R","E","R","T","?","R","E","?","M","R","BOSS","M","?","M","M","?","R","E","?","T","M","R","E","R","?","R","BOSS","M","?","?","$","?","E","R","E","T","M","R","M","?","?","R","BOSS"],"items_purchased_type":["Relic","Relic","Card","Card","Potion","Card"],"build_version":"2020-12-22","purchased_purges":2,"victory":true,"max_hp_per_floor":[72,72,72,72,72,72,72,72,72,72,72,72,72,72,72,72,72,72,78,78,78,78,78,78,78,78,78,78,78,78,78,78,78,78,78,78,78,78,92,92,92,92,92,92,92,92,87,87,87,87],"card_choices":[{"not_picked":["ThirdEye","Evaluate"],"picked":"FollowUp","floor":1.0},{"not_picked":["FlurryOfBlows","WheelKick"],"picked":"Halt","floor":4.0},{"not_picked":["BowlingBash","FlyingSleeves","WaveOfTheHand"],"picked":"SKIP","floor":5.0},{"not_picked":["Conclude","Ragnarok"],"picked":"SandsOfTime","floor":7.0},{"not_picked":["ThirdEye","Halt"],"picked":"BattleHymn","floor":12.0},{"not_picked":["Fasting2","ThirdEye","WaveOfTheHand"],"picked":"SKIP","floor":13.0},{"not_picked":["Protect","Worship"],"picked":"Perseverance","floor":14.0},{"not_picked":["DeusExMachina","Devotion"],"picked":"Establishment","floor":16.0},{"not_picked":["FlurryOfBlows","Prostrate"],"picked":"ClearTheMind+1","floor":18.0},{"not_picked":["Wallop","JustLucky","Halt"],"picked":"SKIP","floor":20.0},{"not_picked":["PathToVictory","Vengeance","BowlingBash"],"picked":"SKIP","floor":21.0},{"not_picked":["Prostrate","CrushJoints"],"picked":"Adaptation","floor":24.0},{"not_picked":["Nirvana+1","Evaluate","Consecrate"],"picked":"SKIP","floor":25.0},{"not_picked":["FollowUp+1","CrushJoints","Omniscience"],"picked":"SKIP","floor":27.0},{"not_picked":["SashWhip+1","EmptyFist","Halt"],"picked":"SKIP","floor":29.0},{"not_picked":["Establishment","Vault"],"picked":"MasterReality","floor":33.0},{"not_picked":["FollowUp","PathToVictory+1"],"picked":"MentalFortress+1","floor":35.0},{"not_picked":["Blind","Discovery"],"picked":"Panache","floor":36.0},{"not_picked":["Secret Technique","Madness"],"picked":"Magnetism","floor":36.0},{"not_picked":["Good Instincts","The Bomb"],"picked":"Madness","floor":36.0},{"not_picked":["CutThroughFate","Crescendo"],"picked":"ThirdEye+1","floor":39.0},{"not_picked":["ClearTheMind+1","FlurryOfBlows+1"],"picked":"Sanctity+1","floor":40.0},{"not_picked":["Consecrate","EmptyFist+1"],"picked":"Study","floor":42.0},{"not_picked":["Conclude","Evaluate","Adaptation"],"picked":"SKIP","floor":44.0},{"not_picked":["SashWhip","ThirdEye+1"],"picked":"BattleHymn+1","floor":46}],"player_experience":742914,"relics_obtained":[{"floor":7.0,"key":"Bottled Flame"},{"floor":9.0,"key":"Kunai"},{"floor":12.0,"key":"Ornamental Fan"},{"floor":17.0,"key":"Darkstone Periapt"},{"floor":17.0,"key":"Ancient Tea Set"},{"floor":17.0,"key":"FossilizedHelix"},{"floor":24.0,"key":"Lantern"},{"floor":26.0,"key":"Blood Vial"},{"floor":29.0,"key":"CaptainsWheel"},{"floor":39.0,"key":"Mango"},{"floor":40.0,"key":"TungstenRod"},{"floor":42.0,"key":"Nunchaku"},{"floor":43.0,"key":"Regal Pillow"}],"event_choices":[{"damage_healed":0.0,"max_hp_gain":0.0,"max_hp_loss":0.0,"gold_gain":0.0,"event_name":"Golden Idol","player_choice":"Take Damage","floor":2.0,"gold_loss":0.0,"damage_taken":18.0,"relics_obtained":["Golden Idol"]},{"damage_healed":0.0,"max_hp_gain":0.0,"max_hp_loss":0.0,"gold_gain":0.0,"cards_transformed":["Defend_P"],"event_name":"Transmorgrifier","player_choice":"Transformed","floor":3.0,"gold_loss":0.0,"damage_taken":0.0,"cards_obtained":["Consecrate"]},{"damage_healed":0.0,"max_hp_gain":0.0,"max_hp_loss":0.0,"gold_gain":0.0,"event_name":"WeMeetAgain","player_choice":"Gave Potion","floor":10.0,"gold_loss":0.0,"damage_taken":0.0,"relics_obtained":["Oddly Smooth Stone"]},{"damage_healed":0.0,"max_hp_gain":0.0,"max_hp_loss":0.0,"gold_gain":0.0,"event_name":"Addict","player_choice":"Stole Relic","floor":19.0,"gold_loss":0.0,"damage_taken":0.0,"relics_obtained":["Potion Belt"],"cards_obtained":["Shame"]},{"damage_healed":0.0,"max_hp_gain":0.0,"max_hp_loss":0.0,"gold_gain":0.0,"cards_transformed":["Strike_P"],"event_name":"Transmorgrifier","player_choice":"Transformed","floor":22.0,"gold_loss":0.0,"damage_taken":0.0,"cards_obtained":["Scrawl"]},{"damage_healed":0.0,"max_hp_gain":0.0,"max_hp_loss":0.0,"gold_gain":0.0,"event_name":"SensoryStone","player_choice":"Memory 3","floor":36.0,"gold_loss":0.0,"damage_taken":10.0},{"damage_healed":0.0,"max_hp_gain":0.0,"max_hp_loss":0.0,"gold_gain":0.0,"event_name":"The Woman in Blue","player_choice":"Bought 0 Potions","floor":37.0,"gold_loss":0.0,"damage_taken":0.0},{"damage_healed":0.0,"max_hp_gain":0.0,"max_hp_loss":0.0,"gold_gain":0.0,"event_name":"MindBloom","player_choice":"Fight","floor":39.0,"gold_loss":0.0,"damage_taken":0.0},{"damage_healed":0,"gold_gain":0,"player_choice":"Max HP","damage_taken":0,"max_hp_gain":0,"max_hp_loss":5,"event_name":"Winding Halls","floor":47,"gold_loss":0}],"is_beta":false,"boss_relics":[{"not_picked":["Runic Pyramid","Astrolabe"],"picked":"Calling Bell"},{"not_picked":["Tiny House","Black Star"],"picked":"VioletLotus"}],"items_purged_floors":[38,48],"is_endless":false,"potions_floor_spawned":[1,7,12,13,21,27,33,35,39,42,46],"ascension_level":1}}