{"host":"4kbqeuw4a1wt9r2z","time":1611086827,"event":{"mods":["Act Like it!","Aspiration","Astrologer","Bard","BaseMod","Chen","Conspire","Downfall","Duelist Mod","Gensokyo","GifTheSpireLib","Googly Eyes","Hallownest","Hermit","Hubris","Koishi","Lobotomy","LobotomyExtend","Marisa????????","Minty Spire (QoL Compilation)","Reimu??????","SOS???????","StSLib","The Administrix","The Bug Knight","The Construct","The Cursed","The Disciple","The Forsaken","The Gatherer","The Hierophant","The Marked","The Necromancer","The Runesmith","The Senshi","The Servant 0.9.4","The Wild Card","everything is the same but u backflip on backflip"],"gold_per_floor":[110,127,142,122,99,99,133,149,222,239,239,256,356,367,367,463,463,474,486,486,486,499,499,499,499],"floor_reached":24,"language":"ENG","playtime":1576,"items_purged":[],"score":200,"play_id":"007f29f0-9c0f-415e-b73a-eff95faa8940","local_time":"20210119230707","is_ascension_mode":false,"campfire_choices":[{"data":"Runesmith:CraftFirestone","floor":6,"key":"SMITH"},{"floor":15,"key":"REST"},{"data":"Runesmith:CraftPrismatica","floor":23,"key":"SMITH"}],"circlet_count":0,"master_deck":["Runesmith:Strike_RS","Runesmith:Strike_RS","Runesmith:Strike_RS","Runesmith:Defend_RS","Runesmith:Defend_RS","Runesmith:CraftFirestone+1","BigBadWolf","Runesmith:Grindstone","Runesmith:Superposition","Murderer","Runesmith:CraftProtectio","Runesmith:HeatExchange","Runesmith:CreatorForm","Runesmith:BackupBattery","OSAHOGD","Runesmith:CraftPrismatica+1","Runesmith:CraftVitae"],"relics":["Runesmith:BrokenRuby","CogitoBucket","LetterFromLob","HollowMod:PaleOreRelic","HollowMod:LifeEnderRelic","BackwardClock","Heaven_r","Runesmith:PocketReactor","SkinProphecy","hubris:BottledHeart"],"acts_visited":["Exordium","TheCity"],"potions_floor_usage":[7,7,7,11,22,24],"damage_taken":[{"damage":2,"enemies":"2 Louse","floor":1,"turns":3},{"damage":5,"enemies":"Jaw Worm","floor":2,"turns":3},{"damage":0,"enemies":"Cultist","floor":3,"turns":5},{"damage":23,"enemies":"Lagavulin","floor":7,"turns":6},{"damage":0,"enemies":"Lots of Slimes","floor":8,"turns":1},{"damage":5,"enemies":"2 Fungi Beasts","floor":10,"turns":4},{"damage":55,"enemies":"Gremlin Gang","floor":11,"turns":5},{"damage":0,"enemies":"Gremlin Gang","floor":12,"turns":2},{"damage":2,"enemies":"conspire:2 RoseBushes","floor":14,"turns":3},{"damage":21,"enemies":"The Guardian","floor":16,"turns":11},{"damage":31,"enemies":"conspire:FuzzyDice","floor":18,"turns":6},{"damage":36,"enemies":"Spheric Guardian","floor":19,"turns":6},{"damage":0,"enemies":"Centurion and Healer","floor":22,"turns":4},{"damage":3,"enemies":"Slavers","floor":24,"turns":2}],"seed_played":"-7143223158755074058","potions_obtained":[{"floor":1,"key":"AttackPotion"},{"floor":2,"key":"Guardian:BlockOnCardUsePotion"},{"floor":4,"key":"conspire:TimeTravelPotion"},{"floor":8,"key":"DistilledChaos"},{"floor":16,"key":"GamblersBrew"},{"floor":19,"key":"LiquidMemories"},{"floor":22,"key":"SkillPotion"}],"is_trial":false,"path_per_floor":["M","M","M","?","$","R","E","M","T","M","M","M","?","M","R","B",null,"M","M","?","?","M","R","E"],"character_chosen":"RUNESMITH_CLASS","items_purchased":["Runesmith:BackupBattery"],"campfire_rested":1,"item_purchase_floors":[5],"current_hp_per_floor":[68,63,63,63,63,63,56,56,56,51,15,15,15,13,34,13,70,39,3,1,1,1,1,0,0],"gold":499,"neow_bonus":"","is_daily":false,"chose_seed":false,"campfire_upgraded":2,"win_rate":0.0,"timestamp":1611086827,"path_taken":["M","M","M","?","?","R","E","M","T","M","?","M","?","M","R","BOSS","M","?","?","?","M","R","E"],"items_purchased_type":["Card"],"build_version":"2020-12-22","purchased_purges":0,"victory":false,"max_hp_per_floor":[70,70,70,70,70,70,70,70,70,70,70,70,70,70,70,70,70,70,70,1,1,3,3,5,5],"card_choices":[{"not_picked":["MeatLantern","BigBird"],"picked":"BigBadWolf","floor":1},{"not_picked":["Runesmith:Reinforce","Runesmith:EnergizedChisel"],"picked":"Runesmith:ChaoticBlast","floor":1},{"not_picked":["Runesmith:EnergizedChisel","Runesmith:HammerTime"],"picked":"Runesmith:Grindstone","floor":2},{"not_picked":["Runesmith:CraftSpiculum","Runesmith:ChiselStab"],"picked":"Runesmith:EnergizedChisel","floor":3},{"not_picked":["Runesmith:HammerThrow","Runesmith:StaticCage","Runesmith:DoubleUp"],"picked":"SKIP","floor":7},{"not_picked":["Runesmith:Malloc","Runesmith:Augment"],"picked":"Runesmith:Superposition","floor":8},{"not_picked":["Runesmith:Empowerment","Runesmith:Grindstone"],"picked":"Runesmith:CraftMagma","floor":10},{"not_picked":["Scorched","FieryBird"],"picked":"Murderer","floor":10},{"not_picked":["Runesmith:UnstableHammer","Runesmith:BackupBattery"],"picked":"Runesmith:CraftProtectio","floor":12},{"not_picked":["Runesmith:ShiftingStrike","Runesmith:Overpower"],"picked":"Runesmith:HeatExchange","floor":14},{"not_picked":["Runesmith:GrandSlam","Runesmith:Duplicate"],"picked":"Runesmith:CreatorForm","floor":16},{"not_picked":["Runesmith:Accelerate","Runesmith:Superposition","Runesmith:Grindstone"],"picked":"SKIP","floor":18},{"not_picked":["Runesmith:UnstableHammer","Runesmith:Attraction+1"],"picked":"Runesmith:BackupBattery","floor":19},{"not_picked":["UniverseFragment","HeroicMonk"],"picked":"OSAHOGD","floor":19},{"not_picked":["Runesmith:Attraction","Runesmith:CraftSpiculum"],"picked":"Runesmith:CraftVitae","floor":22}],"player_experience":559962,"relics_obtained":[{"floor":1,"key":"LetterFromLob"},{"floor":7,"key":"HollowMod:PaleOreRelic"},{"floor":9,"key":"HollowMod:LifeEnderRelic"}],"event_choices":[{"damage_healed":0,"gold_gain":0,"player_choice":"Bought 1 Potion","damage_taken":0,"max_hp_gain":0,"max_hp_loss":0,"event_name":"The Woman in Blue","floor":4,"gold_loss":0},{"damage_healed":0,"gold_gain":100,"player_choice":"Gold","damage_taken":0,"max_hp_gain":0,"max_hp_loss":0,"event_name":"Wheel of Change","floor":13,"gold_loss":0},{"damage_healed":0,"gold_gain":0,"player_choice":"Read","damage_taken":0,"max_hp_gain":0,"max_hp_loss":0,"event_name":"The Library","floor":21,"gold_loss":0,"cards_obtained":["Runesmith:CraftPrismatica"]}],"is_beta":false,"boss_relics":[{"not_picked":["hubris:GrandSneckoEye","construct:WeddingRing"],"picked":"Runesmith:PocketReactor"}],"items_purged_floors":[],"is_endless":false,"potions_floor_spawned":[1,2,8,16,19,22],"killed_by":"Slavers","ascension_level":0}}