{"host":"a1eatafr7pisesky","time":1611041474,"event":{"mods":["AchievementEnabler","BaseMod","Colored Map","Keyboard Shortcuts","Minty Spire (QoL Compilation)","Replay The Spire","Say the Spire","StSLib","SuperFastMode","everything is the same but u backflip on backflip"],"gold_per_floor":[367,367,286,211,223,251,265,282,359,359,372,122,148,148,148,247,247,260,68,68,87,87,117,117,145,145,161,161,161,181,197,197,300,300,319,337,355,76,88,116,116,116,116,147,163,190,190,205,205,205,205,205,58,58,58],"floor_reached":54,"language":"KOR","playtime":3078,"items_purged":["Strike_B","Strike_B","Defend_B"],"score":1575,"play_id":"a4259bed-b87e-4c5d-970a-217c7d5f8767","local_time":"20210119163114","is_ascension_mode":true,"campfire_choices":[{"floor":10.0,"key":"REST"},{"floor":15.0,"key":"REST"},{"data":"Amplify","floor":24.0,"key":"SMITH"},{"data":"Fission","floor":29.0,"key":"SMITH"},{"floor":32.0,"key":"DIG"},{"data":"Crystallizer","floor":47,"key":"SMITH"},{"floor":49,"key":"RECALL"},{"data":"Defragment","floor":52,"key":"SMITH"}],"circlet_count":0,"master_deck":["Strike_B","Defend_B","Zap","Dualcast+1","Consume","Go for the Eyes","Conserve Battery","Leap","Ball Lightning","Crystallizer+1","Seek+1","Amplify+1","Capacitor+1","Time Bomb+1","ReplaySort+1","Barrage","Ghostly","Ghostly","Ghostly","Ghostly","Ghostly","Defragment+1","Storm+1","Fission+1","Seek","Force Field+1","Reboot"],"relics":["Cracked Core","FossilizedHelix","Strawberry","Pet Ghost","InkBottle","Replay:Rubber Ducky","Orichalcum","Astrolabe","Replay:Antivirus Software","Chameleon Ring","Pocketwatch","Tiny Chest","Black Star","Bag of Preparation","Calipers","ReplayTheSpireMod:TigerMarble","Replay:Ringing Soul","Question Card","DataDisk","Blue Doll","Blood Vial","Medical Kit"],"acts_visited":["Exordium","TheCity","TheBeyond","TheEnding"],"potions_floor_usage":[50,54],"damage_taken":[{"damage":0.0,"enemies":"Small Slimes","floor":1.0,"turns":3.0},{"damage":2.0,"enemies":"Jaw Worm","floor":5.0,"turns":3.0},{"damage":30.0,"enemies":"3 Sentries","floor":6.0,"turns":7.0},{"damage":0.0,"enemies":"Cultist","floor":7.0,"turns":3.0},{"damage":0.0,"enemies":"Blue Slaver","floor":8.0,"turns":4.0},{"damage":0.0,"enemies":"2 Fungi Beasts","floor":11.0,"turns":3.0},{"damage":12.0,"enemies":"Lagavulin","floor":13.0,"turns":8.0},{"damage":25.0,"enemies":"Slime Boss","floor":16.0,"turns":10.0},{"damage":20.0,"enemies":"2 Thieves","floor":18.0,"turns":4.0},{"damage":0.0,"enemies":"Spheric Guardian","floor":21.0,"turns":6.0},{"damage":3.0,"enemies":"Replay:Snechameleon","floor":23.0,"turns":7.0},{"damage":0.0,"enemies":"Gremlin Leader","floor":25.0,"turns":6.0},{"damage":0.0,"enemies":"Snake Plant","floor":27.0,"turns":4.0},{"damage":0.0,"enemies":"Sentry and Sphere","floor":30.0,"turns":4.0},{"damage":0.0,"enemies":"Snecko","floor":31.0,"turns":4.0},{"damage":15.0,"enemies":"Pondfish","floor":33.0,"turns":12.0},{"damage":0.0,"enemies":"3 Shapes","floor":35.0,"turns":4.0},{"damage":0.0,"enemies":"Orb Walker","floor":36.0,"turns":3.0},{"damage":6.0,"enemies":"Writhing Mass","floor":37.0,"turns":6.0},{"damage":9.0,"enemies":"3 Darklings","floor":39.0,"turns":3.0},{"damage":0.0,"enemies":"Reptomancer","floor":40.0,"turns":5.0},{"damage":0.0,"enemies":"Giant Head","floor":44.0,"turns":6.0},{"damage":0,"enemies":"Sphere and 2 Shapes","floor":45,"turns":3},{"damage":0,"enemies":"Nemesis","floor":46,"turns":5},{"damage":0,"enemies":"Maw","floor":48,"turns":6},{"damage":14,"enemies":"Time Eater","floor":50,"turns":8},{"damage":76,"enemies":"Shield and Spear","floor":54,"turns":8}],"seed_played":"5130320688749634461","potions_obtained":[{"floor":1.0,"key":"FocusPotion"},{"floor":5.0,"key":"PotionOfCapacity"},{"floor":7.0,"key":"Explosive Potion"},{"floor":8.0,"key":"Energy Potion"},{"floor":21.0,"key":"FairyPotion"},{"floor":23.0,"key":"Languid Potion"},{"floor":31.0,"key":"PowerPotion"},{"floor":44.0,"key":"SkillPotion"}],"is_trial":false,"path_per_floor":["M","?","?","$","M","E","M","M","T","R","M","$","E","?","R","B",null,"M","$","?","M","$","E","R","E","T","M","?","R","M","M","R_BF","B",null,"M","M","M","$","M","E","$","?","T","E","M","E","R","M","R","B",null,"R","$","E"],"character_chosen":"DEFECT","items_purchased":["Replay:Rubber Ducky","Replay:Antivirus Software","FocusPotion","Bag of Preparation","Medical Kit"],"campfire_rested":2,"item_purchase_floors":[12,19,19,38,53],"current_hp_per_floor":[68,43,50,50,48,18,18,18,18,40,40,40,28,28,50,25,63,43,43,37,37,37,34,34,34,34,34,34,34,34,34,34,19,33,33,33,27,27,18,18,18,18,18,22,25,28,28,34,34,22,38,38,38,0,0],"gold":58,"neow_bonus":"TWO_FIFTY_GOLD","is_daily":false,"chose_seed":false,"campfire_upgraded":4,"win_rate":0.0,"timestamp":1611041474,"path_taken":["M","?","?","$","M","E","M","?","T","R","M","$","E","?","R","BOSS","M","$","?","M","$","E","R","E","T","M","?","R","M","M","R_BF","BOSS","M","M","M","?","M","E","$","?","T","E","M","E","R","M","R","BOSS","R","$","E"],"items_purchased_type":["Relic","Relic","Potion","Relic","Relic"],"build_version":"2020-12-22","purchased_purges":3,"victory":false,"max_hp_per_floor":[68,68,75,75,75,75,75,75,75,75,75,75,75,75,75,75,75,75,75,37,37,37,37,37,37,37,37,37,37,37,37,37,37,37,37,37,37,37,37,37,37,37,37,37,40,43,43,43,43,43,43,43,43,43,43],"card_choices":[{"not_picked":["Double Energy","Coolheaded"],"picked":"Consume","floor":1.0},{"not_picked":["Rip and Tear","Leap"],"picked":"Go for the Eyes","floor":5.0},{"not_picked":["Go for the Eyes","Auto Shields"],"picked":"Conserve Battery","floor":6.0},{"not_picked":["Reinforced Body","Go for the Eyes"],"picked":"Leap","floor":7.0},{"not_picked":["Steam","Hologram"],"picked":"Ball Lightning","floor":8.0},{"not_picked":["BasicCrystalCard","Cold Snap"],"picked":"Crystallizer","floor":11.0},{"not_picked":["Scrape","Auto Shields"],"picked":"Seek","floor":13.0},{"not_picked":["Reboot","All For One"],"picked":"Amplify","floor":16.0},{"not_picked":["Steam+1","Cold Snap"],"picked":"Barrage","floor":18.0},{"not_picked":["Blizzard","Cold Snap"],"picked":"Defragment","floor":21.0},{"not_picked":["Go for the Eyes","Hello World","Stack+1"],"picked":"SKIP","floor":23.0},{"not_picked":["Redo","ReplayTheSpireMod:Reroute Power"],"picked":"Storm+1","floor":25.0},{"not_picked":["Reinforced Body","Reprogram+1","Compile Driver"],"picked":"SKIP","floor":27.0},{"not_picked":["FIFO Queue","Crystallizer+1","Panic Button+1"],"picked":"SKIP","floor":30.0},{"not_picked":["Barrage","Hello World","ReplayRNGCard"],"picked":"SKIP","floor":31.0},{"not_picked":["ReplayTheSpireMod:Fabricate Wheel","Hyperbeam"],"picked":"Seek","floor":33.0},{"not_picked":["Darkness+1","Go for the Eyes+1","Rebound"],"picked":"SKIP","floor":35.0},{"not_picked":["Tempest+1","Sunder","BootSequence"],"picked":"SKIP","floor":36.0},{"not_picked":["Turbo","Beam Cell","Steam+1"],"picked":"SKIP","floor":37.0},{"not_picked":["Hologram+1","FIFO Queue","Tempest+1"],"picked":"SKIP","floor":39.0},{"not_picked":["Turbo","Genetic Algorithm","Skim+1"],"picked":"SKIP","floor":40.0},{"not_picked":["Streamline","Melter+1","Aggregate"],"picked":"SKIP","floor":44.0},{"not_picked":["Go for the Eyes","Static Discharge+1","Sweeping Beam"],"picked":"Force Field+1","floor":45},{"not_picked":["Go for the Eyes+1","Rebound+1","Steam Power+1"],"picked":"Reboot","floor":46},{"not_picked":["Ball Lightning","Sweeping Beam","ReplayGash","Steam"],"picked":"SKIP","floor":48}],"player_experience":323663,"relics_obtained":[{"floor":6.0,"key":"Pet Ghost"},{"floor":9.0,"key":"InkBottle"},{"floor":13.0,"key":"Orichalcum"},{"floor":23.0,"key":"Chameleon Ring"},{"floor":25.0,"key":"Pocketwatch"},{"floor":32.0,"key":"Tiny Chest"},{"floor":40.0,"key":"Calipers"},{"floor":40.0,"key":"ReplayTheSpireMod:TigerMarble"},{"floor":43.0,"key":"Replay:Ringing Soul"},{"floor":44.0,"key":"Question Card"},{"floor":44.0,"key":"DataDisk"},{"floor":46,"key":"Blue Doll"},{"floor":46,"key":"Blood Vial"}],"event_choices":[{"damage_healed":0.0,"max_hp_gain":0.0,"max_hp_loss":0.0,"gold_gain":0.0,"event_name":"Scrap Ooze","player_choice":"Success","floor":2.0,"gold_loss":0.0,"damage_taken":25.0,"relics_obtained":["FossilizedHelix"]},{"damage_healed":0.0,"max_hp_gain":0.0,"max_hp_loss":0.0,"gold_gain":0.0,"event_name":"WeMeetAgain","player_choice":"Paid Gold","floor":3.0,"gold_loss":81.0,"damage_taken":0.0,"relics_obtained":["Strawberry"]},{"damage_healed":0.0,"max_hp_gain":0.0,"max_hp_loss":38.0,"gold_gain":0.0,"event_name":"Ghosts","player_choice":"Became a Ghost","floor":20.0,"gold_loss":0.0,"damage_taken":0.0,"cards_obtained":["Ghostly","Ghostly","Ghostly","Ghostly","Ghostly"]},{"damage_healed":0.0,"max_hp_gain":0.0,"max_hp_loss":0.0,"gold_gain":0.0,"event_name":"Match and Keep!","player_choice":"1 cards matched","floor":28.0,"gold_loss":0.0,"damage_taken":0.0,"cards_obtained":["Fission"]},{"damage_healed":0.0,"max_hp_gain":0.0,"max_hp_loss":0.0,"gold_gain":0.0,"event_name":"Upgrade Shrine","player_choice":"Upgraded","floor":42.0,"gold_loss":0.0,"damage_taken":0.0,"cards_upgraded":["Dualcast"]}],"is_beta":false,"boss_relics":[{"not_picked":["Coffee Dripper","Sozu"],"picked":"Astrolabe"},{"not_picked":["Runic Dome","Calling Bell"],"picked":"Black Star"}],"items_purged_floors":[4,12,38],"is_endless":false,"potions_floor_spawned":[1,5,7,8,21,23,30,31,33,35,40,44,48],"killed_by":"Shield and Spear","ascension_level":9}}