{"host":"7tqog9fnhs0gxmti","time":1611061926,"event":{"mods":["AchievementEnabler","Act Like it!","Astrologer","BaseMod","Beaked The Cultist","Colored Map","Colored Powertips","Hermit","Highlight Path","Minty Spire (QoL Compilation)","StSLib","The Construct","The Gatherer","The Hierophant","everything is the same but u backflip on backflip"],"gold_per_floor":[117,117,131,141,151,151,183,183,183,183,183],"floor_reached":10,"language":"ENG","playtime":300,"items_purged":[],"score":68,"play_id":"9380d1cf-555c-46d3-8263-5099cfda9515","local_time":"20210119211206","is_ascension_mode":false,"campfire_choices":[{"data":"construct:ScopeCore","floor":6,"key":"SMITH"},{"data":"construct:ScopeCore+1","floor":8,"key":"SMITH"}],"circlet_count":0,"master_deck":["construct:Strike_Gold","construct:Strike_Gold","construct:Strike_Gold","construct:Strike_Gold","construct:Strike_Gold","construct:Defend_Gold","construct:Defend_Gold+1","construct:Defend_Gold","construct:Defend_Gold","construct:Defend_Gold","construct:AttackMode","construct:DefenseMode+1","construct:GatlingGun","construct:Synchronize","Pain","construct:FlakBarrage","construct:ScopeCore+2","construct:ShiftStrike","construct:Analyze"],"relics":["construct:ClockworkPhoenix","WarpedTongs","War Paint","Tiny Chest"],"acts_visited":["Exordium"],"potions_floor_usage":[3,7],"damage_taken":[{"damage":14,"enemies":"Jaw Worm","floor":1,"turns":4},{"damage":0,"enemies":"Cultist","floor":3,"turns":2},{"damage":0,"enemies":"Small Slimes","floor":4,"turns":3},{"damage":3,"enemies":"Exordium Wildlife","floor":5,"turns":3},{"damage":35,"enemies":"3 Sentries","floor":7,"turns":5},{"damage":39,"enemies":"Lagavulin","floor":10,"turns":3}],"seed_played":"6187703372842945637","potions_obtained":[{"floor":1,"key":"DuplicationPotion"},{"floor":5,"key":"DistilledChaos"},{"floor":7,"key":"LiquidMemories"}],"is_trial":false,"path_per_floor":["M","?","M","M","M","R","E","R","T","E"],"character_chosen":"THE_CONSTRUCT_MOD","items_purchased":[],"campfire_rested":0,"item_purchase_floors":[],"current_hp_per_floor":[71,71,71,71,68,68,33,33,33,0,0],"gold":183,"neow_bonus":"ONE_RANDOM_RARE_CARD","is_daily":false,"chose_seed":false,"campfire_upgraded":2,"win_rate":0.0,"timestamp":1611061926,"path_taken":["M","?","M","?","M","R","E","R","T","E"],"items_purchased_type":[],"build_version":"2020-12-22","purchased_purges":0,"victory":false,"max_hp_per_floor":[85,85,85,85,85,85,85,85,85,85,85],"card_choices":[{"not_picked":["construct:Construct_Overclock","construct:HeavyBolt"],"picked":"construct:Synchronize","floor":1},{"not_picked":["construct:OneWayMirror","construct:Synchronize"],"picked":"construct:FlakBarrage","floor":3},{"not_picked":["construct:SweepLaser","construct:Missile"],"picked":"construct:ScopeCore","floor":4},{"not_picked":["construct:Backup","construct:ClusterMines"],"picked":"construct:ShiftStrike","floor":5},{"not_picked":["construct:ElectricArmor","construct:FierceBash"],"picked":"construct:Analyze","floor":7}],"player_experience":808827,"relics_obtained":[{"floor":7,"key":"War Paint"},{"floor":9,"key":"Tiny Chest"}],"event_choices":[{"damage_healed":0,"gold_gain":0,"player_choice":"Rummage","damage_taken":0,"relics_obtained":["WarpedTongs"],"max_hp_gain":0,"max_hp_loss":0,"event_name":"Accursed Blacksmith","floor":2,"gold_loss":0,"cards_obtained":["Pain"]}],"is_beta":false,"boss_relics":[],"items_purged_floors":[],"is_endless":false,"potions_floor_spawned":[1,5,7],"killed_by":"Lagavulin","ascension_level":0}}