{"host":"yuoancq4cku3x8wq","time":1611049018,"event":{"mods":["AchievementEnabler","BaseMod","Minty Spire (QoL Compilation)","Quick Restart","StSLib","SuperFastMode"],"gold_per_floor":[118,118,118,43,61,86,86,86,86,102,119,133,133,160,160,234,234,246,246,246,261,261,293,293,327,418,430,442,470,509,533,545,636,648,672,704,729,755,47,47,74,74,74,89,89,89,89,124,124,124,124,124],"floor_reached":51,"language":"ZHS","playtime":1826,"items_purged":["Strike_R","Strike_R"],"score":1596,"play_id":"277d7feb-c7ab-49a1-ac09-1b62d5b55a93","local_time":"20210119173658","is_ascension_mode":true,"campfire_choices":[{"data":"Fire Breathing","floor":8.0,"key":"SMITH"},{"data":"Power Through","floor":13.0,"key":"SMITH"},{"data":"Burning Pact","floor":15.0,"key":"SMITH"},{"data":"Berserk","floor":24.0,"key":"SMITH"},{"floor":27.0,"key":"REST"},{"floor":32.0,"key":"REST"},{"data":"True Grit","floor":40.0,"key":"SMITH"},{"data":"Burning Pact","floor":42.0,"key":"SMITH"},{"floor":45.0,"key":"RECALL"},{"data":"Shockwave","floor":49.0,"key":"SMITH"}],"circlet_count":0,"master_deck":["AscendersBane","Strike_R","Defend_R+1","Defend_R","Defend_R","Defend_R","Bash","Fire Breathing+1","Disarm","Burning Pact+1","Power Through+1","Immolate+1","Body Slam+1","Barricade","Berserk+1","Power Through","Bloodletting+1","True Grit+1","Shrug It Off","Exhume+1","Pommel Strike+1","Impervious","Burning Pact+1","Berserk","Shockwave+1"],"relics":["Burning Blood","NeowsBlessing","Potion Belt","Molten Egg 2","HornCleat","Black Star","Dream Catcher","Bottled Flame","Bronze Scales","MawBank","Sundial","Torii","Bottled Tornado","Snecko Eye","Toolbox","Eternal Feather","War Paint","Juzu Bracelet","Mercury Hourglass","Darkstone Periapt","Blue Candle"],"acts_visited":["Exordium","TheCity","TheBeyond"],"potions_floor_usage":[50,50],"damage_taken":[{"damage":0.0,"enemies":"Jaw Worm","floor":1.0,"turns":1.0},{"damage":0.0,"enemies":"2 Louse","floor":5.0,"turns":1.0},{"damage":0.0,"enemies":"Gremlin Nob","floor":6.0,"turns":1.0},{"damage":8.0,"enemies":"Cultist","floor":10.0,"turns":4.0},{"damage":7.0,"enemies":"Exordium Wildlife","floor":11.0,"turns":5.0},{"damage":16.0,"enemies":"Large Slime","floor":12.0,"turns":6.0},{"damage":20.0,"enemies":"3 Sentries","floor":14.0,"turns":3.0},{"damage":36.0,"enemies":"Slime Boss","floor":16.0,"turns":7.0},{"damage":0.0,"enemies":"3 Byrds","floor":18.0,"turns":3.0},{"damage":10.0,"enemies":"Spheric Guardian","floor":21.0,"turns":4.0},{"damage":21.0,"enemies":"Gremlin Leader","floor":23.0,"turns":6.0},{"damage":20.0,"enemies":"Slavers","floor":25.0,"turns":5.0},{"damage":5.0,"enemies":"3 Cultists","floor":29.0,"turns":4.0},{"damage":50.0,"enemies":"Book of Stabbing","floor":30.0,"turns":5.0},{"damage":8.0,"enemies":"Sentry and Sphere","floor":31.0,"turns":4.0},{"damage":4.0,"enemies":"Champ","floor":33.0,"turns":12.0},{"damage":0.0,"enemies":"Orb Walker","floor":35.0,"turns":5.0},{"damage":13.0,"enemies":"3 Darklings","floor":36.0,"turns":4.0},{"damage":4.0,"enemies":"4 Shapes","floor":37.0,"turns":3.0},{"damage":22.0,"enemies":"Sphere and 2 Shapes","floor":38.0,"turns":4.0},{"damage":1.0,"enemies":"Nemesis","floor":41.0,"turns":11.0},{"damage":8.0,"enemies":"Transient","floor":44.0,"turns":6.0},{"damage":3.0,"enemies":"Giant Head","floor":48.0,"turns":5.0},{"damage":51,"enemies":"Donu and Deca","floor":50,"turns":9},{"damage":37,"enemies":"Time Eater","floor":51,"turns":13}],"seed_played":"-5837154875702268081","potions_obtained":[{"floor":6.0,"key":"HeartOfIron"},{"floor":7.0,"key":"FearPotion"},{"floor":7.0,"key":"Weak Potion"},{"floor":18.0,"key":"EntropicBrew"},{"floor":31.0,"key":"PowerPotion"},{"floor":33.0,"key":"DistilledChaos"},{"floor":35.0,"key":"Fire Potion"},{"floor":44.0,"key":"AttackPotion"},{"floor":48.0,"key":"FearPotion"}],"is_trial":false,"path_per_floor":["M","?","?","$","M","E","?","R","T","M","M","M","R","E","R","B",null,"M","?","?","M","?","E","R","E","T","R","?","M","E","M","R","B",null,"M","M","M","M","$","R","E","R","T","M","R","?","?","E","R","B","B"],"character_chosen":"IRONCLAD","items_purchased":["Toolbox","Impervious","Eternal Feather"],"campfire_rested":2,"item_purchase_floors":[39,39,39],"current_hp_per_floor":[74,74,79,79,80,80,80,80,80,78,77,67,67,53,53,23,66,72,72,72,68,68,53,53,39,39,63,63,64,20,18,42,44,71,77,70,72,56,56,68,73,80,80,78,80,80,80,80,80,35,0,0],"gold":124,"neow_bonus":"THREE_ENEMY_KILL","is_daily":false,"chose_seed":false,"campfire_upgraded":7,"win_rate":0.0,"timestamp":1611049018,"path_taken":["M","?","?","$","M","E","?","R","T","M","M","?","R","E","R","BOSS","M","?","?","M","?","E","R","E","T","R","?","M","E","?","R","BOSS","M","M","M","M","$","R","E","R","T","M","R","?","?","E","R","BOSS","BOSS"],"items_purchased_type":["Relic","Card","Relic"],"build_version":"2020-12-22","purchased_purges":2,"victory":false,"max_hp_per_floor":[75,75,80,80,80,80,80,80,80,80,80,80,80,80,80,80,80,80,80,80,80,80,80,80,80,80,80,80,80,80,80,80,80,80,80,80,80,80,80,80,80,80,80,80,80,80,80,80,80,80,80,80],"card_choices":[{"not_picked":["Flex","Infernal Blade","Wild Strike"],"picked":"SKIP","floor":1.0},{"not_picked":["Hemokinesis","Havoc"],"picked":"Fire Breathing","floor":5.0},{"not_picked":["Clash","True Grit"],"picked":"Disarm","floor":6.0},{"not_picked":["Anger+1","Havoc"],"picked":"Burning Pact","floor":10.0},{"not_picked":["Dark Embrace","Blood for Blood+1"],"picked":"Power Through","floor":11.0},{"not_picked":["Blood for Blood+1","Sentinel"],"picked":"Immolate+1","floor":12.0},{"not_picked":["Thunderclap+1","Heavy Blade+1"],"picked":"Body Slam+1","floor":14.0},{"not_picked":["Feed+1","Demon Form"],"picked":"Barricade","floor":16.0},{"not_picked":["Flame Barrier","Hemokinesis+1","Thunderclap+1"],"picked":"SKIP","floor":18.0},{"not_picked":["Heavy Blade+1","Infernal Blade","Combust"],"picked":"SKIP","floor":21.0},{"not_picked":["Immolate+1","Clash+1"],"picked":"Power Through","floor":23.0},{"not_picked":["Heavy Blade+1","Blood for Blood+1"],"picked":"Bloodletting+1","floor":25.0},{"not_picked":["Rampage+1","Clash+1"],"picked":"True Grit","floor":27.0},{"not_picked":["Body Slam+1","Rage","Spot Weakness"],"picked":"SKIP","floor":29.0},{"not_picked":["Body Slam+1","Bludgeon+1"],"picked":"Shrug It Off","floor":30.0},{"not_picked":["Reckless Charge+1","Twin Strike+1","Wild Strike+1"],"picked":"SKIP","floor":31.0},{"not_picked":["Barricade","Reaper+1"],"picked":"Exhume","floor":33.0},{"not_picked":["Reckless Charge+1","Twin Strike+1"],"picked":"Pommel Strike+1","floor":35.0},{"not_picked":["Sword Boomerang+1","Cleave+1","Inflame"],"picked":"SKIP","floor":36.0},{"not_picked":["Thunderclap+1","Clash+1","Wild Strike+1"],"picked":"SKIP","floor":37.0},{"not_picked":["True Grit","Iron Wave+1","Bloodletting"],"picked":"SKIP","floor":38.0},{"not_picked":["Shrug It Off","Anger+1"],"picked":"Burning Pact","floor":41.0},{"not_picked":["Ghostly Armor+1","Immolate+1","Sword Boomerang+1"],"picked":"SKIP","floor":44.0},{"not_picked":["Ghostly Armor+1","Clash+1"],"picked":"Shockwave","floor":48.0}],"player_experience":293684,"relics_obtained":[{"floor":6.0,"key":"Potion Belt"},{"floor":9.0,"key":"Molten Egg 2"},{"floor":14.0,"key":"HornCleat"},{"floor":23.0,"key":"Dream Catcher"},{"floor":23.0,"key":"Bottled Flame"},{"floor":25.0,"key":"Bronze Scales"},{"floor":25.0,"key":"MawBank"},{"floor":28.0,"key":"Sundial"},{"floor":30.0,"key":"Torii"},{"floor":30.0,"key":"Bottled Tornado"},{"floor":41.0,"key":"War Paint"},{"floor":41.0,"key":"Juzu Bracelet"},{"floor":43.0,"key":"Mercury Hourglass"},{"floor":48.0,"key":"Darkstone Periapt"},{"floor":48.0,"key":"Blue Candle"}],"event_choices":[{"damage_healed":0.0,"max_hp_gain":0.0,"max_hp_loss":0.0,"gold_gain":0.0,"event_name":"Shining Light","player_choice":"Ignored","floor":2.0,"gold_loss":0.0,"damage_taken":0.0},{"damage_healed":0.0,"max_hp_gain":5.0,"max_hp_loss":0.0,"gold_gain":0.0,"event_name":"Big Fish","player_choice":"Donut","floor":3.0,"gold_loss":0.0,"damage_taken":0.0},{"damage_healed":0.0,"max_hp_gain":0.0,"max_hp_loss":0.0,"gold_gain":0.0,"event_name":"Lab","player_choice":"Got Potions","floor":7.0,"gold_loss":0.0,"damage_taken":0.0},{"damage_healed":0.0,"max_hp_gain":0.0,"max_hp_loss":0.0,"gold_gain":0.0,"event_name":"Vampires","player_choice":"Ignored","floor":19.0,"gold_loss":0.0,"damage_taken":0.0},{"damage_healed":0.0,"max_hp_gain":0.0,"max_hp_loss":0.0,"gold_gain":0.0,"cards_transformed":["Strike_R","Strike_R"],"event_name":"Drug Dealer","player_choice":"Became Test Subject","floor":20.0,"gold_loss":0.0,"damage_taken":0.0,"cards_obtained":["Berserk","Rampage"]},{"damage_healed":0.0,"max_hp_gain":0.0,"max_hp_loss":0.0,"gold_gain":0.0,"event_name":"Ghosts","player_choice":"Ignored","floor":22.0,"gold_loss":0.0,"damage_taken":0.0},{"damage_healed":0.0,"max_hp_gain":0.0,"max_hp_loss":0.0,"gold_gain":0.0,"event_name":"Wheel of Change","player_choice":"Relic","floor":28.0,"gold_loss":0.0,"damage_taken":0.0},{"damage_healed":0.0,"max_hp_gain":0.0,"max_hp_loss":0.0,"gold_gain":0.0,"cards_transformed":["Rampage"],"event_name":"Transmorgrifier","player_choice":"Transformed","floor":46.0,"gold_loss":0.0,"damage_taken":0.0,"cards_obtained":["Berserk"]},{"damage_healed":0.0,"max_hp_gain":0.0,"max_hp_loss":0.0,"gold_gain":0.0,"event_name":"Tomb of Lord Red Mask","player_choice":"Ignored","floor":47.0,"gold_loss":0.0,"damage_taken":0.0}],"is_beta":false,"boss_relics":[{"not_picked":["Tiny House","Calling Bell"],"picked":"Black Star"},{"not_picked":["Coffee Dripper","Pandora\u0027s Box"],"picked":"Snecko Eye"}],"items_purged_floors":[4,39],"is_endless":false,"potions_floor_spawned":[6,18,30,31,33,35,44,48],"killed_by":"Time Eater","ascension_level":20}}