{"host":"Qube","time":1611025416,"event":{"mods":["AchievementEnabler","BaseMod","Colored Map","Colored Powertips","Highlight Path","Minty Spire (QoL Compilation)","Permanent Neow","Quick Restart","Random Character Button","StSLib"],"gold_per_floor":[110,110,110,121,121,153,153,163,189,224,224,224,249,266,266,339,339,339,339,339,71,71,71,71,71],"floor_reached":24,"language":"ENG","playtime":808,"items_purged":[],"score":453,"play_id":"3bf4475b-57a6-4283-9d9b-584bc5c7a0c2","local_time":"20210118190336","is_ascension_mode":true,"campfire_choices":[{"floor":7.0,"key":"REST"},{"floor":12,"key":"REST"},{"data":"Deflect","floor":15,"key":"SMITH"},{"floor":23,"key":"REST"}],"circlet_count":0,"master_deck":["AscendersBane","Defend_G","Defend_G","Defend_G","Survivor","Neutralize","Riddle With Holes+1","Predator","Backstab+1","Slice+1","Prepared","Choke","Dash","Deflect+1","Storm of Steel","Blade Dance","Leg Sweep","Escape Plan","Bite","Bite","Bite","Bite","Bite"],"relics":["Ring of the Snake","Whetstone","Juzu Bracelet","Bird Faced Urn","Bronze Scales","Ectoplasm","Gremlin Horn"],"acts_visited":["Exordium","TheCity"],"potions_floor_usage":[13,13,16,19],"damage_taken":[{"damage":0.0,"enemies":"Small Slimes","floor":1.0,"turns":3.0},{"damage":3.0,"enemies":"2 Louse","floor":4.0,"turns":2.0},{"damage":8.0,"enemies":"Gremlin Nob","floor":6.0,"turns":3.0},{"damage":4.0,"enemies":"Jaw Worm","floor":8.0,"turns":2.0},{"damage":22.0,"enemies":"3 Sentries","floor":10.0,"turns":6.0},{"damage":8,"enemies":"Gremlin Nob","floor":13,"turns":3},{"damage":0,"enemies":"Red Slaver","floor":14,"turns":2},{"damage":39,"enemies":"Slime Boss","floor":16,"turns":7},{"damage":5,"enemies":"3 Byrds","floor":18,"turns":3},{"damage":0,"enemies":"Shell Parasite","floor":19,"turns":1},{"damage":17,"enemies":"Centurion and Healer","floor":20,"turns":5},{"damage":59,"enemies":"Book of Stabbing","floor":24,"turns":5}],"seed_played":"4782239076245879332","potions_obtained":[{"floor":1.0,"key":"GamblersBrew"},{"floor":10.0,"key":"PowerPotion"},{"floor":11,"key":"Poison Potion"},{"floor":13,"key":"FearPotion"},{"floor":18,"key":"Fire Potion"},{"floor":19,"key":"Dexterity Potion"}],"is_trial":false,"path_per_floor":["M","?","?","M","?","E","R","M","T","E","?","R","E","M","R","B",null,"M","M","M","$","?","R","E"],"character_chosen":"THE_SILENT","items_purchased":["Gremlin Horn"],"campfire_rested":3,"item_purchase_floors":[21],"current_hp_per_floor":[44,24,46,43,43,35,54,50,50,28,28,47,41,41,41,2,50,45,45,28,28,28,41,0,0],"gold":71,"neow_bonus":"TRANSFORM_TWO_CARDS","is_daily":false,"chose_seed":false,"campfire_upgraded":1,"win_rate":0.0,"timestamp":1611025416,"path_taken":["M","?","?","M","?","E","R","M","T","E","?","R","E","M","R","BOSS","M","M","M","?","?","R","E"],"items_purchased_type":["Relic"],"build_version":"2020-12-18","purchased_purges":0,"victory":false,"max_hp_per_floor":[66,66,66,66,66,66,66,66,66,66,66,66,66,66,66,66,66,66,66,66,66,46,46,46,46],"card_choices":[{"not_picked":["Prepared","Cloak And Dagger"],"picked":"Backstab","floor":1.0},{"not_picked":["Quick Slash","Flechettes"],"picked":"Slice","floor":4.0},{"not_picked":["Skewer","Bane","All Out Attack"],"picked":"SKIP","floor":6.0},{"not_picked":["Expertise","Quick Slash"],"picked":"Prepared","floor":8.0},{"not_picked":["Flying Knee","Doppelganger"],"picked":"Choke","floor":10.0},{"not_picked":["Burst","Sucker Punch"],"picked":"Dash","floor":13},{"not_picked":["Deadly Poison","Dagger Spray"],"picked":"Deflect","floor":14},{"not_picked":["Malaise","Doppelganger"],"picked":"Storm of Steel","floor":16},{"not_picked":["Poisoned Stab+1","Choke"],"picked":"Blade Dance","floor":18},{"not_picked":["Bane","Dagger Throw"],"picked":"Leg Sweep","floor":19},{"not_picked":["Dash+1","Deadly Poison"],"picked":"Escape Plan","floor":20}],"player_experience":938451,"relics_obtained":[{"floor":6.0,"key":"Whetstone"},{"floor":9.0,"key":"Juzu Bracelet"},{"floor":10.0,"key":"Bird Faced Urn"},{"floor":13,"key":"Bronze Scales"}],"event_choices":[{"damage_healed":0.0,"max_hp_gain":0.0,"max_hp_loss":0.0,"gold_gain":0.0,"event_name":"Shining Light","player_choice":"Entered Light","floor":2.0,"gold_loss":0.0,"damage_taken":20.0,"cards_upgraded":["Riddle With Holes","Strike_G"]},{"damage_healed":22.0,"max_hp_gain":0.0,"max_hp_loss":0.0,"gold_gain":0.0,"event_name":"Big Fish","player_choice":"Banana","floor":3.0,"gold_loss":0.0,"damage_taken":0.0},{"damage_healed":0.0,"max_hp_gain":0.0,"max_hp_loss":0.0,"gold_gain":0.0,"event_name":"Upgrade Shrine","player_choice":"Upgraded","floor":5.0,"gold_loss":0.0,"damage_taken":0.0,"cards_upgraded":["Slice"]},{"damage_healed":0,"gold_gain":0,"player_choice":"Got Potions","damage_taken":0,"max_hp_gain":0,"max_hp_loss":0,"event_name":"Lab","floor":11,"gold_loss":0},{"damage_healed":0,"gold_gain":0,"player_choice":"Became a vampire","damage_taken":0,"max_hp_gain":0,"max_hp_loss":20,"event_name":"Vampires","floor":22,"gold_loss":0,"cards_obtained":["Bite","Bite","Bite","Bite","Bite"]}],"is_beta":true,"boss_relics":[{"not_picked":["Black Star","Astrolabe"],"picked":"Ectoplasm"}],"items_purged_floors":[],"is_endless":false,"potions_floor_spawned":[1,10,13,18,19],"killed_by":"Book of Stabbing","ascension_level":20}}