{"host":"opg65mucj6ra7dr1","time":1611065758,"event":{"mods":["BaseMod","DeckTracker","Keyboard Shortcuts","Minty Spire (QoL Compilation)","Permanent Neow","Quick Restart","everything is the same but u backflip on backflip"],"gold_per_floor":[115,115,3,3,3,33,33,33,58,72,147,147,175,189,189,286,286,303,303,28,41,57,57,57],"floor_reached":23,"language":"KOR","playtime":606,"items_purged":["Strike_B","Strike_B"],"score":227,"play_id":"4498e743-8c17-4ed4-999b-db32c800c422","local_time":"20210119231558","is_ascension_mode":true,"campfire_choices":[{"data":"Defragment","floor":8.0,"key":"SMITH"},{"data":"Zap","floor":12.0,"key":"SMITH"},{"floor":15.0,"key":"REST"}],"circlet_count":0,"master_deck":["Strike_B","Strike_B","Defend_B","Defend_B","Defend_B","Zap+1","Dualcast","Conserve Battery","Defragment+1","Seek","Static Discharge","Heatsinks","Storm","Leap","Heatsinks","Conserve Battery"],"relics":["Cracked Core","Smiling Mask","Orichalcum","Singing Bowl","Sozu","Nloth\u0027s Gift","Runic Capacitor"],"acts_visited":["Exordium","TheCity"],"potions_floor_usage":[],"damage_taken":[{"damage":1.0,"enemies":"Cultist","floor":1.0,"turns":3.0},{"damage":31.0,"enemies":"3 Sentries","floor":6.0,"turns":8.0},{"damage":2.0,"enemies":"Jaw Worm","floor":10.0,"turns":3.0},{"damage":22.0,"enemies":"Gremlin Nob","floor":13.0,"turns":3.0},{"damage":1.0,"enemies":"Small Slimes","floor":14.0,"turns":3.0},{"damage":4.0,"enemies":"The Guardian","floor":16.0,"turns":9.0},{"damage":16.0,"enemies":"2 Thieves","floor":18.0,"turns":3.0},{"damage":0.0,"enemies":"Spheric Guardian","floor":21.0,"turns":3.0},{"damage":39.0,"enemies":"Snecko","floor":22.0,"turns":7.0},{"damage":0,"enemies":"Book of Stabbing","floor":23,"turns":1}],"seed_played":"-7249647026939705730","potions_obtained":[{"floor":10.0,"key":"DuplicationPotion"},{"floor":13.0,"key":"PotionOfCapacity"},{"floor":14.0,"key":"AttackPotion"}],"is_trial":false,"path_per_floor":["M","?","$","?","$","E","$","R","T","M","?","R","E","M","R","B",null,"M","?","$","M","M","E"],"character_chosen":"DEFECT","items_purchased":["Defragment","Runic Capacitor","Heatsinks"],"campfire_rested":1,"item_purchase_floors":[3,20,20],"current_hp_per_floor":[74,71,71,71,71,40,40,40,40,38,27,27,5,6,29,27,79,63,63,63,65,26,26,26],"gold":57,"neow_bonus":"THREE_CARDS","is_daily":false,"chose_seed":false,"campfire_upgraded":2,"win_rate":0.0,"timestamp":1611065758,"path_taken":["M","?","$","?","$","E","?","R","T","M","?","R","E","M","R","BOSS","M","?","$","?","M","E"],"items_purchased_type":["Card","Relic","Card"],"build_version":"2020-12-22","purchased_purges":2,"victory":false,"max_hp_per_floor":[75,75,75,75,75,75,75,75,75,75,75,75,75,77,77,79,79,79,79,79,81,81,81,81],"card_choices":[{"not_picked":["Scrape","Beam Cell"],"picked":"Conserve Battery","floor":0.0},{"not_picked":["Barrage","Rip and Tear","Beam Cell"],"picked":"SKIP","floor":1.0},{"not_picked":["Beam Cell","Turbo"],"picked":"Static Discharge","floor":6.0},{"not_picked":["Auto Shields","Compile Driver"],"picked":"Heatsinks","floor":10.0},{"not_picked":["Consume","Ball Lightning"],"picked":"Storm","floor":13.0},{"not_picked":["Cold Snap","Sweeping Beam","FTL"],"picked":"Singing Bowl","floor":14.0},{"not_picked":["Hyperbeam","Thunder Strike","Multi-Cast"],"picked":"Singing Bowl","floor":16.0},{"not_picked":["Heatsinks","Redo"],"picked":"Leap","floor":18.0},{"not_picked":["Barrage","Steam","Cold Snap"],"picked":"Singing Bowl","floor":21.0},{"not_picked":["Gash","Ball Lightning"],"picked":"Conserve Battery","floor":22.0}],"player_experience":144138,"relics_obtained":[{"floor":6.0,"key":"Smiling Mask"},{"floor":9.0,"key":"Orichalcum"},{"floor":13.0,"key":"Singing Bowl"}],"event_choices":[{"damage_healed":0.0,"max_hp_gain":0.0,"max_hp_loss":0.0,"gold_gain":0.0,"event_name":"Scrap Ooze","player_choice":"Success","floor":2.0,"gold_loss":0.0,"damage_taken":3.0,"relics_obtained":["Pocketwatch"]},{"damage_healed":0.0,"max_hp_gain":0.0,"max_hp_loss":0.0,"gold_gain":0.0,"cards_transformed":["Defend_B"],"event_name":"Living Wall","player_choice":"Change","floor":4.0,"gold_loss":0.0,"damage_taken":0.0,"cards_obtained":["Seek"]},{"damage_healed":0.0,"max_hp_gain":0.0,"max_hp_loss":0.0,"gold_gain":75.0,"event_name":"World of Goop","player_choice":"Gather Gold","floor":11.0,"gold_loss":0.0,"damage_taken":11.0},{"damage_healed":0.0,"max_hp_gain":0.0,"max_hp_loss":0.0,"gold_gain":0.0,"event_name":"N\u0027loth","player_choice":"Traded Relic","floor":19.0,"relics_lost":["Pocketwatch"],"gold_loss":0.0,"damage_taken":0.0,"relics_obtained":["Nloth\u0027s Gift"]}],"is_beta":false,"boss_relics":[{"not_picked":["Cursed Key","Pandora\u0027s Box"],"picked":"Sozu"}],"items_purged_floors":[3,20],"is_endless":false,"potions_floor_spawned":[10,13,14,22],"killed_by":"Book of Stabbing","ascension_level":3}}