{"host":"8u7tvcybuv0u72fd","time":1611033958,"event":{"mods":["BaseMod","BetterRewards","Colored Map","Colored Powertips","Minty Spire (QoL Compilation)","Quick Restart","Shop Mod"],"gold_per_floor":[110,126,139,139,150,150,177,177,246,281,256,276,276,303,303,405,405,421,346,48,63,63,63,63,77,101,116,116,142,142,153,153,248,248,265,281,281,298,298,298,309,309,309,329,34,53,67,78,78,78,78,78,21,56,56,56],"floor_reached":55,"language":"ENG","playtime":3100,"items_purged":["Strike_R"],"score":961,"play_id":"511fc1a8-e206-467b-b0c8-cc77fecb81a1","local_time":"20210119002558","is_ascension_mode":false,"campfire_choices":[{"data":"Body Slam","floor":6.0,"key":"SMITH"},{"data":"Bash","floor":8.0,"key":"SMITH"},{"data":"Shrug It Off","floor":13.0,"key":"SMITH"},{"data":"Barricade","floor":15.0,"key":"SMITH"},{"data":"Feed","floor":23.0,"key":"SMITH"},{"data":"Rampage","floor":24.0,"key":"SMITH"},{"data":"Good Instincts","floor":28.0,"key":"SMITH"},{"data":"Dropkick","floor":30.0,"key":"SMITH"},{"data":"Defend_R","floor":32.0,"key":"SMITH"},{"data":"Finesse","floor":40.0,"key":"SMITH"},{"data":"Defend_R","floor":42.0,"key":"SMITH"},{"floor":49.0,"key":"RECALL"},{"data":"Defend_R","floor":52.0,"key":"SMITH"}],"circlet_count":0,"master_deck":["Strike_R+1","Strike_R+1","Defend_R","Defend_R+1","Defend_R+1","Defend_R+1","Bash+1","Rampage+1","Good Instincts+1","Dropkick+1","Body Slam+1","Seeing Red","Shrug It Off+1","Barricade+1","Feed+1","Iron Wave+1","Metallicize+1","Reaper","Finesse+1","Entrench+1","Shockwave"],"relics":["Burning Blood","HandDrill","Mercury Hourglass","Pantograph","Philosopher\u0027s Stone","Sling","Happy Flower","HornCleat","Coffee Dripper","Mummified Hand","MerchantsRug","CaptainsWheel","Oddly Smooth Stone","Letter Opener"],"acts_visited":["Exordium","TheCity","TheBeyond","TheEnding"],"potions_floor_usage":[55,55,55],"damage_taken":[{"damage":0.0,"enemies":"Cultist","floor":1.0,"turns":3.0},{"damage":0.0,"enemies":"Jaw Worm","floor":2.0,"turns":2.0},{"damage":5.0,"enemies":"Small Slimes","floor":3.0,"turns":3.0},{"damage":0.0,"enemies":"Looter","floor":5.0,"turns":3.0},{"damage":17.0,"enemies":"3 Sentries","floor":7.0,"turns":6.0},{"damage":14.0,"enemies":"Gremlin Nob","floor":10.0,"turns":3.0},{"damage":0.0,"enemies":"Gremlin Gang","floor":12.0,"turns":4.0},{"damage":15.0,"enemies":"Lagavulin","floor":14.0,"turns":5.0},{"damage":27.0,"enemies":"Hexaghost","floor":16.0,"turns":8.0},{"damage":22.0,"enemies":"3 Byrds","floor":18.0,"turns":6.0},{"damage":1.0,"enemies":"Spheric Guardian","floor":21.0,"turns":4.0},{"damage":15.0,"enemies":"Chosen and Byrds","floor":25.0,"turns":6.0},{"damage":0.0,"enemies":"Centurion and Healer","floor":27.0,"turns":4.0},{"damage":0.0,"enemies":"Gremlin Leader","floor":29.0,"turns":8.0},{"damage":11.0,"enemies":"Cultist and Chosen","floor":31.0,"turns":5.0},{"damage":39.0,"enemies":"Collector","floor":33.0,"turns":13.0},{"damage":8.0,"enemies":"3 Shapes","floor":35.0,"turns":4.0},{"damage":2.0,"enemies":"Orb Walker","floor":36.0,"turns":5.0},{"damage":13.0,"enemies":"3 Darklings","floor":38.0,"turns":6.0},{"damage":14.0,"enemies":"Sphere and 2 Shapes","floor":41.0,"turns":8.0},{"damage":2.0,"enemies":"Maw","floor":44.0,"turns":9.0},{"damage":0.0,"enemies":"Jaw Worm Horde","floor":46.0,"turns":4.0},{"damage":0.0,"enemies":"Transient","floor":47.0,"turns":5.0},{"damage":0.0,"enemies":"Maw","floor":48.0,"turns":7.0},{"damage":4.0,"enemies":"Time Eater","floor":50.0,"turns":14.0},{"damage":29.0,"enemies":"Shield and Spear","floor":54.0,"turns":8.0},{"damage":142,"enemies":"The Heart","floor":55,"turns":12}],"seed_played":"-7584582693867832931","potions_obtained":[{"floor":1.0,"key":"FearPotion"},{"floor":3.0,"key":"ElixirPotion"},{"floor":7.0,"key":"BlessingOfTheForge"},{"floor":12.0,"key":"FearPotion"},{"floor":14.0,"key":"ColorlessPotion"},{"floor":18.0,"key":"Swift Potion"},{"floor":25.0,"key":"SteroidPotion"},{"floor":31.0,"key":"SpeedPotion"},{"floor":33.0,"key":"DistilledChaos"},{"floor":36.0,"key":"Fruit Juice"},{"floor":38.0,"key":"SteroidPotion"},{"floor":44.0,"key":"GamblersBrew"},{"floor":46.0,"key":"ColorlessPotion"},{"floor":54.0,"key":"Block Potion"}],"is_trial":false,"path_per_floor":["M","M","M","?","M","R","E","R","T","E","$","M","R","E","R","B",null,"M","?","$","M","?","R","R","M","T","M","R","E","R","M","R","B",null,"M","M","?","M","?","R","M","R","T","M","$","M","M","M","R","B",null,"R","$","E","B"],"character_chosen":"IRONCLAD","items_purchased":["HandDrill","Eternal Feather","Mercury Hourglass","WingedGreaves","Rampage","Good Instincts","Explosive Potion","Shrug It Off","Sling","Happy Flower","MerchantsRug","CaptainsWheel","Oddly Smooth Stone"],"campfire_rested":0,"item_purchase_floors":[0,0,0,0,0,0,0,11,20,20,45,45,53],"current_hp_per_floor":[41,47,48,48,54,60,49,55,55,47,62,68,77,68,77,59,80,64,64,79,83,67,76,85,76,76,86,92,92,92,91,96,63,96,100,105,105,109,109,109,107,113,113,117,117,121,121,125,125,125,125,125,125,106,0,0],"gold":56,"neow_bonus":"","is_daily":false,"chose_seed":false,"campfire_upgraded":12,"win_rate":0.0,"timestamp":1611033958,"path_taken":["M","?","M","?","M","R","E","R","T","E","$","M","R","E","R","BOSS","M","?","$","M","?","R","R","M","T","M","R","E","R","M","R","BOSS","M","M","?","?","?","R","M","R","T","?","$","M","M","M","R","BOSS","R","$","E","BOSS"],"items_purchased_type":["Relic","Relic","Relic","Relic","Card","Card","Potion","Card","Relic","Relic","Relic","Relic","Relic"],"build_version":"2020-12-22","purchased_purges":1,"victory":false,"max_hp_per_floor":[80,80,80,80,80,80,80,80,80,80,80,80,80,80,80,80,80,80,80,80,83,88,88,88,88,88,92,92,92,92,96,96,96,96,100,105,105,109,109,109,113,113,113,117,117,121,121,125,125,125,125,125,125,125,125,125],"card_choices":[{"not_picked":["Sword Boomerang","Pommel Strike","Thunderclap"],"picked":"SKIP","floor":1.0},{"not_picked":["Infernal Blade","Intimidate"],"picked":"Dropkick","floor":2.0},{"not_picked":["Armaments","Sever Soul"],"picked":"Body Slam","floor":3.0},{"not_picked":["Sentinel","Twin Strike","Sword Boomerang"],"picked":"SKIP","floor":5.0},{"not_picked":["Armaments","Havoc"],"picked":"Seeing Red","floor":7.0},{"not_picked":["Dropkick","Fire Breathing","Berserk"],"picked":"SKIP","floor":10.0},{"not_picked":["Sword Boomerang","Iron Wave","Body Slam"],"picked":"SKIP","floor":12.0},{"not_picked":["Dual Wield","Seeing Red"],"picked":"Barricade","floor":14.0},{"not_picked":["Juggernaut","Bludgeon"],"picked":"Feed","floor":16.0},{"not_picked":["Fire Breathing+1","Intimidate"],"picked":"Iron Wave+1","floor":18.0},{"not_picked":["Flex+1","Dark Embrace"],"picked":"Metallicize+1","floor":21.0},{"not_picked":["Clash","Clothesline+1","Body Slam"],"picked":"SKIP","floor":25.0},{"not_picked":["Sentinel","Evolve","Anger+1"],"picked":"SKIP","floor":27.0},{"not_picked":["Sword Boomerang","Second Wind","Twin Strike"],"picked":"SKIP","floor":29.0},{"not_picked":["Clothesline","Warcry+1","Perfected Strike"],"picked":"SKIP","floor":31.0},{"not_picked":["Exhume","Berserk"],"picked":"Reaper","floor":33.0},{"not_picked":["Fire Breathing+1","Sever Soul+1","Armaments+1"],"picked":"SKIP","floor":35.0},{"not_picked":["Thunderclap","Bloodletting","Searing Blow+1"],"picked":"SKIP","floor":36.0},{"not_picked":["Thunderclap","Bloodletting","Searing Blow+1"],"picked":"SKIP","floor":36.0},{"not_picked":["Sword Boomerang+1","Iron Wave+1","Clash"],"picked":"SKIP","floor":38.0},{"not_picked":["Hemokinesis","Spot Weakness","Shrug It Off"],"picked":"SKIP","floor":41.0},{"not_picked":["Power Through","Shockwave","Wild Strike"],"picked":"SKIP","floor":44.0},{"not_picked":["Inflame+1","Combust+1","Iron Wave"],"picked":"SKIP","floor":46.0},{"not_picked":["Perfected Strike","Exhume","Second Wind+1"],"picked":"SKIP","floor":47.0},{"not_picked":["Wild Strike+1","Iron Wave+1"],"picked":"Entrench+1","floor":48.0},{"not_picked":["Thunderclap+1","Pommel Strike"],"picked":"Shockwave","floor":54.0}],"player_experience":1365630,"relics_obtained":[{"floor":7.0,"key":"Peace Pipe"},{"floor":9.0,"key":"Pantograph"},{"floor":10.0,"key":"MealTicket"},{"floor":14.0,"key":"Whetstone"},{"floor":29.0,"key":"HornCleat"},{"floor":43.0,"key":"Mummified Hand"},{"floor":54.0,"key":"Letter Opener"}],"event_choices":[{"damage_healed":0.0,"max_hp_gain":0.0,"max_hp_loss":0.0,"gold_gain":0.0,"event_name":"The Woman in Blue","player_choice":"Bought 0 Potions","floor":4.0,"gold_loss":0.0,"damage_taken":0.0},{"cards_removed":["Strike_R"],"damage_healed":0.0,"max_hp_gain":0.0,"max_hp_loss":0.0,"gold_gain":0.0,"event_name":"Beggar","player_choice":"Gave Gold","floor":19.0,"gold_loss":75.0,"damage_taken":0.0},{"damage_healed":0.0,"max_hp_gain":5.0,"max_hp_loss":0.0,"gold_gain":0.0,"event_name":"Forgotten Altar","player_choice":"Shed Blood","floor":22.0,"gold_loss":0.0,"damage_taken":21.0},{"cards_removed":["Strike_R"],"damage_healed":0.0,"max_hp_gain":0.0,"max_hp_loss":0.0,"gold_gain":0.0,"event_name":"Wheel of Change","player_choice":"Card Removal","floor":37.0,"gold_loss":0.0,"damage_taken":0.0},{"damage_healed":0.0,"max_hp_gain":0.0,"max_hp_loss":0.0,"gold_gain":0.0,"event_name":"Match and Keep!","player_choice":"1 cards matched","floor":39.0,"gold_loss":0.0,"damage_taken":0.0,"cards_obtained":["Finesse"]}],"is_beta":false,"boss_relics":[{"not_picked":["Empty Cage","Runic Dome"],"picked":"Philosopher\u0027s Stone"},{"not_picked":["Cursed Key","Tiny House"],"picked":"Coffee Dripper"}],"items_purged_floors":[0],"is_endless":false,"potions_floor_spawned":[1,3,7,12,14,18,25,31,33,36,38,44,46,54],"killed_by":"The Heart","ascension_level":0}}