{"host":"61xbmbtf5zrn7rzc","time":1611039507,"event":{"mods":["BaseMod","Challenge The Spire","Hubris","Infinite Spire","Minty Spire (QoL Compilation)","Replay The Spire","StSLib","SuperFastMode"],"gold_per_floor":[115,290,17,29,43,74,89,105,105,105,105,121,132,149,149,246,246,261,274,274,286,286,286,286],"floor_reached":23,"language":"ENG","playtime":961,"items_purged":["Doubt"],"score":236,"play_id":"790d8062-029f-4028-852e-6c6fef91927b","local_time":"20210119015827","is_ascension_mode":true,"campfire_choices":[{"floor":10,"key":"RECALL"},{"floor":15,"key":"REST"}],"circlet_count":0,"master_deck":["Strike_R","Strike_R","Strike_R","Strike_R","Strike_R","Defend_R","Defend_R","Defend_R","Defend_R","Bash","Power Through","Shrug It Off","Inflame","Sword Boomerang","Offering","Shrug It Off","Fire Breathing+1","Replay:Fractal Strike","True Grit"],"relics":["Burning Blood","NeowsBlessing","ReplayTheSpireMod:Spearhead","Replay:Wax Seal","Dream Catcher","hubris:TerracottaHorce","MealTicket","infinitespire:Burning Sword","hubris:Towel"],"acts_visited":["Exordium","TheCity"],"potions_floor_usage":[6,16,16,23],"damage_taken":[{"damage":0,"enemies":"2 Louse","floor":1,"turns":1},{"damage":0,"enemies":"Jaw Worm","floor":4,"turns":1},{"damage":0,"enemies":"Cultist","floor":5,"turns":1},{"damage":55,"enemies":"3 Sentries","floor":6,"turns":12},{"damage":9,"enemies":"Blue Slaver","floor":7,"turns":4},{"damage":10,"enemies":"Large Slime","floor":8,"turns":4},{"damage":8,"enemies":"2 Fungi Beasts","floor":12,"turns":3},{"damage":8,"enemies":"Exordium Wildlife","floor":13,"turns":5},{"damage":10,"enemies":"Lots of Slimes","floor":14,"turns":5},{"damage":48,"enemies":"The Guardian","floor":16,"turns":18},{"damage":15,"enemies":"3 Byrds","floor":18,"turns":7},{"damage":19,"enemies":"Spheric Guardian","floor":19,"turns":6},{"damage":23,"enemies":"Cultist and Chosen","floor":21,"turns":6},{"damage":28,"enemies":"Nightmare","floor":23,"turns":7}],"seed_played":"-2756755897663344904","potions_obtained":[{"floor":1,"key":"SkillPotion"},{"floor":5,"key":"SmokeBomb"},{"floor":8,"key":"Explosive Potion"},{"floor":12,"key":"FearPotion"},{"floor":13,"key":"Swift Potion"},{"floor":14,"key":"FairyPotion"},{"floor":18,"key":"Block Potion"}],"is_trial":false,"path_per_floor":["M","?","$","M","M","E","M","M","T","R","T","M","M","M","R","B",null,"M","M","AVR","M","?","NM"],"character_chosen":"IRONCLAD","items_purchased":["ReplayTheSpireMod:Spearhead","Shrug It Off"],"campfire_rested":1,"item_purchase_floors":[3,3],"current_hp_per_floor":[80,80,80,80,80,31,28,24,24,24,24,22,20,16,40,25,66,57,44,44,27,27,0,0],"gold":286,"neow_bonus":"THREE_ENEMY_KILL","is_daily":false,"chose_seed":false,"campfire_upgraded":0,"win_rate":0.0,"timestamp":1611039507,"path_taken":["M","?","$","M","M","E","M","M","T","R","?","M","?","M","R","BOSS","M","M","AVR","M","?","NM"],"items_purchased_type":["Relic","Card"],"build_version":"2020-12-22","purchased_purges":1,"victory":false,"max_hp_per_floor":[80,80,80,80,80,80,80,80,80,80,80,80,80,80,80,80,80,80,80,80,80,80,80,80],"card_choices":[{"not_picked":["Twin Strike","ReplayTheSpireMod:LeadingStrike"],"picked":"Power Through","floor":1},{"not_picked":["True Grit","Hemokinesis"],"picked":"Inflame","floor":4},{"not_picked":["Flame Barrier","Twin Strike"],"picked":"Sword Boomerang","floor":5},{"not_picked":["Body Slam","Cleave"],"picked":"Offering","floor":6},{"not_picked":["Flex","Abandon"],"picked":"Shrug It Off","floor":7},{"not_picked":["Defy Death","Headbutt","Second Wind"],"picked":"SKIP","floor":8},{"not_picked":["Clash","ReplayTheSpireMod:Strike From Hell","Shrug It Off"],"picked":"SKIP","floor":12},{"not_picked":["Whirlwind","Armaments","Rampage"],"picked":"SKIP","floor":13},{"not_picked":["Clothesline","Ghostly Armor","Rage"],"picked":"SKIP","floor":14},{"not_picked":["ReplayTheSpireMod:Corrosion Curse+1","Run Through"],"picked":"Fire Breathing+1","floor":18},{"not_picked":["Flex","Clash","Warcry"],"picked":"SKIP","floor":19},{"not_picked":["Clothesline","Demon Form"],"picked":"True Grit","floor":21}],"player_experience":137300,"relics_obtained":[{"floor":6,"key":"Replay:Wax Seal"},{"floor":11,"key":"Dream Catcher"}],"event_choices":[{"damage_healed":0,"gold_gain":175,"player_choice":"AGREE","damage_taken":0,"max_hp_gain":0,"max_hp_loss":0,"event_name":"Liars Game","floor":2,"gold_loss":0,"cards_obtained":["Doubt"]}],"is_beta":false,"boss_relics":[{"not_picked":["Calling Bell","Runic Cube"],"picked":"hubris:TerracottaHorce"}],"items_purged_floors":[3],"is_endless":false,"potions_floor_spawned":[1,5,8,12,13,14,18],"killed_by":"Nightmare","ascension_level":4}}