{"host":"swphzoo6hmc78epl","time":1611023636,"event":{"mods":["BaseMod","Highlight Path","Minty Spire (QoL Compilation)","Quick Restart"],"gold_per_floor":[109,121,138,154,165,165,183,183,183,198,198,218,218,228,228,332,332,344,344,344,359,359,359,359,359],"floor_reached":24,"language":"ENG","playtime":1256,"items_purged":[],"score":227,"play_id":"0768f2bb-3713-491f-bcee-cf44ee0567fd","local_time":"20210118213356","is_ascension_mode":true,"campfire_choices":[{"data":"Fission","floor":6,"key":"SMITH"},{"data":"Sweeping Beam","floor":11,"key":"SMITH"},{"data":"Cold Snap","floor":15,"key":"SMITH"},{"data":"Ghostly","floor":23,"key":"SMITH"}],"circlet_count":0,"master_deck":["Strike_B","Strike_B","Strike_B","Defend_B","Defend_B","Defend_B","Defend_B","Zap","Dualcast","Barrage","Gash","Sweeping Beam+1","Rebound","Fission+1","Cold Snap+1","Compile Driver","Static Discharge","CurseOfTheBell","Coolheaded","Ghostly+1","Ghostly","Ghostly","Ghostly","Ghostly","All For One"],"relics":["Cracked Core","Bag of Preparation","Pear","Calling Bell","Boot","White Beast Statue","Bird Faced Urn","Nilry\u0027s Codex"],"acts_visited":["TheCity"],"potions_floor_usage":[7,16,16,21,24],"damage_taken":[{"damage":5,"enemies":"Small Slimes","floor":1,"turns":3},{"damage":1,"enemies":"Cultist","floor":2,"turns":3},{"damage":1,"enemies":"Jaw Worm","floor":3,"turns":3},{"damage":0,"enemies":"2 Fungi Beasts","floor":4,"turns":2},{"damage":20,"enemies":"Large Slime","floor":5,"turns":6},{"damage":11,"enemies":"Exordium Wildlife","floor":7,"turns":4},{"damage":5,"enemies":"Looter","floor":10,"turns":3},{"damage":2,"enemies":"Blue Slaver","floor":12,"turns":3},{"damage":10,"enemies":"2 Fungi Beasts","floor":14,"turns":2},{"damage":1,"enemies":"Slime Boss","floor":16,"turns":5},{"damage":28,"enemies":"Shell Parasite","floor":18,"turns":9},{"damage":18,"enemies":"2 Thieves","floor":21,"turns":2},{"damage":25,"enemies":"Book of Stabbing","floor":24,"turns":6}],"seed_played":"-514790784413933257","potions_obtained":[{"floor":3,"key":"AttackPotion"},{"floor":7,"key":"FearPotion"},{"floor":10,"key":"FocusPotion"},{"floor":12,"key":"SteroidPotion"},{"floor":16,"key":"BlessingOfTheForge"},{"floor":18,"key":"EssenceOfDarkness"},{"floor":21,"key":"Block Potion"}],"is_trial":false,"path_per_floor":["M","M","M","M","M","R","M","?","T","M","R","M","?","M","R","B",null,"M","?","?","M","?","R","E"],"character_chosen":"DEFECT","items_purchased":[],"campfire_rested":0,"item_purchase_floors":[],"current_hp_per_floor":[70,69,68,68,48,48,37,37,47,42,42,40,45,35,35,34,90,62,45,45,27,11,11,0,0],"gold":359,"neow_bonus":"RANDOM_COMMON_RELIC","is_daily":false,"chose_seed":false,"campfire_upgraded":4,"win_rate":0.0,"timestamp":1611023636,"path_taken":["M","M","M","M","M","R","M","?","T","M","R","M","?","M","R","BOSS","M","?","?","?","?","R","E"],"items_purchased_type":[],"build_version":"2020-12-22","purchased_purges":0,"victory":false,"max_hp_per_floor":[75,75,75,75,75,75,75,75,85,85,85,85,90,90,90,90,90,90,45,45,45,45,45,45,45],"card_choices":[{"not_picked":["Consume","Redo"],"picked":"Barrage","floor":1},{"not_picked":["Blizzard","Compile Driver"],"picked":"Gash","floor":2},{"not_picked":["Heatsinks","Coolheaded"],"picked":"Sweeping Beam","floor":3},{"not_picked":["Compile Driver","Coolheaded"],"picked":"Rebound","floor":4},{"not_picked":["Steam","Redo"],"picked":"Fission","floor":5},{"not_picked":["Leap","Turbo","Recycle"],"picked":"SKIP","floor":7},{"not_picked":["Coolheaded","White Noise"],"picked":"Cold Snap","floor":10},{"not_picked":["Leap","Genetic Algorithm"],"picked":"Compile Driver","floor":12},{"not_picked":["Meteor Strike","Rip and Tear"],"picked":"Static Discharge","floor":14},{"not_picked":["Amplify","Multi-Cast"],"picked":"Hyperbeam","floor":16},{"not_picked":["Turbo","Stack"],"picked":"Coolheaded","floor":18},{"not_picked":["Coolheaded","BootSequence","Rebound"],"picked":"SKIP","floor":21}],"player_experience":774284,"relics_obtained":[{"floor":9,"key":"Pear"},{"floor":17,"key":"Boot"},{"floor":17,"key":"White Beast Statue"},{"floor":17,"key":"Bird Faced Urn"},{"floor":22,"key":"Nilry\u0027s Codex"}],"event_choices":[{"cards_removed":["Strike_B"],"damage_healed":0,"gold_gain":0,"player_choice":"Forget","damage_taken":0,"max_hp_gain":0,"max_hp_loss":0,"event_name":"Living Wall","floor":8,"gold_loss":0},{"damage_healed":0,"gold_gain":0,"player_choice":"Donut","damage_taken":0,"max_hp_gain":5,"max_hp_loss":0,"event_name":"Big Fish","floor":13,"gold_loss":0},{"damage_healed":0,"gold_gain":0,"player_choice":"Became a Ghost","damage_taken":0,"max_hp_gain":0,"max_hp_loss":45,"event_name":"Ghosts","floor":19,"gold_loss":0,"cards_obtained":["Ghostly","Ghostly","Ghostly","Ghostly","Ghostly"]},{"damage_healed":0,"gold_gain":0,"cards_transformed":["Hyperbeam"],"player_choice":"Transformed","damage_taken":0,"max_hp_gain":0,"max_hp_loss":0,"event_name":"Transmorgrifier","floor":20,"gold_loss":0,"cards_obtained":["All For One"]},{"damage_healed":0,"gold_gain":0,"player_choice":"Obtained Book","damage_taken":16,"max_hp_gain":0,"max_hp_loss":0,"event_name":"Cursed Tome","floor":22,"gold_loss":0}],"is_beta":false,"boss_relics":[{"not_picked":["Sozu","Cursed Key"],"picked":"Calling Bell"}],"items_purged_floors":[],"is_endless":false,"potions_floor_spawned":[3,7,10,12,16,18,21],"killed_by":"Book of Stabbing","ascension_level":1}}