{"host":"2zc57igszyqgae0y","time":1611036309,"event":{"mods":["ATMod(°¢èªMod)","Act Like it!","Aspiration","BaseMod","CapriCore","Gensokyo","GifTheSpireLib","Minty Spire (QoL Compilation)","Quick Restart","Rare Cards Sparkle","Replay The Spire","RumiaBox-Â¶Ã×æ«µÄÉñÃØºÐ×Ó","SIMod","Shop Mod","StSLib","The Administrix","[IsaacMod]ÒÔÈö¼âËþ","vexMod"],"gold_per_floor":[118,118,133,133,58,58,89,89,89,89,89,129,129,144,144,276,276,322,387,387,434,187,242,242,300,300,427,65,105,105,150,150,382,382,458,333,333,376,376,531,531,67,94,94,166,216,264,74,74,174],"floor_reached":51,"language":"ZHS","playtime":1864,"items_purged":["CommonCold","Alpha","Establishment","Writhe"],"score":1328,"play_id":"aad3a451-bcb6-4939-98a4-763f3d9db699","local_time":"20210119140509","is_ascension_mode":true,"campfire_choices":[{"data":"Eruption","floor":6.0,"key":"SMITH"},{"data":"AT_FamilyPortrait","floor":8.0,"key":"SMITH"},{"data":"Wish","floor":10.0,"key":"SMITH"},{"data":"AT_ChampionKick","floor":13.0,"key":"SMITH"},{"data":"DeusExMachina","floor":15.0,"key":"SMITH"},{"data":"Fasting2","floor":32.0,"key":"SMITH"},{"data":"DevaForm","floor":41,"key":"SMITH"},{"data":"Omniscience","floor":41,"key":"SMITH"},{"floor":49,"key":"REST"}],"circlet_count":0,"master_deck":["AT_FamilyPortrait+1","Blasphemy+1","Devotion","DeusExMachina+1","Wish+1","AT_ChampionKick+1","AT_IrregularMenstruation","Scrawl","Ragnarok","ReachHeaven","DevaForm+1","Omniscience+1","Protect","Evaluate","Fasting2+1","Swivel","ClearTheMind","Forethought"],"relics":["PureWater","HushsDoor","AT_ATBox","Torii","SatanicBible","Ring of Peace","SumBook","Kunai","Runic Pyramid","Red Mask","TheAbacus","Mirror","AT_TheCollector","BlankCard","Blood Vial","Mango","AT_TrinityForce","Replay:Arrowhead","Sling","Strawberry","TheBean","BargainBundle"],"acts_visited":["Exordium","TheCity","TheBeyond"],"potions_floor_usage":[50],"damage_taken":[{"damage":6.0,"enemies":"2 Louse","floor":1.0,"turns":2.0},{"damage":0.0,"enemies":"Cultist","floor":3.0,"turns":2.0},{"damage":7.0,"enemies":"3 Sentries","floor":7.0,"turns":3.0},{"damage":0.0,"enemies":"Jaw Worm","floor":12.0,"turns":2.0},{"damage":0.0,"enemies":"Exordium Wildlife","floor":14.0,"turns":1.0},{"damage":0.0,"enemies":"The Guardian","floor":16.0,"turns":5.0},{"damage":0.0,"enemies":"Shell Parasite","floor":18.0,"turns":3.0},{"damage":7.0,"enemies":"Masked Bandits","floor":19.0,"turns":3.0},{"damage":1.0,"enemies":"Chosen","floor":21.0,"turns":4.0},{"damage":19.0,"enemies":"Slavers","floor":23.0,"turns":4.0},{"damage":18.0,"enemies":"Gremlin Leader","floor":25.0,"turns":5.0},{"damage":0.0,"enemies":"Slavers","floor":27.0,"turns":1.0},{"damage":0.0,"enemies":"Snecko","floor":29.0,"turns":4.0},{"damage":7.0,"enemies":"Snake Plant","floor":31.0,"turns":4.0},{"damage":21.0,"enemies":"Champ","floor":33.0,"turns":6.0},{"damage":7,"enemies":"3 Darklings","floor":35,"turns":3},{"damage":6,"enemies":"3 Shapes","floor":38,"turns":3},{"damage":0,"enemies":"R_Hoarder","floor":40,"turns":4},{"damage":8,"enemies":"Jaw Worm Horde","floor":45,"turns":3},{"damage":19,"enemies":"4 Shapes","floor":46,"turns":4},{"damage":39,"enemies":"3 Darklings","floor":47,"turns":5},{"damage":36,"enemies":"Time Eater","floor":50,"turns":4}],"seed_played":"-7488555365961245764","potions_obtained":[{"floor":7.0,"key":"Weak Potion"},{"floor":14.0,"key":"Energy Potion"},{"floor":19.0,"key":"Dexterity Potion"},{"floor":31.0,"key":"CultistPotion"},{"floor":33.0,"key":"FairyPotion"}],"is_trial":false,"path_per_floor":["M","?","M","?","$","R","E","R","T","R","$","M","R","M","R","B",null,"M","?","?","M","$","E","?","E","T","E","$","M","?","M","R","B",null,"M","$","?","M","?","E","R","$","T","?","M","M","M","$","R","B",null],"character_chosen":"WATCHER","items_purchased":["Omniscience","TheAbacus","Fasting2","Mango","Sling","Strawberry","BargainBundle","Forethought"],"campfire_rested":1,"item_purchase_floors":[17,22,28,28,42,42,48,48],"current_hp_per_floor":[59,59,59,59,59,59,52,52,52,52,52,52,52,52,52,52,59,59,52,58,57,57,38,58,40,40,40,54,75,61,56,56,37,69,64,64,64,60,80,80,80,87,87,87,79,62,25,25,51,17],"gold":174,"neow_bonus":"ONE_RARE_RELIC","is_daily":false,"chose_seed":false,"campfire_upgraded":8,"win_rate":0.0,"timestamp":1611036309,"path_taken":["M","?","M","?","$","R","E","R","T","R","$","M","R","M","R","BOSS","M","?","?","M","$","E","?","E","T","E","$","M","?","M","R","BOSS","M","$","?","?","?","E","R","$","T","?","M","M","M","$","R","BOSS"],"items_purchased_type":["Card","Relic","Card","Relic","Relic","Relic","Relic","Card"],"build_version":"2020-12-22","purchased_purges":4,"victory":true,"max_hp_per_floor":[65,65,65,65,65,65,65,65,65,65,65,65,65,65,65,65,61,61,61,61,61,61,61,61,61,61,61,75,75,80,80,80,80,80,80,80,80,80,80,80,80,87,87,87,87,87,87,87,87,87],"card_choices":[{"not_picked":["WreathOfFlame","Evaluate","SandsOfTime"],"picked":"SKIP","floor":1.0},{"not_picked":["SashWhip","FollowUp","ThirdEye"],"picked":"SKIP","floor":3.0},{"not_picked":["Replay:LoomingThreat","Prostrate"],"picked":"ReachHeaven","floor":7.0},{"not_picked":["Tantrum","Halt","Perseverance"],"picked":"SKIP","floor":12.0},{"not_picked":["Weave","Study","Prostrate"],"picked":"SKIP","floor":14.0},{"not_picked":["Ragnarok","Vault"],"picked":"DevaForm","floor":16.0},{"not_picked":["AT_OneInchPunch","Consecrate"],"picked":"Protect","floor":18.0},{"not_picked":["Worship","Evaluate","Replay:BluntJabs+1"],"picked":"SKIP","floor":21.0},{"not_picked":["ThirdEye","Protect"],"picked":"Evaluate","floor":23.0},{"not_picked":["Halt","Pray+1","Replay:ManipulateFuture"],"picked":"SKIP","floor":25.0},{"not_picked":["CrushJoints","JustLucky","Replay:BluntJabs+1"],"picked":"SKIP","floor":27.0},{"not_picked":["ReachHeaven+1","PathToVictory+1","SignatureMove"],"picked":"SKIP","floor":29.0},{"not_picked":["WheelKick","AT_MachinaRedman"],"picked":"Swivel","floor":31.0},{"not_picked":["FlyingSleeves+1","ClearTheMind","Halt+1"],"picked":"SKIP","floor":35},{"not_picked":["Worship+1","WheelKick","Replay:Vibes+1"],"picked":"SKIP","floor":38},{"not_picked":["ThirdEye+1","Collect","PathToVictory"],"picked":"SKIP","floor":40},{"not_picked":["WheelKick+1","Scrawl"],"picked":"ClearTheMind","floor":45},{"not_picked":["Prostrate","EmptyFist","ClearTheMind+1"],"picked":"SKIP","floor":46},{"not_picked":["PathToVictory+1","Replay:BluntJabs","CutThroughFate"],"picked":"SKIP","floor":47}],"player_experience":288875,"relics_obtained":[{"floor":4.0,"key":"Ring of Peace"},{"floor":7.0,"key":"SumBook"},{"floor":9.0,"key":"Kunai"},{"floor":19.0,"key":"Red Mask"},{"floor":23.0,"key":"Mirror"},{"floor":25.0,"key":"AT_TheCollector"},{"floor":26.0,"key":"BlankCard"},{"floor":27.0,"key":"Blood Vial"},{"floor":40,"key":"Replay:Arrowhead"},{"floor":43,"key":"TheBean"}],"event_choices":[{"damage_healed":0.0,"max_hp_gain":0.0,"max_hp_loss":0.0,"gold_gain":0.0,"event_name":"Masked Bandits","player_choice":"Fought Bandits","floor":19.0,"gold_loss":0.0,"damage_taken":0.0},{"damage_healed":20.0,"max_hp_gain":0.0,"max_hp_loss":0.0,"gold_gain":0.0,"event_name":"The Library","player_choice":"Heal","floor":24.0,"gold_loss":0.0,"damage_taken":0.0},{"damage_healed":0.0,"max_hp_gain":5.0,"max_hp_loss":0.0,"gold_gain":0.0,"event_name":"Forgotten Altar","player_choice":"Shed Blood","floor":30.0,"gold_loss":0.0,"damage_taken":19.0},{"damage_healed":20,"gold_gain":0,"player_choice":"Writhe","damage_taken":0,"max_hp_gain":0,"max_hp_loss":0,"event_name":"Winding Halls","floor":39,"gold_loss":0,"cards_obtained":["Writhe"]}],"is_beta":false,"boss_relics":[{"not_picked":["vexMod:CursedCompass","Honey Jar"],"picked":"Runic Pyramid"},{"not_picked":[]},{"not_picked":["Philosopher\u0027s Stone","Empty Cage"],"picked":"AT_TrinityForce"},{"not_picked":[]}],"items_purged_floors":[5,22,36,42],"is_endless":false,"potions_floor_spawned":[7,14,19,21,29,31,33,35,46],"ascension_level":8}}