{"host":"xobdcpbm4ckypiai","time":1611037578,"event":{"mods":["BaseMod","Hermit","Minty Spire (QoL Compilation)","Replay The Spire","Spicy Shops","StSLib","¡¾ÒÅÎï¿¨ÅÆ¡¿REMEMod"],"gold_per_floor":[112,43,76,76,26,97,97,97,179,195,264,309,309,347,347,476,776,810,843,878,156,156,194,217,217,217,256,324,324,362,435,435,630,630,683,707,66,110,36,36,112,22,22,22,75,111,111,171,171,181],"floor_reached":51,"language":"ZHS","playtime":3354,"items_purged":["hermit:Strike_Hermit","hermit:Strike_Hermit"],"score":1002,"play_id":"bd2b506f-ca9a-44fa-96e5-ea59c1f629c6","local_time":"20210119142618","is_ascension_mode":false,"campfire_choices":[{"data":"hermit:GoldenBullet","floor":8.0,"key":"SMITH"},{"data":"hermit:DeadOrAlive","floor":15.0,"key":"SMITH"},{"data":"hermit:Magnum","floor":25.0,"key":"SMITH"},{"floor":29.0,"key":"DIG"},{"floor":32,"key":"DIG"},{"floor":40,"key":"DIG"},{"floor":44,"key":"DIG"},{"floor":47,"key":"DIG"},{"floor":49,"key":"DIG"}],"circlet_count":1,"master_deck":["hermit:Defend_Hermit+1","hermit:Defend_Hermit+1","hermit:Defend_Hermit+1","hermit:Defend_Hermit+1","hermit:Snapshot","hermit:Covet","hermit:DeadOrAlive+1","hermit:GoldenBullet+1","hermit:Gambit","hermit:FullyLoaded+1","hermit:Magnum+1","CurseOfTheBell","hermit:Quickdraw+1","hermit:Gestalt+1","Ghostly+1","Ghostly","Ghostly+1","Ghostly","Ghostly","hermit:LuckOfTheDraw+1","hermit:Glare+1","hermit:DeadOrAlive","hermit:Reprieve","hermit:Scavenge","hermit:Combo+1","hermit:Deadeye"],"relics":["hermit:Momento","REME_ComplimentaryCards","NeowsBlessing","Golden Idol","Replay:Kaleidoscope","Circlet","Bottled Flame","Bronze Scales","Odd Mushroom","Calling Bell","Bag of Preparation","Gremlin Horn","Old Coin","Mirror","REME_CardOfGreed","Snack Pack","Replay:Baseball","Shovel","Pear","Replay:Accelerometer","Replay:Bottled Eggs","War Paint","Painkiller Herb","TungstenRod","Darkstone Periapt","Strange Spoon","Torii","Frozen Egg 2","FossilizedHelix","Iron Hammer","Pen Nib","REME_PuzzleBoxRelic","Ornamental Fan"],"acts_visited":["Exordium","TheCity","TheBeyond"],"potions_floor_usage":[36],"damage_taken":[{"damage":0.0,"enemies":"2 Louse","floor":1.0,"turns":1.0},{"damage":0.0,"enemies":"Small Slimes","floor":3.0,"turns":1.0},{"damage":8.0,"enemies":"Gremlin Nob","floor":6.0,"turns":3.0},{"damage":6.0,"enemies":"Cultist","floor":10.0,"turns":4.0},{"damage":21.0,"enemies":"3 Sentries","floor":11.0,"turns":9.0},{"damage":3.0,"enemies":"The Mushroom Lair","floor":12.0,"turns":3.0},{"damage":2.0,"enemies":"2 Fungi Beasts","floor":14.0,"turns":2.0},{"damage":51.0,"enemies":"Fading Forest","floor":16.0,"turns":11.0},{"damage":0.0,"enemies":"Chosen","floor":18.0,"turns":4.0},{"damage":5.0,"enemies":"2 Thieves","floor":19.0,"turns":3.0},{"damage":17.0,"enemies":"Shelled Parasite and Fungi","floor":20.0,"turns":5.0},{"damage":26.0,"enemies":"Gremlin Leader","floor":23.0,"turns":8.0},{"damage":8.0,"enemies":"Centurion and Healer","floor":24.0,"turns":6.0},{"damage":0.0,"enemies":"Snake Plant","floor":27.0,"turns":2.0},{"damage":0.0,"enemies":"Snecko","floor":30.0,"turns":3.0},{"damage":21,"enemies":"Pondfish","floor":33,"turns":10},{"damage":0,"enemies":"3 Shapes","floor":35,"turns":2},{"damage":0,"enemies":"3 Darklings","floor":36,"turns":4},{"damage":0,"enemies":"Spire Growth","floor":38,"turns":4},{"damage":0,"enemies":"2 Orb Walkers","floor":41,"turns":5},{"damage":0,"enemies":"4 Shapes","floor":45,"turns":2},{"damage":0,"enemies":"3 Darklings","floor":46,"turns":5},{"damage":0,"enemies":"Jaw Worm Horde","floor":48,"turns":3},{"damage":0,"enemies":"Awakened One","floor":50,"turns":7}],"seed_played":"4578106813537622686","potions_obtained":[{"floor":6.0,"key":"Doom Potion"},{"floor":11.0,"key":"Energy Potion"},{"floor":12.0,"key":"EntropicBrew"},{"floor":13.0,"key":"Fire Potion"},{"floor":18.0,"key":"Weak Potion"},{"floor":24.0,"key":"Dexterity Potion"},{"floor":27.0,"key":"Block Potion"},{"floor":35,"key":"SteroidPotion"},{"floor":38,"key":"SneckoOil"},{"floor":45,"key":"DistilledChaos"}],"is_trial":false,"path_per_floor":["M","$","M","?","?","E","?","R","T","M","E","?","?","M","R","B",null,"M","M","M","$","?","E","M","R","T","M","T","R","M","?","R","B",null,"?","?","T","?","T","T","?","?","T","T","?","?","T","?","T","B",null],"character_chosen":"HERMIT","items_purchased":["Dead Branch","Mirror","REME_CardOfGreed","Snack Pack","TungstenRod","Darkstone Periapt","Strange Spoon","Torii"],"campfire_rested":0,"item_purchase_floors":[2,21,21,21,37,37,37,39],"current_hp_per_floor":[75,75,75,57,57,49,49,49,49,55,34,31,31,29,29,3,75,75,70,53,53,37,12,21,21,21,28,38,38,47,29,29,10,47,47,47,47,47,47,47,47,47,47,47,47,47,47,47,47,47],"gold":181,"neow_bonus":"THREE_ENEMY_KILL","is_daily":false,"chose_seed":false,"campfire_upgraded":3,"win_rate":0.0,"timestamp":1611037578,"path_taken":["M","$","M","?","?","E","?","R","T","?","E","?","?","M","R","BOSS","M","?","M","$","?","E","M","R","T","M","?","R","M","?","R","BOSS","?","?","T","?","T","T","?","?","T","T","?","?","T","?","T","BOSS"],"items_purchased_type":["Relic","Relic","Relic","Relic","Relic","Relic","Relic","Relic"],"build_version":"2020-12-22","purchased_purges":2,"victory":true,"max_hp_per_floor":[75,75,75,75,75,75,75,75,75,75,75,75,75,75,75,75,75,75,75,75,75,37,37,37,37,37,37,47,47,47,47,47,47,47,47,47,47,47,47,47,47,47,47,47,47,47,47,47,47,47],"card_choices":[{"not_picked":["hermit:LoneWolf","hermit:CursedWeapon","hermit:LowProfile"],"picked":"SKIP","floor":1.0},{"not_picked":["hermit:HighCaliber","hermit:CalledShot"],"picked":"hermit:GoldenBullet","floor":3.0},{"not_picked":["hermit:Snipe","hermit:Misfire"],"picked":"hermit:Gambit","floor":6.0},{"not_picked":["hermit:CalledShot","hermit:TakeAim","hermit:Manifest"],"picked":"SKIP","floor":10.0},{"not_picked":["hermit:TrackingShot","hermit:Glare"],"picked":"hermit:FullyLoaded","floor":11.0},{"not_picked":["hermit:Snipe","hermit:TrackingShot","hermit:Ricochet"],"picked":"SKIP","floor":14.0},{"not_picked":["hermit:OverwhelmingPower","hermit:Reprieve"],"picked":"hermit:Magnum","floor":16.0},{"not_picked":["hermit:GhostlyPresence","hermit:Manifest","hermit:Roulette"],"picked":"SKIP","floor":18.0},{"not_picked":["hermit:CalledShot","hermit:Desperado"],"picked":"hermit:Quickdraw+1","floor":19.0},{"not_picked":["hermit:WideOpen","hermit:ItchyTrigger"],"picked":"hermit:Gestalt+1","floor":20.0},{"not_picked":["hermit:Ricochet","hermit:Grudge","hermit:HighCaliber"],"picked":"SKIP","floor":23.0},{"not_picked":["hermit:Manifest","hermit:HighCaliber","hermit:Vantage+1"],"picked":"SKIP","floor":24.0},{"not_picked":["hermit:PistolWhip","hermit:Misfire","hermit:Manifest"],"picked":"SKIP","floor":27.0},{"not_picked":["hermit:HighCaliber+1","hermit:Headshot"],"picked":"hermit:LuckOfTheDraw+1","floor":30.0},{"not_picked":["hermit:Desperado","hermit:LowProfile"],"picked":"hermit:Glare+1","floor":31.0},{"not_picked":["hermit:LowProfile","hermit:FullyLoaded"],"picked":"hermit:DeadOrAlive","floor":31.0},{"not_picked":["hermit:Adapt","hermit:FinalCanter"],"picked":"hermit:Reprieve","floor":33},{"not_picked":["hermit:ItchyTrigger","hermit:Vantage+1"],"picked":"hermit:Scavenge","floor":35},{"not_picked":["hermit:ItchyTrigger+1","hermit:CursedWeapon+1","hermit:Horror"],"picked":"SKIP","floor":36},{"not_picked":["hermit:DeadMansHand","hermit:LowProfile+1"],"picked":"hermit:Combo+1","floor":38},{"not_picked":["hermit:ShadowCloak+1","hermit:Headshot+1","hermit:Showdown+1"],"picked":"SKIP","floor":45},{"not_picked":["hermit:Headshot","hermit:HighCaliber"],"picked":"hermit:Deadeye","floor":46},{"not_picked":["hermit:Vantage+1","hermit:Misfire+1","hermit:HighCaliber+1"],"picked":"SKIP","floor":48}],"player_experience":55938,"relics_obtained":[{"floor":6.0,"key":"Replay:Kaleidoscope"},{"floor":9.0,"key":"Bottled Flame"},{"floor":11.0,"key":"Bronze Scales"},{"floor":12.0,"key":"Odd Mushroom"},{"floor":17.0,"key":"Bag of Preparation"},{"floor":17.0,"key":"Gremlin Horn"},{"floor":17.0,"key":"Old Coin"},{"floor":23.0,"key":"Replay:Baseball"},{"floor":26.0,"key":"Shovel"},{"floor":28.0,"key":"Pear"},{"floor":29.0,"key":"Replay:Accelerometer"},{"floor":31.0,"key":"Replay:Bottled Eggs"},{"floor":32,"key":"War Paint"},{"floor":40,"key":"Frozen Egg 2"},{"floor":41,"key":"FossilizedHelix"},{"floor":43,"key":"Iron Hammer"},{"floor":44,"key":"Pen Nib"},{"floor":47,"key":"REME_PuzzleBoxRelic"},{"floor":49,"key":"Ornamental Fan"}],"event_choices":[{"damage_healed":0.0,"max_hp_gain":0.0,"max_hp_loss":0.0,"gold_gain":0.0,"event_name":"Golden Idol","player_choice":"Take Damage","floor":4.0,"gold_loss":0.0,"damage_taken":18.0,"relics_obtained":["Golden Idol"]},{"cards_removed":["hermit:Strike_Hermit"],"damage_healed":0.0,"max_hp_gain":0.0,"max_hp_loss":0.0,"gold_gain":0.0,"event_name":"The Cleric","player_choice":"Card Removal","floor":5.0,"gold_loss":50.0,"damage_taken":0.0},{"damage_healed":0.0,"max_hp_gain":0.0,"max_hp_loss":0.0,"gold_gain":0.0,"event_name":"The Woman in Blue","player_choice":"Bought 0 Potions","floor":7.0,"gold_loss":0.0,"damage_taken":0.0},{"damage_healed":0.0,"max_hp_gain":0.0,"max_hp_loss":0.0,"gold_gain":0.0,"event_name":"Mushrooms","player_choice":"Fought Mushrooms","floor":12.0,"gold_loss":0.0,"damage_taken":0.0},{"damage_healed":0.0,"max_hp_gain":0.0,"max_hp_loss":0.0,"gold_gain":0.0,"event_name":"Lab","player_choice":"Got Potions","floor":13.0,"gold_loss":0.0,"damage_taken":0.0},{"damage_healed":0.0,"max_hp_gain":0.0,"max_hp_loss":38.0,"gold_gain":0.0,"event_name":"Ghosts","player_choice":"Became a Ghost","floor":22.0,"gold_loss":0.0,"damage_taken":0.0,"cards_obtained":["Ghostly","Ghostly","Ghostly","Ghostly","Ghostly"]},{"damage_healed":0,"gold_gain":0,"player_choice":"Fight","damage_taken":0,"max_hp_gain":0,"max_hp_loss":0,"event_name":"Mysterious Sphere","floor":41,"gold_loss":0},{"cards_removed":["hermit:Strike_Hermit"],"damage_healed":0,"gold_gain":0,"player_choice":"Upgrade and Remove","damage_taken":0,"max_hp_gain":0,"max_hp_loss":0,"event_name":"Designer","floor":42,"gold_loss":90,"cards_upgraded":["hermit:FullyLoaded"]}],"is_beta":false,"boss_relics":[{"not_picked":["Runic Dome","Busted Crown"],"picked":"Calling Bell"},{"not_picked":["SlaversCollar","Kintsugi"],"picked":"Painkiller Herb"}],"items_purged_floors":[21,37],"is_endless":false,"potions_floor_spawned":[6,11,12,18,24,27,30,35,38,45,46],"ascension_level":0}}