{"host":"bw00wb7p5bw58om7","time":1611089690,"event":{"mods":["100% Spire Juice","Act Like it!","BaseMod","Better Third Choice","CapriCore","Chen","Downfall","Gensokyo","Koishi","KomeijiMod","Marisa????????","Minty Spire (QoL Compilation)","Onozuka Komachi Mod","Permanent Neow","Prisma Mod","Reimu??????","Remilia??????","StSLib","The Administrix","The Immortal","The Senshi","The Servant 0.9.4","Yakumo Yukari mod"],"gold_per_floor":[112,127,146,146,164,164,196,215,215,215,215],"floor_reached":10,"language":"ENG","playtime":770,"items_purged":[],"score":70,"play_id":"5687205c-ee94-41b4-b2c1-a1b439cde918","local_time":"20210119205450","is_ascension_mode":false,"campfire_choices":[{"data":"UniversalSpiritual:ReiMu","floor":6,"key":"SMITH"}],"circlet_count":0,"master_deck":["Strike_Lin:ReiMu","Strike_Lin:ReiMu","Strike_Lin:ReiMu","Strike_Lin:ReiMu","Defend_Lin:ReiMu","Defend_Lin:ReiMu","Defend_Lin:ReiMu","Defend_Lin:ReiMu","NB:ReiMu","Stagnation:ReiMu","RainPray2:ReiMu","UniversalSpiritual:ReiMu+1","SealNeedle:ReiMu","OrbThrow:ReiMu","TightArray:ReiMu","OrbThrow:ReiMu","Free:ReiMu","Amulet:ReiMu"],"relics":["FlyPower:ReiMu","Lantern","FadedRune:ReiMu","Gremlin Horn"],"acts_visited":["Gensokyo:Gensokyo"],"potions_floor_usage":[],"damage_taken":[{"damage":8,"enemies":"Gensokyo:3_Fairies","floor":1,"turns":6},{"damage":0,"enemies":"Gensokyo:2_Kodama","floor":2,"turns":5},{"damage":0,"enemies":"Gensokyo:Python","floor":3,"turns":4},{"damage":5,"enemies":"Gensokyo:CorruptedTreant","floor":5,"turns":5},{"damage":45,"enemies":"Gensokyo:Cirno","floor":7,"turns":7},{"damage":0,"enemies":"Gensokyo:VengefulSpirit","floor":8,"turns":5},{"damage":9,"enemies":"Gensokyo:Mamizou","floor":10,"turns":5}],"seed_played":"8130230975530818716","potions_obtained":[{"floor":2,"key":"SkillPotion"},{"floor":8,"key":"Swift Potion"}],"is_trial":false,"path_per_floor":["M","M","M","?","M","R","E","M","T","E"],"character_chosen":"REIMU","items_purchased":[],"campfire_rested":0,"item_purchase_floors":[],"current_hp_per_floor":[57,57,57,57,52,52,7,7,7,0,0],"gold":215,"neow_bonus":"RANDOM_COMMON_RELIC","is_daily":false,"chose_seed":false,"campfire_upgraded":1,"win_rate":0.0,"timestamp":1611089690,"path_taken":["M","M","M","?","M","R","E","M","T","E"],"items_purchased_type":[],"build_version":"2020-12-22","purchased_purges":0,"victory":false,"max_hp_per_floor":[65,65,65,65,65,65,65,65,65,65,65],"card_choices":[{"not_picked":["Meditation:ReiMu","ForcedLanding:ReiMu"],"picked":"RainPray2:ReiMu","floor":1},{"not_picked":["Dreaming2:ReiMu","SubcavityInstant:ReiMu"],"picked":"UniversalSpiritual:ReiMu","floor":2},{"not_picked":["SubAcupoint:ReiMu","SpringWay:ReiMu"],"picked":"SealNeedle:ReiMu","floor":3},{"not_picked":["AirManeuver:ReiMu","Intuition:ReiMu"],"picked":"OrbThrow:ReiMu","floor":4},{"not_picked":["SpringWay:ReiMu","SubcavityInstant:ReiMu"],"picked":"TightArray:ReiMu","floor":4},{"not_picked":["SubcavityInstant:ReiMu","WonderfulDomain:ReiMu"],"picked":"OrbThrow:ReiMu","floor":5},{"not_picked":["FoulBorder2:ReiMu","Intuition:ReiMu"],"picked":"Free:ReiMu","floor":7},{"not_picked":["AirStrike:ReiMu","Conquer:ReiMu"],"picked":"Amulet:ReiMu","floor":8}],"player_experience":265532,"relics_obtained":[{"floor":7,"key":"FadedRune:ReiMu"},{"floor":9,"key":"Gremlin Horn"}],"event_choices":[],"is_beta":false,"boss_relics":[],"items_purged_floors":[],"is_endless":false,"potions_floor_spawned":[2,8],"killed_by":"Gensokyo:Mamizou","ascension_level":0}}