{"host":"gs0b57ogvki1o7r7","time":1611080493,"event":{"mods":["2.2 Compatiblity","BaseMod","Colored Map","DeckTracker","Highlight Path","KOR Keyword Fix","Keyboard Shortcuts","Minty Spire (QoL Compilation)","Permanent Neow","Quick Restart","StSLib","SuperFastMode","everything is the same but u backflip on backflip"],"gold_per_floor":[109,109,109,122,140,140,175,175,175,175,51,51,70,85,85,188,188,199,216,233,1,1,1,34,34,34,34,44,60,60,71,71,170,170,190,190,202,220,220,220,234,234,259,309,309,321,33,63,63,63,63],"floor_reached":50,"language":"KOR","playtime":2134,"items_purged":["Strike_R"],"score":567,"play_id":"51bb1ded-8399-40d3-8e13-6ad9b7866745","local_time":"20210120032133","is_ascension_mode":false,"campfire_choices":[{"data":"Uppercut","floor":6.0,"key":"SMITH"},{"data":"Offering","floor":8.0,"key":"SMITH"},{"data":"Flame Barrier","floor":10.0,"key":"SMITH"},{"data":"Blood for Blood","floor":15.0,"key":"SMITH"},{"data":"Offering","floor":23.0,"key":"SMITH"},{"data":"Inflame","floor":25.0,"key":"SMITH"},{"data":"Heavy Blade","floor":27.0,"key":"SMITH"},{"data":"Pommel Strike","floor":30.0,"key":"SMITH"},{"data":"Spot Weakness","floor":32.0,"key":"SMITH"},{"data":"Barricade","floor":40.0,"key":"SMITH"},{"data":"Pummel","floor":42.0,"key":"SMITH"},{"data":"Flex","floor":45.0,"key":"SMITH"},{"data":"Flex","floor":49.0,"key":"SMITH"}],"circlet_count":0,"master_deck":["Strike_R","Defend_R","Defend_R","Defend_R","Defend_R","Bash","Offering+1","Spot Weakness+1","Flex+1","Uppercut+1","Flame Barrier+1","Flex+1","Heavy Blade+1","Blood for Blood+1","Offering+1","Fire Breathing+1","Shrug It Off+1","Evolve","Inflame+1","Intimidate+1","Dramatic Entrance","Pummel+1","Shockwave","Pommel Strike+1","Flex","Barricade+1","Heavy Blade+1","Offering+1","Flex+1","Shrug It Off+1","Burning Pact+1","Pommel Strike+1","Battle Trance+1","Intimidate"],"relics":["Burning Blood","Boot","TungstenRod","Letter Opener","Coffee Dripper","Orichalcum","Anchor","Astrolabe","Juzu Bracelet","Champion Belt","Gambling Chip","PreservedInsect"],"acts_visited":["Exordium","TheCity","TheBeyond"],"potions_floor_usage":[50],"damage_taken":[{"damage":7.0,"enemies":"Jaw Worm","floor":1.0,"turns":3.0},{"damage":6.0,"enemies":"Small Slimes","floor":4.0,"turns":3.0},{"damage":0.0,"enemies":"Cultist","floor":5.0,"turns":2.0},{"damage":27.0,"enemies":"Lagavulin","floor":7.0,"turns":5.0},{"damage":5.0,"enemies":"2 Fungi Beasts","floor":13.0,"turns":2.0},{"damage":5.0,"enemies":"Exordium Wildlife","floor":14.0,"turns":2.0},{"damage":15.0,"enemies":"Hexaghost","floor":16.0,"turns":7.0},{"damage":5.0,"enemies":"2 Thieves","floor":18.0,"turns":2.0},{"damage":5.0,"enemies":"3 Byrds","floor":19.0,"turns":2.0},{"damage":20.0,"enemies":"Shelled Parasite and Fungi","floor":20.0,"turns":3.0},{"damage":20.0,"enemies":"Slavers","floor":24.0,"turns":4.0},{"damage":10.0,"enemies":"Cultist and Chosen","floor":28.0,"turns":4.0},{"damage":10.0,"enemies":"Sentry and Sphere","floor":29.0,"turns":4.0},{"damage":5.0,"enemies":"Chosen and Byrds","floor":31.0,"turns":3.0},{"damage":30.0,"enemies":"Collector","floor":33.0,"turns":4.0},{"damage":14.0,"enemies":"Orb Walker","floor":35.0,"turns":2.0},{"damage":15.0,"enemies":"3 Darklings","floor":37.0,"turns":2.0},{"damage":22.0,"enemies":"Writhing Mass","floor":38.0,"turns":4.0},{"damage":10.0,"enemies":"Sphere and 2 Shapes","floor":41.0,"turns":3.0},{"damage":16.0,"enemies":"2 Orb Walkers","floor":44.0,"turns":3.0},{"damage":15.0,"enemies":"Transient","floor":46.0,"turns":5.0},{"damage":5.0,"enemies":"Reptomancer","floor":48.0,"turns":5.0},{"damage":26,"enemies":"Awakened One","floor":50,"turns":3}],"seed_played":"-4579716466149905021","potions_obtained":[{"floor":4.0,"key":"Swift Potion"},{"floor":7.0,"key":"Fire Potion"},{"floor":18.0,"key":"BlessingOfTheForge"},{"floor":35.0,"key":"Fire Potion"},{"floor":38.0,"key":"LiquidBronze"}],"is_trial":false,"path_per_floor":["M","?","?","M","M","R","E","R","T","R","$","?","M","M","R","B",null,"M","M","M","$","?","R","E","R","T","R","M","M","R","M","R","B",null,"M","?","M","M","?","R","M","R","T","?","R","M","$","E","R","B"],"character_chosen":"IRONCLAD","items_purchased":["Flex","Inflame","Intimidate","Dramatic Entrance","Gambling Chip"],"campfire_rested":0,"item_purchase_floors":[11,21,21,21,47],"current_hp_per_floor":[79,67,80,80,80,80,59,59,59,59,59,59,60,61,61,52,80,80,80,66,66,66,66,52,52,52,52,48,44,44,45,45,21,80,72,72,63,47,47,47,43,43,43,33,33,24,24,25,25,0,0],"gold":63,"neow_bonus":"ONE_RANDOM_RARE_CARD","is_daily":false,"chose_seed":false,"campfire_upgraded":13,"win_rate":0.0,"timestamp":1611080493,"path_taken":["M","?","?","M","M","R","E","R","T","R","$","?","M","M","R","BOSS","M","M","M","$","?","R","E","R","T","R","M","?","R","M","R","BOSS","M","?","M","M","?","R","M","R","T","?","R","M","$","E","R","BOSS"],"items_purchased_type":["Card","Card","Card","Card","Relic"],"build_version":"2020-12-22","purchased_purges":1,"victory":false,"max_hp_per_floor":[80,80,80,80,80,80,80,80,80,80,80,80,80,80,80,80,80,80,80,80,80,80,80,80,80,80,80,80,80,80,80,80,80,80,80,80,80,80,80,80,80,80,80,80,80,80,80,80,80,80,80],"card_choices":[{"not_picked":["Warcry","Cleave"],"picked":"Spot Weakness","floor":1.0},{"not_picked":["Warcry","Dual Wield"],"picked":"Flex","floor":4.0},{"not_picked":["Clash","Infernal Blade"],"picked":"Uppercut","floor":5.0},{"not_picked":["Heavy Blade","Searing Blow"],"picked":"Flame Barrier","floor":7.0},{"not_picked":["Havoc","Perfected Strike"],"picked":"Heavy Blade","floor":13.0},{"not_picked":["Shockwave","Flex"],"picked":"Blood for Blood","floor":14.0},{"not_picked":["Juggernaut","Brutality"],"picked":"Offering","floor":16.0},{"not_picked":["Evolve","Infernal Blade+1"],"picked":"Fire Breathing+1","floor":18.0},{"not_picked":["Clash","Metallicize"],"picked":"Shrug It Off+1","floor":19.0},{"not_picked":["Clash+1","Perfected Strike+1"],"picked":"Evolve","floor":20.0},{"not_picked":["Rage+1","Body Slam"],"picked":"Pummel","floor":24.0},{"not_picked":["Cleave+1","Combust"],"picked":"Shockwave","floor":28.0},{"not_picked":["Power Through+1","Second Wind"],"picked":"Pommel Strike","floor":29.0},{"not_picked":["True Grit+1","Headbutt"],"picked":"Flex","floor":31.0},{"not_picked":["Impervious","Berserk"],"picked":"Barricade","floor":33.0},{"not_picked":["Metallicize+1","True Grit+1"],"picked":"Shrug It Off+1","floor":35.0},{"not_picked":["Havoc","Shockwave"],"picked":"Burning Pact+1","floor":37.0},{"not_picked":["Sword Boomerang+1","Thunderclap+1","Infernal Blade+1"],"picked":"SKIP","floor":38.0},{"not_picked":["Thunderclap","Anger+1","Infernal Blade+1"],"picked":"SKIP","floor":41.0},{"not_picked":["Disarm","Power Through+1"],"picked":"Pommel Strike+1","floor":44.0},{"not_picked":["Clothesline","Flex"],"picked":"Battle Trance+1","floor":46.0},{"not_picked":["Iron Wave+1","Cleave"],"picked":"Intimidate","floor":48.0}],"player_experience":117812,"relics_obtained":[{"floor":7.0,"key":"TungstenRod"},{"floor":9.0,"key":"Letter Opener"},{"floor":24.0,"key":"Orichalcum"},{"floor":26.0,"key":"Anchor"},{"floor":43.0,"key":"Juzu Bracelet"},{"floor":44.0,"key":"Champion Belt"},{"floor":48.0,"key":"PreservedInsect"}],"event_choices":[{"damage_healed":0.0,"max_hp_gain":0.0,"max_hp_loss":0.0,"gold_gain":0.0,"event_name":"Scrap Ooze","player_choice":"Success","floor":2.0,"gold_loss":0.0,"damage_taken":12.0,"relics_obtained":["Boot"]},{"damage_healed":26.0,"max_hp_gain":0.0,"max_hp_loss":0.0,"gold_gain":0.0,"event_name":"Big Fish","player_choice":"Banana","floor":3.0,"gold_loss":0.0,"damage_taken":0.0},{"damage_healed":0.0,"max_hp_gain":0.0,"max_hp_loss":0.0,"gold_gain":0.0,"event_name":"Liars Game","player_choice":"Ignored","floor":12.0,"gold_loss":0.0,"damage_taken":0.0},{"damage_healed":0.0,"max_hp_gain":0.0,"max_hp_loss":0.0,"gold_gain":0.0,"event_name":"Accursed Blacksmith","player_choice":"Forge","floor":22.0,"gold_loss":0.0,"damage_taken":0.0,"cards_upgraded":["Intimidate"]},{"damage_healed":0.0,"max_hp_gain":0.0,"max_hp_loss":0.0,"gold_gain":0.0,"event_name":"SensoryStone","player_choice":"Memory 1","floor":36.0,"gold_loss":0.0,"damage_taken":0.0},{"damage_healed":0.0,"max_hp_gain":0.0,"max_hp_loss":0.0,"gold_gain":0.0,"event_name":"Tomb of Lord Red Mask","player_choice":"Ignored","floor":39.0,"gold_loss":0.0,"damage_taken":0.0},{"damage_healed":0.0,"max_hp_gain":0.0,"max_hp_loss":0.0,"gold_gain":0.0,"event_name":"Mysterious Sphere","player_choice":"Fight","floor":44.0,"gold_loss":0.0,"damage_taken":0.0}],"is_beta":false,"boss_relics":[{"not_picked":["Runic Cube","Mark of Pain"],"picked":"Coffee Dripper"},{"not_picked":["SacredBark","Empty Cage"],"picked":"Astrolabe"}],"items_purged_floors":[11],"is_endless":false,"potions_floor_spawned":[4,7,18,20,24,31,35,38,41,46],"killed_by":"Awakened One","ascension_level":0}}