{"host":"ip2n7evpd0qt0hgd","time":1611017231,"event":{"mods":["BaseMod","Downfall","Minty Spire (QoL Compilation)","Quick Restart","StSLib"],"gold_per_floor":[99,119,143,153,51,51,51,69,69,17,17,29,42,52,63,63,63],"floor_reached":16,"language":"ENG","playtime":708,"items_purged":[],"score":94,"play_id":"70d1944e-1507-42c4-8344-ff4db7e73bf5","local_time":"20210118194711","is_ascension_mode":false,"campfire_choices":[{"data":"bronze:BurnOut","floor":1,"key":"SMITH"},{"data":"bronze:BugBarrage","floor":9,"key":"SMITH"},{"floor":11,"key":"REST"}],"circlet_count":0,"master_deck":["bronze:Strike","bronze:Strike","bronze:Strike","bronze:Defend","bronze:Defend","bronze:Defend","bronze:Defend","bronze:Replicate","bronze:Goto","bronze:BurnOut+1","bronze:BugBarrage+1","bronze:DarkDash","bronze:BuggyMess","bronze:MaxOutput","bronze:Turbo","bronze:Return","bronze:MaxOutput","bronze:WhirlingStrike","bronze:DarkDash","bronze:Repulsor","bronze:Boost","bronze:BuggyMess","bronze:Fortify"],"relics":["bronze:BronzeCore","Pen Nib","Omamori"],"acts_visited":["Exordium"],"potions_floor_usage":[4,14,16,16],"damage_taken":[{"damage":30,"enemies":"Cultist","floor":2,"turns":6},{"damage":8,"enemies":"Jaw Worm","floor":4,"turns":4},{"damage":0,"enemies":"downfall:FleeingMerchant","floor":5,"turns":4},{"damage":7,"enemies":"2 Louse","floor":8,"turns":3},{"damage":0,"enemies":"downfall:FleeingMerchant","floor":10,"turns":4},{"damage":10,"enemies":"Exordium Thugs","floor":12,"turns":2},{"damage":0,"enemies":"Blue Slaver","floor":13,"turns":2},{"damage":6,"enemies":"2 Fungi Beasts","floor":14,"turns":2},{"damage":16,"enemies":"Exordium Wildlife","floor":15,"turns":4},{"damage":14,"enemies":"SI_SHIV_ARCHETYPE","floor":16,"turns":5}],"seed_played":"-553098739151059932","potions_obtained":[{"floor":2,"key":"AttackPotion"},{"floor":4,"key":"Guardian:BlockOnCardUsePotion"},{"floor":12,"key":"AttackPotion"},{"floor":15,"key":"Block Potion"}],"is_trial":false,"path_per_floor":["R","M","T","M","$","?","T","M","R","$","R","M","M","M","M","B"],"character_chosen":"THE_AUTOMATON","items_purchased":["bronze:MaxOutput","bronze:Turbo","bronze:DarkDash"],"campfire_rested":1,"item_purchase_floors":[5,5,10],"current_hp_per_floor":[70,40,40,32,32,32,32,25,25,25,46,36,36,30,14,0,0],"gold":63,"neow_bonus":"ONE_RANDOM_RARE_CARD","is_daily":false,"chose_seed":false,"campfire_upgraded":2,"win_rate":0.0,"timestamp":1611017231,"path_taken":["R","M","?","?","$","?","T","M","R","?","R","M","M","M","M","BOSS"],"items_purchased_type":["Card","Card","Card"],"build_version":"2020-12-22","purchased_purges":0,"victory":false,"max_hp_per_floor":[70,70,70,70,70,70,70,70,70,70,70,70,70,70,70,70,70],"card_choices":[{"not_picked":["bronze:Fortify","bronze:Turbo"],"picked":"bronze:BugBarrage","floor":2},{"not_picked":["bronze:Iterate","bronze:FollowUp"],"picked":"bronze:DarkDash","floor":4},{"not_picked":["bronze:GetLatest","bronze:Deprecate"],"picked":"bronze:BuggyMess","floor":5},{"not_picked":["bronze:Overload","bronze:ChosenStrike"],"picked":"bronze:MaxOutput","floor":8},{"not_picked":["bronze:Verify","bronze:Invalidate"],"picked":"bronze:WhirlingStrike","floor":10},{"not_picked":["bronze:Invalidate","bronze:Return"],"picked":"bronze:Repulsor","floor":12},{"not_picked":["bronze:Philosophize","bronze:Shield"],"picked":"bronze:Boost","floor":13},{"not_picked":["bronze:MaxOutput","bronze:Deprecate"],"picked":"bronze:BuggyMess","floor":14},{"not_picked":["bronze:BronzeArmor","bronze:CutThrough"],"picked":"bronze:Fortify","floor":15}],"player_experience":338813,"relics_obtained":[{"floor":3,"key":"Pen Nib"},{"floor":7,"key":"Omamori"}],"event_choices":[],"is_beta":false,"boss_relics":[],"items_purged_floors":[],"is_endless":false,"potions_floor_spawned":[2,4,12,15],"killed_by":"SI_SHIV_ARCHETYPE","ascension_level":0}}