{"host":"t9zjxed0utvsfjwc","time":1611083433,"event":{"mods":["2.2 Compatiblity","Aspiration","BaseMod","Better Altar","Better Match","Better Note","Better Sensory Stone","Better Skull","Better Third Choice","Block Reminder","Colored Map","Colored Powertips","Hermit","Highlight Path","Hubris","Infinite Spire","Minty Spire (QoL Compilation)","Quick Restart","Rare Cards Sparkle","Replay The Spire","Shade Mod","StSLib","The Cursed","The Marked","The Runesmith","Unceasing Turn Reminder","everything is the same but u backflip on backflip"],"gold_per_floor":[112,129,129,129,93,122,122,47,47,77,77,97,109,129,129,225,325,341,52,52,69,86,86],"floor_reached":22,"language":"ENG","playtime":2917,"items_purged":["Pain","Runesmith:Defend_RS"],"score":271,"play_id":"02571fc8-75d3-45cd-b2c9-4b583c78d80f","local_time":"20210119191033","is_ascension_mode":false,"campfire_choices":[{"data":"Runesmith:HeatedChisel","floor":11,"key":"SMITH"},{"floor":15,"key":"REST"}],"circlet_count":0,"master_deck":["Runesmith:Strike_RS","Runesmith:Strike_RS","Runesmith:Strike_RS","Runesmith:Strike_RS","Runesmith:Defend_RS","Runesmith:Defend_RS","Runesmith:Defend_RS","Runesmith:CraftFirestone+1","Runesmith:Fortify","Runesmith:HammerThrow","Runesmith:CraftProtectio","Runesmith:ChaoticBlast","Runesmith:CraftMagma","Runesmith:HeatedChisel+1","Runesmith:MetallurgicalResearch","Runesmith:CreatorForm","Runesmith:Terraform","Runesmith:BackupBattery","Anger+1","Runesmith:CraftProtectio"],"relics":["Runesmith:BrokenRuby","NeowsBlessing","Replay:Rubber Ducky","Boot","WarpedTongs","Tiny Chest","Pondfish Scales","Replay:Wanted Poster","Strawberry"],"acts_visited":["Exordium","TheCity"],"potions_floor_usage":[16,18],"damage_taken":[{"damage":0,"enemies":"Small Slimes","floor":1,"turns":2},{"damage":0,"enemies":"2 Louse","floor":2,"turns":1},{"damage":0,"enemies":"Gremlin Nob","floor":6,"turns":1},{"damage":21,"enemies":"Lagavulin","floor":10,"turns":6},{"damage":0,"enemies":"Cultist","floor":12,"turns":3},{"damage":1,"enemies":"Exordium Thugs","floor":13,"turns":4},{"damage":8,"enemies":"Exordium Wildlife","floor":14,"turns":4},{"damage":0,"enemies":"Slime Boss","floor":16,"turns":7},{"damage":0,"enemies":"Spheric Guardian","floor":18,"turns":4},{"damage":34,"enemies":"3 Byrds","floor":21,"turns":5},{"damage":1,"enemies":"Cultist and Chosen","floor":22,"turns":6}],"seed_played":"8969901328396038790","potions_obtained":[{"floor":1,"key":"SpeedPotion"},{"floor":6,"key":"Venom Potion"},{"floor":10,"key":"Elixir"},{"floor":16,"key":"BlessingOfTheForge"},{"floor":18,"key":"Strength Potion"}],"is_trial":false,"path_per_floor":["M","M","?","?","$","E","?","$","T","E","R","M","M","M","R","B",null,"M","$","?","M","M"],"character_chosen":"RUNESMITH_CLASS","items_purchased":["Runesmith:ChaoticBlast","Strawberry","Runesmith:BackupBattery"],"campfire_rested":1,"item_purchase_floors":[5,19,19],"current_hp_per_floor":[70,70,70,63,63,63,63,63,63,42,42,42,41,33,54,54,70,70,77,77,43,42,42],"gold":86,"neow_bonus":"THREE_ENEMY_KILL","is_daily":false,"chose_seed":false,"campfire_upgraded":1,"win_rate":0.0,"timestamp":1611083433,"path_taken":["M","M","?","?","$","E","?","$","T","E","R","M","?","M","R","BOSS","M","$","?","M","?"],"items_purchased_type":["Card","Relic","Card"],"build_version":"2020-12-22","purchased_purges":2,"victory":false,"max_hp_per_floor":[70,70,70,70,70,70,70,70,70,70,70,70,70,70,70,70,70,70,77,77,77,77,77],"card_choices":[{"not_picked":["Runesmith:LithiumIon","Runesmith:RuneHurl"],"picked":"Runesmith:HammerThrow","floor":1},{"not_picked":["Runesmith:RuneHurl","Runesmith:HeatExchange"],"picked":"Runesmith:CraftProtectio","floor":2},{"not_picked":["Runesmith:Discharge","Runesmith:OneForEveryone"],"picked":"Runesmith:CraftMagma","floor":6},{"not_picked":["Runesmith:ChiselStab","Runesmith:Superposition"],"picked":"Runesmith:HeatedChisel","floor":10},{"not_picked":["Runesmith:CraftVitae","Runesmith:CraftProtectio"],"picked":"Runesmith:MetallurgicalResearch","floor":12},{"not_picked":["Runesmith:HammerThrow","Runesmith:CraftVitae","Runesmith:Repurpose"],"picked":"SKIP","floor":13},{"not_picked":["Runesmith:UnstableHammer","Runesmith:RuneHurl","Runesmith:HammerAndChisel"],"picked":"SKIP","floor":14},{"not_picked":["Runesmith:GenerateForcefield","Runesmith:GrandSlam"],"picked":"Runesmith:CreatorForm","floor":16},{"not_picked":["Runesmith:Overpower+1","Runesmith:HeatedChisel"],"picked":"Runesmith:Terraform","floor":18},{"not_picked":["Runesmith:NanitesCloud","Runesmith:CraftVitae"],"picked":"Runesmith:CraftProtectio","floor":21}],"player_experience":390374,"relics_obtained":[{"floor":6,"key":"Boot"},{"floor":9,"key":"Tiny Chest"},{"floor":10,"key":"Pondfish Scales"}],"event_choices":[{"damage_healed":0,"gold_gain":0,"player_choice":"Relic ","damage_taken":7,"max_hp_gain":0,"max_hp_loss":0,"event_name":"betterThird:BetterScrap","floor":4,"gold_loss":0,"cards_obtained":["Swivel"]},{"damage_healed":0,"gold_gain":0,"player_choice":"Rummage","damage_taken":0,"relics_obtained":["WarpedTongs"],"max_hp_gain":0,"max_hp_loss":0,"event_name":"Accursed Blacksmith","floor":7,"gold_loss":0,"cards_obtained":["Pain"]},{"cards_removed":["Runesmith:Strike_RS"],"damage_healed":0,"gold_gain":0,"player_choice":"Take \u0026 Give","damage_taken":0,"max_hp_gain":0,"max_hp_loss":0,"event_name":"betterNote:BetterNote","floor":20,"gold_loss":0,"cards_obtained":["Anger"]}],"is_beta":false,"boss_relics":[{"not_picked":["Replay:Ancient Bell","Abe\u0027s Treasure"],"picked":"Replay:Wanted Poster"}],"items_purged_floors":[8,19],"is_endless":false,"potions_floor_spawned":[1,6,10,16,18],"killed_by":"Cultist and Chosen","ascension_level":0}}