{"host":"64f01u0zptxoviuq","time":1611083118,"event":{"mods":["BaseMod","Downfall","Minty Spire (QoL Compilation)","StSLib","The Cursed"],"gold_per_floor":[99,115,176,190,202,220,243,263,263,282,382,382,400,419,430,533,533,533,557,19,19,19,19,19,29,29,56,79,79,34,58,74,74,74,74],"floor_reached":33,"language":"ENG","playtime":1767,"items_purged":["hexamod:Strike"],"score":270,"play_id":"0abb7ff2-251d-4489-999e-87ddbd6dd10e","local_time":"20210119190518","is_ascension_mode":false,"campfire_choices":[{"data":"hexamod:Sear","floor":1,"key":"SMITH"},{"floor":9,"key":"REST"},{"floor":12,"key":"REST"},{"data":"hexamod:HexaLevel","floor":18,"key":"SMITH"},{"floor":23,"key":"REST"}],"circlet_count":0,"master_deck":["hexamod:Strike","hexamod:Strike","hexamod:Defend","hexamod:Defend","hexamod:Defend","hexamod:Defend","hexamod:Sear+1","hexamod:Float","hexamod:ThirdSeal","hexamod:GhostLash","hexamod:RadiantFlame+1","hexamod:ThermalTransfer","hexamod:ForkedFlame","hexamod:NightmareStrike","hexamod:ThirdSeal","hexamod:PhantomFireball","hexamod:Firestarter","hexamod:SecondSeal","hexamod:HexaLevel+1","hexamod:Hexaguard","hexamod:BacktrackSmack","hexamod:PhantomFireball","hexamod:TimeOfNeed+1","hexamod:SpectersWail+1","hexamod:ThermalTransfer","hexamod:SkipABeat+1","hexamod:ShieldOfDarkness+1","hexamod:HeatMetal+1","hexamod:FourthSeal","hexamod:HeatMetal+1","hexamod:FirstSeal"],"relics":["hexamod:SpiritBrand","Ancient Tea Set","Vajra","Black Star","Juzu Bracelet","CaptainsWheel","Dream Catcher"],"acts_visited":["Exordium","TheCity"],"potions_floor_usage":[13,15,16,16,33,33],"damage_taken":[{"damage":10,"enemies":"Jaw Worm","floor":2,"turns":4},{"damage":30,"enemies":"Gremlin Nob","floor":3,"turns":4},{"damage":0,"enemies":"Small Slimes","floor":4,"turns":3},{"damage":0,"enemies":"Cultist","floor":5,"turns":3},{"damage":14,"enemies":"Blue Slaver","floor":6,"turns":3},{"damage":11,"enemies":"Exordium Wildlife","floor":8,"turns":3},{"damage":1,"enemies":"Large Slime","floor":10,"turns":3},{"damage":0,"enemies":"Lots of Slimes","floor":13,"turns":2},{"damage":29,"enemies":"Exordium Thugs","floor":14,"turns":4},{"damage":1,"enemies":"2 Fungi Beasts","floor":15,"turns":3},{"damage":19,"enemies":"IC_STATUS_ARCHETYPE","floor":16,"turns":8},{"damage":12,"enemies":"3 Byrds","floor":19,"turns":5},{"damage":10,"enemies":"downfall:FleeingMerchant","floor":20,"turns":4},{"damage":19,"enemies":"3 Cultists","floor":25,"turns":6},{"damage":11,"enemies":"Chosen and Byrds","floor":27,"turns":5},{"damage":0,"enemies":"Snecko","floor":28,"turns":4},{"damage":5,"enemies":"downfall:FleeingMerchant","floor":30,"turns":4},{"damage":30,"enemies":"Shelled Parasite and Fungi","floor":31,"turns":6},{"damage":0,"enemies":"Centurion and Healer","floor":32,"turns":5},{"damage":40,"enemies":"DF_ARCHETYPE_CLAW","floor":33,"turns":5}],"seed_played":"-1593429756366294026","potions_obtained":[{"floor":2,"key":"AttackPotion"},{"floor":3,"key":"FearPotion"},{"floor":4,"key":"EssenceOfSteel"},{"floor":14,"key":"Regen Potion"},{"floor":15,"key":"Fruit Juice"},{"floor":19,"key":"FearPotion"},{"floor":25,"key":"sneckomod:MuddlingPotion"},{"floor":27,"key":"FairyPotion"},{"floor":31,"key":"hexamod:DoubleChargePotion"}],"is_trial":false,"path_per_floor":["R","M","?","M","M","M","T","M","R","M","?","R","M","M","M","B",null,"R","M","$","?","?","R","T","M","?","M","M","?","$","M","M","B"],"character_chosen":"THE_SPIRIT","items_purchased":["Juzu Bracelet","CaptainsWheel","hexamod:FirstSeal"],"campfire_rested":3,"item_purchase_floors":[20,20,30],"current_hp_per_floor":[77,67,37,37,37,23,23,12,35,34,34,57,57,28,32,28,82,82,70,60,44,44,70,70,51,43,32,32,32,27,31,31,0,0,0],"gold":74,"neow_bonus":"TEN_PERCENT_HP_BONUS","is_daily":false,"chose_seed":false,"campfire_upgraded":2,"win_rate":0.0,"timestamp":1611083118,"path_taken":["R","M","?","M","M","M","T","M","R","M","?","R","?","M","M","BOSS","R","M","$","?","?","R","T","M","?","M","M","?","?","M","M","BOSS"],"items_purchased_type":["Relic","Relic","Card"],"build_version":"2020-12-22","purchased_purges":1,"victory":false,"max_hp_per_floor":[77,77,77,77,77,77,77,77,77,77,77,77,77,77,82,82,82,82,82,82,87,87,87,87,87,87,87,87,87,87,87,87,87,87,87],"card_choices":[{"not_picked":["hexamod:ExtraCrispy","hexamod:Hexaguard"],"picked":"hexamod:ThirdSeal","floor":2},{"not_picked":["hexamod:RecurringNightmare","hexamod:GhostOfSpirePast"],"picked":"hexamod:GhostLash","floor":3},{"not_picked":["hexamod:InspiringFlames","hexamod:GhostflameBarrier"],"picked":"hexamod:RadiantFlame","floor":3},{"not_picked":["hexamod:RainOfEmbers","hexamod:NecessarySacrifice"],"picked":"hexamod:ThermalTransfer","floor":4},{"not_picked":["hexamod:FastForward","hexamod:SpectersWail"],"picked":"hexamod:ForkedFlame","floor":4},{"not_picked":["hexamod:GhostLash","hexamod:NightmareGuise"],"picked":"hexamod:NightmareStrike","floor":5},{"not_picked":["hexamod:EmpoweredFlame","hexamod:InspiringFlames"],"picked":"hexamod:ThirdSeal","floor":5},{"not_picked":["hexamod:HeatMetal","hexamod:BurningTouch"],"picked":"hexamod:PhantomFireball","floor":6},{"not_picked":["hexamod:SwordOfDarkness","hexamod:ChargedBarrage"],"picked":"hexamod:Firestarter","floor":6},{"not_picked":["hexamod:ThirdSeal","hexamod:SwordOfDarkness","hexamod:Incineration"],"picked":"SKIP","floor":6},{"not_picked":["hexamod:GhostShield","hexamod:HeatMetal"],"picked":"hexamod:SecondSeal","floor":8},{"not_picked":["hexamod:HauntingEcho","hexamod:ShieldOfDarkness","hexamod:Firestarter"],"picked":"SKIP","floor":10},{"not_picked":["hexamod:HauntingEcho","hexamod:Firestarter"],"picked":"hexamod:HexaLevel","floor":13},{"not_picked":["hexamod:NecessarySacrifice","hexamod:Firestarter","hexamod:ThirdSeal"],"picked":"SKIP","floor":13},{"not_picked":["hexamod:BacktrackSmack","hexamod:GhostLash"],"picked":"hexamod:Hexaguard","floor":14},{"not_picked":["hexamod:InspiringFlames","hexamod:RecurringNightmare"],"picked":"hexamod:BacktrackSmack","floor":14},{"not_picked":["hexamod:HauntingEcho","hexamod:GhostShield"],"picked":"hexamod:PhantomFireball","floor":15},{"not_picked":["hexamod:GhostflameInferno","hexamod:HexaLevel"],"picked":"hexamod:TimeOfNeed","floor":16},{"not_picked":["hexamod:Haunt","hexamod:HeatCrush"],"picked":"hexamod:SpectersWail+1","floor":19},{"not_picked":["hexamod:PhantomCloak","hexamod:SpectralAdrenaline","hexamod:Haunt"],"picked":"SKIP","floor":19},{"not_picked":["hexamod:SwordOfDarkness","hexamod:Again"],"picked":"hexamod:ThermalTransfer","floor":20},{"not_picked":["hexamod:ThermalTransfer","hexamod:AdvancingGuard"],"picked":"hexamod:SkipABeat+1","floor":25},{"not_picked":["hexamod:BurningTouch","hexamod:ThermalTransfer+1"],"picked":"hexamod:ShieldOfDarkness+1","floor":27},{"not_picked":["hexamod:SpectersWail+1","hexamod:NightmareGuise+1"],"picked":"hexamod:HeatMetal+1","floor":27},{"not_picked":["hexamod:BacktrackSmack","hexamod:NightmareGuise"],"picked":"hexamod:FourthSeal","floor":28},{"not_picked":["hexamod:InspiringFlames","hexamod:NightmareStrike","hexamod:ForkedFlame"],"picked":"SKIP","floor":28},{"not_picked":["hexamod:SkipABeat","hexamod:NecessarySacrifice"],"picked":"hexamod:HeatMetal+1","floor":30},{"not_picked":["hexamod:SoulSteal","hexamod:BacktrackSmack","hexamod:SpectersWail+1"],"picked":"SKIP","floor":31},{"not_picked":["hexamod:InspiringFlames","hexamod:BacktrackSmack","hexamod:FastForward"],"picked":"SKIP","floor":31},{"not_picked":["hexamod:EtherealExpedition","hexamod:ShieldOfDarkness","hexamod:SwordOfDarkness"],"picked":"SKIP","floor":32}],"player_experience":1882104,"relics_obtained":[{"floor":7,"key":"Vajra"},{"floor":24,"key":"Dream Catcher"}],"event_choices":[],"is_beta":false,"boss_relics":[{"not_picked":["Runic Pyramid","Velvet Choker"],"picked":"Black Star"}],"items_purged_floors":[20],"is_endless":false,"potions_floor_spawned":[2,3,4,6,14,15,19,25,27,32],"killed_by":"DF_ARCHETYPE_CLAW","ascension_level":0}}