{"host":"vfg9szunmpjwj08o","time":1611086437,"event":{"mods":["Act Like it!","BaseMod","Challenge The Spire","Colored Map","Colored Powertips","Conspire","Dark Map","Minty Spire (QoL Compilation)","Relic Stats","StSLib","Waifu the Spire"],"gold_per_floor":[115,135,135,60,85,85,85],"floor_reached":6,"language":"ENG","playtime":209,"items_purged":["Strike_P"],"score":48,"play_id":"1ea152dc-1e3b-4d90-8881-fb3a9af1da89","local_time":"20210119210037","is_ascension_mode":true,"campfire_choices":[],"circlet_count":0,"master_deck":["Strike_P","Strike_P","Strike_P","Defend_P","Defend_P","Defend_P","Defend_P","Eruption","Vigilance","PathToVictory","EmptyBody","MentalFortress"],"relics":["PureWater","NeowsBlessing","Omamori","conspire:Dentures"],"acts_visited":["Exordium"],"potions_floor_usage":[],"damage_taken":[{"damage":0.0,"enemies":"2 Louse","floor":1.0,"turns":1.0},{"damage":0.0,"enemies":"Small Slimes","floor":2.0,"turns":1.0},{"damage":0.0,"enemies":"conspire:MimicChest","floor":5.0,"turns":1.0},{"damage":62,"enemies":"3 Sentries","floor":6,"turns":13}],"seed_played":"-4687199045552550327","potions_obtained":[{"floor":1.0,"key":"ColorlessPotion"},{"floor":5.0,"key":"FearPotion"}],"is_trial":false,"path_per_floor":["M","M","?","$","?","E"],"character_chosen":"WATCHER","items_purchased":[],"campfire_rested":0,"item_purchase_floors":[],"current_hp_per_floor":[65,65,58,58,58,0,0],"gold":85,"neow_bonus":"THREE_ENEMY_KILL","is_daily":false,"chose_seed":false,"campfire_upgraded":0,"win_rate":0.0,"timestamp":1611086437,"path_taken":["M","M","?","$","?","E"],"items_purchased_type":[],"build_version":"2020-12-22","purchased_purges":1,"victory":false,"max_hp_per_floor":[72,72,72,72,72,72,72],"relic_stats":{"counters":[4,16],"obtain_stats":[{"conspire:Dentures":5,"NeowsBlessing":0,"Omamori":3,"PureWater":0},{"conspire:Dentures":3,"NeowsBlessing":0,"Omamori":2,"PureWater":0},{"conspire:Dentures":3,"NeowsBlessing":0,"Omamori":2,"PureWater":0}]},"card_choices":[{"not_picked":["CarveReality","Wireheading"],"picked":"PathToVictory","floor":1.0},{"not_picked":["FollowUp","Prostrate"],"picked":"EmptyBody","floor":2.0},{"not_picked":["FlurryOfBlows","CutThroughFate"],"picked":"MentalFortress","floor":5.0}],"player_experience":1077888,"relics_obtained":[{"floor":5.0,"key":"conspire:Dentures"}],"event_choices":[{"damage_healed":0.0,"max_hp_gain":0.0,"max_hp_loss":0.0,"gold_gain":0.0,"event_name":"Scrap Ooze","player_choice":"Success","floor":3.0,"gold_loss":0.0,"damage_taken":7.0,"relics_obtained":["Omamori"]}],"is_beta":false,"boss_relics":[],"items_purged_floors":[4],"is_endless":false,"potions_floor_spawned":[1,5],"killed_by":"3 Sentries","ascension_level":8}}