{"host":"oiai0qxasotny765","time":1611052805,"event":{"mods":["2.2 Compatiblity","AchievementEnabler","BaseMod","Colored Map","Minty Spire (QoL Compilation)","Permanent Neow","Relic Stats","StSLib","SuperFastMode","everything is the same but u backflip on backflip"],"gold_per_floor":[113,17,37,52,16,16,32,52,52,64,64,78,78,228,228,228,228],"floor_reached":16,"language":"KOR","playtime":342,"items_purged":[],"score":182,"play_id":"c15fa09b-f141-4e23-aa42-63d24f2ecfcc","local_time":"20210119194005","is_ascension_mode":true,"campfire_choices":[{"data":"Bash","floor":6.0,"key":"SMITH"},{"data":"Body Slam","floor":11.0,"key":"SMITH"},{"data":"Evolve","floor":13.0,"key":"SMITH"},{"data":"Fire Breathing","floor":15.0,"key":"SMITH"}],"circlet_count":0,"master_deck":["AscendersBane","Strike_R","Strike_R","Strike_R","Strike_R","Strike_R","Defend_R","Defend_R","Defend_R","Defend_R","Bash+1","Shame","Ghostly Armor","Shrug It Off","Exhume","Evolve+1","Body Slam+1","Twin Strike","Fire Breathing+1","Doubt"],"relics":["Burning Blood","Lizard Tail","Boot","Girya"],"acts_visited":["Exordium"],"potions_floor_usage":[],"damage_taken":[{"damage":1.0,"enemies":"Cultist","floor":1.0,"turns":3.0},{"damage":1.0,"enemies":"2 Louse","floor":3.0,"turns":4.0},{"damage":8.0,"enemies":"Small Slimes","floor":4.0,"turns":5.0},{"damage":12.0,"enemies":"Exordium Thugs","floor":5.0,"turns":5.0},{"damage":3.0,"enemies":"Exordium Wildlife","floor":7.0,"turns":2.0},{"damage":4.0,"enemies":"Lots of Slimes","floor":8.0,"turns":4.0},{"damage":39.0,"enemies":"3 Louse","floor":10.0,"turns":7.0},{"damage":13.0,"enemies":"Blue Slaver","floor":12.0,"turns":3.0},{"damage":0,"enemies":"The Guardian","floor":16,"turns":1}],"seed_played":"-8245245691199966538","potions_obtained":[{"floor":3.0,"key":"Explosive Potion"},{"floor":4.0,"key":"PowerPotion"},{"floor":7.0,"key":"Explosive Potion"},{"floor":12.0,"key":"DuplicationPotion"}],"is_trial":false,"path_per_floor":["M","?","M","M","M","R","M","M","T","M","R","M","R","?","R","B"],"character_chosen":"IRONCLAD","items_purchased":[],"campfire_rested":0,"item_purchase_floors":[],"current_hp_per_floor":[73,73,75,73,67,67,70,72,72,39,39,32,32,32,32,32,32],"gold":228,"neow_bonus":"ONE_RARE_RELIC","is_daily":false,"chose_seed":false,"campfire_upgraded":4,"win_rate":0.0,"timestamp":1611052805,"path_taken":["M","?","M","M","M","R","M","?","T","M","R","M","R","?","R","BOSS"],"items_purchased_type":[],"build_version":"2020-12-22","purchased_purges":0,"victory":false,"max_hp_per_floor":[75,75,75,75,75,75,75,75,75,75,75,75,75,75,75,75,75],"relic_stats":{"Lizard Tail":0,"counters":[9,34],"Boot":[8],"obtain_stats":[{"Girya":9,"Lizard Tail":0,"Boot":2,"Burning Blood":0},{"Girya":6,"Lizard Tail":0,"Boot":1,"Burning Blood":0},{"Girya":23,"Lizard Tail":0,"Boot":3,"Burning Blood":0}],"Burning Blood":45},"card_choices":[{"not_picked":["Rage","Seeing Red"],"picked":"Ghostly Armor","floor":1.0},{"not_picked":["Flex","Sentinel","Iron Wave"],"picked":"SKIP","floor":3.0},{"not_picked":["Twin Strike","Clash"],"picked":"Shrug It Off","floor":4.0},{"not_picked":["Cleave","Hemokinesis"],"picked":"Exhume","floor":5.0},{"not_picked":["Clothesline","Anger"],"picked":"Evolve","floor":7.0},{"not_picked":["Iron Wave","Warcry"],"picked":"Body Slam","floor":8.0},{"not_picked":["Clash","Disarm"],"picked":"Twin Strike","floor":10.0},{"not_picked":["Flex","Cleave"],"picked":"Fire Breathing","floor":12.0}],"player_experience":319641,"relics_obtained":[{"floor":9.0,"key":"Girya"}],"event_choices":[{"damage_healed":0.0,"max_hp_gain":0.0,"max_hp_loss":0.0,"gold_gain":0.0,"event_name":"WeMeetAgain","player_choice":"Paid Gold","floor":2.0,"gold_loss":96.0,"damage_taken":0.0,"relics_obtained":["Boot"]},{"damage_healed":0.0,"max_hp_gain":0.0,"max_hp_loss":0.0,"gold_gain":150.0,"event_name":"Liars Game","player_choice":"AGREE","floor":14.0,"gold_loss":0.0,"damage_taken":0.0,"cards_obtained":["Doubt"]}],"is_beta":false,"boss_relics":[],"items_purged_floors":[],"is_endless":false,"potions_floor_spawned":[3,4,7,12],"killed_by":"The Guardian","ascension_level":18}}