{"host":"kw4o7b3ro2ktmmbe","time":1611058181,"event":{"mods":["BaseMod","Evolution","Minty Spire (QoL Compilation)","StSLib","The Druid"],"gold_per_floor":[119,119,394,15,15,50,50,50,75,94,111,111,111,128,128,226,226,246,246,246,521,446,446,458,458,458,486,486,486],"floor_reached":28,"language":"ENG","playtime":1376,"items_purged":["Regret"],"score":310,"play_id":"3c6e8b45-4a51-43d8-82df-a4914690e770","local_time":"20210120010941","is_ascension_mode":true,"campfire_choices":[{"data":"theDruid:BriarArmor","floor":8.0,"key":"SMITH"},{"data":"theDruid:NaturalAgility","floor":13.0,"key":"SMITH"},{"data":"theDruid:BristlingBulwark","floor":15.0,"key":"SMITH"},{"data":"theDruid:SerratedFlesh","floor":23.0,"key":"SMITH"},{"data":"theDruid:Resourcefulness","floor":25.0,"key":"SMITH"}],"circlet_count":0,"master_deck":["theDruid:Strike_O","theDruid:Strike_O","theDruid:Strike_O+1","theDruid:Strike_O","theDruid:Defend_O+1","theDruid:Defend_O","theDruid:BriarArmor+1","theDruid:WildSlash","theDruid:WildArmor","theDruid:NaturalAgility+1","theDruid:BristlingBulwark+1","theDruid:BristlingBulwark","theDruid:SerratedFlesh+1","theDruid:Resourcefulness+1","theDruid:Recoil+1","theDruid:NaturalAgility"],"relics":["theDruid:CrownOfTheWilds","EVO:Axolotl","Boot","Juzu Bracelet","Bag of Marbles","Bronze Scales","Sozu","InkBottle","Oddly Smooth Stone"],"acts_visited":["Exordium","TheCity"],"potions_floor_usage":[],"damage_taken":[{"damage":1.0,"enemies":"Cultist","floor":1.0,"turns":4.0},{"damage":27.0,"enemies":"Gremlin Nob","floor":6.0,"turns":4.0},{"damage":0.0,"enemies":"Small Slimes","floor":10.0,"turns":3.0},{"damage":0.0,"enemies":"2 Louse","floor":11.0,"turns":2.0},{"damage":2.0,"enemies":"Looter","floor":14.0,"turns":3.0},{"damage":0.0,"enemies":"Hexaghost","floor":16.0,"turns":9.0},{"damage":5.0,"enemies":"Chosen","floor":18.0,"turns":5.0},{"damage":16.0,"enemies":"2 Thieves","floor":24.0,"turns":4.0},{"damage":25.0,"enemies":"Gremlin Leader","floor":27.0,"turns":6.0},{"damage":23,"enemies":"Shelled Parasite and Fungi","floor":28,"turns":3}],"seed_played":"8221894224004594082","potions_obtained":[{"floor":6.0,"key":"LiquidMemories"},{"floor":10.0,"key":"DistilledChaos"}],"is_trial":false,"path_per_floor":["M","?","?","$","?","E","?","R","T","M","M","?","R","M","R","B",null,"M","$","?","?","?","R","M","R","T","E","M"],"character_chosen":"DRUID","items_purchased":["Boot","Juzu Bracelet"],"campfire_rested":0,"item_purchase_floors":[4,4],"current_hp_per_floor":[81,81,81,81,81,54,38,38,38,38,38,38,38,36,36,36,82,77,77,61,61,61,61,45,45,45,20,0,0],"gold":486,"neow_bonus":"TEN_PERCENT_HP_BONUS","is_daily":false,"chose_seed":false,"campfire_upgraded":5,"win_rate":0.0,"timestamp":1611058181,"path_taken":["M","?","?","$","?","E","?","R","T","M","M","?","R","M","R","BOSS","M","$","?","?","?","R","M","R","T","E","M"],"items_purchased_type":["Relic","Relic"],"build_version":"2020-12-22","purchased_purges":1,"victory":false,"max_hp_per_floor":[82,82,82,82,82,82,82,82,82,82,82,82,82,82,82,82,82,82,82,87,87,87,87,87,87,87,87,87,87],"card_choices":[{"not_picked":["theDruid:Swipe","theDruid:Thornburst"],"picked":"theDruid:WildArmor","floor":1.0},{"not_picked":["theDruid:TakeShelter","theDruid:ThickHide","theDruid:Prowl"],"picked":"SKIP","floor":6.0},{"not_picked":["theDruid:IronClaw","theDruid:PlagueClaw"],"picked":"theDruid:NaturalAgility","floor":10.0},{"not_picked":["theDruid:TwilightsCall","theDruid:ThickHide"],"picked":"theDruid:BristlingBulwark","floor":11.0},{"not_picked":["theDruid:Pathfinder","theDruid:BrambleLash"],"picked":"theDruid:BristlingBulwark","floor":14.0},{"not_picked":["theDruid:HailofThorns","theDruid:IronbarkArmor"],"picked":"theDruid:SerratedFlesh","floor":16.0},{"not_picked":["theDruid:Entangle+1","theDruid:AstralShield+1"],"picked":"theDruid:Resourcefulness","floor":18.0},{"not_picked":["theDruid:WildArmor","theDruid:BlessedStrike"],"picked":"theDruid:Recoil+1","floor":24.0},{"not_picked":["theDruid:FaerieFire+1","theDruid:ThornStrike"],"picked":"theDruid:NaturalAgility","floor":27.0}],"player_experience":1847586,"relics_obtained":[{"floor":6.0,"key":"Bag of Marbles"},{"floor":9.0,"key":"Bronze Scales"},{"floor":26.0,"key":"InkBottle"},{"floor":27.0,"key":"Oddly Smooth Stone"}],"event_choices":[{"damage_healed":0.0,"max_hp_gain":0.0,"max_hp_loss":0.0,"gold_gain":0.0,"event_name":"The Cleric","player_choice":"Leave","floor":2.0,"gold_loss":0.0,"damage_taken":0.0},{"damage_healed":0.0,"max_hp_gain":0.0,"max_hp_loss":0.0,"gold_gain":275.0,"event_name":"Golden Shrine","player_choice":"Desecrate","floor":3.0,"gold_loss":0.0,"damage_taken":0.0,"cards_obtained":["Regret"]},{"cards_removed":["theDruid:Defend_O"],"damage_healed":0.0,"max_hp_gain":0.0,"max_hp_loss":0.0,"gold_gain":0.0,"event_name":"Bonfire Elementals","player_choice":"Offered Basic","floor":5.0,"gold_loss":0.0,"damage_taken":0.0},{"damage_healed":0.0,"max_hp_gain":0.0,"max_hp_loss":0.0,"gold_gain":0.0,"event_name":"Shining Light","player_choice":"Entered Light","floor":7.0,"gold_loss":0.0,"damage_taken":16.0,"cards_upgraded":["theDruid:Strike_O","theDruid:Defend_O"]},{"cards_removed":["theDruid:Defend_O"],"damage_healed":0.0,"max_hp_gain":0.0,"max_hp_loss":0.0,"gold_gain":0.0,"event_name":"Living Wall","player_choice":"Forget","floor":12.0,"gold_loss":0.0,"damage_taken":0.0},{"damage_healed":0.0,"max_hp_gain":5.0,"max_hp_loss":0.0,"gold_gain":0.0,"event_name":"Forgotten Altar","player_choice":"Shed Blood","floor":20.0,"gold_loss":0.0,"damage_taken":21.0},{"damage_healed":0.0,"max_hp_gain":0.0,"max_hp_loss":0.0,"gold_gain":275.0,"event_name":"Golden Shrine","player_choice":"Desecrate","floor":21.0,"gold_loss":0.0,"damage_taken":0.0,"cards_obtained":["Regret"]},{"cards_removed":["Regret"],"damage_healed":0.0,"max_hp_gain":0.0,"max_hp_loss":0.0,"gold_gain":0.0,"event_name":"Beggar","player_choice":"Gave Gold","floor":22.0,"gold_loss":75.0,"damage_taken":0.0}],"is_beta":false,"boss_relics":[{"not_picked":["Fusion Hammer","Cursed Key"],"picked":"Sozu"}],"items_purged_floors":[4],"is_endless":false,"potions_floor_spawned":[6,10,27],"killed_by":"Shelled Parasite and Fungi","ascension_level":2}}