{"host":"vfh4a5lsno7fg1vy","time":1611066572,"event":{"mods":["BaseMod","DeckTracker","Minty Spire (QoL Compilation)","StSLib","Synergy Search"],"gold_per_floor":[111,111,127,77,2,2,27,27,27,27,55,30,41,59,59,59,59],"floor_reached":16,"language":"KOR","playtime":653,"items_purged":["Defend_R"],"score":113,"play_id":"5982af5b-4265-4fc9-893e-7ad60a45f2bd","local_time":"20210119232932","is_ascension_mode":true,"campfire_choices":[{"data":"Clash","floor":6,"key":"SMITH"},{"floor":10,"key":"REST"},{"floor":15,"key":"REST"}],"circlet_count":0,"master_deck":["Strike_R","Strike_R","Strike_R","Strike_R","Strike_R","Defend_R","Bash+1","CurseOfTheBell","Warcry","Clash+1","Perfected Strike","Clothesline","Perfected Strike","Warcry","Heavy Blade","Infernal Blade","Cleave","Dropkick","Rampage"],"relics":["Calling Bell","Oddly Smooth Stone","Matryoshka","CaptainsWheel","Dream Catcher","Eternal Feather","Blue Candle","Prayer Wheel"],"acts_visited":["Exordium"],"potions_floor_usage":[14,16],"damage_taken":[{"damage":5,"enemies":"2 Louse","floor":1,"turns":2},{"damage":0,"enemies":"Cultist","floor":3,"turns":4},{"damage":39,"enemies":"3 Sentries","floor":7,"turns":9},{"damage":6,"enemies":"Gremlin Nob","floor":11,"turns":3},{"damage":8,"enemies":"Small Slimes","floor":13,"turns":2},{"damage":8,"enemies":"Exordium Thugs","floor":14,"turns":4},{"damage":80,"enemies":"Hexaghost","floor":16,"turns":9}],"seed_played":"-2512842676577433662","potions_obtained":[{"floor":7,"key":"BloodPotion"},{"floor":11,"key":"LiquidMemories"},{"floor":13,"key":"SteroidPotion"},{"floor":14,"key":"Fire Potion"}],"is_trial":false,"path_per_floor":["M","?","M","?","$","R","E","?","T","R","E","$","M","M","R","B"],"character_chosen":"IRONCLAD","items_purchased":["Warcry"],"campfire_rested":2,"item_purchase_floors":[12],"current_hp_per_floor":[75,75,75,75,75,75,36,36,36,66,60,60,52,60,80,0,0],"gold":59,"neow_bonus":"BOSS_RELIC","is_daily":false,"chose_seed":false,"campfire_upgraded":1,"win_rate":0.0,"timestamp":1611066572,"path_taken":["M","?","?","?","$","R","E","?","T","R","E","$","M","?","R","BOSS"],"items_purchased_type":["Card"],"build_version":"2020-12-22","purchased_purges":1,"victory":false,"max_hp_per_floor":[80,80,80,80,80,80,80,80,80,80,80,80,80,80,80,80,80],"card_choices":[{"not_picked":["Havoc","Body Slam"],"picked":"Warcry","floor":1},{"not_picked":["Wild Strike","Twin Strike"],"picked":"Clash","floor":3},{"not_picked":["Body Slam","Pommel Strike"],"picked":"Perfected Strike","floor":7},{"not_picked":["Headbutt","Anger"],"picked":"Clothesline","floor":10},{"not_picked":["Cleave","Sentinel"],"picked":"Perfected Strike","floor":11},{"not_picked":["Clothesline","Thunderclap"],"picked":"Heavy Blade","floor":13},{"not_picked":["Cleave","Dark Embrace"],"picked":"Infernal Blade","floor":13},{"not_picked":["Fiend Fire","Thunderclap"],"picked":"Cleave","floor":14},{"not_picked":["Body Slam","Rage"],"picked":"Dropkick","floor":14},{"not_picked":["Clothesline","True Grit"],"picked":"Rampage","floor":15}],"player_experience":195185,"relics_obtained":[{"floor":0,"key":"Oddly Smooth Stone"},{"floor":0,"key":"Matryoshka"},{"floor":0,"key":"CaptainsWheel"},{"floor":7,"key":"Dream Catcher"},{"floor":9,"key":"Eternal Feather"},{"floor":9,"key":"Blue Candle"},{"floor":11,"key":"Prayer Wheel"}],"event_choices":[{"damage_healed":0,"gold_gain":0,"player_choice":"Upgraded","damage_taken":0,"max_hp_gain":0,"max_hp_loss":0,"event_name":"Upgrade Shrine","floor":2,"gold_loss":0,"cards_upgraded":["Bash"]},{"cards_removed":["Defend_R"],"damage_healed":0,"gold_gain":0,"player_choice":"Card Removal","damage_taken":0,"max_hp_gain":0,"max_hp_loss":0,"event_name":"The Cleric","floor":4,"gold_loss":50},{"cards_removed":["Defend_R"],"damage_healed":0,"gold_gain":0,"player_choice":"Purged","damage_taken":0,"max_hp_gain":0,"max_hp_loss":0,"event_name":"Purifier","floor":8,"gold_loss":0}],"is_beta":false,"boss_relics":[],"items_purged_floors":[5],"is_endless":false,"potions_floor_spawned":[7,11,13,14],"killed_by":"Hexaghost","ascension_level":1}}