{"host":"xrbutm0tzv4qwo7u","time":1611015669,"event":{"mods":["AchievementEnabler","BaseMod","Better Altar","Better Match","Better Note","Better Sensory Stone","Better Skull","Better Third Choice","Colored Map","Colored Powertips","Curses Come First","Dark Map","Hermit","Minty Spire (QoL Compilation)","Quick Restart","Rare Cards Sparkle","Relic Stats","StSLib","The Cursed","The Marked"],"gold_per_floor":[113,113,130,157,26,26,26],"floor_reached":6,"language":"ENG","playtime":105,"items_purged":[],"score":36,"play_id":"5d57163a-0e43-47b9-bc68-5856f4e8576f","local_time":"20210118182109","is_ascension_mode":true,"campfire_choices":[],"circlet_count":0,"master_deck":["Strike_P","Strike_P","Strike_P","Strike_P","Defend_P","Defend_P","Defend_P","Defend_P","Eruption+1","Vigilance","Prostrate"],"relics":["PureWater","Potion Belt","MawBank","Membership Card"],"acts_visited":["Exordium"],"potions_floor_usage":[],"damage_taken":[{"damage":0,"enemies":"Jaw Worm","floor":1,"turns":1},{"damage":0,"enemies":"Cultist","floor":3,"turns":2},{"damage":90,"enemies":"Gremlin Nob","floor":6,"turns":4}],"seed_played":"-3828794183248285761","potions_obtained":[{"floor":3,"key":"Dexterity Potion"}],"is_trial":false,"path_per_floor":["M","?","M","T","$","E"],"character_chosen":"WATCHER","items_purchased":["Membership Card"],"campfire_rested":0,"item_purchase_floors":[5],"current_hp_per_floor":[72,72,72,72,72,0,0],"gold":26,"neow_bonus":"UPGRADE_CARD","is_daily":false,"chose_seed":false,"campfire_upgraded":0,"win_rate":0.0,"timestamp":1611015669,"path_taken":["M","?","?","?","?","E"],"items_purchased_type":["Relic"],"build_version":"2020-12-22","purchased_purges":0,"victory":false,"max_hp_per_floor":[72,72,72,72,72,72,72],"relic_stats":{"counters":[3,7],"MawBank":12,"obtain_stats":[{"Potion Belt":2,"Membership Card":5,"PureWater":0,"MawBank":4},{"Potion Belt":1,"Membership Card":2,"PureWater":0,"MawBank":2},{"Potion Belt":1,"Membership Card":3,"PureWater":0,"MawBank":3}]},"card_choices":[{"not_picked":["Protect","Crescendo"],"picked":"CrushJoints","floor":1},{"not_picked":["CrushJoints","FollowUp"],"picked":"Prostrate","floor":3}],"player_experience":60590,"relics_obtained":[{"floor":4,"key":"MawBank"}],"event_choices":[{"cards_removed":["CrushJoints"],"damage_healed":0,"gold_gain":0,"player_choice":"Gave Card","damage_taken":0,"relics_obtained":["Potion Belt"],"max_hp_gain":0,"max_hp_loss":0,"event_name":"WeMeetAgain","floor":2,"gold_loss":0}],"is_beta":false,"boss_relics":[],"items_purged_floors":[],"is_endless":false,"potions_floor_spawned":[3],"killed_by":"Gremlin Nob","ascension_level":1}}