{"host":"6jrd8fn9k88n08be","time":1611024858,"event":{"mods":["BaseMod","Minty Spire (QoL Compilation)","StSLib"],"gold_per_floor":[15,15,28,28,44,88,112,185,239,280,280,56,56,96,96,217,217,230,230,230,248,263,263,296,306,333,344,357,17,17,44,44,140,140,152,206,216,216,216,216,316,342,369,386,386,23,73,86,86,86,86,86,48,79,79],"floor_reached":56,"language":"ENG","playtime":3895,"items_purged":["Strike_R","Writhe"],"score":1278,"play_id":"17b04462-d262-4986-8b48-13f7a2ae1622","local_time":"20210118215418","is_ascension_mode":true,"campfire_choices":[{"floor":11,"key":"REST"},{"data":"True Grit","floor":15,"key":"SMITH"},{"data":"DevaForm","floor":23,"key":"SMITH"},{"data":"Whirlwind","floor":30,"key":"SMITH"},{"floor":32,"key":"RECALL"},{"data":"Enlightenment","floor":40,"key":"SMITH"},{"data":"Adrenaline","floor":49,"key":"SMITH"},{"data":"Spot Weakness","floor":52,"key":"SMITH"}],"circlet_count":0,"master_deck":["Defend_R","Defend_R","Defend_R","Defend_R","Bash","Whirlwind+1","True Grit+1","Uppercut+1","Spot Weakness+1","Warcry","Whirlwind+1","Twin Strike+1","Reaper+1","Seek","DevaForm+1","Ghostly Armor","Rebound+1","ThirdEye","Good Instincts","Adrenaline+1","Wallop+1","Conserve Battery+1","Enlightenment+1","Disarm","Deflect+1","PiercingWail+1","Metallicize","Reprogram"],"relics":["Burning Blood","Du-Vu Doll","Bloody Idol","Molten Egg 2","Bag of Marbles","Darkstone Periapt","Boot","Ice Cream","PrismaticShard","Ancient Tea Set","Vajra","Empty Cage","Self Forming Clay","Smiling Mask","Torii","Question Card","Runic Pyramid","WingedGreaves","StoneCalendar","Lizard Tail","Mango","Red Skull"],"acts_visited":["Exordium","TheCity","TheBeyond","TheEnding"],"potions_floor_usage":[10,10,14,22,33,33,33,36,36,36,42,50,50,55],"damage_taken":[{"damage":3.0,"enemies":"Small Slimes","floor":1.0,"turns":5.0},{"damage":14.0,"enemies":"Jaw Worm","floor":3.0,"turns":4.0},{"damage":5.0,"enemies":"Cultist","floor":5.0,"turns":4.0},{"damage":10.0,"enemies":"Gremlin Nob","floor":6.0,"turns":3.0},{"damage":3,"enemies":"2 Fungi Beasts","floor":7,"turns":5},{"damage":22,"enemies":"3 Sentries","floor":8,"turns":4},{"damage":29,"enemies":"3 Sentries","floor":10,"turns":8},{"damage":16,"enemies":"Lagavulin","floor":14,"turns":5},{"damage":24,"enemies":"The Guardian","floor":16,"turns":7},{"damage":21,"enemies":"2 Thieves","floor":18,"turns":3},{"damage":0,"enemies":"3 Byrds","floor":21,"turns":5},{"damage":48,"enemies":"Shelled Parasite and Fungi","floor":22,"turns":6},{"damage":13,"enemies":"Gremlin Leader","floor":24,"turns":5},{"damage":15,"enemies":"Snake Plant","floor":25,"turns":4},{"damage":23,"enemies":"Centurion and Healer","floor":27,"turns":4},{"damage":16,"enemies":"Chosen and Byrds","floor":28,"turns":6},{"damage":7,"enemies":"Slavers","floor":31,"turns":3},{"damage":73,"enemies":"Collector","floor":33,"turns":11},{"damage":25,"enemies":"3 Darklings","floor":35,"turns":4},{"damage":80,"enemies":"2 Orb Walkers","floor":36,"turns":5},{"damage":0,"enemies":"Orb Walker","floor":37,"turns":4},{"damage":53,"enemies":"Giant Head","floor":42,"turns":8},{"damage":1,"enemies":"Maw","floor":44,"turns":6},{"damage":8,"enemies":"Mind Bloom Boss Battle","floor":47,"turns":6},{"damage":6,"enemies":"3 Darklings","floor":48,"turns":4},{"damage":6,"enemies":"Awakened One","floor":50,"turns":10},{"damage":31,"enemies":"Shield and Spear","floor":54,"turns":6},{"damage":117,"enemies":"The Heart","floor":55,"turns":11}],"seed_played":"5556012129309106269","potions_obtained":[{"floor":1.0,"key":"EntropicBrew"},{"floor":6.0,"key":"PowerPotion"},{"floor":7,"key":"GamblersBrew"},{"floor":16,"key":"ElixirPotion"},{"floor":18,"key":"ColorlessPotion"},{"floor":24,"key":"Explosive Potion"},{"floor":25,"key":"FearPotion"},{"floor":28,"key":"EntropicBrew"},{"floor":36,"key":"FearPotion"},{"floor":37,"key":"FearPotion"},{"floor":44,"key":"EssenceOfSteel"},{"floor":48,"key":"Swift Potion"}],"is_trial":false,"path_per_floor":["M","?","M","?","M","E","M","?","T","E","R","$","T","E","R","B",null,"M","?","?","M","M","R","E","M","T","M","M","$","R","E","R","B",null,"M","?","M","?","?","R","?","E","T","M","?","$","?","M","R","B",null,"R","$","E","B",null],"character_chosen":"IRONCLAD","items_purchased":["Reaper+1","PrismaticShard","Torii","Lizard Tail","Metallicize"],"campfire_rested":1,"item_purchase_floors":[12,12,29,46,53],"current_hp_per_floor":[80,60,52,52,53,49,52,36,36,13,37,37,37,42,42,24,80,65,65,65,80,56,56,63,59,64,52,65,65,65,78,78,37,80,80,38,49,75,75,75,80,56,61,78,78,78,95,100,100,100,100,100,100,80,38],"gold":79,"neow_bonus":"ONE_RARE_RELIC","is_daily":false,"chose_seed":false,"campfire_upgraded":6,"win_rate":0.0,"timestamp":1611024858,"path_taken":["M","?","M","?","?","E","M","?","T","E","R","?","?","E","R","BOSS","M","?","?","?","M","R","E","M","T","M","?","$","R","E","R","BOSS","M","?","M","?","?","R","?","E","T","?","?","$","?","M","R","BOSS","R","$","E","BOSS"],"items_purchased_type":["Card","Relic","Relic","Relic","Card"],"build_version":"2020-12-22","purchased_purges":2,"victory":true,"max_hp_per_floor":[80,80,80,80,80,80,80,80,80,80,80,80,80,80,80,80,80,80,80,80,80,80,80,80,80,80,80,80,80,80,80,80,80,80,80,80,80,86,86,86,86,86,86,86,86,86,100,100,100,100,100,100,100,100,100],"card_choices":[{"not_picked":["Pommel Strike","Disarm"],"picked":"Whirlwind","floor":1.0},{"not_picked":["Disarm","Power Through"],"picked":"True Grit","floor":3.0},{"not_picked":["Intimidate","Bloodletting"],"picked":"Uppercut+1","floor":5.0},{"not_picked":["Exhume","Clash+1"],"picked":"Spot Weakness","floor":6.0},{"not_picked":["Rupture","Clothesline+1"],"picked":"Warcry","floor":7},{"not_picked":["Anger+1","Carnage+1"],"picked":"Whirlwind+1","floor":8},{"not_picked":["Thunderclap+1","Infernal Blade"],"picked":"Twin Strike+1","floor":10},{"not_picked":["Twin Strike+1","Shockwave"],"picked":"Seek","floor":14},{"not_picked":["Master of Strategy","Wish"],"picked":"DevaForm","floor":16},{"not_picked":["Thunderclap+1","Ball Lightning+1"],"picked":"Ghostly Armor","floor":18},{"not_picked":["Body Slam+1","Evaluate"],"picked":"Rebound+1","floor":21},{"not_picked":["Deadly Poison","Slice+1"],"picked":"ThirdEye","floor":22},{"not_picked":["Compile Driver+1","Outmaneuver","Auto Shields"],"picked":"SKIP","floor":24},{"not_picked":["Chill","Stack"],"picked":"Good Instincts","floor":25},{"not_picked":["Stack+1","Ghostly Armor","SashWhip+1"],"picked":"SKIP","floor":27},{"not_picked":["Bane+1","Impatience","Doom and Gloom+1"],"picked":"SKIP","floor":28},{"not_picked":["Unload+1","Compile Driver+1","Genetic Algorithm+1"],"picked":"SKIP","floor":31},{"not_picked":["The Bomb","Panache","Storm of Steel"],"picked":"Adrenaline","floor":33},{"not_picked":["Go for the Eyes+1","Cloak And Dagger+1","Poisoned Stab+1"],"picked":"Wallop+1","floor":35},{"not_picked":["Flying Knee+1","Outmaneuver","Armaments+1"],"picked":"Conserve Battery+1","floor":36},{"not_picked":["Cleave+1","Vengeance","Pommel Strike+1","BowlingBash+1"],"picked":"SKIP","floor":37},{"not_picked":["Purity","Violence","Discovery"],"picked":"Enlightenment","floor":39},{"not_picked":["WaveOfTheHand+1","Cleave+1","Adaptation","All For One+1"],"picked":"SKIP","floor":42},{"not_picked":["Study+1","Clothesline+1","Barrage+1"],"picked":"Disarm","floor":44},{"not_picked":["Prepared","Wild Strike+1","Warcry+1"],"picked":"Deflect+1","floor":47},{"not_picked":["Flechettes+1","TalkToTheHand+1","Disarm+1"],"picked":"PiercingWail+1","floor":48},{"not_picked":["Fasting2","Prepared+1","Darkness"],"picked":"Reprogram","floor":54}],"player_experience":86936,"relics_obtained":[{"floor":6.0,"key":"Bag of Marbles"},{"floor":8,"key":"Darkstone Periapt"},{"floor":9,"key":"Boot"},{"floor":10,"key":"Ice Cream"},{"floor":13,"key":"Ancient Tea Set"},{"floor":14,"key":"Vajra"},{"floor":24,"key":"Self Forming Clay"},{"floor":26,"key":"Smiling Mask"},{"floor":31,"key":"Question Card"},{"floor":36,"key":"WingedGreaves"},{"floor":42,"key":"StoneCalendar"},{"floor":47,"key":"Mango"},{"floor":54,"key":"Red Skull"}],"event_choices":[{"damage_healed":0.0,"max_hp_gain":0.0,"max_hp_loss":0.0,"gold_gain":0.0,"event_name":"Golden Idol","player_choice":"Take Damage","floor":2.0,"gold_loss":0.0,"damage_taken":20.0,"relics_obtained":["Golden Idol"]},{"damage_healed":0.0,"max_hp_gain":0.0,"max_hp_loss":0.0,"gold_gain":0.0,"event_name":"WeMeetAgain","player_choice":"Gave Potion","floor":4.0,"gold_loss":0.0,"damage_taken":0.0,"relics_obtained":["Molten Egg 2"]},{"damage_healed":0,"gold_gain":0,"player_choice":"Searched \u00271\u0027 times","damage_taken":0,"max_hp_gain":0,"max_hp_loss":0,"event_name":"Dead Adventurer","floor":8,"gold_loss":0},{"damage_healed":0,"gold_gain":0,"player_choice":"Gave Idol","damage_taken":0,"relics_obtained":["Bloody Idol"],"max_hp_gain":0,"max_hp_loss":0,"event_name":"Forgotten Altar","floor":19,"relics_lost":["Golden Idol"],"gold_loss":0},{"cards_removed":["Strike_R"],"damage_healed":0,"gold_gain":0,"player_choice":"Purged","damage_taken":0,"max_hp_gain":0,"max_hp_loss":0,"event_name":"Purifier","floor":20,"gold_loss":0},{"damage_healed":0,"gold_gain":0,"player_choice":"Fight","damage_taken":0,"max_hp_gain":0,"max_hp_loss":0,"event_name":"Mysterious Sphere","floor":36,"gold_loss":0},{"damage_healed":20,"gold_gain":0,"player_choice":"Writhe","damage_taken":0,"max_hp_gain":0,"max_hp_loss":0,"event_name":"Winding Halls","floor":38,"gold_loss":0,"cards_obtained":["Writhe"]},{"damage_healed":0,"gold_gain":0,"player_choice":"Memory 1","damage_taken":0,"max_hp_gain":0,"max_hp_loss":0,"event_name":"SensoryStone","floor":39,"gold_loss":0},{"damage_healed":0,"gold_gain":100,"player_choice":"Pray","damage_taken":0,"max_hp_gain":0,"max_hp_loss":0,"event_name":"Golden Shrine","floor":41,"gold_loss":0},{"cards_removed":["Strike_R"],"damage_healed":0,"gold_gain":0,"player_choice":"Removed Attack","damage_taken":0,"max_hp_gain":0,"max_hp_loss":0,"event_name":"Falling","floor":45,"gold_loss":0},{"damage_healed":0,"gold_gain":0,"player_choice":"Fight","damage_taken":0,"max_hp_gain":0,"max_hp_loss":0,"event_name":"MindBloom","floor":47,"gold_loss":0}],"is_beta":false,"boss_relics":[{"not_picked":["Snecko Eye","SlaversCollar"],"picked":"Empty Cage"},{"not_picked":["Runic Cube","Mark of Pain"],"picked":"Runic Pyramid"}],"items_purged_floors":[29,46],"is_endless":false,"potions_floor_spawned":[1,3,6,7,16,18,24,25,28,36,37,44,48],"ascension_level":1}}