{"host":"6pgtslebjnyv5xmi","time":1611059266,"event":{"mods":["AchievementEnabler","BaseMod","Colored Map","Minty Spire (QoL Compilation)","Rare Cards Sparkle","StSLib","SuperFastMode","The Cursed","everything is the same but u backflip on backflip"],"gold_per_floor":[116,131,131,131,131,131,55,65,65,65,76,76,90,40,40,143,143,158,158,16,55,235,235,235],"floor_reached":23,"language":"KOR","playtime":624,"items_purged":["Defend_P"],"score":206,"play_id":"d88d0e1e-667e-4d0b-b524-a446a2edbb4e","local_time":"20210119212746","is_ascension_mode":true,"campfire_choices":[{"data":"Eruption","floor":6,"key":"SMITH"},{"data":"Tantrum","floor":10,"key":"SMITH"},{"floor":12,"key":"REST"},{"data":"Vigilance","floor":15,"key":"SMITH"}],"circlet_count":0,"master_deck":["Strike_P+1","Strike_P","Defend_P","Defend_P+1","Eruption+1","Vigilance+1","Tantrum+1","Wish","MentalFortress"],"relics":["PureWater","NeowsBlessing","Yang","VioletLotus"],"acts_visited":["Exordium","TheCity"],"potions_floor_usage":[23],"damage_taken":[{"damage":0,"enemies":"Cultist","floor":1,"turns":1},{"damage":0,"enemies":"2 Louse","floor":2,"turns":1},{"damage":0,"enemies":"Small Slimes","floor":8,"turns":1},{"damage":7,"enemies":"Exordium Thugs","floor":11,"turns":2},{"damage":1,"enemies":"Red Slaver","floor":13,"turns":2},{"damage":22,"enemies":"The Guardian","floor":16,"turns":16},{"damage":6,"enemies":"3 Byrds","floor":18,"turns":4},{"damage":0,"enemies":"Spheric Guardian","floor":21,"turns":5},{"damage":80,"enemies":"Slavers","floor":23,"turns":3}],"seed_played":"-5660975352398411386","potions_obtained":[{"floor":16,"key":"FairyPotion"},{"floor":21,"key":"Dexterity Potion"}],"is_trial":false,"path_per_floor":["M","M","?","?","?","R","$","M","T","R","M","R","M","?","R","B",null,"M","?","$","M","?","E"],"character_chosen":"WATCHER","items_purchased":["Tantrum","MentalFortress"],"campfire_rested":1,"item_purchase_floors":[7,20],"current_hp_per_floor":[72,72,58,58,58,58,58,58,58,58,51,72,71,71,71,49,72,66,66,66,66,47,0,0],"gold":235,"neow_bonus":"THREE_ENEMY_KILL","is_daily":false,"chose_seed":false,"campfire_upgraded":3,"win_rate":0.0,"timestamp":1611059266,"path_taken":["M","M","?","?","?","R","$","M","T","R","?","R","M","?","R","BOSS","M","?","?","?","?","E"],"items_purchased_type":["Card","Card"],"build_version":"2020-12-22","purchased_purges":1,"victory":false,"max_hp_per_floor":[72,72,72,72,72,72,72,72,72,72,72,72,72,72,72,72,72,72,72,72,72,72,72,72],"card_choices":[{"not_picked":["FlyingSleeves","ClearTheMind","Halt"],"picked":"SKIP","floor":1},{"not_picked":["Crescendo","Perseverance","Fasting2"],"picked":"SKIP","floor":2},{"not_picked":["FlyingSleeves","Prostrate","EmptyFist"],"picked":"SKIP","floor":8},{"not_picked":["EmptyBody","SignatureMove","PathToVictory"],"picked":"SKIP","floor":11},{"not_picked":["ClearTheMind","Indignation","Consecrate"],"picked":"SKIP","floor":13},{"not_picked":["Omniscience","Devotion"],"picked":"Wish","floor":16},{"not_picked":["ClearTheMind+1","WheelKick","EmptyBody"],"picked":"SKIP","floor":18},{"not_picked":["WaveOfTheHand","ClearTheMind","Prostrate+1"],"picked":"SKIP","floor":21}],"player_experience":999298,"relics_obtained":[{"floor":9,"key":"Yang"}],"event_choices":[{"damage_healed":0,"gold_gain":0,"player_choice":"Entered Light","damage_taken":14,"max_hp_gain":0,"max_hp_loss":0,"event_name":"Shining Light","floor":3,"gold_loss":0,"cards_upgraded":["Defend_P","Strike_P"]},{"cards_removed":["Defend_P"],"damage_healed":0,"gold_gain":0,"player_choice":"Forget","damage_taken":0,"max_hp_gain":0,"max_hp_loss":0,"event_name":"Living Wall","floor":4,"gold_loss":0},{"damage_healed":0,"gold_gain":0,"player_choice":"0 cards matched","damage_taken":0,"max_hp_gain":0,"max_hp_loss":0,"event_name":"Match and Keep!","floor":5,"gold_loss":0,"cards_obtained":[]},{"cards_removed":["Strike_P"],"damage_healed":0,"gold_gain":0,"player_choice":"Card Removal","damage_taken":0,"max_hp_gain":0,"max_hp_loss":0,"event_name":"The Cleric","floor":14,"gold_loss":50},{"cards_removed":["Strike_P"],"damage_healed":0,"gold_gain":0,"player_choice":"Offered Basic","damage_taken":0,"max_hp_gain":0,"max_hp_loss":0,"event_name":"Bonfire Elementals","floor":19,"gold_loss":0},{"damage_healed":0,"gold_gain":180,"player_choice":"GOLD GOLD ","damage_taken":19,"max_hp_gain":0,"max_hp_loss":0,"event_name":"Knowing Skull","floor":22,"potions_obtained":[],"gold_loss":0,"cards_obtained":[]}],"is_beta":false,"boss_relics":[{"not_picked":["Philosopher\u0027s Stone","Fusion Hammer"],"picked":"VioletLotus"}],"items_purged_floors":[20],"is_endless":false,"potions_floor_spawned":[16,21],"killed_by":"Slavers","ascension_level":3}}