{"host":"g5k24uqcth2ihc11","time":1611028436,"event":{"mods":["Arknights The Spire","BaseMod","Downfall","Jorbs\u0027s Wanderer Trilogy","Marisa????????","Minty Spire (QoL Compilation)","Robot Space Explorer","StSLib","The Cursed","The Dragon Tamer","The Marked","The Servant 0.9.4"],"gold_per_floor":[117,136,86,97,117,142,142,152,152,132,152,152,28,41,41,144,144,162,174,273,51,51,51,63,63,63,75,75,75],"floor_reached":28,"language":"ENG","playtime":2351,"items_purged":["theMarked:Strike"],"score":222,"play_id":"46dcde0f-d00e-4337-bfa5-967e7a1c13ae","local_time":"20210118195356","is_ascension_mode":false,"campfire_choices":[{"data":"theMarked:BanishingWave","floor":7,"key":"SMITH"},{"data":"theMarked:SoldierForm","floor":12,"key":"SMITH"},{"floor":15,"key":"REST"},{"floor":23,"key":"REST"},{"floor":25,"key":"REST"}],"circlet_count":0,"master_deck":["theMarked:Strike","theMarked:Strike","theMarked:Strike","theMarked:Defend","theMarked:Defend","theMarked:Defend","theMarked:Defend","theMarked:SoldierOfQuellstein","theMarked:ResourceFulStrike","theMarked:BanishingStrike","theMarked:PowerFlow","theMarked:BanishingWave+1","theMarked:HeightenedSenses","theMarked:Frustration","theMarked:SoldierForm+1","theMarked:Static","theMarked:GodGivenPower","theMarked:EternalStudent","theMarked:ParalyzingBlade","theMarked:TwofoldDefense+1","theMarked:ReduceFriction","theMarked:RogueSparks+1","theMarked:SummonStrength"],"relics":["theMarked:ArtifactOfAir","InkBottle","Girya","SacredBark","theMarked:DemonDagger","Oddly Smooth Stone"],"acts_visited":["Exordium","TheCity"],"potions_floor_usage":[6,16,19,19,24,27,28],"damage_taken":[{"damage":1,"enemies":"Jaw Worm","floor":1,"turns":4},{"damage":0,"enemies":"2 Louse","floor":2,"turns":2},{"damage":0,"enemies":"Cultist","floor":4,"turns":3},{"damage":2,"enemies":"Blue Slaver","floor":5,"turns":4},{"damage":20,"enemies":"Gremlin Nob","floor":6,"turns":4},{"damage":10,"enemies":"Exordium Thugs","floor":8,"turns":3},{"damage":7,"enemies":"2 Fungi Beasts","floor":11,"turns":3},{"damage":1,"enemies":"Lots of Slimes","floor":14,"turns":5},{"damage":7,"enemies":"Slime Boss","floor":16,"turns":6},{"damage":21,"enemies":"Chosen","floor":18,"turns":5},{"damage":31,"enemies":"Spheric Guardian","floor":19,"turns":5},{"damage":0,"enemies":"Centurion and Healer","floor":24,"turns":1},{"damage":22,"enemies":"Snake Plant","floor":27,"turns":2},{"damage":56,"enemies":"Shelled Parasite and Fungi","floor":28,"turns":8}],"seed_played":"-4650746073748663957","potions_obtained":[{"floor":2,"key":"theMarked:SummonPotion"},{"floor":10,"key":"Swift Potion"},{"floor":11,"key":"champ:CounterPotion"},{"floor":14,"key":"AttackPotion"},{"floor":16,"key":"PowerPotion"},{"floor":19,"key":"LiquidMemories"},{"floor":24,"key":"champ:CounterPotion"}],"is_trial":false,"path_per_floor":["M","M","?","M","M","E","R","M","T","?","M","R","$","M","R","B",null,"M","M","?","$","?","R","M","R","T","M","M"],"character_chosen":"THE_DEFAULT","items_purchased":["theMarked:Static","theMarked:DemonDagger","theMarked:ReduceFriction"],"campfire_rested":3,"item_purchase_floors":[13,21,21],"current_hp_per_floor":[76,76,76,76,74,54,54,44,44,44,37,37,37,36,59,52,77,56,25,25,25,18,41,41,64,64,42,0,0],"gold":75,"neow_bonus":"TEN_PERCENT_HP_BONUS","is_daily":false,"chose_seed":false,"campfire_upgraded":2,"win_rate":0.0,"timestamp":1611028436,"path_taken":["M","M","?","M","M","E","R","M","T","?","M","R","$","M","R","BOSS","M","M","?","$","?","R","?","R","T","M","M"],"items_purchased_type":["Card","Relic","Card"],"build_version":"2020-12-22","purchased_purges":1,"victory":false,"max_hp_per_floor":[77,77,77,77,77,77,77,77,77,77,77,77,77,77,77,77,77,77,77,77,77,77,77,77,77,77,77,77,77],"card_choices":[{"not_picked":["theMarked:Aftermath","theMarked:HeightenedSenses"],"picked":"theMarked:ResourceFulStrike","floor":1},{"not_picked":["theMarked:Frustration","theMarked:TwofoldDefense"],"picked":"theMarked:BanishingStrike","floor":2},{"not_picked":["theMarked:WastefulDefense","theMarked:StartUp"],"picked":"theMarked:PowerFlow","floor":4},{"not_picked":["theMarked:WastefulAttack","theMarked:TwofoldDefense"],"picked":"theMarked:BanishingWave","floor":5},{"not_picked":["theMarked:RepellingDischarge","theMarked:BanishingWave"],"picked":"theMarked:HeightenedSenses","floor":6},{"not_picked":["theMarked:RepellingDischarge","theMarked:ElectricStrings"],"picked":"theMarked:Frustration","floor":8},{"not_picked":["theMarked:Frustration","theMarked:Aftermath"],"picked":"theMarked:SoldierForm","floor":11},{"not_picked":["theMarked:WastefulAttack","theMarked:Reabsorb"],"picked":"theMarked:GodGivenPower","floor":14},{"not_picked":["theMarked:FavorableWinds","theMarked:Snap"],"picked":"theMarked:EternalStudent","floor":16},{"not_picked":["theMarked:EmpowerWeapon","theMarked:TakeCover"],"picked":"theMarked:ParalyzingBlade","floor":18},{"not_picked":["theMarked:Static","theMarked:Electrify"],"picked":"theMarked:TwofoldDefense+1","floor":19},{"not_picked":["theMarked:ParalyzingBlade","theMarked:TakeCover+1"],"picked":"theMarked:RogueSparks+1","floor":24},{"not_picked":["theMarked:Static","theMarked:ShockingTouch"],"picked":"theMarked:SummonStrength","floor":27}],"player_experience":29046,"relics_obtained":[{"floor":6,"key":"InkBottle"},{"floor":9,"key":"Girya"},{"floor":26,"key":"Oddly Smooth Stone"}],"event_choices":[{"cards_removed":["theMarked:Strike"],"damage_healed":0,"gold_gain":0,"player_choice":"Card Removal","damage_taken":0,"max_hp_gain":0,"max_hp_loss":0,"event_name":"The Cleric","floor":3,"gold_loss":50},{"damage_healed":0,"gold_gain":0,"player_choice":"Bought 1 Potion","damage_taken":0,"max_hp_gain":0,"max_hp_loss":0,"event_name":"The Woman in Blue","floor":10,"gold_loss":0},{"damage_healed":0,"gold_gain":99,"player_choice":"Stole From Cult","damage_taken":0,"max_hp_gain":0,"max_hp_loss":0,"event_name":"Nest","floor":20,"gold_loss":0},{"damage_healed":0,"gold_gain":0,"player_choice":"Damaged","damage_taken":7,"max_hp_gain":0,"max_hp_loss":0,"event_name":"Wheel of Change","floor":22,"gold_loss":0}],"is_beta":false,"boss_relics":[{"not_picked":["Runic Dome","SlaversCollar"],"picked":"SacredBark"}],"items_purged_floors":[13],"is_endless":false,"potions_floor_spawned":[2,11,14,16,19,24],"killed_by":"Shelled Parasite and Fungi","ascension_level":0}}