{"host":"k5wd0jv1m6dz3iwi","time":1611045740,"event":{"mods":["BaseMod","Better Vampires","Challenge The Spire","Custom Start","Highlight Path","Minty Spire (QoL Compilation)","Rare Cards Sparkle","Relic Stats","Slay the Relics Exporter","StSLib","everything is the same but u backflip on backflip"],"gold_per_floor":[113,124,142,40,52,82,82,107,107,126,156,174,201,221,221,299,299,315,2,20,31,51,51,378,378,428,456,456,466,476,507,507,584,584,596,647,647,661,661,690,690,718,744,779,798,798,816,816,816,816],"floor_reached":51,"language":"ENG","playtime":2897,"items_purged":["Searing Blow"],"score":1876,"play_id":"c1b58cbd-3393-4bac-894f-9c7e74127db2","local_time":"20210119084220","daily_mods":["Draft","Purple Cards","Binary"],"is_ascension_mode":true,"campfire_choices":[{"data":"Combust","floor":7,"key":"SMITH"},{"data":"Fire Breathing","floor":15,"key":"SMITH"},{"data":"Dramatic Entrance","floor":23,"key":"SMITH"},{"data":"TalkToTheHand","floor":32,"key":"SMITH"},{"data":"Feel No Pain","floor":41,"key":"SMITH"},{"data":"Immolate","floor":46,"key":"SMITH"},{"floor":49,"key":"REST"}],"circlet_count":0,"master_deck":["AscendersBane","SignatureMove+1","TalkToTheHand+1","Shockwave+1","BowlingBash+1","Combust+1","FlurryOfBlows+1","Cleave+1","Feel No Pain+1","EmptyBody+1","ThirdEye+1","CutThroughFate+1","Prostrate+1","Reckless Charge+1","Crescendo+1","Wireheading+1","Headbutt+1","Protect+1","Weave+1","Fire Breathing+1","Nirvana+1","EmptyFist+1","FlyingSleeves+1","Immolate+1","Dramatic Entrance+1","Spot Weakness+1","BowlingBash+1","ThirdEye+1","Scrawl+1","Crescendo+1","FearNoEvil+1","Impervious+1","Havoc+1","Wild Strike+1","WaveOfTheHand+1","JustLucky+1"],"relics":["Burning Blood","Question Card","Anchor","Kunai","Charon\u0027s Ashes","Bag of Marbles","Mark of Pain","Centennial Puzzle","Old Coin","Nilry\u0027s Codex","Red Skull","Bag of Preparation","Regal Pillow","Busted Crown","Lizard Tail","StrikeDummy","Toy Ornithopter","Lantern","Smiling Mask","Mark of the Bloom"],"acts_visited":["Exordium","TheCity","TheBeyond"],"potions_floor_usage":[5,16,21,24,30,33,45,50,50],"damage_taken":[{"damage":3,"enemies":"2 Louse","floor":1,"turns":2},{"damage":0,"enemies":"Jaw Worm","floor":2,"turns":3},{"damage":3,"enemies":"Small Slimes","floor":3,"turns":2},{"damage":6,"enemies":"Gremlin Gang","floor":5,"turns":2},{"damage":12,"enemies":"3 Sentries","floor":6,"turns":3},{"damage":1,"enemies":"Lagavulin","floor":8,"turns":4},{"damage":3,"enemies":"Blue Slaver","floor":10,"turns":2},{"damage":5,"enemies":"3 Sentries","floor":11,"turns":4},{"damage":0,"enemies":"2 Fungi Beasts","floor":12,"turns":2},{"damage":0,"enemies":"Lagavulin","floor":13,"turns":3},{"damage":5,"enemies":"Exordium Thugs","floor":14,"turns":3},{"damage":0,"enemies":"Slime Boss","floor":16,"turns":4},{"damage":0,"enemies":"Spheric Guardian","floor":18,"turns":2},{"damage":0,"enemies":"Chosen","floor":20,"turns":3},{"damage":1,"enemies":"Shelled Parasite and Fungi","floor":21,"turns":2},{"damage":4,"enemies":"3 Cultists","floor":22,"turns":4},{"damage":0,"enemies":"Slavers","floor":24,"turns":1},{"damage":1,"enemies":"Gremlin Leader","floor":27,"turns":4},{"damage":2,"enemies":"Centurion and Healer","floor":29,"turns":3},{"damage":0,"enemies":"Sentry and Sphere","floor":30,"turns":2},{"damage":0,"enemies":"Slavers","floor":31,"turns":3},{"damage":43,"enemies":"Collector","floor":33,"turns":5},{"damage":0,"enemies":"3 Shapes","floor":35,"turns":2},{"damage":0,"enemies":"2 Orb Walkers","floor":36,"turns":2},{"damage":0,"enemies":"Orb Walker","floor":38,"turns":1},{"damage":0,"enemies":"Nemesis","floor":40,"turns":5},{"damage":0,"enemies":"Reptomancer","floor":42,"turns":3},{"damage":13,"enemies":"Giant Head","floor":44,"turns":8},{"damage":18,"enemies":"Maw","floor":45,"turns":5},{"damage":0,"enemies":"Jaw Worm Horde","floor":47,"turns":1},{"damage":27,"enemies":"Donu and Deca","floor":50,"turns":4}],"seed_played":"-508283688159387893","potions_obtained":[{"floor":2,"key":"SkillPotion"},{"floor":3,"key":"Energy Potion"},{"floor":8,"key":"ColorlessPotion"},{"floor":11,"key":"SteroidPotion"},{"floor":20,"key":"ElixirPotion"},{"floor":21,"key":"Fire Potion"},{"floor":24,"key":"Ancient Potion"},{"floor":30,"key":"Explosive Potion"},{"floor":40,"key":"Dexterity Potion"},{"floor":45,"key":"SkillPotion"}],"is_trial":true,"path_per_floor":["M","M","M","$","M","E","R","E","T","M","E","M","E","M","R","B",null,"M","$","M","M","M","R","E","?","T","E","?","M","M","E","R","B",null,"M","?","?","M","?","E","R","E","T","E","M","R","M","?","R","B",null],"character_chosen":"IRONCLAD","items_purchased":["Protect","Weave","Dramatic Entrance","Centennial Puzzle"],"campfire_rested":1,"item_purchase_floors":[4,4,19,19],"current_hp_per_floor":[71,75,75,75,75,69,69,74,74,75,75,75,75,75,75,75,75,75,75,75,75,75,75,75,54,54,59,59,63,69,75,75,38,66,72,75,75,75,75,75,75,75,75,68,61,61,67,67,67,40],"gold":816,"neow_bonus":"","is_daily":false,"chose_seed":false,"campfire_upgraded":6,"win_rate":0.0,"timestamp":1611045740,"path_taken":["M","M","?","$","M","E","R","E","T","M","E","M","E","M","R","BOSS","M","$","M","M","M","R","E","?","T","E","?","M","M","E","R","BOSS","M","?","?","M","?","E","R","E","T","E","?","R","M","?","R","BOSS"],"items_purchased_type":["Card","Card","Card","Relic"],"build_version":"2020-12-22","purchased_purges":1,"victory":true,"max_hp_per_floor":[75,75,75,75,75,75,75,75,75,75,75,75,75,75,75,75,75,75,75,75,75,75,75,75,75,75,75,75,75,75,75,75,75,75,75,75,75,75,75,75,75,75,75,75,75,75,75,75,75,75],"relic_stats":{"Regal Pillow":0,"Mark of the Bloom":53,"counters":[31,94],"Charon\u0027s Ashes":[304],"Bag of Preparation":[26],"Question Card":25,"Smiling Mask":0,"Burning Blood":107,"Centennial Puzzle":[24],"Lizard Tail":0,"Busted Crown":16,"Kunai":[36],"obtain_stats":[{"Regal Pillow":31,"Lantern":43,"Mark of the Bloom":48,"Nilry\u0027s Codex":25,"Charon\u0027s Ashes":11,"Bag of Preparation":27,"Question Card":6,"Smiling Mask":44,"Burning Blood":0,"Old Coin":24,"Anchor":8,"Centennial Puzzle":19,"Lizard Tail":36,"Busted Crown":34,"Mark of Pain":17,"Bag of Marbles":13,"Kunai":9,"StrikeDummy":40,"Red Skull":26,"Toy Ornithopter":42},{"Regal Pillow":21,"Lantern":27,"Mark of the Bloom":30,"Nilry\u0027s Codex":17,"Charon\u0027s Ashes":8,"Bag of Preparation":18,"Question Card":5,"Smiling Mask":28,"Burning Blood":0,"Old Coin":17,"Anchor":6,"Centennial Puzzle":13,"Lizard Tail":24,"Busted Crown":22,"Mark of Pain":12,"Bag of Marbles":10,"Kunai":6,"StrikeDummy":26,"Red Skull":17,"Toy Ornithopter":27},{"Regal Pillow":58,"Lantern":76,"Mark of the Bloom":90,"Nilry\u0027s Codex":46,"Charon\u0027s Ashes":22,"Bag of Preparation":50,"Question Card":12,"Smiling Mask":84,"Burning Blood":0,"Old Coin":46,"Anchor":16,"Centennial Puzzle":36,"Lizard Tail":67,"Busted Crown":63,"Mark of Pain":34,"Bag of Marbles":27,"Kunai":16,"StrikeDummy":73,"Red Skull":46,"Toy Ornithopter":76}],"Toy Ornithopter":5},"card_choices":[{"not_picked":["EmptyFist","Evaluate"],"picked":"SignatureMove","floor":0},{"not_picked":["SashWhip","Pommel Strike"],"picked":"TalkToTheHand","floor":0},{"not_picked":["Spot Weakness","Sword Boomerang"],"picked":"Shockwave","floor":0},{"not_picked":["ClearTheMind","Meditate"],"picked":"BowlingBash","floor":0},{"not_picked":["Clothesline","Evolve"],"picked":"Combust","floor":0},{"not_picked":["Vengeance","Armaments"],"picked":"FlurryOfBlows","floor":0},{"not_picked":["Perfected Strike","Conclude"],"picked":"Searing Blow","floor":0},{"not_picked":["CarveReality","Body Slam"],"picked":"Cleave","floor":0},{"not_picked":["ClearTheMind","Thunderclap"],"picked":"Feel No Pain","floor":0},{"not_picked":["Evolve","Blood for Blood"],"picked":"EmptyBody","floor":0},{"not_picked":["Battle Trance","Fasting2"],"picked":"ThirdEye","floor":0},{"not_picked":["Uppercut","Sword Boomerang"],"picked":"CutThroughFate","floor":0},{"not_picked":["Anger","ThirdEye"],"picked":"Prostrate","floor":0},{"not_picked":["PathToVictory","Entrench"],"picked":"Sentinel","floor":0},{"not_picked":["Fasting2","Collect"],"picked":"Reckless Charge","floor":0},{"not_picked":["FollowUp"],"picked":"Crescendo","floor":1},{"not_picked":["Metallicize"],"picked":"Wireheading","floor":2},{"not_picked":["Evolve"],"picked":"Headbutt","floor":3},{"not_picked":["Thunderclap"],"picked":"Fire Breathing","floor":5},{"not_picked":["CrushJoints","FollowUp"],"picked":"SKIP","floor":6},{"not_picked":["Flex","DeusExMachina"],"picked":"Nirvana","floor":8},{"not_picked":["ThirdEye","FlyingSleeves"],"picked":"EmptyFist","floor":10},{"not_picked":["Sword Boomerang","EmptyFist","PathToVictory"],"picked":"SKIP","floor":11},{"not_picked":["CrushJoints","Metallicize","Pommel Strike"],"picked":"SKIP","floor":12},{"not_picked":["Entrench","Shrug It Off","Twin Strike"],"picked":"SKIP","floor":13},{"not_picked":["InnerPeace","Halt"],"picked":"FlyingSleeves","floor":14},{"not_picked":["Juggernaut","ConjureBlade"],"picked":"Immolate","floor":16},{"not_picked":["Body Slam","Collect","SashWhip"],"picked":"SKIP","floor":18},{"not_picked":["Bloodletting","Crescendo"],"picked":"Spot Weakness","floor":20},{"not_picked":["Halt","Combust","Evaluate"],"picked":"SKIP","floor":21},{"not_picked":["SashWhip","ForeignInfluence","Armaments"],"picked":"SKIP","floor":22},{"not_picked":["Shockwave","Body Slam"],"picked":"BowlingBash+1","floor":24},{"not_picked":["Thunderclap","Inflame"],"picked":"ThirdEye+1","floor":27},{"not_picked":["Armaments","Dropkick"],"picked":"Scrawl","floor":29},{"not_picked":["Armaments","Perfected Strike"],"picked":"Crescendo","floor":30},{"not_picked":["ForeignInfluence","TalkToTheHand"],"picked":"FearNoEvil","floor":31},{"not_picked":["Brutality","Wish"],"picked":"Impervious","floor":33},{"not_picked":[],"picked":"Havoc","floor":35},{"not_picked":["Warcry"],"picked":"SKIP","floor":38},{"not_picked":["True Grit"],"picked":"SKIP","floor":40},{"not_picked":[],"picked":"Wild Strike+1","floor":42},{"not_picked":[],"picked":"WaveOfTheHand","floor":44},{"not_picked":[],"picked":"JustLucky+1","floor":45},{"not_picked":["Collect"],"picked":"SKIP","floor":47}],"player_experience":1258282,"relics_obtained":[{"floor":6,"key":"Question Card"},{"floor":8,"key":"Anchor"},{"floor":9,"key":"Kunai"},{"floor":11,"key":"Charon\u0027s Ashes"},{"floor":13,"key":"Bag of Marbles"},{"floor":24,"key":"Old Coin"},{"floor":25,"key":"Nilry\u0027s Codex"},{"floor":26,"key":"Red Skull"},{"floor":27,"key":"Bag of Preparation"},{"floor":31,"key":"Regal Pillow"},{"floor":36,"key":"Lizard Tail"},{"floor":40,"key":"StrikeDummy"},{"floor":42,"key":"Toy Ornithopter"},{"floor":43,"key":"Lantern"},{"floor":44,"key":"Smiling Mask"}],"event_choices":[{"damage_healed":0,"gold_gain":0,"player_choice":"Obtained Book","damage_taken":21,"max_hp_gain":0,"max_hp_loss":0,"event_name":"Cursed Tome","floor":25,"gold_loss":0},{"cards_removed":["Sentinel"],"damage_healed":0,"gold_gain":0,"player_choice":"Elegance","damage_taken":0,"max_hp_gain":0,"max_hp_loss":0,"event_name":"Back to Basics","floor":28,"gold_loss":0},{"damage_healed":0,"gold_gain":0,"player_choice":"Fight","damage_taken":0,"max_hp_gain":0,"max_hp_loss":0,"event_name":"Mysterious Sphere","floor":36,"gold_loss":0},{"damage_healed":0,"gold_gain":0,"player_choice":"Ignored","damage_taken":0,"max_hp_gain":0,"max_hp_loss":0,"event_name":"Tomb of Lord Red Mask","floor":37,"gold_loss":0},{"damage_healed":0,"gold_gain":0,"player_choice":"Upgraded","damage_taken":0,"max_hp_gain":0,"max_hp_loss":0,"event_name":"Upgrade Shrine","floor":39,"gold_loss":0,"cards_upgraded":["Wireheading"]},{"damage_healed":0,"gold_gain":0,"player_choice":"Upgrade","damage_taken":0,"relics_obtained":["Mark of the Bloom"],"max_hp_gain":0,"max_hp_loss":0,"event_name":"MindBloom","floor":48,"gold_loss":0,"cards_upgraded":["SignatureMove","Shockwave","BowlingBash","FlurryOfBlows","Cleave","EmptyBody","ThirdEye","CutThroughFate","Prostrate","Reckless Charge","Crescendo","Headbutt","Protect","Weave","Nirvana","EmptyFist","FlyingSleeves","Spot Weakness","Scrawl","Crescendo","FearNoEvil","Impervious","Havoc","WaveOfTheHand"]}],"is_beta":false,"boss_relics":[{"not_picked":["Black Star","Black Blood"],"picked":"Mark of Pain"},{"not_picked":["Velvet Choker","SacredBark"],"picked":"Busted Crown"}],"items_purged_floors":[19],"is_endless":false,"potions_floor_spawned":[2,3,8,11,13,20,21,24,30,40,45],"ascension_level":15}}