{"host":"6pgtslebjnyv5xmi","time":1611056867,"event":{"mods":["AchievementEnabler","BaseMod","Colored Map","Minty Spire (QoL Compilation)","Rare Cards Sparkle","StSLib","SuperFastMode","The Cursed","everything is the same but u backflip on backflip"],"gold_per_floor":[113,113,113,123,138,167,167,200,225,225,225,225,235,185,185,259,259,278,112,126,51,51,51,86,86,156,186,196,246,77,96,96,173,173,188,188,188,270,16,16,36,36,36,49,49,49],"floor_reached":45,"language":"KOR","playtime":5886,"items_purged":["Regret"],"score":870,"play_id":"c12e24bc-110e-494f-b5e5-12851ab795d8","local_time":"20210119204747","is_ascension_mode":true,"campfire_choices":[{"data":"Perfected Strike","floor":7,"key":"SMITH"},{"floor":10,"key":"REST"},{"data":"Intimidate","floor":12,"key":"SMITH"},{"data":"Perfected Strike","floor":15,"key":"SMITH"},{"data":"Flex","floor":23,"key":"SMITH"},{"floor":32,"key":"REST"},{"floor":40,"key":"REST"},{"data":"Demon Form","floor":42,"key":"SMITH"}],"circlet_count":0,"master_deck":["AscendersBane","Strike_R+1","Strike_R+1","Strike_R+1","Strike_R+1","Strike_R+1","Defend_R+1","Defend_R+1","Defend_R+1","Defend_R+1","Perfected Strike+1","Flex+1","Intimidate+1","Perfected Strike+1","Impervious","Wild Strike","Demon Form+1","Double Tap","Twin Strike","Exhume","Panache","Twin Strike","Battle Trance"],"relics":["Burning Blood","NeowsBlessing","Akabeko","Smiling Mask","Bronze Scales","Sundial","War Paint","Blue Candle","Philosopher\u0027s Stone","Vajra","Nloth\u0027s Gift","Matryoshka","Pantograph","HandDrill","Mark of Pain","Happy Flower","StrikeDummy","Art of War","Toxic Egg 2","Incense Burner"],"acts_visited":["Exordium","TheCity","TheBeyond"],"potions_floor_usage":[6,16,16,24,24,27,28,33,41],"damage_taken":[{"damage":0,"enemies":"2 Louse","floor":1,"turns":1},{"damage":0,"enemies":"Cultist","floor":4,"turns":1},{"damage":0,"enemies":"Jaw Worm","floor":5,"turns":1},{"damage":31,"enemies":"Lagavulin","floor":6,"turns":5},{"damage":32,"enemies":"3 Sentries","floor":8,"turns":6},{"damage":1,"enemies":"Exordium Wildlife","floor":13,"turns":3},{"damage":28,"enemies":"Slime Boss","floor":16,"turns":9},{"damage":1,"enemies":"Chosen","floor":18,"turns":3},{"damage":7,"enemies":"2 Thieves","floor":20,"turns":3},{"damage":8,"enemies":"Slavers","floor":24,"turns":3},{"damage":39,"enemies":"Gremlin Leader","floor":27,"turns":5},{"damage":2,"enemies":"Snake Plant","floor":28,"turns":2},{"damage":0,"enemies":"Snecko","floor":31,"turns":3},{"damage":35,"enemies":"Champ","floor":33,"turns":7},{"damage":36,"enemies":"3 Shapes","floor":35,"turns":6},{"damage":23,"enemies":"3 Darklings","floor":41,"turns":5},{"damage":26,"enemies":"Maw","floor":44,"turns":7},{"damage":31,"enemies":"Spire Growth","floor":45,"turns":3}],"seed_played":"8748796673385713722","potions_obtained":[{"floor":5,"key":"Strength Potion"},{"floor":6,"key":"SpeedPotion"},{"floor":13,"key":"ColorlessPotion"},{"floor":16,"key":"Swift Potion"},{"floor":20,"key":"ColorlessPotion"},{"floor":24,"key":"Block Potion"},{"floor":27,"key":"DistilledChaos"},{"floor":31,"key":"HeartOfIron"},{"floor":41,"key":"Fruit Juice"}],"is_trial":false,"path_per_floor":["M","?","?","M","M","E","R","E","T","R","T","R","M","$","R","B",null,"M","$","M","?","?","R","E","?","T","E","M","?","$","M","R","B",null,"M","?","?","T","$","R","M","R","T","M","M"],"character_chosen":"IRONCLAD","items_purchased":["Vajra","HandDrill","Twin Strike","Battle Trance","Art of War"],"campfire_rested":3,"item_purchase_floors":[19,30,39,39,39],"current_hp_per_floor":[74,74,74,75,75,50,50,24,24,46,46,46,51,51,51,29,64,69,69,68,68,68,68,66,66,66,33,37,37,37,43,65,46,68,38,38,38,38,38,59,47,47,47,27,0,0],"gold":49,"neow_bonus":"THREE_ENEMY_KILL","is_daily":false,"chose_seed":false,"campfire_upgraded":5,"win_rate":0.0,"timestamp":1611056867,"path_taken":["M","?","?","?","M","E","R","E","T","R","?","R","M","?","R","BOSS","M","$","M","?","?","R","E","?","T","E","?","?","$","?","R","BOSS","M","?","?","?","$","R","M","R","T","?","M"],"items_purchased_type":["Relic","Relic","Card","Card","Relic"],"build_version":"2020-12-22","purchased_purges":1,"victory":false,"max_hp_per_floor":[75,75,75,75,75,75,75,75,75,75,75,75,75,75,75,75,75,75,75,75,75,75,75,75,75,75,75,75,75,75,75,75,75,75,75,75,71,71,71,71,76,76,76,76,76,76],"card_choices":[{"not_picked":["Warcry","Rupture"],"picked":"Armaments","floor":1},{"not_picked":["True Grit","Intimidate"],"picked":"Perfected Strike","floor":4},{"not_picked":["Hemokinesis","Searing Blow"],"picked":"Flex","floor":5},{"not_picked":["Headbutt","Iron Wave"],"picked":"Intimidate","floor":6},{"not_picked":["Heavy Blade","Iron Wave","Clash"],"picked":"SKIP","floor":8},{"not_picked":["Clash","Armaments"],"picked":"Perfected Strike","floor":13},{"not_picked":["Immolate","Berserk"],"picked":"Impervious","floor":16},{"not_picked":["Havoc","Ghostly Armor"],"picked":"Wild Strike","floor":18},{"not_picked":["Metallicize","Flex","Heavy Blade"],"picked":"SKIP","floor":20},{"not_picked":["Reckless Charge","Body Slam"],"picked":"Demon Form","floor":24},{"not_picked":["Entrench","Sword Boomerang"],"picked":"Double Tap","floor":27},{"not_picked":["Iron Wave","Shrug It Off","Clash"],"picked":"SKIP","floor":28},{"not_picked":["Headbutt","Rage"],"picked":"Twin Strike","floor":31},{"not_picked":["Juggernaut","Barricade"],"picked":"Exhume","floor":33},{"not_picked":["Sword Boomerang","Shrug It Off","Body Slam"],"picked":"SKIP","floor":35},{"not_picked":["Deep Breath","Jack Of All Trades"],"picked":"Panache","floor":36},{"not_picked":["Feel No Pain","Metallicize","Sword Boomerang"],"picked":"SKIP","floor":41},{"not_picked":["Feel No Pain","Sword Boomerang+1","Inflame"],"picked":"SKIP","floor":44}],"player_experience":991729,"relics_obtained":[{"floor":6,"key":"Bronze Scales"},{"floor":8,"key":"Sundial"},{"floor":9,"key":"War Paint"},{"floor":11,"key":"Blue Candle"},{"floor":24,"key":"Juzu Bracelet"},{"floor":26,"key":"Matryoshka"},{"floor":27,"key":"Pantograph"},{"floor":38,"key":"Happy Flower"},{"floor":38,"key":"StrikeDummy"},{"floor":43,"key":"Toxic Egg 2"},{"floor":43,"key":"Incense Burner"}],"event_choices":[{"damage_healed":0,"gold_gain":0,"player_choice":"Box","damage_taken":0,"relics_obtained":["Akabeko"],"max_hp_gain":0,"max_hp_loss":0,"event_name":"Big Fish","floor":2,"gold_loss":0,"cards_obtained":["Regret"]},{"cards_removed":["Armaments"],"damage_healed":0,"gold_gain":0,"player_choice":"Gave Card","damage_taken":0,"relics_obtained":["Smiling Mask"],"max_hp_gain":0,"max_hp_loss":0,"event_name":"WeMeetAgain","floor":3,"gold_loss":0},{"cards_removed":["Bash"],"damage_healed":0,"gold_gain":0,"player_choice":"Gave Gold","damage_taken":0,"max_hp_gain":0,"max_hp_loss":0,"event_name":"Beggar","floor":21,"gold_loss":75},{"damage_healed":0,"gold_gain":0,"player_choice":"Simplicity","damage_taken":0,"max_hp_gain":0,"max_hp_loss":0,"event_name":"Back to Basics","floor":22,"gold_loss":0,"cards_upgraded":["Strike_R","Strike_R","Strike_R","Strike_R","Strike_R","Defend_R","Defend_R"]},{"damage_healed":0,"gold_gain":0,"player_choice":"Traded Relic","damage_taken":0,"relics_obtained":["Nloth\u0027s Gift"],"max_hp_gain":0,"max_hp_loss":0,"event_name":"N\u0027loth","floor":25,"relics_lost":["Juzu Bracelet"],"gold_loss":0},{"damage_healed":0,"gold_gain":100,"player_choice":"Bet on Murderer","damage_taken":0,"max_hp_gain":0,"max_hp_loss":0,"event_name":"The Joust","floor":29,"gold_loss":50},{"damage_healed":0,"gold_gain":0,"player_choice":"Memory 1","damage_taken":0,"max_hp_gain":0,"max_hp_loss":0,"event_name":"SensoryStone","floor":36,"gold_loss":0},{"damage_healed":0,"gold_gain":0,"player_choice":"Max HP","damage_taken":0,"max_hp_gain":0,"max_hp_loss":4,"event_name":"Winding Halls","floor":37,"gold_loss":0}],"is_beta":false,"boss_relics":[{"not_picked":["Ectoplasm","Coffee Dripper"],"picked":"Philosopher\u0027s Stone"},{"not_picked":["Black Blood","Fusion Hammer"],"picked":"Mark of Pain"}],"items_purged_floors":[14],"is_endless":false,"potions_floor_spawned":[5,6,13,16,20,24,27,31,41],"killed_by":"Spire Growth","ascension_level":17}}