{"host":"la6t950uoatqs0xt","time":1611026838,"event":{"mods":["AchievementEnabler","BaseMod","Colored Powertips","Minty Spire (QoL Compilation)","Quick Restart","Rare Cards Sparkle"],"gold_per_floor":[116,130,130,18,31,31,62,62,111,11,29,44,62,87,87,184,184,200,211,311,311,311],"floor_reached":21,"language":"ENG","playtime":747,"items_purged":["Defend_G","Strike_G"],"score":220,"play_id":"ba003ad6-dfa6-4e76-b66d-b75e441f4575","local_time":"20210118222718","is_ascension_mode":true,"campfire_choices":[{"data":"Noxious Fumes","floor":6,"key":"SMITH"},{"floor":8,"key":"REST"},{"floor":15,"key":"REST"}],"circlet_count":0,"master_deck":["Strike_G","Strike_G","Strike_G","Defend_G","Defend_G","Defend_G","Survivor","Neutralize+1","Poisoned Stab+1","Crippling Poison","Noxious Fumes+1","Crippling Poison","Adrenaline","After Image","Envenom","Setup+1"],"relics":["Ring of the Snake","PreservedInsect","Lantern","Omamori","Empty Cage"],"acts_visited":["Exordium","TheCity"],"potions_floor_usage":[13,19],"damage_taken":[{"damage":0,"enemies":"Jaw Worm","floor":1,"turns":6},{"damage":0,"enemies":"Cultist","floor":2,"turns":4},{"damage":0,"enemies":"Small Slimes","floor":5,"turns":3},{"damage":38,"enemies":"Gremlin Nob","floor":7,"turns":6},{"damage":3,"enemies":"Blue Slaver","floor":11,"turns":5},{"damage":2,"enemies":"Exordium Thugs","floor":12,"turns":4},{"damage":0,"enemies":"Gremlin Gang","floor":13,"turns":2},{"damage":14,"enemies":"3 Sentries","floor":14,"turns":6},{"damage":28,"enemies":"The Guardian","floor":16,"turns":9},{"damage":49,"enemies":"3 Byrds","floor":18,"turns":4},{"damage":11,"enemies":"Chosen","floor":19,"turns":5},{"damage":13,"enemies":"3 Cultists","floor":21,"turns":3}],"seed_played":"5272333201370182499","potions_obtained":[{"floor":2,"key":"Explosive Potion"},{"floor":7,"key":"Weak Potion"},{"floor":11,"key":"Fire Potion"}],"is_trial":false,"path_per_floor":["M","M","?","$","M","R","E","R","T","$","M","M","M","E","R","B",null,"M","M","?","M"],"character_chosen":"THE_SILENT","items_purchased":["Noxious Fumes"],"campfire_rested":2,"item_purchase_floors":[4],"current_hp_per_floor":[70,70,70,70,70,70,32,53,53,53,50,48,48,34,55,27,70,21,10,10,0,0],"gold":311,"neow_bonus":"UPGRADE_CARD","is_daily":false,"chose_seed":false,"campfire_upgraded":1,"win_rate":0.0,"timestamp":1611026838,"path_taken":["M","M","?","$","M","R","E","R","T","$","?","M","M","E","R","BOSS","M","M","?","?"],"items_purchased_type":["Card"],"build_version":"2020-12-22","purchased_purges":2,"victory":false,"max_hp_per_floor":[70,70,70,70,70,70,70,70,70,70,70,70,70,70,70,70,70,70,70,70,70,70],"card_choices":[{"not_picked":["Caltrops","Underhanded Strike"],"picked":"Poisoned Stab","floor":1},{"not_picked":["Acrobatics","Quick Slash"],"picked":"Crippling Poison","floor":2},{"not_picked":["Dash","Backflip"],"picked":"Crippling Poison","floor":5},{"not_picked":["Prepared","Dagger Spray"],"picked":"Adrenaline","floor":7},{"not_picked":["Dagger Throw","Predator","Footwork"],"picked":"SKIP","floor":11},{"not_picked":["Acrobatics","Quick Slash"],"picked":"After Image","floor":12},{"not_picked":["Acrobatics","Underhanded Strike","PiercingWail"],"picked":"SKIP","floor":13},{"not_picked":["Expertise","Quick Slash","Setup"],"picked":"SKIP","floor":14},{"not_picked":["Venomology","A Thousand Cuts"],"picked":"Envenom","floor":16},{"not_picked":["Riddle With Holes","Cloak And Dagger+1","Backflip"],"picked":"SKIP","floor":18},{"not_picked":["Deflect","Acrobatics"],"picked":"Setup+1","floor":19}],"player_experience":263604,"relics_obtained":[{"floor":7,"key":"PreservedInsect"},{"floor":9,"key":"Lantern"},{"floor":14,"key":"Omamori"}],"event_choices":[{"damage_healed":0,"gold_gain":0,"player_choice":"Upgraded","damage_taken":0,"max_hp_gain":0,"max_hp_loss":0,"event_name":"Upgrade Shrine","floor":3,"gold_loss":0,"cards_upgraded":["Poisoned Stab"]},{"damage_healed":0,"gold_gain":100,"player_choice":"Pray","damage_taken":0,"max_hp_gain":0,"max_hp_loss":0,"event_name":"Golden Shrine","floor":20,"gold_loss":0}],"is_beta":false,"boss_relics":[{"not_picked":["Fusion Hammer","Ectoplasm"],"picked":"Empty Cage"}],"items_purged_floors":[4,10],"is_endless":false,"potions_floor_spawned":[2,7,11,12],"killed_by":"3 Cultists","ascension_level":3}}