{"host":"d7fiu2yjkssjxoz6","time":1611093850,"event":{"mods":["AchievementEnabler","BaseMod","Duelist Mod","GifTheSpireLib","Minty Spire (QoL Compilation)","StSLib"],"gold_per_floor":[141,157,205,221,235,235,235,269,320,348,348,382,557,569,569,664,664,676,676,676,681,692,692,716,716,716,245,265,265,276,276,276,376,376,390,370,370],"floor_reached":36,"language":"ENG","playtime":2782,"items_purged":["theDuelist:GravekeeperCurse"],"score":783,"play_id":"abc4f155-e008-4486-a469-84acc47ac868","local_time":"20210119140410","is_ascension_mode":true,"campfire_choices":[{"data":"theDuelist:HeavyMechSupportPlatform","floor":6.0,"key":"SMITH"},{"data":"theDuelist:Raigeki","floor":11.0,"key":"SMITH"},{"floor":15,"key":"REST"},{"data":"theDuelist:CyberRaider","floor":23,"key":"SMITH"},{"floor":25,"key":"REST"},{"data":"theDuelist:Deskbot009","floor":29,"key":"SMITH"},{"floor":32,"key":"REST"}],"circlet_count":0,"master_deck":["theDuelist:Deskbot004","theDuelist:Raigeki+1","theDuelist:Deskbot005","theDuelist:Deskbot009+1","theDuelist:DarkFactory","theDuelist:CoreBlaster","theDuelist:TokenVacuum","theDuelist:ImperialOrder+1","theDuelist:Biofalcon","theDuelist:Deskbot002+1","theDuelist:CastleWalls","theDuelist:SparkBlaster","theDuelist:TokenVacuum","theDuelist:Deskbot004","theDuelist:Sparks","theDuelist:Apoqliphort","theDuelist:LimiterRemoval","theDuelist:WingedKuriboh","theDuelist:CursedBill","theDuelist:CyberRaider+1","theDuelist:GreenGadget","theDuelist:HeavyMechSupportPlatform+1","theDuelist:SummoningCurse","theDuelist:Deskbot005","theDuelist:ArtifactSanctum","theDuelist:PowerGiant","theDuelist:CastleWalls","theDuelist:Sparks","theDuelist:Factory100Machines+1","theDuelist:MachineFactory","theDuelist:TurretWarrior+1","CurseOfTheBell","theDuelist:OrcustCrescendo+1"],"relics":["theDuelist:MillenniumPuzzle","theDuelist:CardPoolRelic","theDuelist:CardPoolBasicRelic","theDuelist:BoosterPackPoolRelic","theDuelist:CardPoolAddRelic","theDuelist:CardPoolMinusRelic","theDuelist:CardPoolSaveRelic","theDuelist:CardPoolOptionsRelic","theDuelist:MetronomeRelicB","Omamori","Paper Crane","Centennial Puzzle","Black Star","Mercury Hourglass","Regal Pillow","Orichalcum","theDuelist:Fluxrod","Kunai","Bronze Scales","Prayer Wheel","theDuelist:SolderToken","Vajra","Red Mask","Calling Bell","Boot","Mummified Hand","theDuelist:DuelistUrn"],"acts_visited":["Exordium","TheCity","TheBeyond"],"potions_floor_usage":[22,24,33],"damage_taken":[{"damage":0.0,"enemies":"Cultist","floor":1.0,"turns":3.0},{"damage":0.0,"enemies":"Small Slimes","floor":2.0,"turns":3.0},{"damage":4.0,"enemies":"2 Louse","floor":4.0,"turns":3.0},{"damage":0.0,"enemies":"Large Slime","floor":5.0,"turns":7.0},{"damage":32.0,"enemies":"Lagavulin","floor":8.0,"turns":11.0},{"damage":10.0,"enemies":"Gremlin Nob","floor":10.0,"turns":3.0},{"damage":29,"enemies":"Lagavulin","floor":12,"turns":8},{"damage":0,"enemies":"Exordium Wildlife","floor":14,"turns":2},{"damage":13,"enemies":"Slime Boss","floor":16,"turns":7},{"damage":24,"enemies":"3 Byrds","floor":18,"turns":5},{"damage":10,"enemies":"Chosen","floor":21,"turns":5},{"damage":16,"enemies":"Snake Plant","floor":22,"turns":3},{"damage":0,"enemies":"theDuelist:KaibaA2","floor":24,"turns":4},{"damage":21,"enemies":"Slavers","floor":28,"turns":6},{"damage":6,"enemies":"theDuelist:KaibaA2","floor":30,"turns":7},{"damage":6,"enemies":"Masked Bandits","floor":31,"turns":3},{"damage":21,"enemies":"Automaton","floor":33,"turns":13},{"damage":14,"enemies":"Orb Walker","floor":35,"turns":4},{"damage":96,"enemies":"3 Darklings","floor":36,"turns":9}],"seed_played":"-7004395804948086655","potions_obtained":[{"floor":1.0,"key":"theDuelist:GrimePotion"},{"floor":4.0,"key":"theDuelist:MegaupgradePotion"},{"floor":5.0,"key":"FearPotion"},{"floor":12,"key":"FearPotion"},{"floor":21,"key":"FocusPotion"},{"floor":22,"key":"theDuelist:SolderPotionB"},{"floor":24,"key":"HeartOfIron"}],"is_trial":false,"path_per_floor":["M","M","T","M","M","R","?","E","T","E","R","E","?","M","R","B",null,"M","?","?","M","M","R","E","R","T","$","E","R","E","?","R","B",null,"M","M"],"character_chosen":"THE_DUELIST","items_purchased":["Kunai","theDuelist:DarkFactory","theDuelist:ArtifactSanctum"],"campfire_rested":3,"item_purchase_floors":[27,27,27],"current_hp_per_floor":[80,80,80,76,76,76,76,44,44,34,34,5,5,5,31,18,71,47,47,59,49,33,33,33,78,78,78,57,57,51,45,90,69,92,80,0,0],"gold":370,"neow_bonus":"TEN_PERCENT_HP_BONUS","is_daily":false,"chose_seed":false,"campfire_upgraded":4,"win_rate":0.0,"timestamp":1611093850,"path_taken":["M","M","?","M","M","R","?","E","T","E","R","E","?","M","R","BOSS","M","?","?","?","M","R","E","R","T","$","E","R","E","?","R","BOSS","M","M"],"items_purchased_type":["Relic","Card","Card"],"build_version":"2020-12-22","purchased_purges":1,"victory":false,"max_hp_per_floor":[88,88,88,88,88,88,88,88,88,88,88,88,88,88,88,88,88,88,88,100,100,100,100,100,100,100,100,100,100,100,100,100,100,100,100,100,100],"card_choices":[{"not_picked":["theDuelist:Geargiauger","theDuelist:GearGigant","theDuelist:CyberRaider","theDuelist:AncientGearBox"],"picked":"theDuelist:HeavyMechSupportPlatform","floor":1.0},{"not_picked":["theDuelist:GenexAllyBirdman","theDuelist:Deskbot001","theDuelist:CoreBlaster","theDuelist:CannonSoldier"],"picked":"theDuelist:TokenVacuum","floor":2.0},{"not_picked":["theDuelist:ScrapBeast","theDuelist:ScrapIronScarecrow","theDuelist:Factory100Machines","theDuelist:PsychicShockwave"],"picked":"theDuelist:TokenVacuum","floor":4.0},{"not_picked":["theDuelist:DoubleTool","theDuelist:StimPack","theDuelist:Factory100Machines","theDuelist:CardsFromTheSky"],"picked":"theDuelist:CoreBlaster","floor":5.0},{"not_picked":["theDuelist:LightningVortex","theDuelist:PerfectMachineKing","theDuelist:SeismicShockwave"],"picked":"theDuelist:Raigeki","floor":8.0},{"not_picked":["theDuelist:Oilman","theDuelist:AllyJustice"],"picked":"theDuelist:LimiterRemoval","floor":10.0},{"not_picked":["theDuelist:Sangan","theDuelist:Reinforcements","theDuelist:FutureFusion","theDuelist:IronCall"],"picked":"theDuelist:WingedKuriboh","floor":12},{"not_picked":["theDuelist:RedGadget","theDuelist:Quariongandrax"],"picked":"theDuelist:SparkBlaster","floor":14},{"not_picked":["theDuelist:Deskbot007","theDuelist:GoldGadget","theDuelist:NightmareWheel","theDuelist:TurretWarrior"],"picked":"theDuelist:Deskbot009","floor":16},{"not_picked":["theDuelist:Deskbot006","theDuelist:Quariongandrax","theDuelist:Mixeroid","theDuelist:DigitalBug"],"picked":"theDuelist:Deskbot002+1","floor":18},{"not_picked":["theDuelist:Deskbot009","theDuelist:SatelliteCannon","theDuelist:SolemnStrike+1","theDuelist:Shekhinaga"],"picked":"theDuelist:Apoqliphort","floor":21},{"not_picked":["theDuelist:Biofalcon","theDuelist:CannonSoldier","theDuelist:Deskbot005+1","theDuelist:Mixeroid"],"picked":"theDuelist:CyberRaider","floor":22},{"not_picked":["theDuelist:BigFire+1","theDuelist:LightningVortex","theDuelist:Hinotama","theDuelist:LightningDarts"],"picked":"theDuelist:PowerGiant","floor":24},{"not_picked":["theDuelist:BlastHeldTribute","theDuelist:BlastWithChain","theDuelist:IronDraw+1","theDuelist:PsychicShockwave"],"picked":"theDuelist:ImperialOrder+1","floor":28},{"not_picked":["theDuelist:BlastJuggler","theDuelist:JunkKuriboh","theDuelist:ScrapIronScarecrow","theDuelist:Flashbang"],"picked":"theDuelist:Factory100Machines+1","floor":30},{"not_picked":["theDuelist:ArtifactSanctum+1","theDuelist:CatapultTurtle","theDuelist:GravityAxe"],"picked":"theDuelist:MachineFactory","floor":31},{"not_picked":["theDuelist:GoldenBlastJuggler","theDuelist:MachineKing","theDuelist:PlatinumGadget+1","theDuelist:SlotMachine+1"],"picked":"theDuelist:TurretWarrior+1","floor":33},{"not_picked":["theDuelist:MetalDetector","theDuelist:OrbitalBombardment+1","theDuelist:NightmareWheel+1","theDuelist:SolemnStrike"],"picked":"theDuelist:OrcustCrescendo+1","floor":35},{"not_picked":["theDuelist:Biofalcon+1","theDuelist:CastleWalls","theDuelist:TokenVacuum","theDuelist:PowerGiant","theDuelist:Factory100Machines+1"],"picked":"SKIP","floor":35}],"player_experience":235833,"relics_obtained":[{"floor":8.0,"key":"theDuelist:MetronomeRelicB"},{"floor":9.0,"key":"Omamori"},{"floor":10.0,"key":"Paper Crane"},{"floor":12,"key":"Centennial Puzzle"},{"floor":24,"key":"Regal Pillow"},{"floor":24,"key":"Orichalcum"},{"floor":26,"key":"theDuelist:Fluxrod"},{"floor":28,"key":"Bronze Scales"},{"floor":28,"key":"Prayer Wheel"},{"floor":30,"key":"theDuelist:SolderToken"},{"floor":30,"key":"Vajra"},{"floor":31,"key":"Red Mask"},{"floor":34,"key":"Boot"},{"floor":34,"key":"Mummified Hand"},{"floor":34,"key":"theDuelist:DuelistUrn"}],"event_choices":[{"damage_healed":0.0,"max_hp_gain":0.0,"max_hp_loss":0.0,"gold_gain":0.0,"event_name":"Relic Duplicator","player_choice":"Leave","duelist":true,"floor":7.0,"gold_loss":0.0,"damage_taken":0.0},{"damage_healed":0,"gold_gain":175,"player_choice":"AGREE","damage_taken":0,"max_hp_gain":0,"max_hp_loss":0,"event_name":"Liars Game","floor":13,"gold_loss":0,"cards_obtained":["Doubt"]},{"damage_healed":0,"gold_gain":0,"player_choice":"Stole Relic","damage_taken":0,"relics_obtained":["Mercury Hourglass"],"max_hp_gain":0,"max_hp_loss":0,"event_name":"Addict","floor":19,"gold_loss":0,"cards_obtained":["Shame"]},{"damage_healed":0,"gold_gain":0,"player_choice":"Break - +12 Max HP","duelist":true,"damage_taken":0,"max_hp_gain":0,"max_hp_loss":0,"event_name":"Tomb of the Nameless","floor":20,"gold_loss":0},{"damage_healed":0,"gold_gain":0,"player_choice":"Fought Bandits","damage_taken":0,"max_hp_gain":0,"max_hp_loss":0,"event_name":"Masked Bandits","floor":31,"gold_loss":0}],"is_beta":false,"boss_relics":[{"not_picked":["Runic Pyramid","theDuelist:MillenniumKey"],"picked":"Black Star"},{"not_picked":["theDuelist:ElectricKey","theDuelist:HauntedRelic"],"picked":"Calling Bell"}],"items_purged_floors":[27],"is_endless":false,"potions_floor_spawned":[1,4,5,12,21,22,24],"killed_by":"3 Darklings","ascension_level":9}}