{"host":"poixavpewvabi3b6","time":1611084744,"event":{"mods":["BaseMod","DeckTracker","Minty Spire (QoL Compilation)","Replay The Spire","StSLib"],"gold_per_floor":[115,125,125,144,219,219,219,219,237,62,62,62,62,62],"floor_reached":13,"language":"KOR","playtime":271,"items_purged":[],"score":73,"play_id":"509c88b4-90e5-4d0a-bdf5-7a86d20600d9","local_time":"20210120043224","is_ascension_mode":false,"campfire_choices":[{"data":"Survivor","floor":6,"key":"SMITH"}],"circlet_count":0,"master_deck":["Strike_G","Strike_G","Strike_G","Strike_G","Strike_G","Defend_G","Defend_G","Defend_G","Defend_G","Defend_G","Survivor+1","Neutralize","Acrobatics","Tactician+1","PiercingWail","Crow Ritual"],"relics":["Ring of the Snake","NeowsBlessing","Tough Bandages","Regal Pillow"],"acts_visited":["Exordium"],"potions_floor_usage":[13],"damage_taken":[{"damage":0,"enemies":"2 Louse","floor":1,"turns":1},{"damage":0,"enemies":"Cultist","floor":2,"turns":1},{"damage":0,"enemies":"Small Slimes","floor":4,"turns":1},{"damage":26,"enemies":"Exordium Wildlife","floor":9,"turns":5},{"damage":5,"enemies":"Gremlin Nob","floor":13,"turns":4}],"seed_played":"1053424469750515372","potions_obtained":[{"floor":4,"key":"PowerPotion"}],"is_trial":false,"path_per_floor":["M","M","?","M","?","R","PTL","PTL","M","$","T","T","E"],"character_chosen":"THE_SILENT","items_purchased":["Crow Ritual"],"campfire_rested":0,"item_purchase_floors":[10],"current_hp_per_floor":[70,70,70,70,59,59,59,59,33,33,33,33,28,28],"gold":62,"neow_bonus":"THREE_ENEMY_KILL","is_daily":false,"chose_seed":false,"campfire_upgraded":1,"win_rate":0.0,"timestamp":1611084744,"path_taken":["M","M","?","?","?","R","PTL","PTL","M","$","T","?","E"],"items_purchased_type":["Card"],"build_version":"2020-12-22","purchased_purges":0,"victory":false,"max_hp_per_floor":[70,70,70,70,70,70,70,70,70,70,70,70,70,70],"card_choices":[{"not_picked":["Poisoned Stab","Flechettes"],"picked":"Acrobatics","floor":1},{"not_picked":["Caltrops","ReplayTheSpireMod:Exploit Weakness"],"picked":"Tactician","floor":2},{"not_picked":["Flying Knee","Sucker Punch"],"picked":"PiercingWail","floor":4},{"not_picked":["Sucker Punch","Dodge and Roll","Terror"],"picked":"SKIP","floor":9}],"player_experience":142108,"relics_obtained":[{"floor":11,"key":"Tough Bandages"},{"floor":12,"key":"Regal Pillow"}],"event_choices":[{"damage_healed":0,"gold_gain":0,"player_choice":"Upgraded","damage_taken":0,"max_hp_gain":0,"max_hp_loss":0,"event_name":"Upgrade Shrine","floor":3,"gold_loss":0,"cards_upgraded":["Tactician"]},{"damage_healed":0,"gold_gain":75,"player_choice":"Gather Gold","damage_taken":11,"max_hp_gain":0,"max_hp_loss":0,"event_name":"World of Goop","floor":5,"gold_loss":0}],"is_beta":false,"boss_relics":[],"items_purged_floors":[],"is_endless":false,"potions_floor_spawned":[4],"killed_by":"Gremlin Nob","ascension_level":0}}