{"host":"iyj530209nkhhjuz","time":1611094134,"event":{"mods":["AchievementEnabler","BaseMod","Better Match","Better Note","Better Third Choice","BetterRewards","Colored Map","Colored Powertips","Dark Map","Fox Events","Highlight Path","Minty Spire (QoL Compilation)","Permanent Neow","Random Character Button","Rare Cards Sparkle","Relic Stats","StSLib","Waifu the Spire"],"gold_per_floor":[117,152,165,165,175,175,210,210,361,361,377,58,74,103,103,208,285,300,300,315,78,97,127,127,161,238,258,20,33,33,45,45,150,227,246,24,24,40,56,82,99,257,386,386,405,455,483,10,10,10],"floor_reached":51,"language":"ENG","playtime":4311,"items_purged":["Strike_B","Strike_B","Strike_B","Defend_B"],"score":1148,"play_id":"928853c5-fdd5-44fa-825e-9f93caea3d10","local_time":"20210119230854","is_ascension_mode":true,"campfire_choices":[{"data":"Electrodynamics","floor":6.0,"key":"SMITH"},{"data":"Buffer","floor":8.0,"key":"SMITH"},{"data":"Zap","floor":10.0,"key":"SMITH"},{"data":"Beam Cell","floor":15.0,"key":"SMITH"},{"data":"Biased Cognition","floor":24.0,"key":"SMITH"},{"data":"Buffer","floor":30.0,"key":"SMITH"},{"data":"Aggregate","floor":32.0,"key":"SMITH"},{"data":"Biased Cognition","floor":44.0,"key":"SMITH"},{"data":"Biased Cognition","floor":49,"key":"SMITH"}],"circlet_count":0,"master_deck":["Defend_B","Zap+1","Dualcast+1","Gash+1","Beam Cell+1","Sweeping Beam","Electrodynamics+1","Buffer+1","Self Repair","Biased Cognition+1","CurseOfTheBell","Aggregate+1","FTL+1","Thunder Strike+1","Hologram+1","Buffer+1","Reinforced Body+1","Biased Cognition+1","Undo+1","Seek+1","Parasite","Storm+1","Rebound+1","Ball Lightning+1","Biased Cognition+1","Tempest+1","Undo+1"],"relics":["Cracked Core","Akabeko","foxEvents:LuckyCharm","Bronze Scales","The Courier","HornCleat","Potion Belt","Calling Bell","Tiny Chest","Molten Egg 2","Ginger","Thread and Needle","Bird Faced Urn","Darkstone Periapt","Blue Candle","Astrolabe","Runic Capacitor","Bottled Flame","Eternal Feather","Vajra","Prayer Wheel","PreservedInsect","Medical Kit","Art of War"],"acts_visited":["Exordium","TheCity","TheBeyond"],"potions_floor_usage":[47,47,50,50,50,50],"damage_taken":[{"damage":0.0,"enemies":"Small Slimes","floor":1.0,"turns":2.0},{"damage":11.0,"enemies":"Colosseum Slavers","floor":2.0,"turns":3.0},{"damage":0.0,"enemies":"2 Louse","floor":3.0,"turns":1.0},{"damage":0.0,"enemies":"Cultist","floor":5.0,"turns":2.0},{"damage":5.0,"enemies":"3 Sentries","floor":7.0,"turns":2.0},{"damage":0.0,"enemies":"2 Fungi Beasts","floor":11.0,"turns":2.0},{"damage":2.0,"enemies":"Lots of Slimes","floor":13.0,"turns":2.0},{"damage":15.0,"enemies":"Lagavulin","floor":14.0,"turns":5.0},{"damage":0.0,"enemies":"Slime Boss","floor":16.0,"turns":6.0},{"damage":14.0,"enemies":"Shell Parasite","floor":18.0,"turns":4.0},{"damage":7.0,"enemies":"Chosen","floor":20.0,"turns":4.0},{"damage":0.0,"enemies":"3 Cultists","floor":22.0,"turns":3.0},{"damage":5.0,"enemies":"Book of Stabbing","floor":23.0,"turns":4.0},{"damage":7.0,"enemies":"Gremlin Leader","floor":25.0,"turns":5.0},{"damage":0.0,"enemies":"Centurion and Healer","floor":27.0,"turns":4.0},{"damage":6.0,"enemies":"Snecko","floor":29.0,"turns":5.0},{"damage":9.0,"enemies":"Cultist and Chosen","floor":31.0,"turns":5.0},{"damage":1.0,"enemies":"Collector","floor":33.0,"turns":8.0},{"damage":0.0,"enemies":"3 Darklings","floor":35.0,"turns":2.0},{"damage":1.0,"enemies":"3 Shapes","floor":38.0,"turns":3.0},{"damage":8.0,"enemies":"Writhing Mass","floor":39.0,"turns":4.0},{"damage":2.0,"enemies":"Nemesis","floor":40.0,"turns":5.0},{"damage":10.0,"enemies":"3 Darklings","floor":41.0,"turns":3.0},{"damage":5.0,"enemies":"4 Shapes","floor":45.0,"turns":2.0},{"damage":1.0,"enemies":"Mind Bloom Boss Battle","floor":46.0,"turns":3.0},{"damage":29,"enemies":"Reptomancer","floor":47,"turns":4},{"damage":65,"enemies":"Awakened One","floor":50,"turns":11}],"seed_played":"-8939042689673336272","potions_obtained":[{"floor":1.0,"key":"LiquidMemories"},{"floor":11.0,"key":"Swift Potion"},{"floor":14.0,"key":"Fruit Juice"},{"floor":18.0,"key":"Swift Potion"},{"floor":20.0,"key":"LiquidBronze"},{"floor":27.0,"key":"DistilledChaos"},{"floor":35.0,"key":"Explosive Potion"},{"floor":40.0,"key":"FearPotion"},{"floor":41.0,"key":"Fire Potion"}],"is_trial":false,"path_per_floor":["M","?","M","?","M","R","E","R","T","R","M","$","M","E","R","B",null,"M","?","M","$","M","E","R","E","T","M","$","M","R","M","R","B",null,"M","$","?","M","M","E","M","T","T","R","M","?","E","$","R","B",null],"character_chosen":"DEFECT","items_purchased":["Self Repair","HornCleat","Thread and Needle","Buffer","BlessingOfTheForge","Runic Capacitor","Medical Kit","Art of War","Regen Potion","Energy Potion"],"campfire_rested":0,"item_purchase_floors":[12,12,21,28,28,36,48,48,48,48],"current_hp_per_floor":[68,57,57,42,42,42,37,37,37,37,37,37,42,34,34,41,67,60,60,65,65,72,74,74,80,80,80,80,80,80,80,80,80,80,80,80,80,80,86,86,85,85,85,86,85,86,60,60,75,37],"gold":10,"neow_bonus":"RANDOM_COMMON_RELIC","is_daily":false,"chose_seed":false,"campfire_upgraded":9,"win_rate":0.0,"timestamp":1611094134,"path_taken":["M","?","M","?","M","R","E","R","T","R","M","$","M","E","R","BOSS","M","?","M","$","M","E","R","E","T","M","$","M","R","M","R","BOSS","M","$","?","?","M","E","M","?","T","R","M","?","E","$","R","BOSS"],"items_purchased_type":["Card","Relic","Relic","Card","Potion","Relic","Relic","Relic","Potion","Potion"],"build_version":"2020-12-22","purchased_purges":4,"victory":true,"max_hp_per_floor":[75,75,75,75,75,75,75,75,75,75,75,75,75,75,75,75,75,75,75,80,80,80,80,80,80,80,80,80,80,80,80,80,80,80,80,80,80,80,86,86,86,86,86,86,86,86,86,86,86,86],"relic_stats":{"Darkstone Periapt":6,"counters":[32,120],"Blue Candle":[12],"Astrolabe":["Undo","Seek","Consume"],"Eternal Feather":16,"PreservedInsect":0,"Ginger":[12],"Medical Kit":[0],"Bronze Scales":[353],"Bird Faced Urn":[45],"Tiny Chest":1,"Prayer Wheel":0,"Art of War":[4],"obtain_stats":[{"Darkstone Periapt":25,"Vajra":43,"Runic Capacitor":36,"Ginger":17,"HornCleat":12,"Tiny Chest":17,"Prayer Wheel":46,"Cracked Core":0,"Potion Belt":14,"Blue Candle":26,"Astrolabe":34,"Thread and Needle":21,"Eternal Feather":42,"The Courier":9,"PreservedInsect":47,"Medical Kit":48,"Akabeko":0,"Calling Bell":17,"Bottled Flame":40,"betterThird:SlimedRelic":4,"Bronze Scales":7,"Bird Faced Urn":23,"Molten Egg 2":17,"Turnip":6,"Art of War":2,"foxEvents:LuckyCharm":2},{"Darkstone Periapt":19,"Vajra":28,"Runic Capacitor":24,"Ginger":14,"HornCleat":11,"Tiny Chest":14,"Prayer Wheel":30,"Cracked Core":0,"Potion Belt":13,"Blue Candle":19,"Astrolabe":23,"Thread and Needle":16,"Eternal Feather":28,"The Courier":10,"PreservedInsect":31,"Medical Kit":31,"Akabeko":5,"Calling Bell":14,"Bottled Flame":27,"betterThird:SlimedRelic":1,"Bronze Scales":10,"Bird Faced Urn":18,"Molten Egg 2":14,"Turnip":3,"Art of War":1,"foxEvents:LuckyCharm":7},{"Darkstone Periapt":61,"Vajra":100,"Runic Capacitor":85,"Ginger":41,"HornCleat":28,"Tiny Chest":41,"Prayer Wheel":105,"Cracked Core":0,"Potion Belt":35,"Blue Candle":61,"Astrolabe":83,"Thread and Needle":49,"Eternal Feather":100,"The Courier":26,"PreservedInsect":109,"Medical Kit":109,"Akabeko":16,"Calling Bell":41,"Bottled Flame":97,"betterThird:SlimedRelic":2,"Bronze Scales":26,"Bird Faced Urn":56,"Molten Egg 2":41,"Turnip":10,"Art of War":2,"foxEvents:LuckyCharm":21}]},"card_choices":[{"not_picked":["Recycle","Sweeping Beam"],"picked":"Gash","floor":1.0},{"not_picked":["Steam","Go for the Eyes"],"picked":"Beam Cell","floor":2.0},{"not_picked":["Sweeping Beam","Compile Driver","Go for the Eyes"],"picked":"SKIP","floor":3.0},{"not_picked":["Sweeping Beam","Compile Driver","Go for the Eyes"],"picked":"SKIP","floor":3.0},{"not_picked":["Compile Driver","Go for the Eyes"],"picked":"Sweeping Beam","floor":3.0},{"not_picked":["Rebound","Coolheaded"],"picked":"Electrodynamics","floor":5.0},{"not_picked":["Consume","Turbo"],"picked":"Buffer","floor":7.0},{"not_picked":["Streamline","Leap","Beam Cell"],"picked":"SKIP","floor":11.0},{"not_picked":["Chaos","Turbo","Barrage"],"picked":"SKIP","floor":13.0},{"not_picked":["Force Field","Go for the Eyes","Leap"],"picked":"SKIP","floor":14.0},{"not_picked":["Meteor Strike","Echo Form"],"picked":"Biased Cognition","floor":16.0},{"not_picked":["Conserve Battery","Double Energy"],"picked":"Aggregate","floor":18.0},{"not_picked":["Undo","Lockon+1"],"picked":"FTL+1","floor":20.0},{"not_picked":["Rip and Tear+1","Lockon+1","Cold Snap+1"],"picked":"SKIP","floor":22.0},{"not_picked":["Streamline+1","Steam"],"picked":"Thunder Strike+1","floor":23.0},{"not_picked":["Stack+1","Recycle","Fusion+1"],"picked":"SKIP","floor":25.0},{"not_picked":["Cold Snap+1","Steam"],"picked":"Hologram+1","floor":27.0},{"not_picked":["Reprogram+1","Recycle"],"picked":"Reinforced Body+1","floor":29.0},{"not_picked":["Streamline+1","Compile Driver+1","Turbo"],"picked":"SKIP","floor":31.0},{"not_picked":["Fission","Echo Form"],"picked":"Biased Cognition","floor":33.0},{"not_picked":["Steam","Go for the Eyes+1","Cold Snap+1"],"picked":"SKIP","floor":35.0},{"not_picked":["Go for the Eyes+1","BootSequence","Redo+1"],"picked":"SKIP","floor":38.0},{"not_picked":["Gash+1","Multi-Cast"],"picked":"Storm+1","floor":39.0},{"not_picked":["Undo+1","Lockon+1"],"picked":"Rebound+1","floor":40.0},{"not_picked":["Compile Driver+1","Sweeping Beam+1"],"picked":"Ball Lightning+1","floor":41.0},{"not_picked":["Rebound+1","Gash+1"],"picked":"Biased Cognition","floor":45.0},{"not_picked":["Chill+1","Gash+1"],"picked":"Tempest+1","floor":46.0},{"not_picked":["Steam Power","Consume"],"picked":"Undo+1","floor":47}],"player_experience":420913,"relics_obtained":[{"floor":2.0,"key":"foxEvents:LuckyCharm"},{"floor":7.0,"key":"Bronze Scales"},{"floor":9.0,"key":"The Courier"},{"floor":14.0,"key":"Potion Belt"},{"floor":17.0,"key":"Tiny Chest"},{"floor":17.0,"key":"Molten Egg 2"},{"floor":17.0,"key":"Ginger"},{"floor":23.0,"key":"Bird Faced Urn"},{"floor":25.0,"key":"Darkstone Periapt"},{"floor":26.0,"key":"Blue Candle"},{"floor":40.0,"key":"Bottled Flame"},{"floor":42.0,"key":"Eternal Feather"},{"floor":43.0,"key":"Vajra"},{"floor":46.0,"key":"Prayer Wheel"},{"floor":47,"key":"PreservedInsect"}],"event_choices":[{"damage_healed":57.0,"max_hp_gain":0.0,"max_hp_loss":75.0,"gold_gain":0.0,"event_name":"betterThird:BetterShining","player_choice":"Upgrade","floor":4.0,"gold_loss":0.0,"damage_taken":15.0,"cards_upgraded":["Dualcast","Gash"]},{"cards_removed":["Buffer"],"damage_healed":0.0,"max_hp_gain":0.0,"max_hp_loss":0.0,"gold_gain":0.0,"event_name":"betterNote:BetterNote","player_choice":"Give","floor":19.0,"gold_loss":0.0,"damage_taken":0.0,"cards_obtained":["Defend_R"]},{"cards_removed":["Consume"],"damage_healed":0.0,"max_hp_gain":0.0,"max_hp_loss":0.0,"gold_gain":0.0,"event_name":"Bonfire Elementals","player_choice":"Offered Uncommon","floor":37.0,"gold_loss":0.0,"damage_taken":0.0},{"damage_healed":0.0,"max_hp_gain":0.0,"max_hp_loss":0.0,"gold_gain":0.0,"event_name":"MindBloom","player_choice":"Fight","floor":46.0,"gold_loss":0.0,"damage_taken":0.0}],"is_beta":false,"boss_relics":[{"not_picked":["Runic Dome","FrozenCore"],"picked":"Calling Bell"},{"not_picked":["Coffee Dripper","Busted Crown"],"picked":"Astrolabe"}],"items_purged_floors":[12,28,36,48],"is_endless":false,"potions_floor_spawned":[1,11,14,18,20,27,35,40,41],"ascension_level":7}}