{"host":"cw25u8qal1h0d7ia","time":1611080003,"event":{"mods":["BaseMod","Downfall","Minty Spire (QoL Compilation)","StSLib"],"gold_per_floor":[99,99,99,99,274,307,360,360,378,378,405,419,419,453,465,569,569,469,481,581,265,265,297,297,316,316,316,346,346,346,346],"floor_reached":29,"language":"ENG","playtime":2162,"items_purged":[],"score":345,"play_id":"f7c47f5c-05a4-4579-a412-9e8af8a16daa","local_time":"20210119191323","is_ascension_mode":true,"campfire_choices":[{"data":"Guardian:CurlUp","floor":1,"key":"SMITH"},{"data":"Guardian:TwinSlam","floor":8,"key":"SMITH"},{"data":"Guardian:SentryBeam","floor":10,"key":"SMITH"},{"data":"Guardian:FierceBash","floor":18,"key":"SMITH"},{"floor":26,"key":"REST"}],"circlet_count":0,"master_deck":["Guardian:Strike_Guardian","Guardian:Strike_Guardian","Guardian:Strike_Guardian","Guardian:Defend_Guardian","Guardian:Defend_Guardian","Guardian:Defend_Guardian","Guardian:Defend_Guardian","Guardian:CurlUp+1","Guardian:TwinSlam+1","Doubt","Guardian:Orbwalk","Guardian:SentryBeam+1","Guardian:FuturePlans","Guardian:Repulse","Guardian:FierceBash+1","Guardian:BodySlam+1","Guardian:TimeCapacitor"],"relics":["Guardian:ModeShifter","downfall:HeartsMalice","Slimebound:StickyStick","Guardian:PickAxe","Gremlin Horn","Tiny Chest","MealTicket","Sozu","downfall:HeartBlessingGreen","Prayer Wheel","Pantograph","Blood Vial","Question Card","Bottled Flame","Matryoshka","Dream Catcher","Slimebound:PreparedRelic","White Beast Statue"],"acts_visited":["Exordium","TheCity"],"potions_floor_usage":[14,15,15,16],"damage_taken":[{"damage":0,"enemies":"Small Slimes","floor":2,"turns":1},{"damage":0,"enemies":"Jaw Worm","floor":3,"turns":1},{"damage":0,"enemies":"Gremlin Nob","floor":6,"turns":1},{"damage":0,"enemies":"2 Louse","floor":9,"turns":2},{"damage":30,"enemies":"Lagavulin","floor":11,"turns":9},{"damage":19,"enemies":"Exordium Thugs","floor":12,"turns":4},{"damage":12,"enemies":"3 Sentries","floor":14,"turns":8},{"damage":0,"enemies":"3 Louse","floor":15,"turns":2},{"damage":12,"enemies":"WA_ARCHETYPE_RETAIN","floor":16,"turns":7},{"damage":11,"enemies":"Shell Parasite","floor":19,"turns":5},{"damage":18,"enemies":"Colosseum Nobs","floor":20,"turns":5},{"damage":0,"enemies":"downfall:FleeingMerchant","floor":21,"turns":4},{"damage":40,"enemies":"Book of Stabbing","floor":23,"turns":6},{"damage":15,"enemies":"Shelled Parasite and Fungi","floor":25,"turns":5},{"damage":30,"enemies":"Slavers","floor":28,"turns":5},{"damage":14,"enemies":"Centurion and Healer","floor":29,"turns":1}],"seed_played":"6450186107748521866","potions_obtained":[{"floor":6,"key":"Guardian:AcceleratePotion"},{"floor":9,"key":"BlessingOfTheForge"},{"floor":14,"key":"Guardian:StasisDiscoveryPotion"},{"floor":15,"key":"champ:CounterPotion"},{"floor":16,"key":"BlessingOfTheForge"}],"is_trial":false,"path_per_floor":["R","M","M","?","?","E","T","R","M","R","E","M","T","E","M","B",null,"R","M","?","$","T","E","T","M","R","T","E","M"],"character_chosen":"GUARDIAN","items_purchased":["Guardian:Gem_Synthetic","Blood Vial"],"campfire_rested":1,"item_purchase_floors":[21,21],"current_hp_per_floor":[80,80,80,80,80,80,80,80,80,80,50,31,31,19,19,7,80,80,69,51,66,66,28,28,15,39,39,11,0,0,0],"gold":346,"neow_bonus":"THREE_ENEMY_KILL","is_daily":false,"chose_seed":false,"campfire_upgraded":4,"win_rate":0.0,"timestamp":1611080003,"path_taken":["R","M","M","?","?","E","T","R","M","R","E","M","?","E","M","BOSS","R","M","?","?","?","E","T","M","R","?","E","M"],"items_purchased_type":["Card","Relic"],"build_version":"2020-12-22","purchased_purges":0,"victory":false,"max_hp_per_floor":[80,80,80,80,80,80,80,80,80,80,80,80,80,80,80,80,80,80,80,80,80,80,80,80,80,80,80,80,80,80,80],"card_choices":[{"not_picked":["Guardian:Gem_Lightblue","Guardian:PrismaticBarrier","Guardian:CrystalBeam"],"picked":"SKIP","floor":2},{"not_picked":["Guardian:Gem_Lightblue","Guardian:Gem_Green"],"picked":"Guardian:Gem_Fragmented","floor":3},{"not_picked":["Guardian:Incinerate","Guardian:Gem_Red"],"picked":"Guardian:Orbwalk","floor":6},{"not_picked":["Guardian:Gem_Red","Guardian:TemporalStrike"],"picked":"Guardian:SentryBeam","floor":9},{"not_picked":["Guardian:Planning","Guardian:Gem_Purple"],"picked":"Guardian:FuturePlans","floor":11},{"not_picked":["Guardian:RollAttack","Guardian:Gem_White"],"picked":"Guardian:Repulse","floor":12},{"not_picked":["Guardian:RollAttack","Guardian:PiercingHide","Guardian:SpikerProtocol"],"picked":"SKIP","floor":14},{"not_picked":["Guardian:Recover","Guardian:ShieldCharger","Guardian:DecasProtection"],"picked":"SKIP","floor":15},{"not_picked":["Guardian:AncientConstruct","Guardian:HyperBeam_Guardian"],"picked":"Guardian:FierceBash","floor":16},{"not_picked":["Guardian:RefractedBeam","Guardian:VentSteam","Guardian:Recover+1"],"picked":"SKIP","floor":19},{"not_picked":["Guardian:Suspension+1","Guardian:TimeBomb+1"],"picked":"Guardian:BodySlam+1","floor":21},{"not_picked":["Guardian:Gem_Green","Guardian:Reroute","Guardian:CrystalBeam","Guardian:StasisStrike"],"picked":"SKIP","floor":23},{"not_picked":["Guardian:ChargeCore","Guardian:Preprogram","Guardian:GuardianWhirl","Guardian:WalkerClaw"],"picked":"SKIP","floor":25},{"not_picked":["Guardian:ChargeCore","Guardian:HyperBeam_Guardian","Guardian:RollAttack","Guardian:CrystalBeam"],"picked":"SKIP","floor":25},{"not_picked":["Guardian:Gem_Red","Guardian:Gem_Cyan","Guardian:Gem_Fragmented"],"picked":"Guardian:TimeCapacitor","floor":28}],"player_experience":618837,"relics_obtained":[{"floor":6,"key":"Slimebound:StickyStick"},{"floor":7,"key":"Guardian:PickAxe"},{"floor":11,"key":"Gremlin Horn"},{"floor":13,"key":"Tiny Chest"},{"floor":14,"key":"MealTicket"},{"floor":20,"key":"Prayer Wheel"},{"floor":20,"key":"Pantograph"},{"floor":22,"key":"Question Card"},{"floor":23,"key":"Bottled Flame"},{"floor":24,"key":"Matryoshka"},{"floor":27,"key":"Dream Catcher"},{"floor":27,"key":"Slimebound:PreparedRelic"},{"floor":28,"key":"White Beast Statue"}],"event_choices":[],"is_beta":false,"boss_relics":[{"not_picked":["Guardian:ModeShifterPlus","Busted Crown"],"picked":"Sozu"}],"items_purged_floors":[],"is_endless":false,"potions_floor_spawned":[6,9,14,15,16,23,25],"killed_by":"Centurion and Healer","ascension_level":3}}