{"host":"w9njud19qyl0lpz1","time":1611097405,"event":{"mods":["BaseMod","Minty Spire (QoL Compilation)","StSLib"],"gold_per_floor":[369,383,383,403,417,449,41,41,41,41,41,58,86,45,45,140,140,156,174,17,35,47,47,76,76,76,89,89,104,104,4,4,107,107,127,139,139,149,195,223,223,241,241,6,6,6,22,34,34,34],"floor_reached":51,"language":"ENG","playtime":6164,"items_purged":["Strike_R","Writhe"],"score":709,"play_id":"e8167806-b420-4b4a-b381-74eb1c96e650","local_time":"20210119180325","is_ascension_mode":false,"campfire_choices":[{"data":"Flame Barrier","floor":8,"key":"SMITH"},{"data":"Armaments","floor":10,"key":"SMITH"},{"data":"Demon Form","floor":15,"key":"SMITH"},{"data":"Double Tap","floor":23,"key":"SMITH"},{"floor":25,"key":"REST"},{"data":"Fire Breathing","floor":28,"key":"SMITH"},{"data":"Twin Strike","floor":32,"key":"SMITH"},{"data":"Discovery","floor":46,"key":"SMITH"},{"floor":49,"key":"REST"}],"circlet_count":0,"master_deck":["Strike_R","Strike_R","Defend_R","Defend_R","Defend_R","Defend_R","Bash","Cleave","Armaments+1","Flame Barrier+1","Demon Form+1","Spot Weakness","Uppercut","Double Tap+1","Twin Strike+1","Ghostly Armor+1","Fire Breathing+1","Twin Strike+1","Body Slam+1","Battle Trance","Pummel","Pommel Strike+1","Discovery+1","Shockwave"],"relics":["Black Blood","Centennial Puzzle","Lee\u0027s Waffle","Singing Bowl","Happy Flower","Bottled Flame","Mark of Pain","Anchor","Gremlin Horn","Lantern","Bird Faced Urn","Ice Cream","Mango"],"acts_visited":["Exordium","TheCity","TheBeyond"],"potions_floor_usage":[22,24,24,24,27,38,40,42,50,50],"damage_taken":[{"damage":6.0,"enemies":"2 Louse","floor":1.0,"turns":3.0},{"damage":1.0,"enemies":"Cultist","floor":2.0,"turns":3.0},{"damage":17.0,"enemies":"Jaw Worm","floor":4.0,"turns":5.0},{"damage":7.0,"enemies":"Gremlin Gang","floor":5.0,"turns":4.0},{"damage":48.0,"enemies":"Lagavulin","floor":6.0,"turns":10.0},{"damage":6,"enemies":"3 Louse","floor":12,"turns":3},{"damage":22,"enemies":"Gremlin Nob","floor":13,"turns":5},{"damage":42,"enemies":"Hexaghost","floor":16,"turns":9},{"damage":15,"enemies":"2 Thieves","floor":18,"turns":3},{"damage":15,"enemies":"Spheric Guardian","floor":19,"turns":4},{"damage":20,"enemies":"Chosen and Byrds","floor":21,"turns":5},{"damage":10,"enemies":"Snecko","floor":22,"turns":4},{"damage":31,"enemies":"Slavers","floor":24,"turns":7},{"damage":5,"enemies":"Centurion and Healer","floor":27,"turns":4},{"damage":9,"enemies":"Snake Plant","floor":29,"turns":5},{"damage":16,"enemies":"Automaton","floor":33,"turns":6},{"damage":2,"enemies":"Orb Walker","floor":35,"turns":4},{"damage":2,"enemies":"3 Shapes","floor":36,"turns":6},{"damage":24,"enemies":"3 Darklings","floor":38,"turns":4},{"damage":31,"enemies":"2 Orb Walkers","floor":39,"turns":3},{"damage":24,"enemies":"Reptomancer","floor":40,"turns":5},{"damage":9,"enemies":"Transient","floor":42,"turns":5},{"damage":48,"enemies":"Spire Growth","floor":47,"turns":6},{"damage":30,"enemies":"Maw","floor":48,"turns":6},{"damage":79,"enemies":"Time Eater","floor":50,"turns":8}],"seed_played":"-9002598712321277092","potions_obtained":[{"floor":1.0,"key":"GamblersBrew"},{"floor":6.0,"key":"DuplicationPotion"},{"floor":16,"key":"BloodPotion"},{"floor":19,"key":"Dexterity Potion"},{"floor":22,"key":"Fruit Juice"},{"floor":24,"key":"SkillPotion"},{"floor":29,"key":"DistilledChaos"},{"floor":38,"key":"FairyPotion"},{"floor":39,"key":"Energy Potion"},{"floor":40,"key":"BlessingOfTheForge"},{"floor":48,"key":"DistilledChaos"}],"is_trial":false,"path_per_floor":["M","M","?","M","M","E","$","R","T","R","?","M","E","$","R","B",null,"M","M","$","M","M","R","E","R","T","M","R","M","?","$","R","B",null,"M","M","?","M","?","E","?","M","T","$","?","R","M","M","R","B",null],"character_chosen":"IRONCLAD","items_purchased":["Lee\u0027s Waffle","Singing Bowl","Uppercut","Anchor","Twin Strike","Discovery","BloodPotion"],"campfire_rested":2,"item_purchase_floors":[7,7,14,20,31,44,44],"current_hp_per_floor":[72,72,72,61,60,18,79,79,79,79,79,81,65,65,65,29,81,72,65,65,53,68,68,48,75,75,76,76,75,75,75,75,67,96,96,98,98,86,69,61,86,91,105,105,105,105,73,61,95,55],"gold":34,"neow_bonus":"TWO_FIFTY_GOLD","is_daily":false,"chose_seed":false,"campfire_upgraded":7,"win_rate":0.0,"timestamp":1611097405,"path_taken":["M","M","?","M","M","E","$","R","T","R","?","M","E","$","R","BOSS","M","M","$","M","M","R","E","R","T","?","R","M","?","$","R","BOSS","M","?","?","M","?","E","?","M","T","$","?","R","M","M","R","BOSS"],"items_purchased_type":["Relic","Relic","Card","Relic","Card","Card","Potion"],"build_version":"2020-12-22","purchased_purges":2,"victory":true,"max_hp_per_floor":[72,72,72,72,72,72,79,79,79,79,79,81,81,81,81,81,81,81,83,83,85,87,87,92,92,92,92,92,94,94,94,94,96,96,96,98,98,98,100,100,100,100,114,114,114,114,114,116,116,116],"card_choices":[{"not_picked":["Uppercut","Heavy Blade"],"picked":"Cleave","floor":1.0},{"not_picked":["Clothesline","Wild Strike","Thunderclap"],"picked":"SKIP","floor":2.0},{"not_picked":["Headbutt","Twin Strike"],"picked":"Armaments","floor":4.0},{"not_picked":["Anger","Metallicize"],"picked":"Flame Barrier","floor":5.0},{"not_picked":["Inflame","Dual Wield"],"picked":"Demon Form","floor":6.0},{"not_picked":["Thunderclap","Shrug It Off","Headbutt"],"picked":"Singing Bowl","floor":12},{"not_picked":["Clothesline","Sever Soul"],"picked":"Spot Weakness","floor":13},{"not_picked":["Exhume","Offering"],"picked":"Double Tap","floor":16},{"not_picked":["Reckless Charge","Flame Barrier+1"],"picked":"Twin Strike+1","floor":18},{"not_picked":["Cleave","Sword Boomerang","Wild Strike"],"picked":"Singing Bowl","floor":19},{"not_picked":["Headbutt","Reckless Charge","Body Slam"],"picked":"Singing Bowl","floor":21},{"not_picked":["Pommel Strike","Warcry","Clash"],"picked":"Singing Bowl","floor":22},{"not_picked":["Warcry","Reckless Charge"],"picked":"Ghostly Armor+1","floor":24},{"not_picked":["Spot Weakness","Inflame+1"],"picked":"Fire Breathing","floor":27},{"not_picked":["Sentinel","Dark Embrace","Clash"],"picked":"Singing Bowl","floor":29},{"not_picked":["Exhume","Double Tap","Barricade"],"picked":"Singing Bowl","floor":33},{"not_picked":["Thunderclap","Cleave"],"picked":"Body Slam+1","floor":35},{"not_picked":["True Grit+1","Iron Wave","Evolve+1"],"picked":"Singing Bowl","floor":36},{"not_picked":["Headbutt+1","Warcry+1"],"picked":"Battle Trance","floor":38},{"not_picked":["Shrug It Off","Burning Pact","Flex"],"picked":"Singing Bowl","floor":39},{"not_picked":["Fiend Fire","Havoc"],"picked":"Pummel","floor":40},{"not_picked":["Anger","Sword Boomerang"],"picked":"Pommel Strike+1","floor":42},{"not_picked":["Warcry","Wild Strike+1"],"picked":"Shockwave","floor":47},{"not_picked":["Double Tap","Armaments+1","Iron Wave+1"],"picked":"Singing Bowl","floor":48}],"player_experience":2235191,"relics_obtained":[{"floor":6.0,"key":"Centennial Puzzle"},{"floor":9,"key":"Happy Flower"},{"floor":13,"key":"Bottled Flame"},{"floor":24,"key":"Gremlin Horn"},{"floor":26,"key":"Lantern"},{"floor":39,"key":"Bird Faced Urn"},{"floor":40,"key":"Ice Cream"},{"floor":43,"key":"Mango"}],"event_choices":[{"damage_healed":0.0,"max_hp_gain":0.0,"max_hp_loss":0.0,"gold_gain":0.0,"event_name":"Shining Light","player_choice":"Ignored","floor":3.0,"gold_loss":0.0,"damage_taken":0.0},{"damage_healed":0,"gold_gain":0,"player_choice":"Ignored","damage_taken":0,"max_hp_gain":0,"max_hp_loss":0,"event_name":"NoteForYourself","floor":11,"gold_loss":0},{"cards_removed":["Strike_R"],"damage_healed":0,"gold_gain":0,"player_choice":"Offered Basic","damage_taken":0,"max_hp_gain":0,"max_hp_loss":0,"event_name":"Bonfire Elementals","floor":30,"gold_loss":0},{"damage_healed":0,"gold_gain":0,"player_choice":"Ignored","damage_taken":0,"max_hp_gain":0,"max_hp_loss":0,"event_name":"Tomb of Lord Red Mask","floor":37,"gold_loss":0},{"damage_healed":0,"gold_gain":0,"player_choice":"Fight","damage_taken":0,"max_hp_gain":0,"max_hp_loss":0,"event_name":"Mysterious Sphere","floor":39,"gold_loss":0},{"damage_healed":25,"gold_gain":0,"player_choice":"Writhe","damage_taken":0,"max_hp_gain":0,"max_hp_loss":0,"event_name":"Winding Halls","floor":41,"gold_loss":0,"cards_obtained":["Writhe"]},{"cards_removed":["Strike_R"],"damage_healed":0,"gold_gain":0,"player_choice":"Removed Attack","damage_taken":0,"max_hp_gain":0,"max_hp_loss":0,"event_name":"Falling","floor":45,"gold_loss":0}],"is_beta":false,"boss_relics":[{"not_picked":["Snecko Eye","Philosopher\u0027s Stone"],"picked":"Mark of Pain"},{"not_picked":["Tiny House","Fusion Hammer"],"picked":"Black Blood"}],"items_purged_floors":[31,44],"is_endless":false,"potions_floor_spawned":[1,6,16,19,22,24,29,38,39,40,48],"ascension_level":0}}