{"host":"v78cxm76t2slh2nj","time":1611040547,"event":{"mods":["Act Like it!","BaseMod","Gensokyo","Koishi","Minty Spire (QoL Compilation)","Spicy Shops","StSLib"],"gold_per_floor":[111,3,3,3,18,18,36,36,36,46,46,62,25,45,45,140,140,154,404,216,216,227,227,247,259,259,259,282,294,37,55,55,151,151,168,188,188,201,213,241,241,255,279,289,289,301,93,120,120,115],"floor_reached":51,"language":"ZHS","playtime":3600,"items_purged":["Pain"],"score":795,"play_id":"b185c91b-5b24-41e3-8c95-6f9f39cf59ef","local_time":"20210119151547","is_ascension_mode":false,"campfire_choices":[{"data":"Koishi:DreadfulBlow","floor":6.0,"key":"SMITH"},{"data":"Koishi:HauntingSlash","floor":8.0,"key":"SMITH"},{"data":"Koishi:PhantomBarrier","floor":11.0,"key":"SMITH"},{"data":"Koishi:EmbryosDream","floor":15.0,"key":"SMITH"},{"data":"Gensokyo:SevenSchoolMysteries","floor":23.0,"key":"SMITH"},{"data":"Koishi:PerfectMindControl","floor":32.0,"key":"SMITH"},{"data":"Koishi:Possession","floor":41,"key":"SMITH"},{"data":"Koishi:UnconsciousUrges","floor":49,"key":"SMITH"}],"circlet_count":0,"master_deck":["Koishi:BasicStrike","Koishi:BasicStrike","Koishi:BasicStrike","Koishi:BasicStrike","Koishi:BasicDefend","Koishi:BasicDefend","Koishi:BasicDefend","Koishi:Provoke","Koishi:HauntingSlash+1","Koishi:DreadfulBlow+1","Koishi:TremblingHands","Koishi:Jaunt","Koishi:MindNumbingTerror","Koishi:EmbersOfLove","Koishi:PhantomBarrier+1","Koishi:RacingHeart","Koishi:EmbryosDream+1","Koishi:PerfectMindControl+1","CurseOfTheBell","Koishi:FleetingPhantom","Koishi:PredatoryInstincts","Koishi:StingingMind","Gensokyo:SevenSchoolMysteries+1","Koishi:RacingHeart+1","Koishi:Possession+1","Koishi:PerfectMindControl","Koishi:BloodcurdlingScream","Koishi:TraumaticStroke","Koishi:ReflexRadar+1","Koishi:RoseHell+1","Koishi:SpiritedAway+1","Koishi:PhantomBarrier+1","Koishi:ConfinedInnocent","Koishi:PhantomStrike+1","Koishi:Possession+1","Koishi:YoukaiPolygraph","Koishi:UnseenTerror+1","Koishi:EmbersOfLove+1","Koishi:UnconsciousUrges+1","Koishi:JumpScare+1","Koishi:PhantomBarrier+1"],"relics":["Koishi:ImaginaryFriend","Gensokyo:LunaticRedEyes","Singing Bowl","Incense Burner","Calling Bell","Bag of Preparation","Mercury Hourglass","Dead Branch","Boot","Gensokyo:ConquerorOfFear","Happy Flower","Toxic Egg 2","Sozu","White Beast Statue","Gensokyo:EmptyGrave","CeramicFish"],"acts_visited":["Gensokyo:Gensokyo","Gensokyo:Gensokyoer","Gensokyo:Gensokyoest"],"potions_floor_usage":[],"damage_taken":[{"damage":2.0,"enemies":"Gensokyo:2_Kodama","floor":1.0,"turns":5.0},{"damage":13.0,"enemies":"Gensokyo:Gryphon","floor":5.0,"turns":4.0},{"damage":6.0,"enemies":"Gensokyo:Python","floor":7.0,"turns":3.0},{"damage":5.0,"enemies":"Gensokyo:3_Kodama","floor":10.0,"turns":5.0},{"damage":18.0,"enemies":"Gensokyo:LivingMonolith","floor":12.0,"turns":4.0},{"damage":3.0,"enemies":"Gensokyo:Gryphon_and_Rabbit","floor":14.0,"turns":6.0},{"damage":26.0,"enemies":"Gensokyo:Yukari","floor":16.0,"turns":14.0},{"damage":17.0,"enemies":"Gensokyo:AngelMirror","floor":18.0,"turns":4.0},{"damage":0.0,"enemies":"Gensokyo:CosmicMonolith","floor":22.0,"turns":2.0},{"damage":0.0,"enemies":"Gensokyo:Slime_Group","floor":24.0,"turns":6.0},{"damage":0.0,"enemies":"Gensokyo:Wraith","floor":25.0,"turns":4.0},{"damage":0.0,"enemies":"Gensokyo:Reisen","floor":28.0,"turns":6.0},{"damage":9.0,"enemies":"Gensokyo:Chomper_and_Gloop","floor":29.0,"turns":4.0},{"damage":18.0,"enemies":"Gensokyo:Monolith_and_Dog","floor":31.0,"turns":5.0},{"damage":37,"enemies":"Gensokyo:Kaguya","floor":33,"turns":12},{"damage":0,"enemies":"Gensokyo:AncientGuardian","floor":35,"turns":6},{"damage":0,"enemies":"Gensokyo:3_Boulders","floor":36,"turns":5},{"damage":0,"enemies":"Gensokyo:AtlasGolem","floor":38,"turns":5},{"damage":8,"enemies":"Gensokyo:Dusk_and_Dawn","floor":39,"turns":4},{"damage":0,"enemies":"Gensokyo:Marisa","floor":40,"turns":6},{"damage":9,"enemies":"Gensokyo:3_Boulders","floor":42,"turns":3},{"damage":5,"enemies":"Gensokyo:SeedOfUnknown","floor":44,"turns":5},{"damage":0,"enemies":"Gensokyo:AtlasGolem","floor":46,"turns":4},{"damage":18,"enemies":"Gensokyo:Sharpion","floor":48,"turns":3},{"damage":0,"enemies":"Gensokyo:Yuyuko","floor":50,"turns":8}],"seed_played":"1358009205121936346","potions_obtained":[{"floor":7.0,"key":"DistilledChaos"},{"floor":10.0,"key":"Ancient Potion"},{"floor":16.0,"key":"Dexterity Potion"},{"floor":24.0,"key":"Strength Potion"}],"is_trial":false,"path_per_floor":["M","COS","?","?","M","R","M","R","T","M","R","M","$","M","R","B",null,"M","?","$","?","M","R","M","M","T","?","E","M","$","M","R","B",null,"M","M","?","M","M","E","R","M","T","M","?","M","$","M","R","B",null],"character_chosen":"KOISHI","items_purchased":["Koishi:RacingHeart","Koishi:PredatoryInstincts","Koishi:StingingMind","Toxic Egg 2","CeramicFish","Koishi:UnconsciousUrges","Koishi:JumpScare+1"],"campfire_rested":0,"item_purchase_floors":[13,20,20,30,47,47,47],"current_hp_per_floor":[65,65,65,65,54,54,50,50,50,46,46,32,32,36,36,24,68,53,53,53,53,58,58,58,58,58,58,58,57,57,50,50,27,58,58,58,58,58,57,58,58,57,57,55,54,56,56,53,53,53],"gold":115,"neow_bonus":"TEN_PERCENT_HP_BONUS","is_daily":false,"chose_seed":false,"campfire_upgraded":8,"win_rate":0.0,"timestamp":1611040547,"path_taken":["M","COS","?","?","M","R","M","R","T","?","R","M","$","M","R","BOSS","M","?","?","?","?","R","?","M","T","?","E","M","$","M","R","BOSS","M","M","?","M","M","E","R","M","T","M","?","M","$","M","R","BOSS"],"items_purchased_type":["Card","Card","Card","Relic","Relic","Card","Card"],"build_version":"2020-12-22","purchased_purges":1,"victory":true,"max_hp_per_floor":[66,66,66,66,66,66,66,66,66,66,66,68,68,68,68,68,68,68,64,64,58,58,58,58,58,58,58,58,58,58,58,58,58,58,58,58,58,58,58,58,58,58,58,58,54,56,56,56,56,56],"card_choices":[{"not_picked":["Koishi:SubconsciousSweep","Koishi:UnansweredLove"],"picked":"Koishi:DreadfulBlow","floor":1.0},{"not_picked":["Koishi:SubconsciousSweep","Koishi:HeartfeltFancy"],"picked":"Koishi:TremblingHands","floor":4.0},{"not_picked":["Koishi:UnansweredLove","Koishi:HeartfeltFancy"],"picked":"Koishi:Jaunt","floor":4.0},{"not_picked":["Koishi:FourthEye","Koishi:HeartStoppingHorror"],"picked":"Koishi:MindNumbingTerror","floor":5.0},{"not_picked":["Koishi:HeartfeltFancy","Koishi:SprinkleStarAndHeart"],"picked":"Koishi:EmbersOfLove","floor":7.0},{"not_picked":["Koishi:GeneticsOfTheUnconscious","Koishi:TremblingHands"],"picked":"Koishi:PhantomBarrier","floor":10.0},{"not_picked":["Koishi:BloodcurdlingScream","Koishi:SprinkleStarAndHeart","Koishi:DanmakuParanoia"],"picked":"Singing Bowl","floor":12.0},{"not_picked":["Koishi:UnconsciousUprising","Koishi:Whimsy"],"picked":"Koishi:EmbryosDream","floor":14.0},{"not_picked":["Koishi:GrowingPain","Koishi:MindStellarRelief"],"picked":"Koishi:PerfectMindControl","floor":16.0},{"not_picked":["Koishi:Prune","Koishi:SubterraneanRose"],"picked":"Koishi:FleetingPhantom","floor":18.0},{"not_picked":["Gensokyo:RedCapeBlueCape","Gensokyo:MissMary"],"picked":"Gensokyo:SevenSchoolMysteries","floor":21.0},{"not_picked":["Koishi:Whimsy","Koishi:Jaunt"],"picked":"Koishi:RacingHeart+1","floor":22.0},{"not_picked":["Koishi:Bloodlust","Koishi:Prune"],"picked":"Koishi:Possession","floor":24.0},{"not_picked":["Koishi:RacingHeart","Koishi:UnconsciousUrges"],"picked":"Koishi:PerfectMindControl","floor":25.0},{"not_picked":["Koishi:PhantomBarrier","Koishi:FidgetySnatcher"],"picked":"Koishi:BloodcurdlingScream","floor":28.0},{"not_picked":["Koishi:JumpScare","Koishi:StingingMind"],"picked":"Koishi:TraumaticStroke","floor":29.0},{"not_picked":["Koishi:Prune+1","Koishi:BloodcurdlingScream+1"],"picked":"Koishi:ReflexRadar+1","floor":31.0},{"not_picked":["Koishi:MindStellarRelief+1","Koishi:Heartbroken"],"picked":"Koishi:RoseHell+1","floor":33},{"not_picked":["Koishi:SubterraneanRose+1","Koishi:StingingMind"],"picked":"Koishi:SpiritedAway+1","floor":35},{"not_picked":["Koishi:UnseenTerror","Koishi:TraumaticStroke"],"picked":"Koishi:PhantomBarrier+1","floor":36},{"not_picked":["Koishi:SubconsciousSweep+1","Koishi:UnansweredLove+1"],"picked":"Koishi:PhantomStrike+1","floor":38},{"not_picked":["Koishi:Prune+1","Koishi:Bloodlust+1"],"picked":"Koishi:Possession+1","floor":39},{"not_picked":["Koishi:TraumaticStroke+1","Koishi:JumpScare+1"],"picked":"Koishi:YoukaiPolygraph","floor":40},{"not_picked":["Koishi:TremblingHands+1","Koishi:CatchAndRose+1"],"picked":"Koishi:UnseenTerror+1","floor":42},{"not_picked":["Koishi:UnconsciousUrges","Koishi:SubconsciousSweep"],"picked":"Koishi:EmbersOfLove+1","floor":44},{"not_picked":["Koishi:MindNumbingTerror+1","Koishi:CatchAndRose+1","Koishi:PhilosophyOfTheDespised+1"],"picked":"Singing Bowl","floor":46},{"not_picked":["Koishi:ReleaseOfTheId+1","Koishi:BloodcurdlingScream+1"],"picked":"Koishi:PhantomBarrier+1","floor":48}],"player_experience":324093,"relics_obtained":[{"floor":9.0,"key":"Singing Bowl"},{"floor":17.0,"key":"Bag of Preparation"},{"floor":17.0,"key":"Mercury Hourglass"},{"floor":17.0,"key":"Dead Branch"},{"floor":26.0,"key":"Boot"},{"floor":28.0,"key":"Gensokyo:ConquerorOfFear"},{"floor":28.0,"key":"Happy Flower"},{"floor":40,"key":"White Beast Statue"}],"event_choices":[],"is_beta":false,"boss_relics":[{"not_picked":["Velvet Choker","Busted Crown"],"picked":"Calling Bell"},{"not_picked":["Runic Pyramid","SlaversCollar"],"picked":"Sozu"}],"items_purged_floors":[20],"is_endless":false,"potions_floor_spawned":[7,10,16,24,38,39,42,44,46,48],"ascension_level":0}}