{"host":"lnt5dzsuhru0aonl","time":1611053281,"event":{"mods":["2.2 Compatiblity","BaseMod","Colored Map","Colored Powertips","DeckTracker","Keyboard Shortcuts","Minty Spire (QoL Compilation)","Permanent Neow","StSLib","SuperFastMode","everything is the same but u backflip on backflip"],"gold_per_floor":[114,28,103,103,118,149,149,175,175,175,175],"floor_reached":10,"language":"KOR","playtime":124,"items_purged":[],"score":198,"play_id":"b4298206-1a9b-4f94-b58a-b52eaa73ad53","local_time":"20210119194801","is_ascension_mode":true,"campfire_choices":[{"data":"Defragment","floor":7,"key":"SMITH"}],"circlet_count":0,"master_deck":["AscendersBane","Strike_B","Strike_B","Strike_B","Strike_B","Defend_B","Defend_B","Defend_B","Defend_B","Zap","Dualcast","Ball Lightning","Defragment+1","Conserve Battery","Turbo","Cold Snap"],"relics":["Cracked Core","NeowsBlessing","FaceOfCleric","Bottled Tornado","Strawberry","Akabeko"],"acts_visited":["Exordium"],"potions_floor_usage":[8],"damage_taken":[{"damage":0,"enemies":"2 Louse","floor":1,"turns":1},{"damage":0,"enemies":"Small Slimes","floor":5,"turns":1},{"damage":0,"enemies":"Gremlin Nob","floor":6,"turns":1},{"damage":20,"enemies":"3 Sentries","floor":8,"turns":3},{"damage":46,"enemies":"Gremlin Nob","floor":10,"turns":4}],"seed_played":"7478094041994671111","potions_obtained":[{"floor":6,"key":"ColorlessPotion"}],"is_trial":false,"path_per_floor":["M","$","?","?","M","E","R","E","T","E"],"character_chosen":"DEFECT","items_purchased":["Defragment"],"campfire_rested":0,"item_purchase_floors":[2],"current_hp_per_floor":[64,64,53,53,54,55,55,43,43,0,0],"gold":175,"neow_bonus":"THREE_ENEMY_KILL","is_daily":false,"chose_seed":false,"campfire_upgraded":1,"win_rate":0.0,"timestamp":1611053281,"path_taken":["M","$","?","?","?","E","R","E","T","E"],"items_purchased_type":["Card"],"build_version":"2020-12-22","purchased_purges":0,"victory":false,"max_hp_per_floor":[71,71,71,71,72,73,73,81,81,81,81],"card_choices":[{"not_picked":["Force Field","Fusion"],"picked":"Ball Lightning","floor":1},{"not_picked":["White Noise","Compile Driver"],"picked":"Conserve Battery","floor":5},{"not_picked":["Streamline","Steam"],"picked":"Turbo","floor":6},{"not_picked":["Beam Cell","Redo"],"picked":"Cold Snap","floor":8}],"player_experience":699153,"relics_obtained":[{"floor":6,"key":"Bottled Tornado"},{"floor":8,"key":"Strawberry"},{"floor":9,"key":"Akabeko"}],"event_choices":[{"damage_healed":0,"gold_gain":75,"player_choice":"Gather Gold","damage_taken":11,"max_hp_gain":0,"max_hp_loss":0,"event_name":"World of Goop","floor":3,"gold_loss":0},{"damage_healed":0,"gold_gain":0,"player_choice":"Trade","damage_taken":0,"relics_obtained":["FaceOfCleric"],"max_hp_gain":0,"max_hp_loss":0,"event_name":"FaceTrader","floor":4,"gold_loss":0}],"is_beta":false,"boss_relics":[],"items_purged_floors":[],"is_endless":false,"potions_floor_spawned":[6],"killed_by":"Gremlin Nob","ascension_level":20}}