{"host":"6p0attdrtjqaih7v","time":1611098436,"event":{"mods":["2.2 Compatiblity","AchievementEnabler","Bard","BaseMod","Better Skull","Better Third Choice","Colored Powertips","Hermit","Highlight Path","Jorbs\u0027s Wanderer Trilogy","Key Reminder","Minty Spire (QoL Compilation)","Permanent Neow","Quick Restart","Random Character Button","Relic Stats","Replay The Spire","Robot Space Explorer","StSLib"],"gold_per_floor":[111,127,177,194,204,204,217,217,242,242,275,291,2,2,2,76,76,87,87,98,98,98,98,129,129,129,129,129,162,162,162],"floor_reached":30,"language":"ENG","playtime":1124,"items_purged":["Strike_G"],"score":532,"play_id":"032c6cd0-d985-487d-9a7c-b60518243c7b","local_time":"20210119182036","is_ascension_mode":true,"campfire_choices":[{"data":"Prepared","floor":6,"key":"SMITH"},{"data":"ReplayTheSpireMod:Scrap Shanks","floor":8,"key":"SMITH"},{"floor":10,"key":"REST"},{"data":"Choke","floor":15,"key":"SMITH"},{"data":"Malaise","floor":23,"key":"SMITH"},{"data":"Accuracy","floor":27,"key":"SMITH"}],"circlet_count":0,"master_deck":["AscendersBane","Strike_G","Strike_G","Strike_G","Defend_G","Defend_G","Defend_G","Defend_G","Survivor","Neutralize","Bane","Malaise+1","ReplayTheSpireMod:Scrap Shanks+1","Dagger Throw","Prepared+1","Eviscerate","All Out Attack","Backflip","Choke+1","Neutralize","Accuracy+1","PiercingWail","Underhanded Strike+1"],"relics":["Ring of the Snake","Replay:Wax Seal","Juzu Bracelet","Happy Flower","Philosopher\u0027s Stone","MutagenicStrength","Snake Skull","Mirror","Girya"],"acts_visited":["Exordium","TheCity"],"potions_floor_usage":[4,18,29,30],"damage_taken":[{"damage":0,"enemies":"2 Louse","floor":1,"turns":3},{"damage":2,"enemies":"Cultist","floor":2,"turns":4},{"damage":0,"enemies":"Small Slimes","floor":4,"turns":4},{"damage":3,"enemies":"2 Fungi Beasts","floor":5,"turns":4},{"damage":5,"enemies":"Exordium Thugs","floor":7,"turns":5},{"damage":8,"enemies":"Gremlin Nob","floor":11,"turns":3},{"damage":2,"enemies":"Looter","floor":12,"turns":3},{"damage":12,"enemies":"Hexaghost","floor":16,"turns":10},{"damage":11,"enemies":"3 Byrds","floor":18,"turns":2},{"damage":22,"enemies":"Shell Parasite","floor":20,"turns":4},{"damage":7,"enemies":"Replay:Snechameleon","floor":24,"turns":9},{"damage":36,"enemies":"Slavers","floor":29,"turns":5},{"damage":15,"enemies":"Snake Plant","floor":30,"turns":2}],"seed_played":"1042977658635830842","potions_obtained":[{"floor":1,"key":"Fire Potion"},{"floor":2,"key":"AttackPotion"},{"floor":4,"key":"Elixir"},{"floor":28,"key":"GhostInAJar"},{"floor":29,"key":"FearPotion"}],"is_trial":false,"path_per_floor":["M","M","?","M","M","R","M","R","T","R","E","M","$","?","R","B",null,"M","?","M","?","?","R","E","?","T","R","?","E","M"],"character_chosen":"THE_SILENT","items_purchased":["Happy Flower","Strength Potion"],"campfire_rested":1,"item_purchase_floors":[13,13],"current_hp_per_floor":[44,42,36,36,33,33,28,28,28,47,39,37,37,37,37,25,56,45,45,23,23,76,76,69,47,47,47,47,11,0,0],"gold":162,"neow_bonus":"TRANSFORM_TWO_CARDS","is_daily":false,"chose_seed":false,"campfire_upgraded":5,"win_rate":0.0,"timestamp":1611098436,"path_taken":["M","M","?","M","M","R","M","R","T","R","E","M","$","?","R","BOSS","M","?","M","?","?","R","E","?","T","R","?","E","M"],"items_purchased_type":["Relic","Potion"],"build_version":"2020-12-22","purchased_purges":1,"victory":false,"max_hp_per_floor":[66,66,66,66,66,66,66,66,66,66,66,66,66,66,66,66,66,66,66,66,66,76,76,76,81,81,81,81,81,81,81],"relic_stats":{"Happy Flower":[10],"counters":[13,58],"Snake Skull":[0],"Juzu Bracelet":3,"obtain_stats":[{"Girya":29,"Happy Flower":13,"MutagenicStrength":21,"Philosopher\u0027s Stone":17,"Snake Skull":24,"Juzu Bracelet":11,"Replay:Wax Seal":9,"Mirror":26,"Ring of the Snake":0},{"Girya":12,"Happy Flower":7,"MutagenicStrength":10,"Philosopher\u0027s Stone":8,"Snake Skull":11,"Juzu Bracelet":6,"Replay:Wax Seal":5,"Mirror":11,"Ring of the Snake":0},{"Girya":56,"Happy Flower":26,"MutagenicStrength":42,"Philosopher\u0027s Stone":36,"Snake Skull":51,"Juzu Bracelet":23,"Replay:Wax Seal":20,"Mirror":51,"Ring of the Snake":0}],"Ring of the Snake":[26]},"card_choices":[{"not_picked":["Sucker Punch","Catalyst"],"picked":"ReplayTheSpireMod:Scrap Shanks","floor":1},{"not_picked":["Setup","Reflex"],"picked":"Dagger Throw","floor":2},{"not_picked":["Crippling Poison","Dagger Spray"],"picked":"Prepared","floor":4},{"not_picked":["Finisher","Outmaneuver"],"picked":"Eviscerate","floor":5},{"not_picked":["Sucker Punch","Cloak And Dagger","ReplayTheSpireMod:Scrap Shanks"],"picked":"SKIP","floor":7},{"not_picked":["Dodge and Roll","Endless Agony"],"picked":"All Out Attack","floor":11},{"not_picked":["Cloak And Dagger","Heel Hook"],"picked":"Backflip","floor":12},{"not_picked":["Replay:Bag of Tricks","ReplayTheSpireMod:Necrosis"],"picked":"ReplayTheSpireMod:From All Sides","floor":16},{"not_picked":["Endless Agony","Cloak And Dagger"],"picked":"Accuracy","floor":18},{"not_picked":["Sucker Punch+1","Infinite Blades"],"picked":"PiercingWail","floor":20},{"not_picked":["Grand Finale","Dodge and Roll"],"picked":"Underhanded Strike+1","floor":24},{"not_picked":["Poisoned Stab","Poison Darts","Sucker Punch"],"picked":"SKIP","floor":29}],"player_experience":883192,"relics_obtained":[{"floor":9,"key":"Replay:Wax Seal"},{"floor":11,"key":"Juzu Bracelet"},{"floor":24,"key":"Snake Skull"},{"floor":26,"key":"Mirror"},{"floor":29,"key":"Girya"}],"event_choices":[{"damage_healed":0,"gold_gain":50,"player_choice":"Touch","damage_taken":6,"max_hp_gain":0,"max_hp_loss":0,"event_name":"FaceTrader","floor":3,"gold_loss":0},{"damage_healed":0,"gold_gain":0,"player_choice":"2 cards matched","damage_taken":0,"max_hp_gain":0,"max_hp_loss":0,"event_name":"Match and Keep!","floor":14,"gold_loss":0,"cards_obtained":["Choke","Neutralize"]},{"damage_healed":0,"gold_gain":0,"player_choice":"Ignored","damage_taken":0,"max_hp_gain":0,"max_hp_loss":0,"event_name":"The Mausoleum","floor":19,"gold_loss":0},{"damage_healed":0,"gold_gain":0,"player_choice":"Inject Mutagens","damage_taken":0,"relics_obtained":["MutagenicStrength"],"max_hp_gain":0,"max_hp_loss":0,"event_name":"Drug Dealer","floor":21,"gold_loss":0},{"cards_removed":["ReplayTheSpireMod:From All Sides"],"damage_healed":43,"gold_gain":0,"player_choice":"Offered Rare","damage_taken":0,"max_hp_gain":10,"max_hp_loss":0,"event_name":"Bonfire Elementals","floor":22,"gold_loss":0},{"damage_healed":0,"gold_gain":0,"player_choice":"Shed Blood","damage_taken":27,"max_hp_gain":5,"max_hp_loss":0,"event_name":"Forgotten Altar","floor":25,"gold_loss":0},{"damage_healed":0,"gold_gain":0,"player_choice":"Got Potions","damage_taken":0,"max_hp_gain":0,"max_hp_loss":0,"event_name":"Lab","floor":28,"gold_loss":0}],"is_beta":false,"boss_relics":[{"not_picked":["Replay:Bronze Core","Calling Bell"],"picked":"Philosopher\u0027s Stone"}],"items_purged_floors":[13],"is_endless":false,"potions_floor_spawned":[1,2,4,29],"killed_by":"Snake Plant","ascension_level":20}}