{"host":"z4nt7tdd4gjrinn7","time":1611021217,"event":{"mods":["100% Spire Juice","BaseMod","Minty Spire (QoL Compilation)","StSLib"],"gold_per_floor":[112,287,68,68,79,79,79,6,6,21,40,40,75,90,90,190,190,210,210,226,226,241,241,241,0,77,97,109,109,109,123,123,123,123],"floor_reached":33,"language":"ENG","playtime":2001,"items_purged":["Doubt"],"score":247,"play_id":"70e44ce4-2229-462f-9cc0-b797e201f3e8","local_time":"20210118205337","is_ascension_mode":false,"campfire_choices":[{"data":"Terror","floor":6,"key":"SMITH"},{"data":"Underhanded Strike","floor":12,"key":"SMITH"},{"floor":15,"key":"REST"},{"floor":23,"key":"REST"},{"floor":30,"key":"REST"},{"floor":32,"key":"REST"}],"circlet_count":0,"master_deck":["Strike_G","Strike_G","Strike_G","Strike_G","Strike_G","Defend_G","Defend_G","Defend_G+1","Defend_G","Defend_G","Survivor","Neutralize","Flying Knee+1","Terror+1","Dash","Terror+1","Underhanded Strike+1","Bullet Time","Blade Dance","Wraith Form v2","Outmaneuver+1","Deadly Poison+1","A Thousand Cuts","Skewer","Distraction+1","Poisoned Stab+1","Dagger Spray"],"relics":["Ring of the Serpent","Membership Card","Boot","Meat on the Bone","War Paint","TwistedFunnel","Lantern","Pen Nib","Bottled Lightning"],"acts_visited":["Exordium","TheCity"],"potions_floor_usage":[16,16,16,22,31,33],"damage_taken":[{"damage":0,"enemies":"2 Louse","floor":1,"turns":2},{"damage":0,"enemies":"Small Slimes","floor":5,"turns":4},{"damage":0,"enemies":"Cultist","floor":10,"turns":2},{"damage":4,"enemies":"Blue Slaver","floor":11,"turns":3},{"damage":10,"enemies":"Gremlin Nob","floor":13,"turns":4},{"damage":7,"enemies":"Exordium Wildlife","floor":14,"turns":3},{"damage":6,"enemies":"Slime Boss","floor":16,"turns":10},{"damage":20,"enemies":"2 Thieves","floor":18,"turns":3},{"damage":10,"enemies":"Shell Parasite","floor":20,"turns":4},{"damage":18,"enemies":"Centurion and Healer","floor":22,"turns":5},{"damage":33,"enemies":"Snecko","floor":27,"turns":5},{"damage":15,"enemies":"Shelled Parasite and Fungi","floor":28,"turns":5},{"damage":25,"enemies":"3 Cultists","floor":31,"turns":4},{"damage":83,"enemies":"Collector","floor":33,"turns":6}],"seed_played":"5152357839854476410","potions_obtained":[{"floor":5,"key":"Dexterity Potion"},{"floor":10,"key":"AttackPotion"},{"floor":13,"key":"Ancient Potion"},{"floor":18,"key":"LiquidBronze"},{"floor":28,"key":"GamblersBrew"},{"floor":31,"key":"Ancient Potion"}],"is_trial":false,"path_per_floor":["M","?","$","?","M","R","?","$","T","M","M","R","E","M","R","B",null,"M","?","M","?","M","R","?","$","T","M","M","?","R","M","R","B"],"character_chosen":"THE_SILENT","items_purchased":["Membership Card","Boot","Dash","TwistedFunnel","Lantern","Pen Nib","Skewer"],"campfire_rested":4,"item_purchase_floors":[3,3,8,25,25,25,25],"current_hp_per_floor":[77,77,77,77,77,77,77,77,77,77,73,73,63,56,77,71,77,57,57,47,47,41,64,64,64,64,43,40,34,57,44,67,0,0],"gold":123,"neow_bonus":"TEN_PERCENT_HP_BONUS","is_daily":false,"chose_seed":false,"campfire_upgraded":2,"win_rate":0.0,"timestamp":1611021217,"path_taken":["M","?","$","?","?","R","?","$","T","M","M","R","E","M","R","BOSS","M","?","M","?","M","R","?","$","T","?","M","?","R","?","R","BOSS"],"items_purchased_type":["Relic","Relic","Card","Relic","Relic","Relic","Card"],"build_version":"2020-12-22","purchased_purges":1,"victory":false,"max_hp_per_floor":[77,77,77,77,77,77,77,77,77,77,77,77,77,77,77,77,77,77,77,77,77,77,77,77,77,77,77,77,77,77,77,77,77,77],"card_choices":[{"not_picked":["Deadly Poison","Escape Plan"],"picked":"Flying Knee","floor":1},{"not_picked":["Sucker Punch","Dodge and Roll"],"picked":"Terror","floor":5},{"not_picked":["PiercingWail","Bouncing Flask"],"picked":"Terror","floor":10},{"not_picked":["Footwork","Bouncing Flask"],"picked":"Underhanded Strike","floor":11},{"not_picked":["Backflip","Slice"],"picked":"Bullet Time","floor":13},{"not_picked":["Backstab","Masterful Stab"],"picked":"Blade Dance","floor":14},{"not_picked":["Tools of the Trade","Glass Knife"],"picked":"Wraith Form v2","floor":16},{"not_picked":["Calculated Gamble","Slice"],"picked":"Outmaneuver+1","floor":18},{"not_picked":["Backflip","PiercingWail"],"picked":"Deadly Poison+1","floor":20},{"not_picked":["Acrobatics","Deflect"],"picked":"A Thousand Cuts","floor":22},{"not_picked":["Slice","Deadly Poison"],"picked":"Distraction+1","floor":27},{"not_picked":["Deadly Poison","Dodge and Roll"],"picked":"Poisoned Stab+1","floor":28},{"not_picked":["Catalyst","Crippling Poison"],"picked":"Dagger Spray","floor":31}],"player_experience":105094,"relics_obtained":[{"floor":9,"key":"Meat on the Bone"},{"floor":13,"key":"War Paint"},{"floor":26,"key":"Bottled Lightning"}],"event_choices":[{"damage_healed":0,"gold_gain":175,"player_choice":"AGREE","damage_taken":0,"max_hp_gain":0,"max_hp_loss":0,"event_name":"Liars Game","floor":2,"gold_loss":0,"cards_obtained":["Doubt"]},{"damage_healed":0,"gold_gain":0,"player_choice":"Upgraded","damage_taken":0,"max_hp_gain":0,"max_hp_loss":0,"event_name":"Upgrade Shrine","floor":4,"gold_loss":0,"cards_upgraded":["Flying Knee"]},{"damage_healed":0,"gold_gain":0,"player_choice":"Leave","damage_taken":0,"max_hp_gain":0,"max_hp_loss":0,"event_name":"The Cleric","floor":7,"gold_loss":0},{"damage_healed":0,"gold_gain":0,"player_choice":"Ignored","damage_taken":0,"max_hp_gain":0,"max_hp_loss":0,"event_name":"Cursed Tome","floor":19,"gold_loss":0},{"damage_healed":0,"gold_gain":0,"player_choice":"Ignored","damage_taken":0,"max_hp_gain":0,"max_hp_loss":0,"event_name":"Ghosts","floor":21,"gold_loss":0},{"damage_healed":0,"gold_gain":0,"player_choice":"Ignored","damage_taken":0,"max_hp_gain":0,"max_hp_loss":0,"event_name":"N\u0027loth","floor":24,"gold_loss":0},{"damage_healed":0,"gold_gain":0,"player_choice":"","damage_taken":6,"max_hp_gain":0,"max_hp_loss":0,"event_name":"Knowing Skull","floor":29,"potions_obtained":[],"gold_loss":0,"cards_obtained":[]}],"is_beta":false,"boss_relics":[{"not_picked":["Philosopher\u0027s Stone","Fusion Hammer"],"picked":"Ring of the Serpent"}],"items_purged_floors":[8],"is_endless":false,"potions_floor_spawned":[5,10,13,18,28,31],"killed_by":"Collector","ascension_level":0}}