{"host":"7tqog9fnhs0gxmti","time":1611054484,"event":{"mods":["AchievementEnabler","Act Like it!","Astrologer","BaseMod","Colored Map","Colored Powertips","Hermit","Highlight Path","Minty Spire (QoL Compilation)","StSLib","The Construct","everything is the same but u backflip on backflip"],"gold_per_floor":[115,130,130,84,100,100,127,127,127,127,127,150,171,23,23,142,142,82,82,27,27,48,48,10,46,94,94,9,9,9],"floor_reached":29,"language":"ENG","playtime":721,"items_purged":["Injury","Pain"],"score":287,"play_id":"61f5e686-b03e-4726-b607-6b46d8f59829","local_time":"20210119190804","is_ascension_mode":false,"campfire_choices":[{"data":"construct:Autoturret","floor":6,"key":"SMITH"},{"data":"construct:Autoturret+1","floor":10,"key":"SMITH"},{"data":"construct:FlameCore","floor":15,"key":"SMITH"},{"data":"construct:FlameCore+1","floor":23,"key":"SMITH"},{"floor":27,"key":"REST"}],"circlet_count":0,"master_deck":["construct:Strike_Gold","construct:Strike_Gold","construct:Strike_Gold","construct:Strike_Gold","construct:Strike_Gold","construct:Defend_Gold","construct:Defend_Gold","construct:Defend_Gold","construct:Defend_Gold","construct:Defend_Gold","construct:AttackMode","construct:DefenseMode","construct:ScopeCore","construct:Autoturret+2","construct:FlameCore+2","construct:PointDefense","construct:Enhance","construct:Synchronize","construct:ElectricArmor","construct:BatteryCore","construct:Enhance","construct:Autoturret"],"relics":["construct:ClockworkPhoenix","NeowsBlessing","Shuriken","Golden Idol","Bottled Tornado","Membership Card","Cursed Key","MutagenicStrength","The Courier","Pen Nib"],"acts_visited":["Exordium","TheCity"],"potions_floor_usage":[11,16,16,16,16,16,16,16],"damage_taken":[{"damage":0,"enemies":"2 Louse","floor":1,"turns":1},{"damage":0,"enemies":"Cultist","floor":2,"turns":1},{"damage":0,"enemies":"Small Slimes","floor":5,"turns":1},{"damage":6,"enemies":"Lagavulin","floor":7,"turns":12},{"damage":13,"enemies":"Red Slaver","floor":12,"turns":4},{"damage":11,"enemies":"3 Louse","floor":13,"turns":5},{"damage":0,"enemies":"Hexaghost","floor":16,"turns":9},{"damage":13,"enemies":"2 Thieves","floor":18,"turns":4},{"damage":14,"enemies":"Spheric Guardian","floor":22,"turns":5},{"damage":59,"enemies":"Book of Stabbing","floor":25,"turns":7},{"damage":37,"enemies":"Slavers","floor":29,"turns":2}],"seed_played":"4384053945031702859","potions_obtained":[{"floor":2,"key":"LiquidMemories"},{"floor":7,"key":"SteroidPotion"},{"floor":11,"key":"EssenceOfSteel"},{"floor":11,"key":"EntropicBrew"},{"floor":11,"key":"Fruit Juice"},{"floor":22,"key":"CultistPotion"}],"is_trial":false,"path_per_floor":["M","M","?","$","M","R","E","?","T","R","?","M","M","$","R","B",null,"M","?","$","?","M","R","$","E","T","R","$","E"],"character_chosen":"THE_CONSTRUCT_MOD","items_purchased":["construct:Autoturret","Membership Card","construct:Synchronize","construct:ElectricArmor","construct:Enhance","construct:Autoturret"],"campfire_rested":1,"item_purchase_floors":[4,14,20,20,28,28],"current_hp_per_floor":[85,85,77,77,77,77,71,71,71,71,76,63,52,52,52,52,90,77,77,77,77,63,63,63,4,4,31,31,0,0],"gold":9,"neow_bonus":"THREE_ENEMY_KILL","is_daily":false,"chose_seed":false,"campfire_upgraded":4,"win_rate":0.0,"timestamp":1611054484,"path_taken":["M","M","?","?","M","R","E","?","T","R","?","M","?","$","R","BOSS","M","?","$","?","?","R","?","E","T","R","?","E"],"items_purchased_type":["Card","Relic","Card","Card","Card","Card"],"build_version":"2020-12-22","purchased_purges":2,"victory":false,"max_hp_per_floor":[85,85,85,85,85,85,85,85,85,85,90,90,90,90,90,90,90,90,90,90,90,90,90,90,90,90,90,90,90,90],"card_choices":[{"not_picked":["construct:Anticipate","construct:SweepLaser","construct:Backfire"],"picked":"SKIP","floor":1},{"not_picked":["construct:Forcefield","construct:Reinforce"],"picked":"construct:ScopeCore","floor":2},{"not_picked":["construct:Disrupt","construct:FocusedBeam"],"picked":"construct:FlameCore","floor":5},{"not_picked":["construct:ModeShift","construct:FocusedBeam","construct:SweepLaser"],"picked":"SKIP","floor":7},{"not_picked":["construct:Accumulate","construct:ShiftGuard"],"picked":"construct:PointDefense","floor":12},{"not_picked":["construct:Reinforce","construct:Isolate","construct:SyphonStrike"],"picked":"SKIP","floor":13},{"not_picked":["construct:VentSteam","construct:SaveState"],"picked":"construct:Enhance","floor":18},{"not_picked":["construct:HeavyBolt","construct:Backfire+1","construct:ScrapCannon"],"picked":"SKIP","floor":22},{"not_picked":["construct:SyphonStrike","construct:PowerUp"],"picked":"construct:BatteryCore","floor":25}],"player_experience":771968,"relics_obtained":[{"floor":7,"key":"Shuriken"},{"floor":9,"key":"Bottled Tornado"},{"floor":25,"key":"The Courier"},{"floor":26,"key":"Pen Nib"}],"event_choices":[{"damage_healed":0,"gold_gain":0,"player_choice":"Damaged","damage_taken":8,"max_hp_gain":0,"max_hp_loss":0,"event_name":"Wheel of Change","floor":3,"gold_loss":0},{"damage_healed":0,"gold_gain":0,"player_choice":"Take Wound","damage_taken":0,"relics_obtained":["Golden Idol"],"max_hp_gain":0,"max_hp_loss":0,"event_name":"Golden Idol","floor":8,"gold_loss":0,"cards_obtained":["Injury"]},{"damage_healed":0,"gold_gain":0,"player_choice":"Got Potions","damage_taken":0,"max_hp_gain":0,"max_hp_loss":0,"event_name":"Lab","floor":11,"gold_loss":0},{"damage_healed":0,"gold_gain":0,"player_choice":"Ignored","damage_taken":0,"max_hp_gain":0,"max_hp_loss":0,"event_name":"Vampires","floor":19,"gold_loss":0},{"damage_healed":0,"gold_gain":0,"player_choice":"Inject Mutagens","damage_taken":0,"relics_obtained":["MutagenicStrength"],"max_hp_gain":0,"max_hp_loss":0,"event_name":"Drug Dealer","floor":21,"gold_loss":0}],"is_beta":false,"boss_relics":[{"not_picked":["SacredBark","Empty Cage"],"picked":"Cursed Key"}],"items_purged_floors":[24,28],"is_endless":false,"potions_floor_spawned":[2,7,22],"killed_by":"Slavers","ascension_level":0}}