{"host":"Qube","time":1611082456,"event":{"mods":["AchievementEnabler","BaseMod","Colored Map","Colored Powertips","Highlight Path","Minty Spire (QoL Compilation)","Permanent Neow","Quick Restart","Random Character Button","StSLib"],"gold_per_floor":[363,12,28,28,45,79,79,113,137,162,177,177,206,228,240,329,341,371,383,395,407,96,96,131,131,201,213,227,227,258,284,284,284,284],"floor_reached":33,"language":"ENG","playtime":1434,"items_purged":["Doubt","Writhe"],"score":672,"play_id":"03ec884e-cfd7-480e-8afe-196a65cca350","local_time":"20210119105416","is_ascension_mode":true,"campfire_choices":[{"floor":7,"key":"REST"},{"floor":12,"key":"REST"},{"floor":15,"key":"REST"},{"data":"Adrenaline","floor":23,"key":"SMITH"},{"data":"Footwork","floor":25,"key":"SMITH"},{"data":"Noxious Fumes","floor":32,"key":"SMITH"}],"circlet_count":0,"master_deck":["AscendersBane","Strike_G+1","Strike_G+1","Strike_G+1","Defend_G+1","Defend_G+1","Defend_G+1","Defend_G+1","Defend_G+1","Survivor","Neutralize","Deflect","Predator","Footwork+1","Dagger Throw","Deadly Poison","Backflip","Dash","Poisoned Stab","Bouncing Flask","Doppelganger","Endless Agony","Cloak And Dagger","Adrenaline+1","Backstab","Caltrops","Noxious Fumes+1"],"relics":["Ring of the Snake","Orichalcum","Centennial Puzzle","PreservedInsect","Bronze Scales","MawBank","HoveringKite","Blood Vial","Lantern","Mercury Hourglass","Bottled Tornado","Sundial","Red Mask"],"acts_visited":["Exordium","TheCity"],"potions_floor_usage":[6,8,10,13,16,16,24,27,28,30,30],"damage_taken":[{"damage":7,"enemies":"Cultist","floor":1,"turns":5},{"damage":4,"enemies":"Jaw Worm","floor":3,"turns":4},{"damage":0,"enemies":"Small Slimes","floor":5,"turns":4},{"damage":28,"enemies":"Lagavulin","floor":6,"turns":5},{"damage":20,"enemies":"Gremlin Nob","floor":8,"turns":6},{"damage":5,"enemies":"3 Sentries","floor":10,"turns":8},{"damage":2,"enemies":"2 Fungi Beasts","floor":11,"turns":4},{"damage":12,"enemies":"Gremlin Nob","floor":13,"turns":3},{"damage":0,"enemies":"Blue Slaver","floor":14,"turns":3},{"damage":22,"enemies":"Hexaghost","floor":16,"turns":9},{"damage":8,"enemies":"Shell Parasite","floor":18,"turns":5},{"damage":9,"enemies":"Slavers","floor":24,"turns":3},{"damage":0,"enemies":"Chosen","floor":27,"turns":4},{"damage":7,"enemies":"Centurion and Healer","floor":28,"turns":5},{"damage":0,"enemies":"Gremlin Leader","floor":30,"turns":5},{"damage":8,"enemies":"Masked Bandits","floor":31,"turns":3},{"damage":58,"enemies":"Collector","floor":33,"turns":7}],"seed_played":"-8677203426600028960","potions_obtained":[{"floor":4,"key":"Strength Potion"},{"floor":5,"key":"DuplicationPotion"},{"floor":8,"key":"Poison Potion"},{"floor":10,"key":"EntropicBrew"},{"floor":11,"key":"Block Potion"},{"floor":24,"key":"Regen Potion"},{"floor":27,"key":"Fire Potion"},{"floor":28,"key":"AttackPotion"}],"is_trial":false,"path_per_floor":["M","$","M","?","M","E","R","E","T","E","M","R","E","M","R","B",null,"M","$","?","?","$","R","E","R","T","M","M","?","E","?","R","B"],"character_chosen":"THE_SILENT","items_purchased":["Predator","Footwork","Dagger Throw","Deadly Poison","Swift Potion","Lantern","Swift Potion"],"campfire_rested":3,"item_purchase_floors":[2,2,2,2,2,22,22],"current_hp_per_floor":[52,52,48,48,48,20,39,19,19,14,12,31,19,19,38,16,54,46,46,46,46,46,46,39,39,39,50,45,45,47,41,41,0,0],"gold":284,"neow_bonus":"TWO_FIFTY_GOLD","is_daily":false,"chose_seed":false,"campfire_upgraded":3,"win_rate":0.0,"timestamp":1611082456,"path_taken":["M","$","?","?","M","E","R","E","T","E","M","R","E","?","R","BOSS","M","$","?","?","$","R","E","R","T","M","M","?","E","?","R","BOSS"],"items_purchased_type":["Card","Card","Card","Card","Potion","Relic","Potion"],"build_version":"2020-12-18","purchased_purges":2,"victory":false,"max_hp_per_floor":[66,66,66,66,66,66,66,66,66,66,66,66,66,66,66,66,66,66,66,66,66,66,66,66,66,66,66,66,66,66,66,66,66,66],"card_choices":[{"not_picked":["PiercingWail","Bane"],"picked":"Deflect","floor":1},{"not_picked":["Predator","Heel Hook"],"picked":"Backflip","floor":3},{"not_picked":["Deadly Poison","PiercingWail"],"picked":"Dash","floor":5},{"not_picked":["Footwork","Dash"],"picked":"Poisoned Stab","floor":6},{"not_picked":["Blade Dance","Escape Plan"],"picked":"Bouncing Flask","floor":8},{"not_picked":["Sucker Punch","Die Die Die"],"picked":"Doppelganger","floor":10},{"not_picked":["Blade Dance","Prepared","Predator"],"picked":"SKIP","floor":11},{"not_picked":["Slice","Infinite Blades"],"picked":"Endless Agony","floor":13},{"not_picked":["Outmaneuver","Endless Agony"],"picked":"Cloak And Dagger","floor":14},{"not_picked":["Venomology","Grand Finale"],"picked":"Adrenaline","floor":16},{"not_picked":["Flechettes+1","Dodge and Roll","Quick Slash"],"picked":"SKIP","floor":18},{"not_picked":["Quick Slash","Terror","All Out Attack"],"picked":"SKIP","floor":24},{"not_picked":["Acrobatics","Blade Dance"],"picked":"Noxious Fumes","floor":27},{"not_picked":["Infinite Blades","Heel Hook","Calculated Gamble"],"picked":"SKIP","floor":28},{"not_picked":["Underhanded Strike","Dagger Spray","Sucker Punch"],"picked":"SKIP","floor":30}],"player_experience":945304,"relics_obtained":[{"floor":6,"key":"Orichalcum"},{"floor":8,"key":"Centennial Puzzle"},{"floor":9,"key":"PreservedInsect"},{"floor":10,"key":"Bronze Scales"},{"floor":13,"key":"MawBank"},{"floor":24,"key":"Mercury Hourglass"},{"floor":26,"key":"Bottled Tornado"},{"floor":30,"key":"Sundial"},{"floor":31,"key":"Red Mask"}],"event_choices":[{"damage_healed":0,"gold_gain":0,"player_choice":"Got Potions","damage_taken":0,"max_hp_gain":0,"max_hp_loss":0,"event_name":"Lab","floor":4,"gold_loss":0},{"damage_healed":0,"gold_gain":0,"cards_transformed":["Strike_G","Strike_G"],"player_choice":"Became Test Subject","damage_taken":0,"max_hp_gain":0,"max_hp_loss":0,"event_name":"Drug Dealer","floor":20,"gold_loss":0,"cards_obtained":["Backstab","Caltrops"]},{"damage_healed":0,"gold_gain":0,"player_choice":"Opened","damage_taken":0,"relics_obtained":["Blood Vial"],"max_hp_gain":0,"max_hp_loss":0,"event_name":"The Mausoleum","floor":21,"gold_loss":0,"cards_obtained":["Writhe"]},{"damage_healed":0,"gold_gain":0,"player_choice":"Simplicity","damage_taken":0,"max_hp_gain":0,"max_hp_loss":0,"event_name":"Back to Basics","floor":29,"gold_loss":0,"cards_upgraded":["Strike_G","Strike_G","Strike_G","Defend_G","Defend_G","Defend_G","Defend_G","Defend_G"]},{"damage_healed":0,"gold_gain":0,"player_choice":"Fought Bandits","damage_taken":0,"max_hp_gain":0,"max_hp_loss":0,"event_name":"Masked Bandits","floor":31,"gold_loss":0}],"is_beta":true,"boss_relics":[{"not_picked":["Black Star","Cursed Key"],"picked":"HoveringKite"}],"items_purged_floors":[2,22],"is_endless":false,"potions_floor_spawned":[5,8,10,11,24,27,28],"killed_by":"Collector","ascension_level":20}}