{"host":"ecaj4hn004xnnrw9","time":1611075455,"event":{"mods":["AchievementEnabler","BaseMod","Better Third Choice","Card Forge","Hermit","Hubris","Infinite Spire","Jorbs\u0027s Wanderer Trilogy","Minty Spire (QoL Compilation)","Quick Restart","Relic Stats","Shop Mod","StSLib","The Construct","The Jungle","The Runesmith"],"gold_per_floor":[110,7,23,34,34,62,62,89,114,114,133,146,215,215,215,313,313,333,34,98,114,134,134,44,44,44,64,89,89,105,169,169,269,269,289,289,299,299,317,346,411,411,411,411,411,411,442,454,454,454,454],"floor_reached":50,"language":"ENG","playtime":3045,"items_purged":["Strike_G","Strike_G"],"score":816,"play_id":"78f90dd5-c507-4b72-88e0-54dd7a018666","local_time":"20210119165735","is_ascension_mode":true,"campfire_choices":[{"data":"Neutralize","floor":7.0,"key":"SMITH"},{"data":"Blur","floor":15.0,"key":"SMITH"},{"floor":23.0,"key":"REST"},{"data":"Noxious Fumes","floor":25.0,"key":"SMITH"},{"floor":32,"key":"REST"},{"floor":46,"key":"REST"},{"data":"Crippling Poison","floor":49,"key":"SMITH"}],"circlet_count":0,"master_deck":["Strike_G+1","Strike_G","Defend_G","Defend_G","Defend_G","Defend_G","Defend_G","Survivor","Neutralize+1","Deadly Poison","Deadly Poison","Predator","Blur+1","Dagger Spray","Poisoned Stab","Wraith Form v2+1","Noxious Fumes+1","After Image","Decay","Backflip","Deadly Poison+1","Catalyst+1","Crippling Poison+1"],"relics":["Ring of the Snake","Hammer of Thor","Seething Fire","Anvil of the Gods","Orichalcum","hubris:BottledRain","hubris:MobiusCoin","Art of War","hubris:FunFungus","Akabeko","Centennial Puzzle","hubris:Towel","hubris:CrackedHourglass","Frozen Eye","PreservedInsect","infinitespire:WardingShard","construct:ClawGrip","Anchor","construct:WeddingRing","infinitespire:CheckeredPen","Snake Skull","Frozen Egg 2"],"acts_visited":["Exordium","TheCity","TheBeyond"],"potions_floor_usage":[28,28,33,33,33,40,50,50],"damage_taken":[{"damage":4.0,"enemies":"Small Slimes","floor":1.0,"turns":3.0},{"damage":0.0,"enemies":"Cultist","floor":3.0,"turns":4.0},{"damage":3.0,"enemies":"Jaw Worm","floor":4.0,"turns":3.0},{"damage":20.0,"enemies":"3 Sentries","floor":6.0,"turns":12.0},{"damage":7.0,"enemies":"Lagavulin","floor":8.0,"turns":5.0},{"damage":6.0,"enemies":"Exordium Wildlife","floor":11.0,"turns":4.0},{"damage":0.0,"enemies":"3 Louse","floor":12.0,"turns":4.0},{"damage":3.0,"enemies":"Blue Slaver","floor":13.0,"turns":3.0},{"damage":23.0,"enemies":"Hexaghost","floor":16.0,"turns":10.0},{"damage":0.0,"enemies":"Chosen","floor":18.0,"turns":5.0},{"damage":11.0,"enemies":"2 Thieves","floor":20.0,"turns":5.0},{"damage":14.0,"enemies":"Snake Plant","floor":21.0,"turns":6.0},{"damage":16.0,"enemies":"Shelled Parasite and Fungi","floor":22.0,"turns":7.0},{"damage":9.0,"enemies":"Cultist and Chosen","floor":27.0,"turns":6.0},{"damage":0,"enemies":"Slavers","floor":28,"turns":1},{"damage":6,"enemies":"Centurion and Healer","floor":30,"turns":6},{"damage":3,"enemies":"Shelled Parasite and Fungi","floor":31,"turns":5},{"damage":6,"enemies":"Automaton","floor":33,"turns":10},{"damage":0,"enemies":"3 Shapes","floor":35,"turns":3},{"damage":9,"enemies":"Orb Walker","floor":37,"turns":4},{"damage":3,"enemies":"4 Shapes","floor":39,"turns":5},{"damage":39,"enemies":"Giant Head","floor":40,"turns":10},{"damage":6,"enemies":"Maw","floor":41,"turns":7},{"damage":0,"enemies":"Nemesis","floor":47,"turns":3},{"damage":0,"enemies":"Spire Growth","floor":48,"turns":4},{"damage":62,"enemies":"Time Eater","floor":50,"turns":8}],"seed_played":"-7413142176394641150","potions_obtained":[{"floor":3.0,"key":"CultistPotion"},{"floor":6.0,"key":"Energy Potion"},{"floor":8.0,"key":"SteroidPotion"},{"floor":13.0,"key":"Explosive Potion"},{"floor":22.0,"key":"Weak Potion"},{"floor":27.0,"key":"SteroidPotion"},{"floor":28,"key":"Explosive Potion"},{"floor":30,"key":"Regen Potion"},{"floor":33,"key":"Dexterity Potion"},{"floor":40,"key":"LiquidMemories"},{"floor":48,"key":"FearPotion"}],"is_trial":false,"path_per_floor":["M","?","M","M","T","E","R","E","T","?","M","M","M","?","R","B",null,"M","$","M","M","M","R","?","R","T","M","E","?","M","M","R","B",null,"M","?","M","?","M","E","M","AVR","T","?","?","R","E","M","R","B"],"character_chosen":"THE_SILENT","items_purchased":["Noxious Fumes","Frozen Eye"],"campfire_rested":3,"item_purchase_floors":[19,19],"current_hp_per_floor":[59,59,59,56,56,36,36,29,29,29,23,23,20,20,20,1,53,53,53,45,35,19,40,40,40,40,32,32,32,28,27,48,61,68,70,70,62,62,65,31,27,27,27,27,27,48,48,49,49,0,0],"gold":454,"neow_bonus":"RANDOM_COMMON_RELIC","is_daily":false,"chose_seed":false,"campfire_upgraded":4,"win_rate":0.0,"timestamp":1611075455,"path_taken":["M","?","?","M","?","E","R","E","T","?","M","?","M","?","R","BOSS","M","$","M","M","M","R","?","R","T","?","E","?","M","M","R","BOSS","M","?","?","?","M","E","M","AVR","T","?","?","R","E","?","R","BOSS"],"items_purchased_type":["Card","Relic"],"build_version":"2020-12-22","purchased_purges":2,"victory":false,"max_hp_per_floor":[70,70,70,70,70,70,70,70,70,70,70,70,70,70,70,70,70,70,70,70,70,70,70,70,70,70,70,70,70,70,70,70,70,70,70,70,70,70,70,70,70,70,70,70,70,70,70,70,70,70,70],"relic_stats":{"Centennial Puzzle":[45],"counters":[26,143],"PreservedInsect":212,"Snake Skull":[27],"Art of War":[28],"Orichalcum":[204],"obtain_stats":[{"hubris:MobiusCoin":5,"construct:ClawGrip":34,"construct:WeddingRing":42,"Hammer of Thor":0,"PreservedInsect":26,"Snake Skull":43,"Seething Fire":0,"infinitespire:CheckeredPen":42,"Orichalcum":0,"hubris:Towel":14,"Frozen Egg 2":47,"Akabeko":9,"Frozen Eye":19,"Centennial Puzzle":10,"Anchor":40,"infinitespire:WardingShard":28,"Anvil of the Gods":0,"hubris:FunFungus":8,"Art of War":6,"hubris:CrackedHourglass":17,"Ring of the Snake":0,"hubris:BottledRain":2},{"hubris:MobiusCoin":3,"construct:ClawGrip":18,"construct:WeddingRing":23,"Hammer of Thor":0,"PreservedInsect":13,"Snake Skull":23,"Seething Fire":0,"infinitespire:CheckeredPen":23,"Orichalcum":0,"hubris:Towel":8,"Frozen Egg 2":24,"Akabeko":5,"Frozen Eye":10,"Centennial Puzzle":5,"Anchor":22,"infinitespire:WardingShard":15,"Anvil of the Gods":0,"hubris:FunFungus":5,"Art of War":4,"hubris:CrackedHourglass":9,"Ring of the Snake":0,"hubris:BottledRain":1},{"hubris:MobiusCoin":10,"construct:ClawGrip":99,"construct:WeddingRing":128,"Hammer of Thor":0,"PreservedInsect":71,"Snake Skull":128,"Seething Fire":0,"infinitespire:CheckeredPen":128,"Orichalcum":0,"hubris:Towel":38,"Frozen Egg 2":131,"Akabeko":27,"Frozen Eye":53,"Centennial Puzzle":27,"Anchor":121,"infinitespire:WardingShard":78,"Anvil of the Gods":0,"hubris:FunFungus":27,"Art of War":22,"hubris:CrackedHourglass":48,"Ring of the Snake":0,"hubris:BottledRain":3}],"Ring of the Snake":[52]},"card_choices":[{"not_picked":["All Out Attack","Acrobatics"],"picked":"Deadly Poison","floor":1.0},{"not_picked":["Outmaneuver","hubris:Counter"],"picked":"Deadly Poison","floor":3.0},{"not_picked":["Finisher","Acrobatics","Distraction"],"picked":"SKIP","floor":4.0},{"not_picked":["Flying Knee","Caltrops"],"picked":"Predator","floor":6.0},{"not_picked":["Envenom","Deflect"],"picked":"Blur","floor":8.0},{"not_picked":["PiercingWail","Outmaneuver"],"picked":"Dagger Spray","floor":11.0},{"not_picked":["Outmaneuver","hubris:Sniper","A Thousand Cuts"],"picked":"SKIP","floor":12.0},{"not_picked":["Quick Slash","Predator"],"picked":"Poisoned Stab","floor":13.0},{"not_picked":["Bullet Time","Die Die Die"],"picked":"Wraith Form v2","floor":16.0},{"not_picked":["Outmaneuver+1","Dodge and Roll","Quick Slash"],"picked":"SKIP","floor":18.0},{"not_picked":["Cloak And Dagger","Blade Dance+1"],"picked":"After Image","floor":20.0},{"not_picked":["Dagger Spray","Cloak And Dagger","Underhanded Strike"],"picked":"SKIP","floor":21.0},{"not_picked":["Flechettes","Heel Hook+1","Sucker Punch"],"picked":"SKIP","floor":22.0},{"not_picked":["Dodge and Roll","Deflect","hubris:SlightOfHand"],"picked":"SKIP","floor":27.0},{"not_picked":["Reflex","Endless Agony+1","All Out Attack+1"],"picked":"SKIP","floor":28},{"not_picked":["Blade Dance+1","Bane","Outmaneuver"],"picked":"SKIP","floor":30},{"not_picked":["All Out Attack","Dagger Throw+1","Poisoned Stab"],"picked":"SKIP","floor":31},{"not_picked":["Phantasmal Killer","hubris:Counter+1","Backstab+1"],"picked":"SKIP","floor":35},{"not_picked":["Sucker Punch","Concentrate+1"],"picked":"Backflip","floor":37},{"not_picked":["Tactician","Cloak And Dagger+1","Bane+1"],"picked":"SKIP","floor":39},{"not_picked":["Dagger Throw","Slice"],"picked":"Deadly Poison+1","floor":40},{"not_picked":["Finisher","Tactician+1"],"picked":"Catalyst+1","floor":41},{"not_picked":["Corpse Explosion","Riddle With Holes"],"picked":"Crippling Poison","floor":47},{"not_picked":["Eviscerate","Underhanded Strike","hubris:SlightOfHand"],"picked":"SKIP","floor":48}],"player_experience":376599,"relics_obtained":[{"floor":5.0,"key":"hubris:MobiusCoin"},{"floor":6.0,"key":"Art of War"},{"floor":8.0,"key":"hubris:FunFungus"},{"floor":9.0,"key":"Akabeko"},{"floor":10.0,"key":"Centennial Puzzle"},{"floor":26.0,"key":"PreservedInsect"},{"floor":28,"key":"infinitespire:WardingShard"},{"floor":40,"key":"Anchor"},{"floor":43,"key":"Snake Skull"},{"floor":47,"key":"Frozen Egg 2"}],"event_choices":[{"damage_healed":0.0,"max_hp_gain":0.0,"max_hp_loss":0.0,"gold_gain":0.0,"event_name":"WeMeetAgain","player_choice":"Paid Gold","floor":2.0,"gold_loss":103.0,"damage_taken":0.0,"relics_obtained":["hubris:BottledRain"]},{"cards_removed":["Strike_G"],"damage_healed":0.0,"max_hp_gain":0.0,"max_hp_loss":0.0,"gold_gain":0.0,"event_name":"Designer","player_choice":"Upgrade and Remove","floor":24.0,"gold_loss":90.0,"damage_taken":0.0,"cards_upgraded":["Strike_G"]},{"damage_healed":0,"gold_gain":0,"player_choice":"Cursed","damage_taken":0,"max_hp_gain":0,"max_hp_loss":0,"event_name":"Wheel of Change","floor":36,"gold_loss":0,"cards_obtained":["Decay"]},{"damage_healed":0,"gold_gain":0,"player_choice":"Random: Orange","damage_taken":0,"max_hp_gain":0,"max_hp_loss":0,"event_name":"betterThird:BetterPortal","floor":45,"gold_loss":0},{"damage_healed":0,"gold_gain":0,"player_choice":"0 cards matched","damage_taken":0,"max_hp_gain":0,"max_hp_loss":0,"event_name":"Match and Keep!","floor":45,"gold_loss":0,"cards_obtained":[]}],"is_beta":false,"boss_relics":[{"not_picked":["Runic Dome","Philosopher\u0027s Stone"],"picked":"hubris:CrackedHourglass"},{"not_picked":["SacredBark","Fusion Hammer"],"picked":"construct:ClawGrip"}],"items_purged_floors":[19,42],"is_endless":false,"potions_floor_spawned":[3,6,8,13,22,27,28,30,33,40,48],"killed_by":"Time Eater","ascension_level":7}}