{"host":"q6ff4ns2kep02ti6","time":1611092712,"event":{"mods":["AchievementEnabler","BaseMod","Minty Spire (QoL Compilation)","Relic Stats","StSLib","Unceasing Turn Reminder"],"gold_per_floor":[109,184,29,29,54,94,131,143,143],"floor_reached":8,"language":"ENG","playtime":210,"items_purged":[],"score":117,"play_id":"e2127ab4-08f5-4840-94bb-0b0897812896","local_time":"20210119224512","is_ascension_mode":true,"campfire_choices":[],"circlet_count":0,"master_deck":["Strike_B","Strike_B","Strike_B","Strike_B","Defend_B","Defend_B","Defend_B","Defend_B","Zap","Dualcast","Tempest","Barrage","Rip and Tear","Turbo"],"relics":["Cracked Core","NeowsBlessing","ClockworkSouvenir","Golden Idol","MawBank"],"acts_visited":["Exordium"],"potions_floor_usage":[],"damage_taken":[{"damage":0,"enemies":"Small Slimes","floor":1,"turns":1},{"damage":0,"enemies":"2 Louse","floor":5,"turns":1},{"damage":0,"enemies":"Gremlin Nob","floor":6,"turns":1},{"damage":7,"enemies":"Jaw Worm","floor":7,"turns":3},{"damage":45,"enemies":"Lagavulin","floor":8,"turns":7}],"seed_played":"2153820751413450387","potions_obtained":[{"floor":5,"key":"PotionOfCapacity"}],"is_trial":false,"path_per_floor":["M","?","$","?","M","E","M","E"],"character_chosen":"DEFECT","items_purchased":["ClockworkSouvenir"],"campfire_rested":0,"item_purchase_floors":[3],"current_hp_per_floor":[68,57,57,39,39,39,32,0,0],"gold":143,"neow_bonus":"THREE_ENEMY_KILL","is_daily":false,"chose_seed":false,"campfire_upgraded":0,"win_rate":0.0,"timestamp":1611092712,"path_taken":["M","?","$","?","M","E","M","E"],"items_purchased_type":["Relic"],"build_version":"2020-12-22","purchased_purges":0,"victory":false,"max_hp_per_floor":[75,75,75,75,75,75,75,75,75],"relic_stats":{"counters":[5,13],"Golden Idol":18,"MawBank":24,"obtain_stats":[{"NeowsBlessing":0,"Golden Idol":4,"Cracked Core":0,"MawBank":6,"ClockworkSouvenir":3},{"NeowsBlessing":0,"Golden Idol":1,"Cracked Core":0,"MawBank":3,"ClockworkSouvenir":1},{"NeowsBlessing":0,"Golden Idol":1,"Cracked Core":0,"MawBank":3,"ClockworkSouvenir":1}]},"card_choices":[{"not_picked":["Redo","Ball Lightning"],"picked":"Tempest","floor":1},{"not_picked":["Redo","Rebound"],"picked":"Barrage","floor":5},{"not_picked":["Barrage","Leap"],"picked":"Rip and Tear","floor":6},{"not_picked":["Reprogram","Go for the Eyes"],"picked":"Turbo","floor":7}],"player_experience":984311,"relics_obtained":[{"floor":6,"key":"MawBank"}],"event_choices":[{"damage_healed":0,"gold_gain":75,"player_choice":"Gather Gold","damage_taken":11,"max_hp_gain":0,"max_hp_loss":0,"event_name":"World of Goop","floor":2,"gold_loss":0},{"damage_healed":0,"gold_gain":0,"player_choice":"Take Damage","damage_taken":18,"relics_obtained":["Golden Idol"],"max_hp_gain":0,"max_hp_loss":0,"event_name":"Golden Idol","floor":4,"gold_loss":0}],"is_beta":false,"boss_relics":[],"items_purged_floors":[],"is_endless":false,"potions_floor_spawned":[5],"killed_by":"Lagavulin","ascension_level":9}}