{"host":"dwyzfvnzfcqffr30","time":1611074439,"event":{"mods":["2.2 Compatiblity","Act Like it!","Aspiration","BaseMod","Beaked The Cultist","Better Altar","Better Match","Better Note","Better Sensory Stone","Better Skull","Better Third Choice","Clockwork Mod","Colored Map","Colored Powertips","Conspire","Elementarium","GifTheSpireLib","Halation","Hermit","Hubris","Infinite Spire","Ironclad Rager","Jedi Mod","Menagerie","Mimic Mod","Minty Spire (QoL Compilation)","Permanent Neow","Random Character Button","Replay The Spire","Spicy Shops","Spikes Relics","StSLib","Stuff the Spire","The Construct","The Disciple","The Druid","The Marked","TheFirefly","Trackpad","Wandering Minibosses","vexMod"],"gold_per_floor":[118,144,144,166,83,98,98,117,117,127,40,40,50,67,67,107,107,119,128,128,138,138,157,157,157,157,167,178,21,33,33,33,33,33],"floor_reached":33,"language":"ENG","playtime":2111,"items_purged":[],"score":555,"play_id":"4e9dbd1d-9d97-484b-8b66-7a6388878447","local_time":"20210119084039","is_ascension_mode":true,"campfire_choices":[{"floor":12,"key":"REST"},{"floor":15,"key":"RECALL"},{"data":"Metallicize+1","floor":25,"key":"SMITH"},{"data":"ReplayTheSpireMod:Corrosion Curse+1","floor":32,"key":"SMITH"}],"circlet_count":0,"master_deck":["AscendersBane","Strike_R+1","Strike_R+1","Strike_R+1","Strike_R+1","Strike_R+1","Defend_R+1","Defend_R+1","Defend_R+1","Defend_R+1","Bash+1","MasterReality+1","Apotheosis+1","Headbutt+1","Invigoration+1","ReplayTheSpireMod:Muscle Training+1","Disarm+1","Shrug It Off+1","Metallicize+2","ReplayTheSpireMod:LeadingStrike+1","ReplayTheSpireMod:Corrosion Curse+2","Immolate+1","Intimidate+1","BarbarianYell+1"],"relics":["Burning Blood","Bottled Tornado","conspire:InfiniteJournal","infinitespire:EvilPickle","Quantum Egg","Molten Egg 2","Toxic Egg 2","Frozen Egg 2","Menagerie:ShiftingBlessing","Menagerie:Aurumvore","trackpad:IceCube","StuffTheSpire:SapphireSignet","Bottled Lightning","BrokenLever","SlaversCollar","StuffTheSpire:RubySignet","hubris:BottledHeart","White Beast Statue","hubris:EmptyBottle","infinitespire:Beetle Shell"],"acts_visited":["Menagerie:Menagerie","TheCity"],"potions_floor_usage":[6,14,16,21,21,23,30,30,30,30,33,33],"damage_taken":[{"damage":3,"enemies":"Menagerie:2_RABBITS","floor":1,"turns":3},{"damage":0,"enemies":"Menagerie:WhisperingWraith","floor":2,"turns":4},{"damage":0,"enemies":"Menagerie:MonstrousExperiment","floor":4,"turns":5},{"damage":28,"enemies":"Menagerie:Hydra","floor":6,"turns":5},{"damage":60,"enemies":"Menagerie:MaskedSummoner","floor":8,"turns":6},{"damage":1,"enemies":"Menagerie:STYGIAN_BOAR_AND_RABBIT","floor":10,"turns":4},{"damage":1,"enemies":"Menagerie:Hexasnake","floor":13,"turns":3},{"damage":2,"enemies":"Menagerie:Hydra","floor":14,"turns":5},{"damage":6,"enemies":"Menagerie:AVATARS","floor":16,"turns":7},{"damage":3,"enemies":"Spheric Guardian","floor":18,"turns":6},{"damage":17,"enemies":"3 Byrds","floor":19,"turns":7},{"damage":20,"enemies":"Centurion and Healer","floor":21,"turns":6},{"damage":17,"enemies":"Slavers","floor":23,"turns":5},{"damage":0,"enemies":"Snake Plant","floor":27,"turns":4},{"damage":0,"enemies":"Shelled Parasite and Fungi","floor":28,"turns":4},{"damage":0,"enemies":"Gremlin Leader","floor":30,"turns":3},{"damage":8,"enemies":"conspire:MysteriousRune","floor":33,"turns":6}],"seed_played":"1598185670043869100","potions_obtained":[{"floor":1,"key":"Regen Potion"},{"floor":8,"key":"SteroidPotion"},{"floor":14,"key":"PowerPotion"},{"floor":19,"key":"jedi:StrikingPotion"},{"floor":21,"key":"SkillPotion"},{"floor":27,"key":"jedi:tentaclejuice"},{"floor":28,"key":"jedi:StrikingPotion"},{"floor":30,"key":"ColorlessPotion"}],"is_trial":false,"path_per_floor":["M","M","?","M","?","E","?","E","T","M","$","R","M","E","R_BF","B",null,"M","M","?","M","?","E","?","R","T","M","M","$","E","$","R","B"],"character_chosen":"IRONCLAD","items_purchased":["Shrug It Off+1","SkillPotion","hubris:EmptyBottle"],"campfire_rested":1,"item_purchase_floors":[11,11,29],"current_hp_per_floor":[71,75,63,69,69,59,63,9,9,14,14,36,41,45,45,51,69,74,63,52,42,42,31,1,1,1,1,1,1,1,1,1,0,0],"gold":33,"neow_bonus":"ONE_RANDOM_RARE_CARD","is_daily":false,"chose_seed":false,"campfire_upgraded":2,"win_rate":0.0,"timestamp":1611074439,"path_taken":["M","M","?","M","?","E","?","E","T","?","$","R","M","E","R_BF","BOSS","M","M","?","?","?","E","?","R","T","M","M","$","E","?","R","BOSS"],"items_purchased_type":["Card","Potion","Relic"],"build_version":"2020-12-22","purchased_purges":0,"victory":false,"max_hp_per_floor":[75,75,75,75,75,75,75,75,75,75,75,75,75,75,75,75,75,75,75,75,75,75,75,1,1,1,1,1,1,1,1,1,1,1],"card_choices":[{"not_picked":["Run Through+1","True Grit+1"],"picked":"Headbutt+1","floor":1},{"not_picked":["Flame Barrier+1","Shockwave+1"],"picked":"Invigoration+1","floor":2},{"not_picked":["Rage+1","Anger+1","Warcry+1"],"picked":"SKIP","floor":4},{"not_picked":["Wild Strike+1","Defy Death+1"],"picked":"ReplayTheSpireMod:Muscle Training+1","floor":6},{"not_picked":["Havoc+1","jedi:strikingstrike+1","Perfected Strike+1"],"picked":"SKIP","floor":8},{"not_picked":["Rupture+1","StuffTheSpire:Pyroclast+1"],"picked":"Disarm+1","floor":10},{"not_picked":["Body Slam+1","StuffTheSpire:Pyroclast+1"],"picked":"Metallicize+1","floor":13},{"not_picked":["StuffTheSpire:TitanForm+1","conspire:Charge+1","Blood for Blood+1"],"picked":"SKIP","floor":14},{"not_picked":["hubris:CleavingFinish+1","Second Wind+1","Iron Wave+1"],"picked":"SKIP","floor":18},{"not_picked":["Anger+1","Metallicize+1"],"picked":"ReplayTheSpireMod:LeadingStrike+1","floor":19},{"not_picked":["Uppercut+1","Armaments+1"],"picked":"ReplayTheSpireMod:Corrosion Curse+1","floor":21},{"not_picked":["jedi:collectorstrike+1","Blood for Blood+1"],"picked":"Immolate+1","floor":23},{"not_picked":["StuffTheSpire:Pyroclast+1","Entrench+1"],"picked":"Intimidate+1","floor":27},{"not_picked":["Twin Strike+1","Shrug It Off+1","Body Slam+1"],"picked":"SKIP","floor":28},{"not_picked":["True Grit+1","ReplayTheSpireMod:Muscle Training+1"],"picked":"BarbarianYell+1","floor":30}],"player_experience":2181947,"relics_obtained":[{"floor":6,"key":"trackpad:IceCube"},{"floor":8,"key":"StuffTheSpire:SapphireSignet"},{"floor":9,"key":"Bottled Lightning"},{"floor":14,"key":"BrokenLever"},{"floor":23,"key":"StuffTheSpire:RubySignet"},{"floor":26,"key":"White Beast Statue"},{"floor":30,"key":"infinitespire:Beetle Shell"}],"event_choices":[{"damage_healed":0,"gold_gain":0,"player_choice":"Simplicity","damage_taken":0,"max_hp_gain":0,"max_hp_loss":9,"event_name":"betterThird:BetterWriting","floor":0,"gold_loss":0},{"damage_healed":0,"gold_gain":0,"player_choice":"Touch","damage_taken":12,"relics_obtained":["Menagerie:ShiftingBlessing"],"max_hp_gain":0,"max_hp_loss":0,"event_name":"Menagerie:LunarGift","floor":3,"gold_loss":0},{"damage_healed":0,"gold_gain":0,"player_choice":"Pacify","damage_taken":0,"relics_obtained":["Menagerie:Aurumvore"],"max_hp_gain":0,"max_hp_loss":0,"event_name":"Menagerie:ScentOfGold","floor":5,"gold_loss":0},{"damage_healed":0,"gold_gain":0,"player_choice":"Damaged","damage_taken":11,"max_hp_gain":0,"max_hp_loss":0,"event_name":"Wheel of Change","floor":20,"gold_loss":0},{"cards_removed":["StuffTheSpire:TitanForm"],"damage_healed":0,"gold_gain":0,"player_choice":"Elegance","damage_taken":0,"max_hp_gain":0,"max_hp_loss":0,"event_name":"betterThird:BetterWriting","floor":22,"gold_loss":0}],"is_beta":false,"boss_relics":[{"not_picked":["hubris:BlackHole","halation:PlatinumPhoenix"],"picked":"SlaversCollar"}],"items_purged_floors":[],"is_endless":false,"potions_floor_spawned":[1,8,13,14,19,21,27,28,30],"killed_by":"conspire:MysteriousRune","ascension_level":15}}