{"host":"545ma68kbj6ggddn","time":1611021349,"event":{"mods":["BaseMod","Colored Powertips","Downfall","Minty Spire (QoL Compilation)","SIMod","StSLib"],"gold_per_floor":[99,115,127,127,142,142,193,3,3,30,46,65,65,85,96,197,197,197,217,232,94,111,123,123,143,168,168,183,183,202,55,74,74,74],"floor_reached":33,"language":"ENG","playtime":2368,"items_purged":["bronze:Strike","bronze:Strike"],"score":300,"play_id":"ffc7dcab-16c2-49c0-ae85-94dc6d34c058","local_time":"20210118195549","is_ascension_mode":false,"campfire_choices":[{"data":"bronze:Replicate","floor":1.0,"key":"SMITH"},{"data":"bronze:Goto","floor":6.0,"key":"SMITH"},{"data":"bronze:FollowUp","floor":9.0,"key":"SMITH"},{"data":"1","floor":13.0,"key":"LIFT"},{"data":"2","floor":18.0,"key":"LIFT"},{"data":"3","floor":29.0,"key":"LIFT"}],"circlet_count":0,"master_deck":["bronze:Strike","bronze:Defend","bronze:Defend","bronze:Defend","bronze:Defend","bronze:Replicate+1","bronze:Goto+1","bronze:FollowUp+1","bronze:WildBeam","bronze:WhirlingStrike","bronze:GetLatest","bronze:WhirlingStrike","bronze:Iterate","bronze:ChildClass","bronze:WhirlingStrike","bronze:Boost","bronze:Invalidate","bronze:AlphaBuild","bronze:SpaghettiCode","bronze:Iterate","bronze:Repair","bronze:Shell","bronze:WhirlingStrike","bronze:Virus"],"relics":["bronze:BronzeCore","Orichalcum","Girya","Busted Crown","Blue Candle","Omamori","Gambling Chip"],"acts_visited":["Exordium","TheCity"],"potions_floor_usage":[33],"damage_taken":[{"damage":6.0,"enemies":"Jaw Worm","floor":2.0,"turns":2.0},{"damage":4.0,"enemies":"Small Slimes","floor":3.0,"turns":3.0},{"damage":0.0,"enemies":"Cultist","floor":5.0,"turns":2.0},{"damage":2.0,"enemies":"downfall:FleeingMerchant","floor":8.0,"turns":4.0},{"damage":6.0,"enemies":"3 Sentries","floor":10.0,"turns":5.0},{"damage":7.0,"enemies":"Exordium Thugs","floor":11.0,"turns":3.0},{"damage":0.0,"enemies":"Large Slime","floor":12.0,"turns":2.0},{"damage":0.0,"enemies":"3 Louse","floor":14.0,"turns":2.0},{"damage":0.0,"enemies":"2 Fungi Beasts","floor":15.0,"turns":3.0},{"damage":6.0,"enemies":"SI_SHIV_ARCHETYPE","floor":16.0,"turns":5.0},{"damage":0.0,"enemies":"Spheric Guardian","floor":19.0,"turns":3.0},{"damage":0.0,"enemies":"3 Byrds","floor":20.0,"turns":3.0},{"damage":6.0,"enemies":"downfall:FleeingMerchant","floor":21.0,"turns":4.0},{"damage":5.0,"enemies":"Shelled Parasite and Fungi","floor":22.0,"turns":3.0},{"damage":15.0,"enemies":"Snecko","floor":23.0,"turns":5.0},{"damage":4.0,"enemies":"Chosen and Byrds","floor":25.0,"turns":3.0},{"damage":38.0,"enemies":"Book of Stabbing","floor":26.0,"turns":4.0},{"damage":11.0,"enemies":"Centurion and Healer","floor":28.0,"turns":4.0},{"damage":0.0,"enemies":"Snecko","floor":30.0,"turns":3.0},{"damage":7.0,"enemies":"downfall:FleeingMerchant","floor":31.0,"turns":4.0},{"damage":0.0,"enemies":"Cultist and Chosen","floor":32.0,"turns":2.0},{"damage":10,"enemies":"DF_ARCHETYPE_CLAW","floor":33,"turns":1}],"seed_played":"7944129556061183536","potions_obtained":[{"floor":10.0,"key":"EssenceOfSteel"},{"floor":11.0,"key":"Weak Potion"},{"floor":12.0,"key":"DuplicationPotion"},{"floor":15.0,"key":"BlessingOfTheForge"},{"floor":16.0,"key":"PowerPotion"},{"floor":22.0,"key":"Block Potion"},{"floor":23.0,"key":"Ancient Potion"},{"floor":32,"key":"Dexterity Potion"}],"is_trial":false,"path_per_floor":["R","M","M","?","M","R","T","$","R","E","M","M","R","M","M","B",null,"R","M","M","$","M","M","T","M","E","?","M","R","M","$","M","B"],"character_chosen":"THE_AUTOMATON","items_purchased":["bronze:WhirlingStrike","bronze:Iterate","bronze:Iterate","bronze:Repair","bronze:Virus","Gambling Chip"],"campfire_rested":0,"item_purchase_floors":[8,8,21,21,31,31],"current_hp_per_floor":[77,71,67,72,72,72,72,70,70,64,57,57,57,57,57,51,82,82,82,82,76,78,63,63,59,21,21,10,10,10,10,10,0,0],"gold":74,"neow_bonus":"TEN_PERCENT_HP_BONUS","is_daily":false,"chose_seed":false,"campfire_upgraded":3,"win_rate":0.0,"timestamp":1611021349,"path_taken":["R","M","M","?","M","R","T","$","R","E","M","M","R","M","M","BOSS","R","M","M","$","M","M","T","M","E","?","M","R","M","$","M","BOSS"],"items_purchased_type":["Card","Card","Card","Card","Card","Relic"],"build_version":"2020-12-22","purchased_purges":2,"victory":false,"max_hp_per_floor":[77,77,77,82,82,82,82,82,82,82,82,82,82,82,82,82,82,82,82,82,82,82,82,82,82,82,82,82,82,82,82,82,82,82],"card_choices":[{"not_picked":["bronze:BugBarrage","bronze:DelayedGuard"],"picked":"bronze:FollowUp","floor":2.0},{"not_picked":["bronze:BitShift","bronze:Overheat"],"picked":"bronze:WildBeam","floor":3.0},{"not_picked":["bronze:BuggyMess","bronze:BugBarrage"],"picked":"bronze:WhirlingStrike","floor":5.0},{"not_picked":["bronze:Invalidate","bronze:ForLoop"],"picked":"bronze:GetLatest","floor":8.0},{"not_picked":["bronze:ItsAFeature","bronze:BitShift"],"picked":"bronze:ChildClass","floor":10.0},{"not_picked":["bronze:BitShift","bronze:Frontload"],"picked":"bronze:WhirlingStrike","floor":11.0},{"not_picked":["bronze:NullPointer","bronze:Fortify"],"picked":"bronze:Boost","floor":12.0},{"not_picked":["bronze:BronzeOrb","bronze:DigitalCarnage"],"picked":"bronze:Invalidate","floor":14.0},{"not_picked":["bronze:BugBarrage","bronze:OilSpill"],"picked":"bronze:AlphaBuild","floor":15.0},{"not_picked":["bronze:HyperBeam","bronze:FindAndReplace"],"picked":"bronze:SpaghettiCode","floor":16.0},{"not_picked":["bronze:WhirlingStrike"],"picked":"SKIP","floor":19.0},{"not_picked":["bronze:BugBarrage"],"picked":"SKIP","floor":20.0},{"not_picked":["bronze:DigitalCarnage+1"],"picked":"SKIP","floor":21.0},{"not_picked":[],"picked":"bronze:Shell","floor":22.0},{"not_picked":["bronze:Branch"],"picked":"SKIP","floor":23.0},{"not_picked":["bronze:OilSpill"],"picked":"SKIP","floor":25.0},{"not_picked":["bronze:BugBarrage"],"picked":"SKIP","floor":26.0},{"not_picked":["bronze:Shield"],"picked":"SKIP","floor":28.0},{"not_picked":["bronze:FollowUp"],"picked":"SKIP","floor":30.0},{"not_picked":[],"picked":"bronze:WhirlingStrike","floor":31.0},{"not_picked":["bronze:BugBarrage"],"picked":"SKIP","floor":32}],"player_experience":208773,"relics_obtained":[{"floor":7.0,"key":"Orichalcum"},{"floor":10.0,"key":"Girya"},{"floor":24.0,"key":"Blue Candle"},{"floor":26.0,"key":"Omamori"}],"event_choices":[{"damage_healed":0.0,"max_hp_gain":5.0,"max_hp_loss":0.0,"gold_gain":0.0,"event_name":"Big Fish","player_choice":"Donut","floor":4.0,"gold_loss":0.0,"damage_taken":0.0}],"is_beta":false,"boss_relics":[{"not_picked":["Astrolabe","Empty Cage"],"picked":"Busted Crown"}],"items_purged_floors":[8,31],"is_endless":false,"potions_floor_spawned":[10,11,12,15,16,22,23,25,32],"killed_by":"DF_ARCHETYPE_CLAW","ascension_level":0}}