{"host":"idjwbq71yrpkph1r","time":1611097545,"event":{"mods":["Alarm Clock","BaseMod","Better Third Choice","Block Reminder","Colored Map","Colored Powertips","Conspire","Hubris","Mimic Mod","Minty Spire (QoL Compilation)","Rare Cards Sparkle","StSLib","The Blue Laboratory","Waifu the Spire","everything is the same but u backflip on backflip"],"gold_per_floor":[115,115,115,128,23,23,57,70,103,116,151,38,51,81,81,186,186,196,121,145,156,25,54,54,65,91,105,105,105,138,138,138],"floor_reached":31,"language":"ENG","playtime":2310,"items_purged":["Strike_B","Doubt"],"score":333,"play_id":"ff9fe8fd-93ab-46d7-810d-b6dbfc59fe09","local_time":"20210120000545","is_ascension_mode":false,"campfire_choices":[{"data":"conspire:Banana","floor":6,"key":"SMITH"},{"floor":15,"key":"REST"},{"floor":24,"key":"REST"}],"circlet_count":0,"master_deck":["Strike_B","Strike_B","Defend_B","Defend_B","Defend_B","Defend_B","Zap","Dualcast","Fusion","BootSequence","conspire:Banana+1","Cold Snap","BootSequence","Barrage","Barrage","Rebound","Loop","Barrage","Rainbow","Ball Lightning","Darkness","hubris:PowerSurge","Redo","Chill","Auto Shields","Conserve Battery+1"],"relics":["Cracked Core","Potion Belt","CultistMask","Tiny Chest","Regal Pillow","Pear","hubris:DeckOfHolding","Cursed Key","Smiling Mask","hubris:MedicalManual","Pen Nib","Blue Candle"],"acts_visited":["Exordium","TheCity"],"potions_floor_usage":[16,16,30,31,31,31],"damage_taken":[{"damage":11,"enemies":"Jaw Worm","floor":1,"turns":3},{"damage":1,"enemies":"2 Louse","floor":4,"turns":3},{"damage":15,"enemies":"3 Sentries","floor":7,"turns":9},{"damage":0,"enemies":"Cultist","floor":8,"turns":4},{"damage":0,"enemies":"Red Slaver","floor":9,"turns":7},{"damage":1,"enemies":"Red Slaver","floor":10,"turns":3},{"damage":14,"enemies":"conspire:MimicChest","floor":11,"turns":6},{"damage":10,"enemies":"Large Slime","floor":13,"turns":7},{"damage":19,"enemies":"Lagavulin","floor":14,"turns":6},{"damage":66,"enemies":"Slime Boss","floor":16,"turns":15},{"damage":25,"enemies":"Shell Parasite","floor":18,"turns":4},{"damage":31,"enemies":"Spheric Guardian","floor":21,"turns":6},{"damage":38,"enemies":"Book of Stabbing","floor":23,"turns":6},{"damage":0,"enemies":"Chosen and Byrds","floor":25,"turns":4},{"damage":20,"enemies":"Snake Plant","floor":27,"turns":5},{"damage":42,"enemies":"Gremlin Leader","floor":30,"turns":9},{"damage":10,"enemies":"Sentry and Sphere","floor":31,"turns":2}],"seed_played":"6763176099046069794","potions_obtained":[{"floor":1,"key":"blueLaboratory:RelayPotion"},{"floor":4,"key":"blueLaboratory:BubblePotion"},{"floor":10,"key":"blueLaboratory:BiasPotion"},{"floor":13,"key":"SteroidPotion"},{"floor":16,"key":"blueLaboratory:CreativityPotion"},{"floor":18,"key":"blueLaboratory:Moonshine"},{"floor":27,"key":"Energy Potion"},{"floor":30,"key":"blueLaboratory:FruitPunch"}],"is_trial":false,"path_per_floor":["M","?","?","M","$","R","E","M","MIM","M","?","$","M","E","R","B",null,"M","?","T","M","$","E","R","M","T","M","?","?","E","M"],"character_chosen":"DEFECT","items_purchased":["conspire:Banana","Cold Snap","Loop","hubris:PowerSurge","Redo"],"campfire_rested":2,"item_purchase_floors":[5,5,12,22,22],"current_hp_per_floor":[64,64,64,63,63,63,50,52,54,55,53,53,45,28,72,8,101,78,78,78,49,49,13,60,60,60,42,42,42,2,0,0],"gold":138,"neow_bonus":"RANDOM_COMMON_RELIC","is_daily":false,"chose_seed":false,"campfire_upgraded":1,"win_rate":0.0,"timestamp":1611097545,"path_taken":["M","?","?","?","?","R","E","M","MIM","M","?","$","?","E","R","BOSS","M","?","?","M","$","E","R","M","T","M","?","?","E","M"],"items_purchased_type":["Card","Card","Card","Card","Card"],"build_version":"2020-12-22","purchased_purges":2,"victory":false,"max_hp_per_floor":[75,75,75,75,75,75,77,79,81,83,95,95,97,99,99,101,101,103,103,103,105,105,107,107,107,107,109,109,109,111,113,113],"card_choices":[{"not_picked":["Turbo","Heatsinks"],"picked":"Fusion","floor":1},{"not_picked":["Stack","Cold Snap"],"picked":"BootSequence","floor":4},{"not_picked":["Turbo","Cold Snap"],"picked":"BootSequence","floor":7},{"not_picked":["Fission","Turbo"],"picked":"Barrage","floor":8},{"not_picked":["Hologram","Streamline"],"picked":"Barrage","floor":9},{"not_picked":["Storm","hubris:Ukulele"],"picked":"Barrage","floor":10},{"not_picked":["Undo","Reprogram"],"picked":"Rebound","floor":11},{"not_picked":["Cold Snap","Coolheaded"],"picked":"Barrage","floor":13},{"not_picked":["Rebound","Redo","Compile Driver"],"picked":"SKIP","floor":14},{"not_picked":["Fission","Machine Learning"],"picked":"Rainbow","floor":16},{"not_picked":["Streamline","Gash"],"picked":"Ball Lightning","floor":18},{"not_picked":["Turbo","Streamline"],"picked":"Darkness","floor":21},{"not_picked":["Go for the Eyes","Beam Cell+1"],"picked":"Chill","floor":23},{"not_picked":["Barrage","Turbo"],"picked":"Auto Shields","floor":25},{"not_picked":["Streamline","Steam"],"picked":"Conserve Battery+1","floor":27},{"not_picked":["Hologram","Stack","Hyperbeam"],"picked":"SKIP","floor":30}],"player_experience":230847,"relics_obtained":[{"floor":7,"key":"Tiny Chest"},{"floor":9,"key":"Regal Pillow"},{"floor":11,"key":"Pear"},{"floor":14,"key":"hubris:DeckOfHolding"},{"floor":20,"key":"Smiling Mask"},{"floor":23,"key":"hubris:MedicalManual"},{"floor":30,"key":"Blue Candle"}],"event_choices":[{"damage_healed":0,"gold_gain":0,"player_choice":"Leave","damage_taken":0,"max_hp_gain":0,"max_hp_loss":0,"event_name":"conspire:Investor","floor":2,"gold_loss":0},{"damage_healed":0,"gold_gain":0,"player_choice":"Trade","damage_taken":0,"relics_obtained":["CultistMask"],"max_hp_gain":0,"max_hp_loss":0,"event_name":"FaceTrader","floor":3,"gold_loss":0},{"cards_removed":["Strike_B"],"damage_healed":0,"gold_gain":0,"player_choice":"Gave Gold","damage_taken":0,"max_hp_gain":0,"max_hp_loss":0,"event_name":"Beggar","floor":19,"gold_loss":75},{"cards_removed":["Writhe"],"damage_healed":0,"gold_gain":0,"player_choice":"Elegance","damage_taken":0,"max_hp_gain":0,"max_hp_loss":0,"event_name":"betterThird:BetterWriting","floor":28,"gold_loss":0},{"cards_removed":["Barrage"],"damage_healed":0,"gold_gain":0,"player_choice":"Gave Card","damage_taken":0,"relics_obtained":["Pen Nib"],"max_hp_gain":0,"max_hp_loss":0,"event_name":"WeMeetAgain","floor":29,"gold_loss":0}],"is_beta":false,"boss_relics":[{"not_picked":["Coffee Dripper","Fusion Hammer"],"picked":"Cursed Key"}],"items_purged_floors":[12,22],"is_endless":false,"potions_floor_spawned":[1,4,10,13,16,18,27,30],"killed_by":"Sentry and Sphere","ascension_level":0}}