{"host":"o5or1zybx7au40zl","time":1611090142,"event":{"mods":["Act Like it!","Aspiration","BaseMod","Better Third Choice","Conspire","Dota2Spire","GungeonMod","Halation","Hubris","Infinite Spire","Minty Spire (QoL Compilation)","Replay The Spire","Robot Space Explorer","StSLib","The Jungle","Yuri Mod","vexMod"],"gold_per_floor":[113,154,164,164,175,205,224,241,293,293,293,313,326,343,343,440,440,450,57,57,57,57,57,86,86,110,123,123,137,148,160,160,262,262,280,296,308,9,9,9,44,44,71,71,83,95,124,124,124,124,124],"floor_reached":50,"language":"ENG","playtime":1769,"items_purged":["RobotSpaceExplorer:Strike"],"score":576,"play_id":"4086b239-0c00-4d23-8690-a546690b9ed8","local_time":"20210119220222","is_ascension_mode":false,"campfire_choices":[{"floor":11.0,"key":"REST"},{"floor":15.0,"key":"REST"},{"floor":23.0,"key":"REST"},{"floor":25.0,"key":"REST"},{"floor":32.0,"key":"REST"},{"floor":40,"key":"REST"},{"floor":42,"key":"REST"},{"floor":44,"key":"REST"},{"floor":49,"key":"REST"}],"circlet_count":0,"master_deck":["RobotSpaceExplorer:Strike","RobotSpaceExplorer:Defend","RobotSpaceExplorer:Defend","RobotSpaceExplorer:Defend","RobotSpaceExplorer:Defend","RobotSpaceExplorer:Scan","RobotSpaceExplorer:MiniLasers","RobotSpaceExplorer:MetalStrike","RobotSpaceExplorer:Reload","RobotSpaceExplorer:PowerGlove","RobotSpaceExplorer:MakeshiftVolley","RobotSpaceExplorer:ToxicBomb","RobotSpaceExplorer:DoubleFind","RobotSpaceExplorer:HighVoltage","RobotSpaceExplorer:Electropulse","RobotSpaceExplorer:GearShield","RobotSpaceExplorer:Blaster","RobotSpaceExplorer:FrostMissile","RobotSpaceExplorer:StunGrenade","Necronomicurse","RobotSpaceExplorer:PlasmaMissile+1","RobotSpaceExplorer:SlimeMissile+1","Heavy Blade","RobotSpaceExplorer:GearShield+1","RobotSpaceExplorer:Discharger","RobotSpaceExplorer:Autoloader","RobotSpaceExplorer:FrostMissile+1","RobotSpaceExplorer:MiniDrones+1","RobotSpaceExplorer:Discharger","RobotSpaceExplorer:Multitool","RobotSpaceExplorer:DoubleFind+1","RobotSpaceExplorer:ScrapToss+1","Parasite","RobotSpaceExplorer:TurboDodge+1","RobotSpaceExplorer:SurgingStrike+1"],"relics":["RobotSpaceExplorer:RoboCore","infinitespire:WardingShard","Bronze Scales","DemoMod:RiddleOfLead","RobotSpaceExplorer:FoglandsKnife","halation:Komachan","Dream Catcher","betterThird:NestCultRelic","Necronomicon","DemoMod:SerJunkan","DemoMod:Junk","hubris:Backtick","hubris:Metronome","Dota2Spire:ShivaGuard","aspiration:Lifesprig","DemoMod:MemoryAlloy"],"acts_visited":["Exordium","TheCity","TheBeyond"],"potions_floor_usage":[37,50],"damage_taken":[{"damage":3.0,"enemies":"Cultist","floor":1.0,"turns":4.0},{"damage":41.0,"enemies":"conspire:MimicChest","floor":2.0,"turns":8.0},{"damage":0.0,"enemies":"2 Louse","floor":3.0,"turns":3.0},{"damage":1.0,"enemies":"conspire:RoseBush","floor":5.0,"turns":2.0},{"damage":24.0,"enemies":"3 Sentries","floor":6.0,"turns":7.0},{"damage":0.0,"enemies":"3 Louse","floor":7.0,"turns":2.0},{"damage":4.0,"enemies":"2 Fungi Beasts","floor":8.0,"turns":3.0},{"damage":2.0,"enemies":"Large Slime","floor":12.0,"turns":4.0},{"damage":2.0,"enemies":"Looter","floor":13.0,"turns":2.0},{"damage":11.0,"enemies":"conspire:2 RoseBushes","floor":14.0,"turns":2.0},{"damage":45.0,"enemies":"Fading Forest","floor":16.0,"turns":11.0},{"damage":10.0,"enemies":"Chosen","floor":18.0,"turns":3.0},{"damage":30.0,"enemies":"conspire:SneckoGhost","floor":24.0,"turns":5.0},{"damage":3.0,"enemies":"Spheric Guardian","floor":27.0,"turns":3.0},{"damage":27.0,"enemies":"Shelled Parasite and Fungi","floor":29.0,"turns":3.0},{"damage":10.0,"enemies":"Snecko","floor":30.0,"turns":3.0},{"damage":18.0,"enemies":"Sentry and Sphere","floor":31.0,"turns":3.0},{"damage":38.0,"enemies":"hubris:MusketHawk","floor":33.0,"turns":7.0},{"damage":38,"enemies":"3 Shapes","floor":35,"turns":4},{"damage":20,"enemies":"Orb Walker","floor":36,"turns":4},{"damage":23,"enemies":"Transient","floor":37,"turns":5},{"damage":24,"enemies":"Nemesis","floor":41,"turns":6},{"damage":19,"enemies":"Spire Growth","floor":45,"turns":4},{"damage":31,"enemies":"Writhing Mass","floor":46,"turns":7},{"damage":6,"enemies":"R_Hoarder","floor":47,"turns":7},{"damage":42,"enemies":"hubris:GrandSnecko","floor":50,"turns":4}],"seed_played":"-899140710665287951","potions_obtained":[{"floor":3.0,"key":"SkillPotion"},{"floor":7.0,"key":"LiquidBronze"},{"floor":8.0,"key":"Toxic Potion"},{"floor":16.0,"key":"SkillPotion"},{"floor":24.0,"key":"Toxic Potion"},{"floor":27.0,"key":"DemoMod:LeadSkinPotion"},{"floor":36,"key":"Explosive Potion"},{"floor":37,"key":"Elixir"},{"floor":45,"key":"Venom Potion"}],"is_trial":false,"path_per_floor":["M","?","M","?","M","E","M","M","T","?","R","M","M","M","R","B",null,"M","$","?","?","?","R","E","R","T","M","?","M","M","M","R","B",null,"M","M","M","$","?","R","E","R","T","R","M","M","E","?","R","B"],"character_chosen":"RobotSpaceExplorer","items_purchased":["RobotSpaceExplorer:FoglandsKnife","halation:Komachan","RobotSpaceExplorer:StunGrenade","Dota2Spire:ShivaGuard"],"campfire_rested":9,"item_purchase_floors":[19,19,19,38],"current_hp_per_floor":[79,38,38,38,37,13,13,9,9,9,33,31,29,18,42,7,92,82,82,82,82,66,92,62,89,89,86,86,59,49,31,58,20,92,54,34,11,11,11,38,14,41,41,68,49,18,12,12,39,0,0],"gold":124,"neow_bonus":"TEN_PERCENT_HP_BONUS","is_daily":false,"chose_seed":false,"campfire_upgraded":0,"win_rate":0.0,"timestamp":1611090142,"path_taken":["M","?","M","?","M","E","M","M","T","?","R","M","M","M","R","BOSS","M","$","?","?","?","R","E","R","T","M","?","?","M","M","R","BOSS","M","M","M","$","?","R","E","R","T","R","M","?","E","?","R","BOSS"],"items_purchased_type":["Relic","Relic","Card","Relic"],"build_version":"2020-12-22","purchased_purges":1,"victory":false,"max_hp_per_floor":[82,82,82,82,82,82,82,82,82,82,82,82,82,82,82,82,92,92,92,92,92,92,92,92,92,92,92,92,92,92,92,92,92,92,92,92,92,92,92,92,92,92,92,92,92,92,92,92,92,92,92],"card_choices":[{"not_picked":["RobotSpaceExplorer:GlueShot","RobotSpaceExplorer:TurboDodge"],"picked":"RobotSpaceExplorer:MetalStrike","floor":1.0},{"not_picked":["RobotSpaceExplorer:Pulsar","RobotSpaceExplorer:ShovelStrike"],"picked":"RobotSpaceExplorer:Reload","floor":2.0},{"not_picked":["RobotSpaceExplorer:MiniDrones","RobotSpaceExplorer:ImprovisedAttack"],"picked":"RobotSpaceExplorer:PowerGlove","floor":3.0},{"not_picked":["RobotSpaceExplorer:Discharger","RobotSpaceExplorer:ImprovisedAttack"],"picked":"RobotSpaceExplorer:MakeshiftVolley","floor":5.0},{"not_picked":["RobotSpaceExplorer:SurgingShield","RobotSpaceExplorer:TurboDodge"],"picked":"RobotSpaceExplorer:ToxicBomb","floor":6.0},{"not_picked":["RobotSpaceExplorer:Reload","RobotSpaceExplorer:MetalStrike"],"picked":"RobotSpaceExplorer:DoubleFind","floor":7.0},{"not_picked":["RobotSpaceExplorer:ShockKick","RobotSpaceExplorer:ScrapMissile"],"picked":"RobotSpaceExplorer:HighVoltage","floor":8.0},{"not_picked":["RobotSpaceExplorer:DoubleFind","RobotSpaceExplorer:DoubleBlock"],"picked":"RobotSpaceExplorer:Electropulse","floor":12.0},{"not_picked":["RobotSpaceExplorer:Reload","RobotSpaceExplorer:GlueShot"],"picked":"RobotSpaceExplorer:GearShield","floor":13.0},{"not_picked":["RobotSpaceExplorer:GlueShot","RobotSpaceExplorer:FreezeRay","RobotSpaceExplorer:Pulsar"],"picked":"SKIP","floor":14.0},{"not_picked":["RobotSpaceExplorer:Comet","RobotSpaceExplorer:Explosion"],"picked":"RobotSpaceExplorer:Blaster","floor":16.0},{"not_picked":["RobotSpaceExplorer:ImprovisedAttack","RobotSpaceExplorer:Counterblock"],"picked":"RobotSpaceExplorer:FrostMissile","floor":18.0},{"not_picked":["RobotSpaceExplorer:JunkDive","RobotSpaceExplorer:ShockKick"],"picked":"RobotSpaceExplorer:PlasmaMissile+1","floor":23.0},{"not_picked":["RobotSpaceExplorer:GlueSpray","RobotSpaceExplorer:GlueShot","RobotSpaceExplorer:DoubleFind"],"picked":"SKIP","floor":24.0},{"not_picked":["RobotSpaceExplorer:ImprovisedAttack","RobotSpaceExplorer:DualCore"],"picked":"RobotSpaceExplorer:SlimeMissile+1","floor":27.0},{"not_picked":["RobotSpaceExplorer:Electroshield","RobotSpaceExplorer:Probe","RobotSpaceExplorer:ShovelStrike"],"picked":"SKIP","floor":29.0},{"not_picked":["RobotSpaceExplorer:ImprovisedAttack","RobotSpaceExplorer:FreezingShield"],"picked":"RobotSpaceExplorer:GearShield+1","floor":30.0},{"not_picked":["RobotSpaceExplorer:Blitz","RobotSpaceExplorer:Pulsar"],"picked":"RobotSpaceExplorer:Discharger","floor":31.0},{"not_picked":["RobotSpaceExplorer:ShockMissile","RobotSpaceExplorer:Wormhole"],"picked":"RobotSpaceExplorer:Autoloader","floor":33.0},{"not_picked":["RobotSpaceExplorer:SwiftStep+1","RobotSpaceExplorer:DualCore+1"],"picked":"RobotSpaceExplorer:FrostMissile+1","floor":35},{"not_picked":["RobotSpaceExplorer:FranticSearch","RobotSpaceExplorer:MiniBoosters","RobotSpaceExplorer:SurgingShield"],"picked":"SKIP","floor":36},{"not_picked":["RobotSpaceExplorer:FrostMissile+1","RobotSpaceExplorer:Ammunition"],"picked":"RobotSpaceExplorer:MiniDrones+1","floor":37},{"not_picked":["RobotSpaceExplorer:Smokescreen+1","RobotSpaceExplorer:Probe+1"],"picked":"RobotSpaceExplorer:Multitool","floor":40},{"not_picked":["RobotSpaceExplorer:ScrapToss+1","RobotSpaceExplorer:PowerCollector"],"picked":"RobotSpaceExplorer:DoubleFind+1","floor":41},{"not_picked":["RobotSpaceExplorer:MakeshiftVolley","RobotSpaceExplorer:SwiftStep"],"picked":"RobotSpaceExplorer:ScrapToss+1","floor":45},{"not_picked":["RobotSpaceExplorer:SwiftStep+1","RobotSpaceExplorer:GlueShot+1"],"picked":"RobotSpaceExplorer:TurboDodge+1","floor":46},{"not_picked":["RobotSpaceExplorer:Pulsar+1","RobotSpaceExplorer:Electropulse+1"],"picked":"RobotSpaceExplorer:SurgingStrike+1","floor":47}],"player_experience":980575,"relics_obtained":[{"floor":2.0,"key":"infinitespire:WardingShard"},{"floor":6.0,"key":"Bronze Scales"},{"floor":22.0,"key":"Necronomicon"},{"floor":24.0,"key":"DemoMod:SerJunkan"},{"floor":26.0,"key":"DemoMod:Junk"},{"floor":41,"key":"aspiration:Lifesprig"},{"floor":43,"key":"DemoMod:Junk"},{"floor":47,"key":"DemoMod:MemoryAlloy"}],"event_choices":[{"damage_healed":0.0,"max_hp_gain":0.0,"max_hp_loss":0.0,"gold_gain":0.0,"event_name":"conspire:Investor","player_choice":"Leave","floor":4.0,"gold_loss":0.0,"damage_taken":0.0},{"damage_healed":0.0,"max_hp_gain":0.0,"max_hp_loss":0.0,"gold_gain":0.0,"event_name":"betterThird:BetterNest","player_choice":"Madness","floor":21.0,"gold_loss":0.0,"damage_taken":0.0,"relics_obtained":["betterThird:NestCultRelic"]},{"damage_healed":0.0,"max_hp_gain":0.0,"max_hp_loss":0.0,"gold_gain":0.0,"event_name":"Cursed Tome","player_choice":"Obtained Book","floor":22.0,"gold_loss":0.0,"damage_taken":16.0},{"damage_healed":0.0,"max_hp_gain":0.0,"max_hp_loss":0.0,"gold_gain":0.0,"event_name":"The Library","player_choice":"Read","floor":28.0,"gold_loss":0.0,"damage_taken":0.0,"cards_obtained":["Heavy Blade"]},{"damage_healed":0,"gold_gain":0,"cards_transformed":["RobotSpaceExplorer:Strike"],"player_choice":"Transformed","damage_taken":0,"max_hp_gain":0,"max_hp_loss":0,"event_name":"Transmorgrifier","floor":39,"gold_loss":0,"cards_obtained":["RobotSpaceExplorer:Discharger"]},{"damage_healed":0,"gold_gain":0,"player_choice":"Ignored","damage_taken":0,"max_hp_gain":0,"max_hp_loss":0,"event_name":"The Moai Head","floor":48,"gold_loss":0}],"is_beta":false,"boss_relics":[{"not_picked":["hubris:GrandSneckoEye","Dota2Spire:Bloodstone"],"picked":"DemoMod:RiddleOfLead"},{"not_picked":["aspiration:FutureDiary","ReplayTheSpireMod:SealedPack"],"picked":"hubris:Backtick"}],"items_purged_floors":[19],"is_endless":false,"potions_floor_spawned":[3,7,8,13,16,24,27,31,36,37,45],"killed_by":"hubris:GrandSnecko","ascension_level":0}}