{"host":"qxeepl7ydvsgmfdb","time":1611044457,"event":{"mods":["AchievementEnabler","BaseMod","Colored Powertips","Minty Spire (QoL Compilation)","Quick Restart","slay the spire mod where everything is the same but ironclad has a cowboy hat"],"gold_per_floor":[111,76,76,91,18,18,48,48,48,60,88,99,112,72,72,169,219,233,222,242,242,20,20,49,49,75,75,75],"floor_reached":27,"language":"ENG","playtime":1051,"items_purged":["Pain"],"score":318,"play_id":"e0b115fa-dd4a-497b-b46b-11361ce35d8d","local_time":"20210119032057","is_ascension_mode":true,"campfire_choices":[{"data":"White Noise","floor":6,"key":"SMITH"},{"floor":15,"key":"REST"},{"floor":23,"key":"REST"},{"floor":25,"key":"REST"}],"circlet_count":0,"master_deck":["Strike_B","Strike_B+1","Strike_B","Strike_B","Defend_B","Defend_B","Defend_B","Defend_B","Zap","Dualcast","Defragment","White Noise+1","Redo","Defragment","Capacitor","Ball Lightning","Sweeping Beam","BootSequence","Chill","Fusion","Cold Snap"],"relics":["Cracked Core","NeowsBlessing","Strawberry","Question Card","WarpedTongs","Bronze Scales","Boot","Tiny House","PreservedInsect","Centennial Puzzle","Orichalcum"],"acts_visited":["Exordium","TheCity"],"potions_floor_usage":[11,12,16,16,20,20,24],"damage_taken":[{"damage":0,"enemies":"Jaw Worm","floor":1,"turns":1},{"damage":0,"enemies":"Small Slimes","floor":4,"turns":1},{"damage":0,"enemies":"Gremlin Nob","floor":7,"turns":1},{"damage":4,"enemies":"Cultist","floor":10,"turns":3},{"damage":28,"enemies":"Lagavulin","floor":11,"turns":6},{"damage":0,"enemies":"Lots of Slimes","floor":12,"turns":1},{"damage":11,"enemies":"3 Louse","floor":13,"turns":2},{"damage":60,"enemies":"The Guardian","floor":16,"turns":8},{"damage":6,"enemies":"3 Byrds","floor":18,"turns":2},{"damage":22,"enemies":"2 Thieves","floor":19,"turns":4},{"damage":50,"enemies":"Snecko","floor":20,"turns":7},{"damage":13,"enemies":"Book of Stabbing","floor":24,"turns":3},{"damage":10,"enemies":"Colosseum Slavers","floor":27,"turns":3},{"damage":45,"enemies":"Colosseum Nobs","floor":27,"turns":4}],"seed_played":"-6925513731440527527","potions_obtained":[{"floor":4,"key":"Explosive Potion"},{"floor":10,"key":"Fire Potion"},{"floor":11,"key":"Fruit Juice"},{"floor":13,"key":"PowerPotion"},{"floor":14,"key":"PowerPotion"},{"floor":17,"key":"SkillPotion"},{"floor":18,"key":"FocusPotion"},{"floor":24,"key":"FearPotion"}],"is_trial":false,"path_per_floor":["M","$","?","M","$","R","E","?","T","M","E","M","M","?","R","B",null,"M","M","M","?","$","R","E","R","T","?"],"character_chosen":"DEFECT","items_purchased":["White Noise","Defragment","PreservedInsect"],"campfire_rested":3,"item_purchase_floors":[2,5,22],"current_hp_per_floor":[75,75,79,79,79,79,79,79,79,75,52,52,41,41,67,7,92,86,64,14,14,14,41,28,55,55,0,0],"gold":75,"neow_bonus":"THREE_ENEMY_KILL","is_daily":false,"chose_seed":false,"campfire_upgraded":1,"win_rate":0.0,"timestamp":1611044457,"path_taken":["M","$","?","M","$","R","E","?","T","?","E","M","?","?","R","BOSS","M","?","M","?","$","R","E","R","T","?"],"items_purchased_type":["Card","Card","Relic"],"build_version":"2020-12-22","purchased_purges":1,"victory":false,"max_hp_per_floor":[75,75,82,82,82,82,82,82,82,82,87,87,87,87,87,87,92,92,92,92,92,92,92,92,92,92,92,92],"card_choices":[{"not_picked":["Coolheaded","Cold Snap"],"picked":"Defragment","floor":1},{"not_picked":["Coolheaded","Sweeping Beam"],"picked":"Redo","floor":4},{"not_picked":["Glacier","Leap","Streamline"],"picked":"SKIP","floor":7},{"not_picked":["Barrage","Turbo","Gash"],"picked":"Capacitor","floor":10},{"not_picked":["Multi-Cast","Steam","Stack"],"picked":"Ball Lightning","floor":11},{"not_picked":["Coolheaded","Conserve Battery","Beam Cell"],"picked":"Sweeping Beam","floor":12},{"not_picked":["Stack","Compile Driver","Skim","Gash"],"picked":"SKIP","floor":13},{"not_picked":["Ball Lightning","Reprogram","Coolheaded"],"picked":"BootSequence","floor":17},{"not_picked":["Double Energy","Scrape","Hologram+1"],"picked":"Chill","floor":18},{"not_picked":["Redo","Storm","Rebound"],"picked":"Fusion","floor":19},{"not_picked":["Go for the Eyes","Skim","Storm","Self Repair"],"picked":"SKIP","floor":20},{"not_picked":["Loop","Tempest","Aggregate"],"picked":"Cold Snap","floor":24}],"player_experience":175802,"relics_obtained":[{"floor":7,"key":"Question Card"},{"floor":9,"key":"Bronze Scales"},{"floor":11,"key":"Boot"},{"floor":24,"key":"Centennial Puzzle"},{"floor":26,"key":"Orichalcum"}],"event_choices":[{"damage_healed":0,"gold_gain":0,"player_choice":"Success","damage_taken":3,"relics_obtained":["Strawberry"],"max_hp_gain":0,"max_hp_loss":0,"event_name":"Scrap Ooze","floor":3,"gold_loss":0},{"damage_healed":0,"gold_gain":0,"player_choice":"Rummage","damage_taken":0,"relics_obtained":["WarpedTongs"],"max_hp_gain":0,"max_hp_loss":0,"event_name":"Accursed Blacksmith","floor":8,"gold_loss":0,"cards_obtained":["Pain"]},{"damage_healed":0,"gold_gain":0,"player_choice":"Bought 3 Potions","damage_taken":0,"max_hp_gain":0,"max_hp_loss":0,"event_name":"The Woman in Blue","floor":14,"gold_loss":0},{"damage_healed":0,"gold_gain":0,"player_choice":"Ignored","damage_taken":0,"max_hp_gain":0,"max_hp_loss":0,"event_name":"Ghosts","floor":21,"gold_loss":0},{"damage_healed":0,"gold_gain":0,"player_choice":"Fight","damage_taken":0,"max_hp_gain":0,"max_hp_loss":0,"event_name":"Colosseum","floor":27,"gold_loss":0},{"damage_healed":0,"gold_gain":0,"player_choice":"Fought Nobs","damage_taken":0,"max_hp_gain":0,"max_hp_loss":0,"event_name":"Colosseum","floor":27,"gold_loss":0}],"is_beta":false,"boss_relics":[{"not_picked":["Pandora\u0027s Box","FrozenCore"],"picked":"Tiny House"}],"items_purged_floors":[22],"is_endless":false,"potions_floor_spawned":[4,10,11,13,18,24,27],"killed_by":"Colosseum Nobs","ascension_level":2}}