{"host":"tqrb8wakxbnpyjmr","time":1611092914,"event":{"mods":["BaseMod","Bestiary","Better Altar","Better Note","Better Skull","Better Third Choice","BetterRewards","Dota2Spire","Fox Events","Infinite Spire","Minty Spire (QoL Compilation)","Shop Mod","StSLib","The Blue Laboratory","The Death Knight"],"gold_per_floor":[119,119,41,41,41,66,66,91,91,109,124,124,138,170,170,273,273,283,243,254,303,149,177,177,194,194,194,214,229,189,202,202,299,299,309,309,309,320,340,371,371,399,399,416,434,453,504,519,519,519,519,519,75,106,106],"floor_reached":56,"language":"ENG","playtime":3903,"items_purged":["DeathKnight:UnholyPresence+1"],"score":1274,"play_id":"cdd7b470-0e06-4f13-aca2-550f03777f9a","local_time":"20210120044834","is_ascension_mode":false,"campfire_choices":[{"data":"DeathKnight:DeathStrike","floor":7.0,"key":"SMITH"},{"data":"DeathKnight:DarkSuccor","floor":12.0,"key":"SMITH"},{"data":"DeathKnight:Contagion","floor":15.0,"key":"SMITH"},{"floor":24.0,"key":"REST"},{"floor":32,"key":"RECALL"},{"floor":41,"key":"REST"},{"floor":49,"key":"REST"},{"floor":52,"key":"REST"}],"circlet_count":0,"master_deck":["DeathKnight:Strike_DeathKnight","DeathKnight:Strike_DeathKnight","DeathKnight:Strike_DeathKnight","DeathKnight:Strike_DeathKnight","DeathKnight:Defend_DeathKnight+1","DeathKnight:Defend_DeathKnight","DeathKnight:Defend_DeathKnight","DeathKnight:RuneTap","DeathKnight:RuneStrike","DeathKnight:HowlingBlast","DeathKnight:Contagion+1","DeathKnight:DeathStrike+1","DeathKnight:DarkSuccor+1","DeathKnight:Hysteria","DeathKnight:Contagion+1","DeathKnight:FoulBulwark+1","DeathKnight:DancingRuneblade","DeathKnight:Outbreak","DeathKnight:BoneShield+1","DeathKnight:ScourgeStrike+1","infinitespire:Starlight","DeathKnight:Simulacrum","DeathKnight:DeathAndDecay+1","DeathKnight:BoneStorm","DeathKnight:ArmyOfTheDead+1","DeathKnight:DancingRuneblade+1","infinitespire:UltimateForm","DeathKnight:WraithWalk+1","DeathKnight:Defile","DeathKnight:Contagion+1","Pride","DeathKnight:WraithWalk"],"relics":["DeathKnight:BrokenRuneblade","NeowsBlessing","DeathKnight:ScourgePlagueSample","InkBottle","Kunai","Singing Bowl","Potion Belt","Fusion Hammer","Juzu Bracelet","DeathKnight:PutricidesVial","Pocketwatch","Dota2Spire:LotusOrb","infinitespire:Cupcake","DeathKnight:AbominationHead","Astrolabe","Boot","infinitespire:Satchel","Bird Faced Urn","Membership Card","Dota2Spire:AghanimScepter","Vajra","Dota2Spire:EtherealBlade"],"acts_visited":["Exordium","TheCity","TheBeyond","TheEnding"],"potions_floor_usage":[38,39,47,47,50,50,54],"damage_taken":[{"damage":0.0,"enemies":"2 Louse","floor":1.0,"turns":1.0},{"damage":0.0,"enemies":"Lagavulin","floor":6.0,"turns":1.0},{"damage":0.0,"enemies":"3 Sentries","floor":8.0,"turns":2.0},{"damage":1.0,"enemies":"Jaw Worm","floor":10.0,"turns":3.0},{"damage":2.0,"enemies":"Small Slimes","floor":11.0,"turns":4.0},{"damage":13.0,"enemies":"Exordium Thugs","floor":13.0,"turns":3.0},{"damage":7.0,"enemies":"Lagavulin","floor":14.0,"turns":4.0},{"damage":49.0,"enemies":"The Guardian","floor":16.0,"turns":6.0},{"damage":15.0,"enemies":"3 Byrds","floor":18.0,"turns":4.0},{"damage":6.0,"enemies":"Shell Parasite","floor":20.0,"turns":3.0},{"damage":24.0,"enemies":"Gremlin Leader","floor":23.0,"turns":4.0},{"damage":5.0,"enemies":"3 Cultists","floor":25.0,"turns":4.0},{"damage":3.0,"enemies":"Snecko","floor":28.0,"turns":4.0},{"damage":9,"enemies":"Snake Plant","floor":29,"turns":3},{"damage":6,"enemies":"3 Cultists","floor":31,"turns":4},{"damage":7,"enemies":"Champ","floor":33,"turns":5},{"damage":21,"enemies":"Orb Walker","floor":35,"turns":2},{"damage":44,"enemies":"3 Darklings","floor":38,"turns":3},{"damage":3,"enemies":"Writhing Mass","floor":39,"turns":4},{"damage":41,"enemies":"Reptomancer","floor":40,"turns":5},{"damage":33,"enemies":"Nemesis","floor":42,"turns":4},{"damage":22,"enemies":"Sphere and 2 Shapes","floor":44,"turns":3},{"damage":2,"enemies":"Maw","floor":45,"turns":5},{"damage":15,"enemies":"Jaw Worm Horde","floor":46,"turns":3},{"damage":49,"enemies":"2 Orb Walkers","floor":47,"turns":3},{"damage":33,"enemies":"3 Darklings","floor":48,"turns":3},{"damage":85,"enemies":"Donu and Deca","floor":50,"turns":5},{"damage":34,"enemies":"Shield and Spear","floor":54,"turns":5},{"damage":81,"enemies":"The Heart","floor":55,"turns":5}],"seed_played":"-5570020231807610882","potions_obtained":[{"floor":1.0,"key":"blueLaboratory:ImpenetrablePotion"},{"floor":8.0,"key":"blueLaboratory:RememoryPotion"},{"floor":11.0,"key":"PowerPotion"},{"floor":18.0,"key":"SteroidPotion"},{"floor":28.0,"key":"Block Potion"},{"floor":30,"key":"blueLaboratory:FruitPreserves"},{"floor":30,"key":"blueLaboratory:FruitPreserves"},{"floor":30,"key":"blueLaboratory:CorrosionFlask"},{"floor":36,"key":"FairyPotion"},{"floor":36,"key":"blueLaboratory:ExaltedPotion"},{"floor":36,"key":"CultistPotion"},{"floor":38,"key":"blueLaboratory:ImpenetrablePotion"},{"floor":44,"key":"SmokeBomb"},{"floor":45,"key":"infinitespire:BlackPotion"},{"floor":47,"key":"GamblersBrew"}],"is_trial":false,"path_per_floor":["M","?","$","?","?","E","R","E","T","M","M","R","M","E","R","B",null,"M","?","M","T","$","E","R","M","T","AVR","M","M","?","M","R","B",null,"M","?","?","M","M","E","R","E","T","M","M","M","?","M","R","B",null,"R","$","E","B",null],"character_chosen":"DEATH_KNIGHT","items_purchased":["DeathKnight:Contagion","DeathKnight:PutricidesVial","Membership Card","Dota2Spire:AghanimScepter","Vajra","blueLaboratory:HummingbirdPotion","Block Potion"],"campfire_rested":4,"item_purchase_floors":[3,22,53,53,53,53,53],"current_hp_per_floor":[75,75,75,63,63,63,63,63,63,62,71,71,58,51,51,13,75,60,60,54,54,54,43,66,74,74,74,73,74,74,81,81,74,81,72,72,51,43,60,31,57,47,47,60,68,65,38,27,55,17,95,95,95,73,10],"gold":106,"neow_bonus":"THREE_ENEMY_KILL","is_daily":false,"chose_seed":false,"campfire_upgraded":3,"win_rate":0.0,"timestamp":1611092914,"path_taken":["M","?","?","?","?","E","R","E","T","M","M","R","M","E","R","BOSS","M","?","?","?","?","E","R","M","T","AVR","M","M","?","M","R","BOSS","M","?","?","M","M","E","R","E","T","M","M","M","?","M","R","BOSS","R","$","E","BOSS"],"items_purchased_type":["Card","Relic","Relic","Relic","Relic","Potion","Potion"],"build_version":"2020-12-22","purchased_purges":1,"victory":true,"max_hp_per_floor":[75,75,75,75,75,75,75,75,75,75,75,75,75,75,75,75,75,75,75,75,75,75,77,77,79,79,79,81,81,81,81,81,81,81,83,83,83,85,85,87,87,87,87,89,89,91,93,95,95,95,95,95,95,95,95],"card_choices":[{"not_picked":["DeathKnight:BladedArmor","DeathKnight:UnholyPresence"],"picked":"DeathKnight:HowlingBlast","floor":1.0},{"not_picked":["DeathKnight:Hysteria","DeathKnight:RunicCorruption"],"picked":"DeathKnight:DeathStrike","floor":6.0},{"not_picked":["DeathKnight:IcyTouch","DeathKnight:Lichborne"],"picked":"DeathKnight:DarkSuccor","floor":8.0},{"not_picked":["DeathKnight:IceboundArmor","DeathKnight:Parry"],"picked":"DeathKnight:Hysteria","floor":10.0},{"not_picked":["DeathKnight:Pestilence","DeathKnight:IcyTouch"],"picked":"DeathKnight:Contagion","floor":11.0},{"not_picked":["DeathKnight:DeathGrip","DeathKnight:UnholyPresence"],"picked":"DeathKnight:FoulBulwark","floor":13.0},{"not_picked":["DeathKnight:FrosPresence","DeathKnight:DeathRune"],"picked":"DeathKnight:DancingRuneblade","floor":14.0},{"not_picked":["DeathKnight:Frostscythe","DeathKnight:UnholyExperiment"],"picked":"DeathKnight:Outbreak","floor":16.0},{"not_picked":["DeathKnight:BloodStrike","DeathKnight:BoneSpear"],"picked":"DeathKnight:BoneShield+1","floor":18.0},{"not_picked":["DeathKnight:ThirstingStrike","DeathKnight:AntiMagicShell"],"picked":"DeathKnight:ScourgeStrike+1","floor":20.0},{"not_picked":["DeathKnight:Marrowrend","DeathKnight:HowlingBlast","DeathKnight:DreadStrike+1"],"picked":"Singing Bowl","floor":23.0},{"not_picked":["DeathKnight:Hysteria","DeathKnight:IcyTouch","DeathKnight:ThirstingStrike"],"picked":"Singing Bowl","floor":25.0},{"not_picked":["DeathKnight:BoneSpear","DeathKnight:RunicCorruption","DeathKnight:ShatteringStrikes"],"picked":"Singing Bowl","floor":28.0},{"not_picked":["DeathKnight:UnholyAssault","DeathKnight:FesteringStrike"],"picked":"DeathKnight:Simulacrum","floor":29},{"not_picked":["DeathKnight:BoneSpear","DeathKnight:Parry"],"picked":"DeathKnight:DeathAndDecay+1","floor":31},{"not_picked":["DeathKnight:RunicDetonation","DeathKnight:Simulacrum"],"picked":"DeathKnight:BoneStorm","floor":33},{"not_picked":["DeathKnight:Hysteria+1","DeathKnight:UnholyFrenzy","DeathKnight:RunicCorruption"],"picked":"Singing Bowl","floor":35},{"not_picked":["infinitespire:NeuralNetwork","infinitespire:Oblivion"],"picked":"infinitespire:UltimateForm","floor":37},{"not_picked":["DeathKnight:BloodBoil","DeathKnight:BloodTap+1","DeathKnight:RuneShock+1"],"picked":"Singing Bowl","floor":38},{"not_picked":["DeathKnight:DancingRuneblade+1","DeathKnight:DeathCoil+1"],"picked":"DeathKnight:WraithWalk+1","floor":39},{"not_picked":["DeathKnight:Ossuary","DeathKnight:FesteringStrike","DeathKnight:HowlingBlast+1"],"picked":"Singing Bowl","floor":40},{"not_picked":["DeathKnight:WraithWalk+1","DeathKnight:RunicCorruption+1"],"picked":"DeathKnight:Defile","floor":42},{"not_picked":["DeathKnight:BludPresence","DeathKnight:DeathAndDecay","DeathKnight:BloodStrike+1"],"picked":"Singing Bowl","floor":44},{"not_picked":["DeathKnight:DeathRune","DeathKnight:BloodBoil"],"picked":"DeathKnight:Contagion+1","floor":45},{"not_picked":["DeathKnight:BoneSpear+1","DeathKnight:HowlingBlast","DeathKnight:IcyTouch"],"picked":"Singing Bowl","floor":46},{"not_picked":["DeathKnight:UnholyPresence","DeathKnight:DreadStrike+1","DeathKnight:DeathCoil+1"],"picked":"Singing Bowl","floor":47},{"not_picked":["DeathKnight:RuneShock+1","DeathKnight:IceboundArmor+1","DeathKnight:UnholyPresence"],"picked":"Singing Bowl","floor":48},{"not_picked":["DeathKnight:DeathCoil+1","DeathKnight:RuneShock+1"],"picked":"DeathKnight:WraithWalk","floor":54}],"player_experience":247879,"relics_obtained":[{"floor":6.0,"key":"InkBottle"},{"floor":8.0,"key":"Kunai"},{"floor":9.0,"key":"Singing Bowl"},{"floor":14.0,"key":"Potion Belt"},{"floor":21.0,"key":"Juzu Bracelet"},{"floor":23.0,"key":"Pocketwatch"},{"floor":26.0,"key":"Dota2Spire:LotusOrb"},{"floor":40,"key":"Boot"},{"floor":42,"key":"infinitespire:Satchel"},{"floor":47,"key":"Bird Faced Urn"},{"floor":54,"key":"Dota2Spire:EtherealBlade"}],"event_choices":[{"damage_healed":0.0,"max_hp_gain":0.0,"max_hp_loss":0.0,"gold_gain":0.0,"event_name":"The Cleric","player_choice":"Leave","floor":2.0,"gold_loss":0.0,"damage_taken":0.0},{"damage_healed":0.0,"max_hp_gain":0.0,"max_hp_loss":0.0,"gold_gain":0.0,"event_name":"betterThird:BetterScrap","player_choice":"Relic ","floor":4.0,"gold_loss":0.0,"damage_taken":12.0,"cards_obtained":["Devotion"]},{"damage_healed":0.0,"max_hp_gain":0.0,"max_hp_loss":0.0,"gold_gain":0.0,"event_name":"Upgrade Shrine","player_choice":"Upgraded","floor":5.0,"gold_loss":0.0,"damage_taken":0.0,"cards_upgraded":["DeathKnight:Contagion"]},{"damage_healed":0.0,"max_hp_gain":0.0,"max_hp_loss":0.0,"gold_gain":0.0,"event_name":"Designer","player_choice":"Upgraded Two","floor":19.0,"gold_loss":40.0,"damage_taken":0.0,"cards_upgraded":["DeathKnight:FoulBulwark","DeathKnight:Defend_DeathKnight"]},{"damage_healed":0,"gold_gain":0,"player_choice":"Bought 3 Potions","damage_taken":0,"max_hp_gain":0,"max_hp_loss":0,"event_name":"The Woman in Blue","floor":30,"gold_loss":0},{"damage_healed":0,"gold_gain":0,"player_choice":"Got Potions","damage_taken":0,"max_hp_gain":0,"max_hp_loss":0,"event_name":"Lab","floor":36,"gold_loss":0},{"damage_healed":0,"gold_gain":0,"player_choice":"Fight","damage_taken":0,"max_hp_gain":0,"max_hp_loss":0,"event_name":"Mysterious Sphere","floor":47,"gold_loss":0}],"is_beta":false,"boss_relics":[{"not_picked":["Empty Cage","Coffee Dripper"],"picked":"Fusion Hammer"},{"not_picked":["Runic Dome","Snecko Eye"],"picked":"Astrolabe"}],"items_purged_floors":[53],"is_endless":false,"potions_floor_spawned":[1,8,11,18,28,38,44,45,47],"ascension_level":0}}