{"host":"y1oqg7uy0jc6f5mb","time":1611056998,"event":{"mods":["BaseMod","Better Altar","Better Match","Better Note","Better Sensory Stone","Better Skull","Better Third Choice","BetterRewards","Block Reminder","Colored Map","Colored Powertips","Custom Start","DeckTracker","Highlight Path","Minty Spire (QoL Compilation)","Permanent Neow","Quick Restart","Relic Sorter","Relic Stats","Shop Mod","StSLib"],"gold_per_floor":[213,213,228,33,53,53,83,83,110,110,136,136,169,180,180,280,280,300,320,333,345,357,357,7,19,44,56,68,80,109,136,148,160,160],"floor_reached":33,"language":"ENG","playtime":2202,"items_purged":[],"score":363,"play_id":"fc53d423-f384-49cd-9639-8e54cfc30967","local_time":"20210119194958","is_ascension_mode":true,"campfire_choices":[{"data":"Armaments","floor":6.0,"key":"SMITH"},{"data":"Immolate","floor":8.0,"key":"SMITH"},{"data":"Fire Breathing","floor":10.0,"key":"SMITH"},{"data":"True Grit","floor":12.0,"key":"SMITH"},{"data":"Inflame","floor":15.0,"key":"SMITH"},{"floor":23.0,"key":"REST"},{"floor":28.0,"key":"REST"},{"floor":32.0,"key":"REST"}],"circlet_count":0,"master_deck":["Strike_R","Strike_R","Strike_R","Strike_R","Defend_R","Defend_R","Defend_R","Defend_R","Bash","Thunderclap","Fire Breathing+1","Master of Strategy","Armaments+1","Immolate+1","True Grit+1","Inflame+1","Shrug It Off","Offering","Armaments+1","Infernal Blade+1","Rampage+1","Sword Boomerang+1","Evolve","Panache","Shrug It Off+1"],"relics":["Black Blood","Strawberry","Blood Vial","White Beast Statue","Nunchaku","TheAbacus","MawBank","betterThird:NestCultRelic"],"acts_visited":["Exordium","TheCity"],"potions_floor_usage":[33,33],"damage_taken":[{"damage":0.0,"enemies":"Small Slimes","floor":1.0,"turns":3.0},{"damage":1.0,"enemies":"Cultist","floor":3.0,"turns":4.0},{"damage":6.0,"enemies":"Jaw Worm","floor":5.0,"turns":5.0},{"damage":29.0,"enemies":"Lagavulin","floor":7.0,"turns":10.0},{"damage":5.0,"enemies":"Gremlin Nob","floor":11.0,"turns":3.0},{"damage":31.0,"enemies":"Lagavulin","floor":13.0,"turns":13.0},{"damage":0.0,"enemies":"Lots of Slimes","floor":14.0,"turns":1.0},{"damage":53.0,"enemies":"Hexaghost","floor":16.0,"turns":12.0},{"damage":24.0,"enemies":"2 Thieves","floor":18.0,"turns":4.0},{"damage":27.0,"enemies":"Shell Parasite","floor":19.0,"turns":6.0},{"damage":23.0,"enemies":"Centurion and Healer","floor":20.0,"turns":5.0},{"damage":20.0,"enemies":"Chosen and Byrds","floor":21.0,"turns":5.0},{"damage":28.0,"enemies":"Shelled Parasite and Fungi","floor":22.0,"turns":8.0},{"damage":26.0,"enemies":"Snake Plant","floor":25.0,"turns":4.0},{"damage":29.0,"enemies":"Centurion and Healer","floor":30.0,"turns":5.0},{"damage":39.0,"enemies":"Shelled Parasite and Fungi","floor":31.0,"turns":6.0},{"damage":67,"enemies":"Automaton","floor":33,"turns":6}],"seed_played":"2415776867689722414","potions_obtained":[{"floor":13.0,"key":"BloodPotion"},{"floor":14.0,"key":"AttackPotion"},{"floor":16.0,"key":"FearPotion"},{"floor":18.0,"key":"Strength Potion"},{"floor":19.0,"key":"Explosive Potion"},{"floor":20.0,"key":"Weak Potion"},{"floor":22.0,"key":"PowerPotion"},{"floor":25.0,"key":"Regen Potion"},{"floor":30.0,"key":"Strength Potion"},{"floor":31.0,"key":"DuplicationPotion"}],"is_trial":false,"path_per_floor":["M","?","M","$","M","R","E","R","T","R","E","R","E","M","R","B",null,"M","M","M","M","M","R","$","M","T","?","R","?","M","M","R","B"],"character_chosen":"IRONCLAD","items_purchased":["Master of Strategy","Panache","TheAbacus"],"campfire_rested":3,"item_purchase_floors":[4,24,24],"current_hp_per_floor":[78,78,80,80,80,80,64,64,64,64,67,67,44,52,52,24,71,61,48,39,33,19,45,45,33,33,33,59,59,49,24,50,0,0],"gold":160,"neow_bonus":"HUNDRED_GOLD","is_daily":false,"chose_seed":false,"campfire_upgraded":5,"win_rate":0.0,"timestamp":1611056998,"path_taken":["M","?","M","$","M","R","E","R","T","R","E","R","E","M","R","BOSS","M","M","M","?","M","R","$","M","T","?","R","?","M","M","R","BOSS"],"items_purchased_type":["Card","Card","Relic"],"build_version":"2020-12-22","purchased_purges":0,"victory":false,"max_hp_per_floor":[80,80,80,80,80,80,87,87,87,87,87,87,87,87,87,87,87,87,87,87,87,87,87,87,87,87,87,87,87,87,87,87,87,87],"relic_stats":{"Blood Vial":26,"Nunchaku":[7],"TheAbacus":[18],"counters":[17,100],"Black Blood":141,"MawBank":84,"obtain_stats":[{"Blood Vial":9,"Nunchaku":13,"TheAbacus":24,"Strawberry":7,"Black Blood":17,"betterThird:NestCultRelic":29,"MawBank":26,"Burning Blood":0,"White Beast Statue":11},{"Blood Vial":4,"Nunchaku":6,"TheAbacus":13,"Strawberry":4,"Black Blood":8,"betterThird:NestCultRelic":14,"MawBank":14,"Burning Blood":0,"White Beast Statue":5},{"Blood Vial":22,"Nunchaku":38,"TheAbacus":79,"Strawberry":22,"Black Blood":51,"betterThird:NestCultRelic":83,"MawBank":83,"Burning Blood":0,"White Beast Statue":25}]},"card_choices":[{"not_picked":["Hemokinesis","Rage"],"picked":"Thunderclap","floor":1.0},{"not_picked":["Twin Strike","Havoc"],"picked":"Fire Breathing","floor":3.0},{"not_picked":["Clash","Searing Blow"],"picked":"Armaments","floor":5.0},{"not_picked":["Fire Breathing","Uppercut"],"picked":"Immolate","floor":7.0},{"not_picked":["Disarm","Body Slam"],"picked":"True Grit","floor":11.0},{"not_picked":["Corruption","Thunderclap"],"picked":"Inflame","floor":13.0},{"not_picked":["Infernal Blade","Cleave"],"picked":"Shrug It Off","floor":14.0},{"not_picked":["Immolate","Impervious"],"picked":"Offering","floor":16.0},{"not_picked":["Wild Strike","Anger"],"picked":"Armaments+1","floor":18.0},{"not_picked":["Clash+1","Whirlwind"],"picked":"Infernal Blade+1","floor":19.0},{"not_picked":["Anger","Cleave"],"picked":"Rampage+1","floor":20.0},{"not_picked":["True Grit","Barricade"],"picked":"Sword Boomerang+1","floor":21.0},{"not_picked":["Dual Wield","Anger"],"picked":"Evolve","floor":22.0},{"not_picked":["Clash+1","Searing Blow","Iron Wave"],"picked":"SKIP","floor":25.0},{"not_picked":["Clothesline+1","Clash","Heavy Blade"],"picked":"SKIP","floor":30.0},{"not_picked":["Rage","Battle Trance"],"picked":"Shrug It Off+1","floor":31.0}],"player_experience":57367,"relics_obtained":[{"floor":7.0,"key":"Strawberry"},{"floor":9.0,"key":"Blood Vial"},{"floor":11.0,"key":"White Beast Statue"},{"floor":13.0,"key":"Nunchaku"},{"floor":26.0,"key":"MawBank"}],"event_choices":[{"cards_removed":["Strike_R"],"damage_healed":0.0,"max_hp_gain":0.0,"max_hp_loss":0.0,"gold_gain":0.0,"event_name":"Purifier","player_choice":"Purged","floor":2.0,"gold_loss":0.0,"damage_taken":0.0},{"damage_healed":0.0,"max_hp_gain":0.0,"max_hp_loss":0.0,"gold_gain":0.0,"event_name":"The Mausoleum","player_choice":"Ignored","floor":27.0,"gold_loss":0.0,"damage_taken":0.0},{"damage_healed":0.0,"max_hp_gain":0.0,"max_hp_loss":0.0,"gold_gain":0.0,"event_name":"betterThird:BetterNest","player_choice":"Madness","floor":29.0,"gold_loss":0.0,"damage_taken":0.0,"relics_obtained":["betterThird:NestCultRelic"]}],"is_beta":false,"boss_relics":[{"not_picked":["Snecko Eye","Calling Bell"],"picked":"Black Blood"}],"items_purged_floors":[],"is_endless":false,"potions_floor_spawned":[13,14,16,18,19,20,21,22,25,30,31],"killed_by":"Automaton","ascension_level":7}}