{"host":"jvd5k9mqzerszifx","time":1611054783,"event":{"mods":["AchievementEnabler","Act Like it!","BaseMod","Better Note","Better Third Choice","Colored Map","Colored Powertips","Conspire","DeckTracker","Gensokyo","GungeonMod","Hallownest","Hermit","Hubris","Infinite Spire","Jorbs\u0027s Wanderer Trilogy","Koishi","Marisa（F雨　魔理沙）","Minty Spire (QoL Compilation)","MostiFishMod","Relic Stats","Replay The Spire","Reworked Bosses","Spicy Shops","StSLib","The Administrix","The Bug Knight","The Cursed","The Factory","The Hierophant","The Jungle","The Servant 0.9.4","【功能Mod】聪明的最终Boss"],"gold_per_floor":[130,110,170,170,170,170,215,305,305,389,389,464,542,542,542,833,833,863,905,25,25,25,109,109,475,637,718,36,36,36,90,90,375,375,417,417,417,56,56,143,143,1142,1373,1373,1475,1559,1559,1661,1661,1661,1661,1661,1080,1170,1464],"floor_reached":56,"language":"ZHS","playtime":1634,"items_purged":[],"score":2298,"play_id":"c89f8347-41d1-46e6-9842-b163b4700545","local_time":"20210119191303","is_ascension_mode":true,"campfire_choices":[{"data":"TheCursedMod:Strike_TheCursed","floor":6,"key":"PURGE"},{"data":"TheCursedMod:Strike_TheCursed","floor":6,"key":"PURGE"},{"data":"TheCursedMod:Strike_TheCursed","floor":6,"key":"PURGE"},{"data":"TheCursedMod:Strike_TheCursed","floor":6,"key":"PURGE"},{"data":"TheCursedMod:Defend_TheCursed","floor":6,"key":"PURGE"},{"data":"TheCursedMod:Defend_TheCursed","floor":6,"key":"PURGE"},{"data":"TheCursedMod:Defend_TheCursed","floor":6,"key":"PURGE"},{"data":"TheCursedMod:Defend_TheCursed","floor":6,"key":"PURGE"},{"data":"TheCursedMod:CursedWand","floor":6,"key":"SMITH"},{"data":"TheCursedMod:CleanUpWorkshop","floor":6,"key":"SMITH"},{"data":"TheCursedMod:CursedShiv","floor":6,"key":"SMITH"},{"data":"TheCursedMod:CircleOfFlame","floor":6,"key":"SMITH"},{"floor":6,"key":"RECALL"},{"data":"TheCursedMod:FleshFromBone","floor":15,"key":"SMITH"},{"data":"TheCursedMod:SpitefulPray","floor":15,"key":"SMITH"},{"floor":15,"key":"REST"},{"data":"TheCursedMod:TroublousMinions","floor":32,"key":"SMITH"},{"data":"Panacea","floor":32,"key":"SMITH"},{"data":"TheCursedMod:ReleasedKnowledge","floor":32,"key":"SMITH"},{"data":"1","floor":32,"key":"LIFT"},{"data":"2","floor":32,"key":"LIFT"},{"data":"3","floor":41,"key":"LIFT"},{"data":"4","floor":49,"key":"LIFT"},{"data":"5","floor":52,"key":"LIFT"}],"circlet_count":0,"master_deck":["TheCursedMod:CursedWand+1","TheCursedMod:CleanUpWorkshop+1","TheCursedMod:Dregs","TheCursedMod:CursedShiv+1","TheCursedMod:CircleOfFlame+1","hermit:Coalescence+1","TheCursedMod:Stigma+1","TheCursedMod:FleshFromBone+1","TheCursedMod:SpitefulPray+1","hermit:FinalCanter+1","TheCursedMod:TroublousMinions+1","Panacea+1","TheCursedMod:CircleOfCorruption+1","TheCursedMod:Grudge+1","TheCursedMod:ReleasedKnowledge+1","TheCursedMod:CursedRelics+1","TheCursedMod:CursedBlade+1","TheCursedMod:CircleOfCorruption+1","TheCursedMod:VoidForm"],"relics":["Peace Pipe","Ginger","Turnip","Unceasing Top","Omamori","Ice Cream","The Courier","Medical Kit","WingedGreaves","HandDrill","Frozen Eye","Blue Candle","Civilization","DaveBox","ExusiaiGun","OrangePellets","SynthV:TestCard","Pet Ghost","hubris:DisguiseKit","conspire:BottledYoYo","Molten Egg 2","Akabeko","infinitespire:Beetle Shell","DemoMod:MeltedRock","ChiXiaoBlade","Juzu Bracelet","DemoMod:OrangeGuonStone","Replay:Rubber Ducky","Matryoshka","Dream Catcher","Oddly Smooth Stone","DemoMod:JetPack","TheCursedMod:Tack","Bag of Preparation","Replay:Accelerometer","Bag of Marbles","ReplayTheSpireMod:TigerMarble","Vajra","Replay:Wax Seal","MostiFishMod:AdaptiveDefenses","Girya","DianPoetry","Gambling Chip","hubris:Backtick","CombinedTypeHook","Sling","Membership Card","infinitespire:Broken Mirror","BargainBundle","DemoMod:ClearGuonStone","Art of War","hubris:CrystalStatue","hubris:ToyBattleship","Gremlin Food","Orichalcum","Mirror","Counterbalance","Anchor","infinitespire:Satchel","SynthV:C4","DemoMod:NanoMachines","infinitespire:BottledMercury"],"acts_visited":["Exordium","TheCity","TheCity","TheEnding"],"potions_floor_usage":[],"damage_taken":[{"damage":0,"enemies":"2 Louse","floor":1,"turns":1},{"damage":0,"enemies":"conspire:RoseBush","floor":3,"turns":1},{"damage":0,"enemies":"Small Slimes","floor":7,"turns":1},{"damage":0,"enemies":"Gremlin Nob","floor":8,"turns":1},{"damage":0,"enemies":"Lagavulin","floor":10,"turns":1},{"damage":0,"enemies":"3 Sentries","floor":12,"turns":2},{"damage":0,"enemies":"HollowMod:MossKnight","floor":13,"turns":1},{"damage":0,"enemies":"Hexaghost","floor":16,"turns":2},{"damage":0,"enemies":"Spheric Guardian","floor":18,"turns":1},{"damage":0,"enemies":"2 Thieves","floor":19,"turns":1},{"damage":0,"enemies":"HollowMod:Nosk","floor":23,"turns":1},{"damage":0,"enemies":"Gremlin Leader","floor":27,"turns":1},{"damage":0,"enemies":"conspire:HollyBat","floor":31,"turns":3},{"damage":0,"enemies":"bossMod:newCollector","floor":33,"turns":1},{"damage":0,"enemies":"theFactory:4_Mini-Bots","floor":35,"turns":1},{"damage":0,"enemies":"theFactory:Manservantes","floor":40,"turns":1},{"damage":0,"enemies":"Nightmare","floor":45,"turns":1},{"damage":0,"enemies":"theFactory:DrinkBrewer","floor":46,"turns":1},{"damage":0,"enemies":"theFactory:Manservantes","floor":48,"turns":1},{"damage":0,"enemies":"theFactory:Experiment01","floor":50,"turns":1},{"damage":0,"enemies":"Shield and Spear","floor":54,"turns":1},{"damage":14,"enemies":"The Heart","floor":55,"turns":3}],"seed_played":"8114748933428259058","potions_obtained":[{"floor":1,"key":"Block Potion"},{"floor":2,"key":"Doom Potion"},{"floor":10,"key":"CultistPotion"},{"floor":12,"key":"FairyPotion"},{"floor":14,"key":"Regen Potion"}],"is_trial":false,"path_per_floor":["M","?","M","?","?","R","M","E","T","E","?","E","E","?","R","B",null,"M","M","$","?","?","E","AVR","?","T","E","$","T","?","M","R","B",null,"M","?","?","$","?","E","R","?","T","?","NM","E","?","E","R","B",null,"R","$","E","B",null],"character_chosen":"THE_CURSED","items_purchased":["Juzu Bracelet","DemoMod:OrangeGuonStone","Replay:Rubber Ducky","Matryoshka","Dream Catcher","Panacea","TheCursedMod:CircleOfCorruption+1","Vajra","Replay:Wax Seal","MostiFishMod:AdaptiveDefenses","Girya","DianPoetry","Membership Card","infinitespire:Broken Mirror","BargainBundle","DemoMod:ClearGuonStone","TheCursedMod:CircleOfCorruption","Orichalcum","Mirror","Counterbalance","Anchor","infinitespire:Satchel","SynthV:C4","DemoMod:NanoMachines"],"campfire_rested":1,"item_purchase_floors":[20,20,20,20,20,20,20,28,28,28,28,28,38,38,38,38,38,53,53,53,53,53,53,53],"current_hp_per_floor":[76,76,77,74,74,74,75,76,76,77,61,62,63,63,82,83,83,84,85,85,85,85,86,86,86,86,87,87,87,87,88,88,89,89,90,74,74,74,74,91,91,81,81,81,82,83,83,84,84,85,95,95,95,96,88],"gold":1464,"neow_bonus":"BOSS_RELIC","is_daily":false,"chose_seed":false,"campfire_upgraded":9,"win_rate":0.0,"timestamp":1611054783,"path_taken":["M","?","?","?","?","R","M","E","T","E","?","E","E","?","R","BOSS","M","?","$","?","?","E","AVR","?","T","E","$","?","?","M","R","BOSS","M","?","?","?","?","E","R","?","T","?","NM","E","?","E","R","BOSS","R","$","E","BOSS"],"items_purchased_type":["Relic","Relic","Relic","Relic","Relic","Card","Card","Relic","Relic","Relic","Relic","Relic","Relic","Relic","Relic","Relic","Card","Relic","Relic","Relic","Relic","Relic","Relic","Relic"],"build_version":"2020-12-22","purchased_purges":0,"victory":true,"max_hp_per_floor":[76,76,77,77,77,77,78,79,79,80,80,81,82,82,82,83,83,84,85,85,85,85,86,86,86,86,87,87,87,87,88,88,89,89,90,90,90,90,90,91,91,91,91,91,92,93,93,94,94,95,95,95,95,96,97],"relic_stats":{"counters":[22,28],"Blue Candle":[1],"Juzu Bracelet":4,"Bag of Preparation":[23],"Ginger":[2],"Orichalcum":[6],"Medical Kit":[1],"Peace Pipe":9,"OrangePellets":[0],"Dream Catcher":0,"Gambling Chip":[6],"Turnip":[2],"HandDrill":[8],"Art of War":[0],"obtain_stats":[{"Ice Cream":0,"Replay:Accelerometer":26,"CombinedTypeHook":34,"infinitespire:BottledMercury":54,"hubris:CrystalStatue":45,"TheCursedMod:Tack":25,"Vajra":28,"MostiFishMod:AdaptiveDefenses":28,"DemoMod:GlassGuonStoneRelic":1,"Ginger":0,"Sling":36,"DemoMod:MeltedRock":13,"HandDrill":0,"Replay:Wax Seal":28,"DemoMod:ClearGuonStone":38,"TheCursedMod:BlackMagic101":0,"Girya":28,"Blue Candle":0,"DemoMod:OrangeGuonStone":20,"Counterbalance":53,"Oddly Smooth Stone":22,"infinitespire:Beetle Shell":12,"Akabeko":10,"OrangePellets":1,"infinitespire:Broken Mirror":38,"ChiXiaoBlade":17,"Molten Egg 2":9,"DemoMod:NanoMachines":53,"conspire:BottledYoYo":8,"ReplayTheSpireMod:TigerMarble":27,"hubris:ToyBattleship":46,"Mirror":53,"Unceasing Top":0,"DaveBox":0,"DianPoetry":28,"ExusiaiGun":0,"Juzu Bracelet":20,"Bag of Preparation":25,"Pet Ghost":4,"SynthV:C4":53,"Replay:Rubber Ducky":20,"Frozen Eye":0,"Civilization":0,"Dream Catcher":20,"Matryoshka":20,"hubris:Backtick":34,"Gambling Chip":29,"WingedGreaves":0,"DemoMod:JetPack":24,"Gremlin Food":48,"hubris:DisguiseKit":5,"DemoMod:Armor":53,"BargainBundle":38,"The Courier":0,"Omamori":0,"Orichalcum":53,"Medical Kit":0,"Peace Pipe":0,"Anchor":53,"SynthV:TestCard":1,"infinitespire:Satchel":53,"Turnip":0,"Bag of Marbles":26,"Art of War":40,"Membership Card":38},{"Ice Cream":0,"Replay:Accelerometer":11,"CombinedTypeHook":14,"infinitespire:BottledMercury":21,"hubris:CrystalStatue":17,"TheCursedMod:Tack":11,"Vajra":12,"MostiFishMod:AdaptiveDefenses":12,"DemoMod:GlassGuonStoneRelic":1,"Ginger":0,"Sling":15,"DemoMod:MeltedRock":7,"HandDrill":0,"Replay:Wax Seal":12,"DemoMod:ClearGuonStone":15,"TheCursedMod:BlackMagic101":0,"Girya":12,"Blue Candle":0,"DemoMod:OrangeGuonStone":10,"Counterbalance":20,"Oddly Smooth Stone":10,"infinitespire:Beetle Shell":6,"Akabeko":5,"OrangePellets":1,"infinitespire:Broken Mirror":15,"ChiXiaoBlade":8,"Molten Egg 2":4,"DemoMod:NanoMachines":20,"conspire:BottledYoYo":4,"ReplayTheSpireMod:TigerMarble":12,"hubris:ToyBattleship":18,"Mirror":20,"Unceasing Top":0,"DaveBox":0,"DianPoetry":12,"ExusiaiGun":0,"Juzu Bracelet":10,"Bag of Preparation":11,"Pet Ghost":2,"SynthV:C4":20,"Replay:Rubber Ducky":10,"Frozen Eye":0,"Civilization":0,"Dream Catcher":10,"Matryoshka":10,"hubris:Backtick":14,"Gambling Chip":12,"WingedGreaves":0,"DemoMod:JetPack":11,"Gremlin Food":19,"hubris:DisguiseKit":2,"DemoMod:Armor":20,"BargainBundle":15,"The Courier":0,"Omamori":0,"Orichalcum":20,"Medical Kit":0,"Peace Pipe":0,"Anchor":20,"SynthV:TestCard":1,"infinitespire:Satchel":20,"Turnip":0,"Bag of Marbles":11,"Art of War":16,"Membership Card":15},{"Ice Cream":0,"Replay:Accelerometer":13,"CombinedTypeHook":18,"infinitespire:BottledMercury":25,"hubris:CrystalStatue":21,"TheCursedMod:Tack":13,"Vajra":14,"MostiFishMod:AdaptiveDefenses":14,"DemoMod:GlassGuonStoneRelic":1,"Ginger":0,"Sling":19,"DemoMod:MeltedRock":8,"HandDrill":0,"Replay:Wax Seal":14,"DemoMod:ClearGuonStone":19,"TheCursedMod:BlackMagic101":0,"Girya":14,"Blue Candle":0,"DemoMod:OrangeGuonStone":12,"Counterbalance":24,"Oddly Smooth Stone":12,"infinitespire:Beetle Shell":7,"Akabeko":5,"OrangePellets":1,"infinitespire:Broken Mirror":19,"ChiXiaoBlade":10,"Molten Egg 2":4,"DemoMod:NanoMachines":24,"conspire:BottledYoYo":4,"ReplayTheSpireMod:TigerMarble":14,"hubris:ToyBattleship":22,"Mirror":24,"Unceasing Top":0,"DaveBox":0,"DianPoetry":14,"ExusiaiGun":0,"Juzu Bracelet":12,"Bag of Preparation":13,"Pet Ghost":2,"SynthV:C4":24,"Replay:Rubber Ducky":12,"Frozen Eye":0,"Civilization":0,"Dream Catcher":12,"Matryoshka":12,"hubris:Backtick":18,"Gambling Chip":14,"WingedGreaves":0,"DemoMod:JetPack":13,"Gremlin Food":23,"hubris:DisguiseKit":2,"DemoMod:Armor":24,"BargainBundle":19,"The Courier":0,"Omamori":0,"Orichalcum":24,"Medical Kit":0,"Peace Pipe":0,"Anchor":24,"SynthV:TestCard":1,"infinitespire:Satchel":24,"Turnip":0,"Bag of Marbles":13,"Art of War":20,"Membership Card":19}],"Unceasing Top":[0]},"card_choices":[{"not_picked":["TheCursedMod:EmpowerCircles","TheCursedMod:VitalStrike"],"picked":"TheCursedMod:CursedShiv","floor":1},{"not_picked":["TheCursedMod:CircleOfCorruption","TheCursedMod:RapidMovement","TheCursedMod:SpitefulStrike","TheCursedMod:Evocation"],"picked":"TheCursedMod:CircleOfFlame","floor":3},{"not_picked":["TheCursedMod:SpitefulStrike","TheCursedMod:CircleOfWindfury","TheCursedMod:SmokeScreen","TheCursedMod:CircleOfAbyss","TheCursedMod:CursedMace"],"picked":"hermit:Manifest","floor":7},{"not_picked":["TheCursedMod:ReleasedStrength","TheCursedMod:CircleOfFlame","TheCursedMod:StunningStrike","TheCursedMod:FleshFromBone","TheCursedMod:VitalStrike","hermit:Coalescence"],"picked":"SKIP","floor":8},{"not_picked":["TheCursedMod:ReleasedStrength","TheCursedMod:CircleOfFlame","TheCursedMod:StunningStrike","TheCursedMod:FleshFromBone","TheCursedMod:VitalStrike"],"picked":"hermit:Coalescence","floor":8},{"not_picked":["TheCursedMod:Obscuration","TheCursedMod:CircleOfBlood","TheCursedMod:RapidMovement","TheCursedMod:BloodBarrier","hermit:Ricochet"],"picked":"TheCursedMod:Stigma+1","floor":10},{"not_picked":["TheCursedMod:CursedAmulet","TheCursedMod:SpitefulStrike+1","TheCursedMod:RavingStaff+1","TheCursedMod:VitalStrike+1","hermit:Roughhouse"],"picked":"TheCursedMod:FleshFromBone","floor":12},{"not_picked":["TheCursedMod:BloodBarrier","TheCursedMod:SpitefulPlan","TheCursedMod:ForbiddenAlchemy","TheCursedMod:CursedMace+1","hermit:Ricochet"],"picked":"TheCursedMod:SpitefulPray","floor":13},{"not_picked":["TheCursedMod:ParallelWorld","TheCursedMod:ManaCirculation","TheCursedMod:VoidForm","TheCursedMod:DarkBarrier","TheCursedMod:DemonicPact"],"picked":"hermit:FinalCanter","floor":16},{"not_picked":["TheCursedMod:Wield+1","TheCursedMod:Stretching","TheCursedMod:DoubleShield","TheCursedMod:PrepareRite","hermit:BigShot"],"picked":"TheCursedMod:TroublousMinions","floor":18},{"not_picked":["TheCursedMod:CursedMace+1","TheCursedMod:BlessingInDisguise","TheCursedMod:CursedAmulet","TheCursedMod:Obscuration","TheCursedMod:SpitefulStrike+1","hermit:Cheat"],"picked":"SKIP","floor":19},{"not_picked":["TheCursedMod:Mangle+1","TheCursedMod:DoubleShield+1","TheCursedMod:CircleOfCorruption","TheCursedMod:CursedSpellbook","hermit:Quickdraw"],"picked":"TheCursedMod:Grudge+1","floor":23},{"not_picked":["TheCursedMod:CursedShiv+1","TheCursedMod:ManaCirculation","TheCursedMod:CursedAmulet+1","TheCursedMod:RavingStaff+1","hermit:BigShot"],"picked":"TheCursedMod:ReleasedKnowledge","floor":25},{"not_picked":["TheCursedMod:FleshFromBone+1","TheCursedMod:StunningStrike+1","TheCursedMod:CursedShiv+1","TheCursedMod:PrepareRite","TheCursedMod:ReleasedStrength","hermit:TrackingShot"],"picked":"SKIP","floor":27},{"not_picked":["TheCursedMod:SmokeScreen+1","TheCursedMod:CircleOfCorruption+1","TheCursedMod:CursedArmor","TheCursedMod:SoulReap+1","hermit:Vantage"],"picked":"TheCursedMod:CursedRelics+1","floor":31},{"not_picked":["TheCursedMod:Wield+1","TheCursedMod:SpitefulStrike+1","TheCursedMod:CursedMace+1","TheCursedMod:VitalStrike+1","hermit:NoHoldsBarred"],"picked":"TheCursedMod:CursedBlade+1","floor":35},{"not_picked":["TheCursedMod:Grudge+1","TheCursedMod:Stretching+1","TheCursedMod:Hemoplague","TheCursedMod:SpitefulPray+1","TheCursedMod:CursedRelics+1","hermit:Dive"],"picked":"SKIP","floor":40},{"not_picked":["TheCursedMod:Grudge","Static Discharge"],"picked":"hubris:Wrath","floor":44},{"not_picked":["TheCursedMod:CursedMace+1","TheCursedMod:Torture+1","TheCursedMod:CursedArmor+1","TheCursedMod:ReleasedStrength+1","TheCursedMod:Obscuration+1","hermit:Snipe"],"picked":"SKIP","floor":45},{"not_picked":["TheCursedMod:CursedMace+1","TheCursedMod:Torture+1","TheCursedMod:CursedArmor+1","TheCursedMod:ReleasedStrength+1","TheCursedMod:Obscuration+1","hermit:Snipe"],"picked":"SKIP","floor":45},{"not_picked":["TheCursedMod:CircleOfWindfury+1","TheCursedMod:Wield+1","TheCursedMod:StingEye+1","TheCursedMod:FleshFromBone+1","TheCursedMod:SurpriseAttack+1","hermit:HighCaliber"],"picked":"SKIP","floor":46},{"not_picked":["TheCursedMod:FleshFromBone","TheCursedMod:DemonSword+1","TheCursedMod:PrepareRite+1","TheCursedMod:CursedArmor","TheCursedMod:CircleOfWindfury+1","hermit:GoldenBullet"],"picked":"SKIP","floor":48},{"not_picked":["TheCursedMod:Grudge+1","TheCursedMod:DemonicPact","TheCursedMod:FleshFromBone+1","TheCursedMod:Torture","TheCursedMod:ManaBullet+1","hermit:Snipe"],"picked":"SKIP","floor":54},{"not_picked":["TheCursedMod:Grudge+1","TheCursedMod:DemonicPact","TheCursedMod:FleshFromBone+1","TheCursedMod:Torture","TheCursedMod:ManaBullet+1","hermit:Snipe"],"picked":"SKIP","floor":54},{"not_picked":["TheCursedMod:DemonicPact","TheCursedMod:ShockAndAwe+1","TheCursedMod:CollectTribute","TheCursedMod:DarkBarrier","hermit:FatalDesire"],"picked":"TheCursedMod:VoidForm","floor":55}],"player_experience":297385,"relics_obtained":[{"floor":1,"key":"SynthV:TestCard"},{"floor":8,"key":"conspire:BottledYoYo"},{"floor":9,"key":"Molten Egg 2"},{"floor":10,"key":"Akabeko"},{"floor":12,"key":"infinitespire:Beetle Shell"},{"floor":13,"key":"DemoMod:MeltedRock"},{"floor":25,"key":"TheCursedMod:Tack"},{"floor":25,"key":"Bag of Preparation"},{"floor":26,"key":"Replay:Accelerometer"},{"floor":26,"key":"Bag of Marbles"},{"floor":27,"key":"ReplayTheSpireMod:TigerMarble"},{"floor":29,"key":"Gambling Chip"},{"floor":40,"key":"Art of War"},{"floor":45,"key":"hubris:CrystalStatue"},{"floor":46,"key":"hubris:ToyBattleship"},{"floor":48,"key":"Gremlin Food"},{"floor":54,"key":"infinitespire:BottledMercury"}],"event_choices":[{"damage_healed":0,"gold_gain":0,"player_choice":"Bought 1 Potion","damage_taken":0,"max_hp_gain":0,"max_hp_loss":0,"event_name":"The Woman in Blue","floor":2,"gold_loss":0},{"damage_healed":0,"gold_gain":0,"player_choice":"Relic ","damage_taken":3,"max_hp_gain":0,"max_hp_loss":0,"event_name":"betterThird:BetterScrap","floor":4,"gold_loss":0,"cards_obtained":["Crystallizer"]},{"damage_healed":77,"gold_gain":0,"player_choice":"Upgrade","damage_taken":16,"max_hp_gain":0,"max_hp_loss":80,"event_name":"betterThird:BetterShining","floor":11,"gold_loss":0,"cards_upgraded":["hermit:Manifest","hermit:Coalescence"]},{"damage_healed":0,"gold_gain":0,"player_choice":"Got Potions","damage_taken":0,"max_hp_gain":0,"max_hp_loss":0,"event_name":"Lab","floor":14,"gold_loss":0},{"damage_healed":0,"gold_gain":0,"cards_transformed":["hermit:Manifest"],"player_choice":"Transformed","damage_taken":0,"max_hp_gain":0,"max_hp_loss":0,"event_name":"Transmorgrifier","floor":21,"gold_loss":0,"cards_obtained":["TheCursedMod:RapidMovement"]},{"cards_removed":["TheCursedMod:RapidMovement"],"damage_healed":0,"gold_gain":0,"player_choice":"Gave Card","damage_taken":0,"relics_obtained":["Oddly Smooth Stone"],"max_hp_gain":0,"max_hp_loss":0,"event_name":"WeMeetAgain","floor":22,"gold_loss":0},{"damage_healed":0,"gold_gain":0,"player_choice":"Ignored","damage_taken":0,"max_hp_gain":0,"max_hp_loss":0,"event_name":"Ghosts","floor":30,"gold_loss":0},{"damage_healed":0,"gold_gain":0,"player_choice":"Leave","damage_taken":0,"max_hp_gain":0,"max_hp_loss":0,"event_name":"conspire:Investor","floor":37,"gold_loss":0},{"damage_healed":0,"gold_gain":0,"player_choice":"Upgraded","damage_taken":0,"max_hp_gain":0,"max_hp_loss":0,"event_name":"Upgrade Shrine","floor":39,"gold_loss":0,"cards_upgraded":["TheCursedMod:CircleOfCorruption"]}],"is_beta":false,"boss_relics":[{"not_picked":["ChewingGum","Pandora\u0027s Box"],"picked":"ChiXiaoBlade"},{"not_picked":["hubris:HollowSoul","Black Star"],"picked":"hubris:Backtick"}],"items_purged_floors":[],"is_endless":true,"potions_floor_spawned":[1,10,12,16,23,27,31,33,45,48],"ascension_level":4}}