{"host":"gc0hqzwg2gd3zszy","time":1611053069,"event":{"mods":["BaseMod","DeckTracker","Minty Spire (QoL Compilation)","Relic Stats","SuperFastMode"],"gold_per_floor":[112,130,150,150,165,165,177,177,226,236,121,139,94,123,123,219,219,232,249,249,3,3,30,30,58,58,58,58,78,78,93,93,193,193,206,206,221,235,110,110,142,142,142,142,160,160,194,211,211,211,211,211,12,47,47],"floor_reached":56,"language":"KOR","playtime":2694,"items_purged":["Strike_G","Defend_R","Defend_G","Defend_G"],"score":1372,"play_id":"730490b1-f095-4fc1-841f-88c4845252ce","local_time":"20210119194429","is_ascension_mode":false,"campfire_choices":[{"data":"Dagger Spray","floor":6.0,"key":"SMITH"},{"data":"Deadly Poison","floor":8.0,"key":"SMITH"},{"data":"Prepared","floor":15.0,"key":"SMITH"},{"floor":24.0,"key":"REST"},{"floor":28.0,"key":"REST"},{"data":"Reflex","floor":30.0,"key":"SMITH"},{"floor":32.0,"key":"REST"},{"data":"Catalyst","floor":40.0,"key":"SMITH"},{"data":"Tools of the Trade","floor":42.0,"key":"SMITH"},{"data":"Venomology","floor":44.0,"key":"SMITH"},{"data":"After Image","floor":46.0,"key":"SMITH"},{"floor":49,"key":"RECALL"},{"data":"Neutralize","floor":52,"key":"SMITH"}],"circlet_count":0,"master_deck":["Defend_G","Defend_G","Survivor","Neutralize+1","Setup+1","Reflex+1","Flechettes","Tactician","Dagger Spray+1","Deadly Poison+1","Choke","Eviscerate","Acrobatics+1","Prepared+1","Venomology+1","Burst+1","Noxious Fumes+1","Underhanded Strike","Tools of the Trade+1","Corpse Explosion","Catalyst+1","After Image+1","Backflip+1"],"relics":["Ring of the Snake","Pantograph","Astrolabe","TheAbacus","MealTicket","Ornamental Fan","Tough Bandages","Cursed Key","PreservedInsect","Centennial Puzzle","Bronze Scales"],"acts_visited":["Exordium","TheCity","TheBeyond","TheEnding"],"potions_floor_usage":[47,47,48,50,55,55,55,55],"damage_taken":[{"damage":0.0,"enemies":"Small Slimes","floor":1.0,"turns":4.0},{"damage":1.0,"enemies":"Cultist","floor":2.0,"turns":4.0},{"damage":0.0,"enemies":"2 Louse","floor":3.0,"turns":3.0},{"damage":7.0,"enemies":"Exordium Thugs","floor":5.0,"turns":7.0},{"damage":4.0,"enemies":"Blue Slaver","floor":7.0,"turns":4.0},{"damage":8.0,"enemies":"Red Slaver","floor":10.0,"turns":3.0},{"damage":3.0,"enemies":"Exordium Thugs","floor":12.0,"turns":4.0},{"damage":6.0,"enemies":"Lagavulin","floor":14.0,"turns":8.0},{"damage":39.0,"enemies":"The Guardian","floor":16.0,"turns":10.0},{"damage":2.0,"enemies":"Spheric Guardian","floor":18.0,"turns":4.0},{"damage":2.0,"enemies":"Shell Parasite","floor":19.0,"turns":4.0},{"damage":51.0,"enemies":"Book of Stabbing","floor":23.0,"turns":6.0},{"damage":32.0,"enemies":"Slavers","floor":25.0,"turns":5.0},{"damage":3.0,"enemies":"Snecko","floor":29.0,"turns":5.0},{"damage":14.0,"enemies":"Snake Plant","floor":31.0,"turns":4.0},{"damage":37.0,"enemies":"Collector","floor":33.0,"turns":8.0},{"damage":7.0,"enemies":"Orb Walker","floor":35.0,"turns":3.0},{"damage":31.0,"enemies":"3 Darklings","floor":37.0,"turns":4.0},{"damage":5.0,"enemies":"4 Shapes","floor":38.0,"turns":3.0},{"damage":0.0,"enemies":"Giant Head","floor":41.0,"turns":4.0},{"damage":0.0,"enemies":"Transient","floor":45.0,"turns":5.0},{"damage":35,"enemies":"Reptomancer","floor":47,"turns":4},{"damage":1,"enemies":"Spire Growth","floor":48,"turns":4},{"damage":12,"enemies":"Donu and Deca","floor":50,"turns":5},{"damage":19,"enemies":"Shield and Spear","floor":54,"turns":2},{"damage":59,"enemies":"The Heart","floor":55,"turns":8}],"seed_played":"5624881488199444572","potions_obtained":[{"floor":1.0,"key":"Ancient Potion"},{"floor":5.0,"key":"BlessingOfTheForge"},{"floor":7.0,"key":"Energy Potion"},{"floor":10.0,"key":"Block Potion"},{"floor":14.0,"key":"GamblersBrew"},{"floor":23.0,"key":"LiquidMemories"},{"floor":31.0,"key":"DuplicationPotion"},{"floor":37.0,"key":"Regen Potion"},{"floor":38.0,"key":"LiquidMemories"},{"floor":47,"key":"Regen Potion"}],"is_trial":false,"path_per_floor":["M","M","M","?","M","R","M","R","T","M","$","M","$","E","R","B",null,"M","M","?","$","?","E","R","E","T","$","R","M","R","M","R","B",null,"M","?","M","M","$","R","E","R","T","R","M","R","E","M","R","B",null,"R","$","E","B",null],"character_chosen":"THE_SILENT","items_purchased":["Choke","Acrobatics","TheAbacus","Poison Potion"],"campfire_rested":3,"item_purchase_floors":[11,13,21,53],"current_hp_per_floor":[70,69,69,69,62,62,58,58,58,50,50,47,47,41,41,27,70,68,66,66,66,66,15,36,4,4,19,40,37,37,23,44,32,70,63,63,32,27,42,42,56,56,56,56,56,56,21,34,34,47,70,70,70,51,11],"gold":47,"neow_bonus":"TRANSFORM_CARD","is_daily":false,"chose_seed":false,"campfire_upgraded":9,"win_rate":0.0,"timestamp":1611053069,"path_taken":["M","M","M","?","M","R","M","R","T","?","$","M","?","E","R","BOSS","M","M","?","?","?","E","R","E","T","$","R","M","R","?","R","BOSS","M","?","M","M","$","R","E","R","T","R","M","R","E","?","R","BOSS","R","$","E","BOSS"],"items_purchased_type":["Card","Card","Relic","Potion"],"build_version":"2020-12-22","purchased_purges":4,"victory":true,"max_hp_per_floor":[70,70,70,70,70,70,70,70,70,70,70,70,70,70,70,70,70,70,70,70,70,70,70,70,70,70,70,70,70,70,70,70,70,70,70,70,70,70,70,70,70,70,70,70,70,70,70,70,70,70,70,70,70,70,70],"relic_stats":{"counters":[26,125],"Astrolabe":["Burst","Grand Finale","Noxious Fumes"],"PreservedInsect":128,"Cursed Key":0,"Tough Bandages":[297],"Centennial Puzzle":[12],"TheAbacus":[138],"Ornamental Fan":[64],"Pantograph":94,"Bronze Scales":[78],"MealTicket":30,"obtain_stats":[{"Tough Bandages":26,"Centennial Puzzle":47,"TheAbacus":21,"Ornamental Fan":25,"Pantograph":14,"Astrolabe":17,"Bronze Scales":54,"MealTicket":23,"PreservedInsect":41,"Cursed Key":34,"Ring of the Snake":0},{"Tough Bandages":13,"Centennial Puzzle":22,"TheAbacus":11,"Ornamental Fan":13,"Pantograph":8,"Astrolabe":9,"Bronze Scales":25,"MealTicket":12,"PreservedInsect":20,"Cursed Key":16,"Ring of the Snake":0},{"Tough Bandages":66,"Centennial Puzzle":106,"TheAbacus":55,"Ornamental Fan":66,"Pantograph":37,"Astrolabe":47,"Bronze Scales":117,"MealTicket":61,"PreservedInsect":97,"Cursed Key":83,"Ring of the Snake":0}],"Ring of the Snake":[52]},"card_choices":[{"not_picked":["Distraction","Cloak And Dagger"],"picked":"Reflex","floor":1.0},{"not_picked":["PiercingWail","Concentrate"],"picked":"Flechettes","floor":2.0},{"not_picked":["Bane","Underhanded Strike"],"picked":"Tactician","floor":3.0},{"not_picked":["Quick Slash","PiercingWail"],"picked":"Dagger Spray","floor":5.0},{"not_picked":["PiercingWail","Cloak And Dagger"],"picked":"Deadly Poison","floor":7.0},{"not_picked":["Endless Agony","Dagger Spray","Storm of Steel"],"picked":"SKIP","floor":10.0},{"not_picked":["Dodge and Roll","Finisher"],"picked":"Eviscerate","floor":12.0},{"not_picked":["Masterful Stab","Choke"],"picked":"Prepared","floor":14.0},{"not_picked":["Bullet Time","Envenom"],"picked":"Venomology","floor":16.0},{"not_picked":["Cloak And Dagger","Dagger Spray"],"picked":"Underhanded Strike","floor":18.0},{"not_picked":["Quick Slash+1","Deflect","Outmaneuver+1"],"picked":"SKIP","floor":19.0},{"not_picked":["Underhanded Strike+1","Leg Sweep","Terror"],"picked":"SKIP","floor":23.0},{"not_picked":["Poisoned Stab","Flying Knee+1","Finisher"],"picked":"SKIP","floor":25.0},{"not_picked":["Noxious Fumes","Outmaneuver","Quick Slash+1"],"picked":"SKIP","floor":29.0},{"not_picked":["Sucker Punch","Dodge and Roll","Deadly Poison"],"picked":"SKIP","floor":31.0},{"not_picked":["Doppelganger","Glass Knife"],"picked":"Tools of the Trade","floor":33.0},{"not_picked":["Deadly Poison","Quick Slash+1","Dodge and Roll+1"],"picked":"SKIP","floor":35.0},{"not_picked":["Flying Knee","Cloak And Dagger+1"],"picked":"Corpse Explosion","floor":37.0},{"not_picked":["Deflect+1","Flying Knee+1"],"picked":"Catalyst","floor":38.0},{"not_picked":["PiercingWail","Dagger Spray","Flying Knee+1"],"picked":"SKIP","floor":41.0},{"not_picked":["Deadly Poison","Riddle With Holes+1"],"picked":"After Image","floor":45.0},{"not_picked":["Prepared","Heel Hook+1","Leg Sweep"],"picked":"SKIP","floor":47},{"not_picked":["Distraction+1","Dagger Throw","Quick Slash+1"],"picked":"SKIP","floor":48},{"not_picked":["Sucker Punch","Corpse Explosion"],"picked":"Backflip+1","floor":54}],"player_experience":1351914,"relics_obtained":[{"floor":14.0,"key":"Pantograph"},{"floor":23.0,"key":"MealTicket"},{"floor":25.0,"key":"Ornamental Fan"},{"floor":26.0,"key":"Tough Bandages"},{"floor":41.0,"key":"PreservedInsect"},{"floor":47,"key":"Centennial Puzzle"},{"floor":54,"key":"Bronze Scales"}],"event_choices":[{"damage_healed":0.0,"max_hp_gain":0.0,"max_hp_loss":0.0,"gold_gain":0.0,"event_name":"Upgrade Shrine","player_choice":"Upgraded","floor":4.0,"gold_loss":0.0,"damage_taken":0.0,"cards_upgraded":["Setup"]},{"cards_removed":["Grand Finale"],"damage_healed":0.0,"max_hp_gain":0.0,"max_hp_loss":0.0,"gold_gain":0.0,"event_name":"NoteForYourself","player_choice":"Took Card","floor":20.0,"gold_loss":0.0,"damage_taken":0.0,"cards_obtained":["Defend_R"]},{"damage_healed":0.0,"max_hp_gain":0.0,"max_hp_loss":0.0,"gold_gain":0.0,"event_name":"Upgrade Shrine","player_choice":"Upgraded","floor":22.0,"gold_loss":0.0,"damage_taken":0.0,"cards_upgraded":["Acrobatics"]},{"cards_removed":["Defend_G"],"damage_healed":0.0,"max_hp_gain":0.0,"max_hp_loss":0.0,"gold_gain":0.0,"event_name":"Purifier","player_choice":"Purged","floor":36.0,"gold_loss":0.0,"damage_taken":0.0}],"is_beta":false,"boss_relics":[{"not_picked":["SlaversCollar","Pandora\u0027s Box"],"picked":"Astrolabe"},{"not_picked":["Calling Bell","Runic Dome"],"picked":"Cursed Key"}],"items_purged_floors":[11,21,39,53],"is_endless":false,"potions_floor_spawned":[1,5,7,10,14,23,31,37,38,47,54],"ascension_level":0}}