{"host":"i0xrm7p89v8es8ob","time":1611063651,"event":{"mods":["ATMod(°¢èªMod)","AchievementEnabler","Act Like it!","Aspiration","BaseMod","Conspire","Dota2Spire","Minty Spire (QoL Compilation)","MostiFishMod","Pale of the Ancients","Permanent Neow","Quick Restart","Relic Stats","Replay The Spire","Spicy Shops","StSLib","The Gatherer","The IronCluck","The Marked","The Runesmith","[IsaacMod]ÒÔÈö¼âËþ","vexMod","¡¾ÒÅÎï¿¨ÅÆ¡¿REMEMod"],"gold_per_floor":[116,129,143,243,319,347,365,394,406,453,465,477,489,514,526,640,652,681,693,705,736,748,760,760],"floor_reached":23,"language":"ZHS","playtime":547,"items_purged":[],"score":418,"play_id":"56113fe8-5352-40a4-b25d-20b39eae8398","local_time":"20210119214051","is_ascension_mode":true,"campfire_choices":[{"data":"AT_PowerWithin","floor":13,"key":"SMITH"},{"data":"Heavy Blade","floor":15,"key":"SMITH"}],"circlet_count":0,"master_deck":["Strike_R","Strike_R","Strike_R","Strike_R","Strike_R","Defend_R+1","Defend_R","Defend_R","Defend_R","Bash","BettingIsNotGood","AT_PowerWithin+1","Burst","Bomb","Second Wind","Heavy Blade+1","Flex","Massacre","Whirlwind+1","Flex","Offering","Bloodletting","Twin Strike","Anger","J.A.X."],"relics":["REME_ComplimentaryCards","AT_ATBox","HushsDoor","DaveBox","ArrowTower","BelialBook","ExusiaiGun","SynthV:TestCard","aspiration:HatOfInfinitePower","MawBank","Dota2Spire:Butterfly","Blue Doll","PatriotShield","Nilry\u0027s Codex"],"acts_visited":["Exordium","TheCity"],"potions_floor_usage":[],"damage_taken":[{"damage":0,"enemies":"Cultist","floor":1,"turns":1},{"damage":0,"enemies":"2 Louse","floor":2,"turns":1},{"damage":0,"enemies":"Jaw Worm","floor":3,"turns":1},{"damage":0,"enemies":"Gremlin Nob","floor":6,"turns":2},{"damage":0,"enemies":"2 Fungi Beasts","floor":7,"turns":1},{"damage":0,"enemies":"Lagavulin","floor":8,"turns":2},{"damage":0,"enemies":"Gremlin Nob","floor":10,"turns":1},{"damage":0,"enemies":"Looter","floor":14,"turns":1},{"damage":14,"enemies":"Hexaghost","floor":16,"turns":2},{"damage":6,"enemies":"Chosen","floor":18,"turns":1},{"damage":3,"enemies":"2 Thieves","floor":21,"turns":2},{"damage":0,"enemies":"Book of Stabbing","floor":23,"turns":1}],"seed_played":"-3942055339158171393","potions_obtained":[{"floor":3,"key":"EntropicBrew"},{"floor":7,"key":"Regen Potion"},{"floor":14,"key":"REME_GoldPotion"},{"floor":16,"key":"PowerPotion"}],"is_trial":false,"path_per_floor":["M","M","M","?","T","E","M","E","T","E","?","$","R","M","R","B",null,"M","?","?","M","?","E"],"character_chosen":"IRONCLAD","items_purchased":["Bloodletting"],"campfire_rested":0,"item_purchase_floors":[17],"current_hp_per_floor":[80,80,80,80,80,80,80,80,80,80,64,64,64,64,64,50,70,64,48,48,50,50,50,50],"gold":760,"neow_bonus":"BOSS_RELIC","is_daily":false,"chose_seed":false,"campfire_upgraded":2,"win_rate":0.0,"timestamp":1611063651,"path_taken":["M","?","M","?","?","E","M","E","T","E","?","$","R","M","R","BOSS","M","?","?","?","?","E"],"items_purchased_type":["Card"],"build_version":"2020-12-22","purchased_purges":0,"victory":false,"max_hp_per_floor":[80,80,80,80,80,80,80,80,80,80,80,80,80,80,80,80,77,77,77,77,77,77,77,77],"relic_stats":{"counters":[12,16],"MawBank":180,"obtain_stats":[{"KeepersGift":0,"PatriotShield":17,"AT_ATBox":0,"DaveBox":0,"Nilry\u0027s Codex":19,"BelialBook":0,"Blue Doll":10,"ExusiaiGun":0,"MawBank":8,"Burning Blood":0,"SynthV:TestCard":1,"Dota2Spire:Butterfly":9,"HushsDoor":0,"ArrowTower":0,"aspiration:HatOfInfinitePower":6,"REME_ComplimentaryCards":0},{"KeepersGift":0,"PatriotShield":9,"AT_ATBox":0,"DaveBox":0,"Nilry\u0027s Codex":10,"BelialBook":0,"Blue Doll":7,"ExusiaiGun":0,"MawBank":6,"Burning Blood":0,"SynthV:TestCard":1,"Dota2Spire:Butterfly":6,"HushsDoor":0,"ArrowTower":0,"aspiration:HatOfInfinitePower":4,"REME_ComplimentaryCards":0},{"KeepersGift":0,"PatriotShield":12,"AT_ATBox":0,"DaveBox":0,"Nilry\u0027s Codex":13,"BelialBook":0,"Blue Doll":9,"ExusiaiGun":0,"MawBank":8,"Burning Blood":0,"SynthV:TestCard":1,"Dota2Spire:Butterfly":8,"HushsDoor":0,"ArrowTower":0,"aspiration:HatOfInfinitePower":5,"REME_ComplimentaryCards":0}]},"card_choices":[{"not_picked":[],"picked":"BettingIsNotGood","floor":0},{"not_picked":["conspire:Charge","Wild Strike"],"picked":"Bomb","floor":1},{"not_picked":["Combust","Iron Wave","ReplayTheSpireMod:LeadingStrike","Rampage"],"picked":"Second Wind","floor":2},{"not_picked":["Anger","Body Slam","Twin Strike","conspire:Charge"],"picked":"Heavy Blade","floor":3},{"not_picked":["Hemogenesis","Shrug It Off","Armaments","Inflame"],"picked":"Flex","floor":6},{"not_picked":["Havoc","Inflame","Replay:Undeath\u0027s Touch","Bomb"],"picked":"Massacre","floor":7},{"not_picked":["Headbutt","Run Through","Wild Strike","AT_BodySlamDance","conspire:Charge"],"picked":"SKIP","floor":8},{"not_picked":["MostiFishMod:FireWorks","Armaments","MostiFishMod:#F4004","Headbutt"],"picked":"Whirlwind","floor":10},{"not_picked":["Clash","True Grit","Replay:Undeath\u0027s Touch","Inflame"],"picked":"Flex","floor":14},{"not_picked":["Feed","MostiFishMod:UltimateDefense","MostiFishMod:Mania","Eclipse"],"picked":"Offering","floor":16},{"not_picked":["Pommel Strike+1","ReplayTheSpireMod:Limb From Limb","Defy Death+1","Massacre+1"],"picked":"Twin Strike","floor":18},{"not_picked":["Metallicize","Cleave+1","Hemokinesis","Battle Trance"],"picked":"Anger","floor":21}],"player_experience":71879,"relics_obtained":[{"floor":1,"key":"SynthV:TestCard"},{"floor":6,"key":"aspiration:HatOfInfinitePower"},{"floor":8,"key":"MawBank"},{"floor":9,"key":"Dota2Spire:Butterfly"},{"floor":10,"key":"Blue Doll"},{"floor":19,"key":"Nilry\u0027s Codex"}],"event_choices":[{"damage_healed":0,"gold_gain":100,"player_choice":"Pray","damage_taken":0,"max_hp_gain":0,"max_hp_loss":0,"event_name":"Golden Shrine","floor":4,"gold_loss":0},{"damage_healed":0,"gold_gain":0,"player_choice":"Entered Light","damage_taken":16,"max_hp_gain":0,"max_hp_loss":0,"event_name":"Shining Light","floor":11,"gold_loss":0,"cards_upgraded":["Whirlwind","Defend_R"]},{"damage_healed":0,"gold_gain":0,"player_choice":"Obtained Book","damage_taken":16,"max_hp_gain":0,"max_hp_loss":0,"event_name":"Cursed Tome","floor":19,"gold_loss":0},{"damage_healed":0,"gold_gain":0,"player_choice":"Obtain J.A.X.","damage_taken":0,"max_hp_gain":0,"max_hp_loss":0,"event_name":"Drug Dealer","floor":22,"gold_loss":0,"cards_obtained":["J.A.X."]}],"is_beta":false,"boss_relics":[{"not_picked":["FixedStarFall","TakeMeEscape"],"picked":"PatriotShield"},{"not_picked":[]}],"items_purged_floors":[],"is_endless":false,"potions_floor_spawned":[3,7,14,16,21],"killed_by":"Book of Stabbing","ascension_level":5}}