{"host":"a1eatafr7pisesky","time":1611038210,"event":{"mods":["AchievementEnabler","BaseMod","Colored Map","Keyboard Shortcuts","Minty Spire (QoL Compilation)","Replay The Spire","Say the Spire","StSLib","SuperFastMode","everything is the same but u backflip on backflip"],"gold_per_floor":[117,129,142,161,161,187,12,12,12,12,38,38,73,89,89,103,103,103,103],"floor_reached":18,"language":"KOR","playtime":354,"items_purged":["Strike_B"],"score":177,"play_id":"60357233-9ee7-4a57-b9f0-6c54679de717","local_time":"20210119153650","is_ascension_mode":true,"campfire_choices":[{"floor":15.0,"key":"REST"},{"data":"Defragment","floor":17.0,"key":"SMITH"}],"circlet_count":0,"master_deck":["Strike_B","Strike_B","Strike_B","Defend_B","Defend_B","Defend_B","Defend_B","Zap","Dualcast","Chill","Defragment+1","BasicCrystalCard","ReplayTheSpireMod:Repulse","Ball Lightning","Echo Form"],"relics":["Cracked Core","Anchor","MealTicket","Nunchaku"],"acts_visited":["Exordium"],"potions_floor_usage":[],"damage_taken":[{"damage":4.0,"enemies":"Jaw Worm","floor":1.0,"turns":3.0},{"damage":4.0,"enemies":"Cultist","floor":2.0,"turns":3.0},{"damage":4.0,"enemies":"Small Slimes","floor":3.0,"turns":3.0},{"damage":18.0,"enemies":"Red Slaver","floor":4.0,"turns":4.0},{"damage":36.0,"enemies":"Lagavulin","floor":6.0,"turns":9.0},{"damage":27.0,"enemies":"Gremlin Nob","floor":13.0,"turns":4.0},{"damage":10.0,"enemies":"Lots of Slimes","floor":14.0,"turns":4.0},{"damage":3.0,"enemies":"Looter","floor":16.0,"turns":3.0},{"damage":0,"enemies":"Fading Forest","floor":18,"turns":1}],"seed_played":"5511945324181764631","potions_obtained":[{"floor":2.0,"key":"AttackPotion"},{"floor":4.0,"key":"Dexterity Potion"},{"floor":14.0,"key":"Fire Potion"}],"is_trial":false,"path_per_floor":["M","M","M","M","?","E","$","PTL","PTL","$","T","$","E","M","R","M","R","B"],"character_chosen":"DEFECT","items_purchased":["Swift Potion","Block Potion"],"campfire_rested":1,"item_purchase_floors":[7,7],"current_hp_per_floor":[69,65,61,43,43,7,22,22,22,37,37,52,25,15,39,36,36,36,36],"gold":103,"neow_bonus":"RANDOM_EVENT","is_daily":false,"chose_seed":false,"campfire_upgraded":1,"win_rate":0.0,"timestamp":1611038210,"path_taken":["M","M","M","M","?","E","?","PTL","PTL","$","T","$","E","M","R","M","R","BOSS"],"items_purchased_type":["Potion","Potion"],"build_version":"2020-12-22","purchased_purges":1,"victory":false,"max_hp_per_floor":[80,80,80,80,80,80,80,80,80,80,80,80,80,80,80,80,80,80,80],"card_choices":[{"not_picked":["Panic Button","Steam"],"picked":"Chill","floor":1.0},{"not_picked":["Redo","Conserve Battery"],"picked":"Defragment","floor":2.0},{"not_picked":["Stack","Hologram"],"picked":"BasicCrystalCard","floor":3.0},{"not_picked":["Blizzard","Barrage"],"picked":"ReplayTheSpireMod:Repulse","floor":4.0},{"not_picked":["Aggregate","Streamline"],"picked":"Ball Lightning","floor":6.0},{"not_picked":["Stack","White Noise"],"picked":"Echo Form","floor":13.0},{"not_picked":["Redo","Go for the Eyes","Gash"],"picked":"SKIP","floor":14.0},{"not_picked":["Streamline","Barrage","Redo"],"picked":"SKIP","floor":16.0}],"player_experience":323309,"relics_obtained":[{"floor":6.0,"key":"MealTicket"},{"floor":13.0,"key":"Nunchaku"}],"event_choices":[{"damage_healed":0.0,"max_hp_gain":5.0,"max_hp_loss":0.0,"gold_gain":0.0,"event_name":"Big Fish","player_choice":"Donut","floor":0.0,"gold_loss":0.0,"damage_taken":0.0},{"damage_healed":0.0,"max_hp_gain":0.0,"max_hp_loss":0.0,"gold_gain":0.0,"event_name":"WeMeetAgain","player_choice":"Gave Potion","floor":5.0,"gold_loss":0.0,"damage_taken":0.0,"relics_obtained":["Anchor"]}],"is_beta":false,"boss_relics":[],"items_purged_floors":[7],"is_endless":false,"potions_floor_spawned":[2,4,14,16],"killed_by":"Fading Forest","ascension_level":9}}