{"host":"5ty8fyb0ngp9gspj","time":1611029893,"event":{"mods":["2.2 Compatiblity","AchievementEnabler","Act Like it!","BaseMod","Colored Map","Downfall","Minty Spire (QoL Compilation)","Rare Cards Sparkle","Relic Stats","StSLib","The Jungle","slay the spire mod where everything is the same but ironclad has a cowboy hat"],"gold_per_floor":[99,113,124,141,159,259,285,314,314,414,426,441,78,105,120,220,220,120,133,133,43,63,63,63,75,92,92,76,92,92,111,126,228,228,128,128,141,165,185,185,185,85,96,112,129,96,96,96,113,113,113,144,8,8,8,8,8],"floor_reached":56,"language":"ENG","playtime":3329,"items_purged":["Pain"],"score":797,"play_id":"825797d9-53b7-4c17-96a7-07b300e0ca67","local_time":"20210119151813","is_ascension_mode":true,"campfire_choices":[{"data":"bronze:Replicate","floor":1,"key":"SMITH"},{"data":"bronze:CloningBeam","floor":9,"key":"SMITH"},{"data":"bronze:Break","floor":18,"key":"SMITH"},{"data":"bronze:Return","floor":27,"key":"SMITH"},{"floor":35,"key":"RECALL"},{"data":"bronze:Format","floor":42,"key":"SMITH"},{"data":"bronze:Repulsor","floor":47,"key":"SMITH"},{"floor":54,"key":"REST"}],"circlet_count":0,"master_deck":["bronze:Strike","bronze:Strike","bronze:Defend","bronze:Defend","bronze:Defend","bronze:Replicate+1","bronze:Goto","bronze:CloningBeam+1","bronze:CutThrough","bronze:DelayedSlice","bronze:Iterate","bronze:InfiniteBeams","bronze:Flail","bronze:FollowUp","bronze:Return+1","bronze:Fortify","bronze:ChildClass","bronze:Terminator+1","bronze:CutThrough","bronze:Break+1","bronze:WhirlingStrike+1","bronze:Deprecate","bronze:MaxOutput","bronze:FineTuning+1","bronze:ClassDefault+1","bronze:WildBeam+1","bronze:ForceShield+1","bronze:Invalidate+1","bronze:DelayedSlice+1","Necronomicurse","bronze:Terminator+1","bronze:Shield","bronze:Format+1","bronze:WildBeam+1","bronze:Overload+1","bronze:Constructor+1","bronze:BuggyMess+1","bronze:TinkerersToolbox","bronze:Repulsor+1","bronze:DarkDash+1","bronze:BronzeArmor","bronze:DelayedGuard","Blind"],"relics":["bronze:BronzeCore","Akabeko","Happy Flower","Toy Ornithopter","Frozen Eye","Regal Pillow","bronze:MakeshiftBattery","downfall:HeartBlessingGreen","Pantograph","Necronomicon","Runic Dome","downfall:HeartBlessingBlue","Pen Nib","Bottled Lightning","downfall:HeartBlessingRed","Bag of Marbles"],"acts_visited":["Exordium","TheCity","TheBeyond","TheEnding"],"potions_floor_usage":[10,10,13,13,14,16,16,16,25,28,31,32,33,43,50,50,56],"damage_taken":[{"damage":0,"enemies":"Cultist","floor":2,"turns":3},{"damage":1,"enemies":"2 Louse","floor":3,"turns":3},{"damage":1,"enemies":"Jaw Worm","floor":4,"turns":4},{"damage":12,"enemies":"Gremlin Gang","floor":5,"turns":4},{"damage":9,"enemies":"3 Sentries","floor":8,"turns":4},{"damage":32,"enemies":"downfall:LadyInBlue","floor":10,"turns":9},{"damage":0,"enemies":"Large Slime","floor":11,"turns":3},{"damage":0,"enemies":"Lots of Slimes","floor":12,"turns":2},{"damage":1,"enemies":"downfall:FleeingMerchant","floor":13,"turns":4},{"damage":10,"enemies":"Lagavulin","floor":14,"turns":3},{"damage":0,"enemies":"3 Louse","floor":15,"turns":1},{"damage":38,"enemies":"DF_ARCHETYPE_STREAMLINE","floor":16,"turns":11},{"damage":0,"enemies":"Shell Parasite","floor":19,"turns":2},{"damage":12,"enemies":"downfall:FleeingMerchant","floor":21,"turns":4},{"damage":4,"enemies":"Spheric Guardian","floor":22,"turns":3},{"damage":3,"enemies":"Snake Plant","floor":25,"turns":3},{"damage":10,"enemies":"Cultist and Chosen","floor":26,"turns":4},{"damage":10,"enemies":"downfall:FleeingMerchant","floor":28,"turns":4},{"damage":1,"enemies":"Shelled Parasite and Fungi","floor":29,"turns":2},{"damage":9,"enemies":"Snake Plant","floor":31,"turns":3},{"damage":32,"enemies":"Centurion and Healer","floor":32,"turns":4},{"damage":6,"enemies":"WA_ARCHETYPE_CALM","floor":33,"turns":5},{"damage":5,"enemies":"Orb Walker","floor":37,"turns":2},{"damage":9,"enemies":"3 Darklings","floor":39,"turns":3},{"damage":25,"enemies":"Sphere and 2 Shapes","floor":43,"turns":4},{"damage":0,"enemies":"Maw","floor":44,"turns":5},{"damage":5,"enemies":"Writhing Mass","floor":45,"turns":6},{"damage":7,"enemies":"Sphere and 2 Shapes","floor":49,"turns":4},{"damage":38,"enemies":"SI_POISON_ARCHETYPE","floor":50,"turns":8},{"damage":88,"enemies":"downfall:CharBossMerchant","floor":52,"turns":6},{"damage":43,"enemies":"downfall:NeowBoss","floor":55,"turns":22},{"damage":103,"enemies":"downfall:NeowBossFinal","floor":56,"turns":5}],"seed_played":"4382989748441825591","potions_obtained":[{"floor":2,"key":"LiquidMemories"},{"floor":8,"key":"SpeedPotion"},{"floor":10,"key":"bronze:BurnAndBuffPotion"},{"floor":10,"key":"Fire Potion"},{"floor":10,"key":"SmokeBomb"},{"floor":10,"key":"Energy Potion"},{"floor":14,"key":"BlessingOfTheForge"},{"floor":16,"key":"bronze:CleanCodePotion"},{"floor":19,"key":"Block Potion"},{"floor":26,"key":"Guardian:BlockOnCardUsePotion"},{"floor":29,"key":"CultistPotion"},{"floor":31,"key":"bronze:BurnAndBuffPotion"},{"floor":32,"key":"LiquidMemories"},{"floor":37,"key":"Fire Potion"},{"floor":39,"key":"LiquidMemories"},{"floor":45,"key":"FearPotion"}],"is_trial":false,"path_per_floor":["R","M","M","M","M","?","T","E","R","?","M","M","$","E","M","B",null,"R","M","?","$","M","?","T","M","M","R","$","M","?","M","M","B",null,"R","?","M","T","M","?","T","R","M","M","M","$","R","?","M","B",null,"E","$","R","B","B"],"character_chosen":"THE_AUTOMATON","items_purchased":["bronze:ChildClass","SpeedPotion","EssenceOfSteel","Frozen Eye","Pantograph","Fruit Juice","bronze:Repulsor","bronze:DelayedGuard","Blind"],"campfire_rested":1,"item_purchase_floors":[13,13,13,13,28,28,46,53,53],"current_hp_per_floor":[77,77,76,75,63,63,63,54,54,22,22,22,31,26,26,3,77,77,77,77,65,61,61,61,63,53,53,53,52,36,32,5,29,82,92,92,87,87,78,78,78,78,58,58,53,53,53,102,95,74,102,14,14,59,41,0,0],"gold":8,"neow_bonus":"TEN_PERCENT_HP_BONUS","is_daily":false,"chose_seed":false,"campfire_upgraded":6,"win_rate":0.0,"timestamp":1611029893,"path_taken":["R","M","?","M","M","?","T","E","R","?","M","?","$","E","M","BOSS","R","M","?","$","?","?","T","?","M","R","$","M","?","M","M","BOSS","R","?","?","?","M","?","T","R","M","?","M","$","R","?","M","BOSS","E","$","R","BOSS","BOSS"],"items_purchased_type":["Card","Potion","Potion","Relic","Relic","Potion","Card","Card","Card"],"build_version":"2020-12-22","purchased_purges":1,"victory":false,"max_hp_per_floor":[77,77,77,77,77,77,77,77,77,77,77,77,77,77,77,77,77,77,77,77,77,77,77,77,77,77,77,82,82,82,82,82,82,82,92,92,92,92,92,92,92,92,92,92,92,92,92,102,102,102,102,102,102,102,102,102,102],"relic_stats":{"Regal Pillow":15,"Happy Flower":[44],"counters":[32,150],"Pantograph":82,"Pen Nib":[26],"Necronomicon":[36],"obtain_stats":[{"Regal Pillow":14,"bronze:BronzeCore":0,"Happy Flower":8,"downfall:HeartBlessingRed":42,"downfall:HeartBlessingGreen":18,"Pen Nib":38,"Akabeko":7,"Frozen Eye":13,"Runic Dome":34,"downfall:HeartBlessingBlue":35,"Pantograph":28,"Necronomicon":30,"Bag of Marbles":52,"Bottled Lightning":41,"Toy Ornithopter":10,"bronze:MakeshiftBattery":17},{"Regal Pillow":10,"bronze:BronzeCore":0,"Happy Flower":5,"downfall:HeartBlessingRed":24,"downfall:HeartBlessingGreen":12,"Pen Nib":23,"Akabeko":4,"Frozen Eye":9,"Runic Dome":22,"downfall:HeartBlessingBlue":22,"Pantograph":18,"Necronomicon":19,"Bag of Marbles":30,"Bottled Lightning":24,"Toy Ornithopter":6,"bronze:MakeshiftBattery":12},{"Regal Pillow":39,"bronze:BronzeCore":0,"Happy Flower":18,"downfall:HeartBlessingRed":90,"downfall:HeartBlessingGreen":51,"Pen Nib":87,"Akabeko":14,"Frozen Eye":36,"Runic Dome":85,"downfall:HeartBlessingBlue":85,"Pantograph":71,"Necronomicon":73,"Bag of Marbles":123,"Bottled Lightning":90,"Toy Ornithopter":27,"bronze:MakeshiftBattery":51}],"Toy Ornithopter":70},"card_choices":[{"not_picked":["bronze:BitShift","bronze:BronzeArmor"],"picked":"bronze:CloningBeam","floor":2},{"not_picked":["bronze:Flail","bronze:DigitalCarnage"],"picked":"bronze:CutThrough","floor":3},{"not_picked":["bronze:Refactor","bronze:ItsAFeature"],"picked":"bronze:DelayedSlice","floor":4},{"not_picked":["bronze:DelayedSlice","bronze:BitShift"],"picked":"bronze:Iterate","floor":5},{"not_picked":["bronze:Iterate","bronze:FineTuning"],"picked":"bronze:InfiniteBeams","floor":8},{"not_picked":["bronze:DelayedGuard","bronze:ItsAFeature"],"picked":"bronze:Flail","floor":10},{"not_picked":["bronze:BuggyMess","bronze:Overheat"],"picked":"bronze:FollowUp","floor":11},{"not_picked":["bronze:Overheat","bronze:Invalidate"],"picked":"bronze:Return","floor":12},{"not_picked":["bronze:MaxOutput","bronze:Separator"],"picked":"bronze:Fortify","floor":13},{"not_picked":["bronze:Hardcode","bronze:Shield"],"picked":"bronze:Terminator","floor":14},{"not_picked":["bronze:FollowUp","bronze:Iterate"],"picked":"bronze:CutThrough","floor":15},{"not_picked":["bronze:RecursiveStrike","bronze:FindAndReplace"],"picked":"bronze:Break","floor":16},{"not_picked":["bronze:BitShift","bronze:Repulsor+1"],"picked":"bronze:WhirlingStrike+1","floor":19},{"not_picked":["bronze:CutThrough","bronze:RecursiveStrike"],"picked":"bronze:FineTuning+1","floor":21},{"not_picked":["bronze:DigitalCarnage","bronze:WhirlingStrike+1"],"picked":"bronze:ClassDefault+1","floor":22},{"not_picked":["bronze:FineTuning+1","bronze:ForceShield"],"picked":"bronze:WildBeam","floor":25},{"not_picked":["bronze:OilSpill","bronze:Safeguard"],"picked":"bronze:ForceShield+1","floor":26},{"not_picked":["bronze:DelayedSlice+1","bronze:Refactor+1"],"picked":"bronze:Invalidate+1","floor":28},{"not_picked":["bronze:NullPointer","bronze:CutThrough"],"picked":"bronze:DelayedSlice+1","floor":29},{"not_picked":["bronze:Invalidate","bronze:DelayedSlice"],"picked":"bronze:Terminator","floor":31},{"not_picked":["bronze:GetLatest","bronze:Break"],"picked":"bronze:Shield","floor":32},{"not_picked":["bronze:HardenedForm","bronze:HyperBeam"],"picked":"bronze:Format","floor":33},{"not_picked":["bronze:ClassDefault+1","bronze:DelayedSlice+1"],"picked":"bronze:WildBeam+1","floor":37},{"not_picked":["bronze:Flail","bronze:OilSpill+1"],"picked":"bronze:Overload+1","floor":39},{"not_picked":["bronze:Frontload+1","bronze:CutThrough+1"],"picked":"bronze:Constructor+1","floor":43},{"not_picked":["bronze:WhirlingStrike","bronze:BronzeArmor+1"],"picked":"bronze:BuggyMess+1","floor":44},{"not_picked":["bronze:BitShift","bronze:Repulsor+1"],"picked":"bronze:TinkerersToolbox","floor":45},{"not_picked":["bronze:Overheat+1","bronze:CloningBeam+1"],"picked":"bronze:DarkDash+1","floor":49},{"not_picked":["bronze:Overheat","bronze:OilSpill+1"],"picked":"bronze:BronzeArmor","floor":52}],"player_experience":404988,"relics_obtained":[{"floor":7,"key":"Akabeko"},{"floor":8,"key":"Happy Flower"},{"floor":10,"key":"Toy Ornithopter"},{"floor":14,"key":"Regal Pillow"},{"floor":30,"key":"Necronomicon"},{"floor":38,"key":"Pen Nib"},{"floor":41,"key":"Bottled Lightning"},{"floor":52,"key":"Bag of Marbles"}],"event_choices":[],"is_beta":false,"boss_relics":[{"not_picked":["Black Star","Empty Cage"],"picked":"bronze:MakeshiftBattery"},{"not_picked":["Tiny House","Velvet Choker"],"picked":"Runic Dome"}],"items_purged_floors":[21],"is_endless":false,"potions_floor_spawned":[2,8,10,11,14,16,19,26,29,31,32,37,39,45],"killed_by":"downfall:NeowBossFinal","ascension_level":1}}