{"host":"7fyy23rucerupe6i","time":1611046425,"event":{"mods":["BaseMod","Downfall","Minty Spire (QoL Compilation)","StSLib"],"gold_per_floor":[99,113,127,277,296,196,196,96,96,96,114,127,38,38,50,50,50],"floor_reached":16,"language":"ZHS","playtime":964,"items_purged":[],"score":117,"play_id":"daaf5607-4aa2-4828-bff9-171c924f0ad8","local_time":"20210119165345","is_ascension_mode":false,"campfire_choices":[{"floor":1.0,"key":"RECALL"},{"data":"bronze:HardenedForm","floor":6.0,"key":"SMITH"},{"data":"bronze:Goto","floor":8.0,"key":"SMITH"},{"data":"bronze:Replicate","floor":10.0,"key":"SMITH"}],"circlet_count":0,"master_deck":["bronze:Strike","bronze:Strike","bronze:Strike","bronze:Strike","bronze:Defend","bronze:Defend","bronze:Defend","bronze:Defend","bronze:Replicate+1","bronze:Goto+1","bronze:Turbo","bronze:CutThrough","downfall:Icky","bronze:HardenedForm+1","bronze:BitShift","bronze:Repulsor+1","bronze:Branch","bronze:ClassDefault","bronze:GetLatest"],"relics":["bronze:BronzeCore","downfall:HeartBlessingRed","downfall:HeartBlessingBlue","Meat on the Bone"],"acts_visited":["Exordium"],"potions_floor_usage":[15,16],"damage_taken":[{"damage":0.0,"enemies":"Cultist","floor":2.0,"turns":4.0},{"damage":1.0,"enemies":"Jaw Worm","floor":3.0,"turns":5.0},{"damage":0.0,"enemies":"2 Louse","floor":5.0,"turns":2.0},{"damage":8.0,"enemies":"Gremlin Gang","floor":11.0,"turns":6.0},{"damage":8.0,"enemies":"2 Fungi Beasts","floor":12.0,"turns":4.0},{"damage":0.0,"enemies":"downfall:FleeingMerchant","floor":13.0,"turns":4.0},{"damage":4,"enemies":"Gremlin Gang","floor":15,"turns":5},{"damage":64,"enemies":"SI_SHIV_ARCHETYPE","floor":16,"turns":6}],"seed_played":"-6833040517128988005","potions_obtained":[{"floor":2.0,"key":"Fire Potion"},{"floor":12.0,"key":"bronze:BurnAndBuffPotion"}],"is_trial":false,"path_per_floor":["R","M","M","?","M","R","T","R","?","R","M","M","$","?","M","B"],"character_chosen":"THE_AUTOMATON","items_purchased":["bronze:ClassDefault"],"campfire_rested":0,"item_purchase_floors":[13],"current_hp_per_floor":[77,77,76,76,76,76,76,86,83,83,75,67,67,67,63,0,0],"gold":50,"neow_bonus":"TEN_PERCENT_HP_BONUS","is_daily":false,"chose_seed":false,"campfire_upgraded":3,"win_rate":0.0,"timestamp":1611046425,"path_taken":["R","M","M","?","M","R","T","R","?","R","M","M","$","?","M","BOSS"],"items_purchased_type":["Card"],"build_version":"2020-12-22","purchased_purges":0,"victory":false,"max_hp_per_floor":[77,77,77,77,77,77,77,87,87,87,87,87,87,87,87,87,87],"card_choices":[{"not_picked":["bronze:CloningBeam","bronze:BuggyMess"],"picked":"bronze:Turbo","floor":2.0},{"not_picked":["bronze:OilSpill","bronze:BitShift"],"picked":"bronze:CutThrough","floor":3.0},{"not_picked":["bronze:Philosophize","bronze:CutThrough"],"picked":"bronze:HardenedForm","floor":5.0},{"not_picked":["bronze:OilSpill","bronze:Allocate"],"picked":"bronze:BitShift","floor":11.0},{"not_picked":["bronze:Frontload","bronze:FineTuning"],"picked":"bronze:Repulsor","floor":12.0},{"not_picked":["bronze:FollowUp","bronze:BugBarrage"],"picked":"bronze:Branch","floor":13.0},{"not_picked":["bronze:BitShift","bronze:DelayedGuard"],"picked":"bronze:GetLatest","floor":15}],"player_experience":412831,"relics_obtained":[],"event_choices":[{"damage_healed":0.0,"max_hp_gain":0.0,"max_hp_loss":0.0,"gold_gain":0.0,"event_name":"Scrap Ooze","player_choice":"Success","floor":9.0,"gold_loss":0.0,"damage_taken":3.0,"relics_obtained":["Meat on the Bone"]}],"is_beta":false,"boss_relics":[],"items_purged_floors":[],"is_endless":false,"potions_floor_spawned":[2,12],"killed_by":"SI_SHIV_ARCHETYPE","ascension_level":0}}