{"host":"0t7ytk9pge2ncgeb","time":1611091706,"event":{"mods":["2.2 Compatiblity","Act Like it!","Aspiration","BaseMod","Conspire","Downfall","Googly Eyes","Hubris","Infinite Spire","Minty Spire (QoL Compilation)","Relic Stats","Shop Mod","Spicy Shops","StSLib","slay the spire mod where everything is the same but ironclad has a cowboy hat"],"gold_per_floor":[99,117,129,146,180,180,260,260,276,276,118,151,162,180,192,290,290,290,301,301,576,600,624,624,624,637,637,659,121,121,156,171,272,272,272,282,294,309,309,309,309,345,363,363,363,374,374,394,412,412,412,412],"floor_reached":50,"language":"ENG","playtime":4522,"items_purged":["downfall:Malfunctioning"],"score":700,"play_id":"c98eea19-8cd9-438d-a696-02dcdcf76d29","local_time":"20210119162826","is_ascension_mode":false,"campfire_choices":[{"data":"hexamod:Float","floor":1.0,"key":"SMITH"},{"data":"hexamod:Sear","floor":8.0,"key":"SMITH"},{"data":"hexamod:EmpoweredFlame","floor":10.0,"key":"SMITH"},{"data":"hexamod:HexaLevel","floor":18.0,"key":"SMITH"},{"floor":27.0,"key":"REST"},{"data":"hexamod:RadiantFlame","floor":30.0,"key":"SMITH"},{"data":"hexamod:ForkedFlame","floor":35.0,"key":"SMITH"},{"data":"infinitespire:Punishment","floor":44.0,"key":"SMITH"},{"floor":47,"key":"REST"}],"circlet_count":0,"master_deck":["hexamod:Strike","hexamod:Strike","hexamod:Strike+1","hexamod:Strike","hexamod:Defend","hexamod:Defend","hexamod:Defend","hexamod:Defend","hexamod:Sear+1","hexamod:Float+1","hexamod:Firestarter+1","hexamod:AdvancingGuard","hexamod:FirstSeal","hexamod:SoulSteal+1","hexamod:EmpoweredFlame+1","hexamod:HeatCrush","hexamod:RadiantFlame+1","hexamod:BurningTouch","hexamod:GhostOfSpireFuture","hexamod:PhantomFireball","hexamod:HexaLevel+1","hexamod:SecondSeal","hexamod:SpectersWail+1","hexamod:HauntingEcho","hexamod:HeatMetal+1","hexamod:Firestarter","infinitespire:Punishment+1","hexamod:HexaLevel","hexamod:FlamesFromBeyond","hexamod:ForkedFlame+1","hexamod:PowerFromBeyond","hexamod:PhantomCloak+1","hexamod:InspiringFlames+1","hexamod:SwordOfDarkness","infinitespire:Fortify","hexamod:ExtraCrispy+1","hexamod:FastForward","hexamod:ShieldOfDarkness+1"],"relics":["hexamod:SpiritBrand","Potion Belt","HornCleat","Anchor","aspiration:PoetsPen_weak","Bronze Scales","Membership Card","Tiny Chest","Lizard Tail","infinitespire:Lucky Rock","MerchantsRug","aspiration:TomeofQuesting","SacredBark","Letter Opener","infinitespire:PuzzleCube"],"acts_visited":["Exordium","TheCity","TheBeyond"],"potions_floor_usage":[49,50],"damage_taken":[{"damage":0.0,"enemies":"Cultist","floor":2.0,"turns":3.0},{"damage":2.0,"enemies":"Small Slimes","floor":3.0,"turns":4.0},{"damage":0.0,"enemies":"Jaw Worm","floor":4.0,"turns":3.0},{"damage":4.0,"enemies":"conspire:MimicChest","floor":5.0,"turns":6.0},{"damage":0.0,"enemies":"Large Slime","floor":9.0,"turns":3.0},{"damage":0.0,"enemies":"downfall:FleeingMerchant","floor":11.0,"turns":4.0},{"damage":26.0,"enemies":"Lagavulin","floor":12.0,"turns":7.0},{"damage":0.0,"enemies":"conspire:2 RoseBushes","floor":13.0,"turns":4.0},{"damage":0.0,"enemies":"3 Louse","floor":14.0,"turns":4.0},{"damage":0.0,"enemies":"Exordium Wildlife","floor":15.0,"turns":4.0},{"damage":31.0,"enemies":"WA_ARCHETYPE_RETAIN","floor":16.0,"turns":8.0},{"damage":0.0,"enemies":"Shell Parasite","floor":19.0,"turns":3.0},{"damage":33.0,"enemies":"conspire:FuzzyDice","floor":22.0,"turns":6.0},{"damage":6.0,"enemies":"Centurion and Healer","floor":23.0,"turns":6.0},{"damage":11.0,"enemies":"Cultist and Chosen","floor":26.0,"turns":7.0},{"damage":18.0,"enemies":"Snecko","floor":28.0,"turns":5.0},{"damage":0.0,"enemies":"downfall:FleeingMerchant","floor":29.0,"turns":4.0},{"damage":12.0,"enemies":"Nightmare","floor":31.0,"turns":5.0},{"damage":4.0,"enemies":"Centurion and Healer","floor":32.0,"turns":4.0},{"damage":132.0,"enemies":"DF_ARCHETYPE_CLAW","floor":33.0,"turns":10.0},{"damage":32.0,"enemies":"3 Darklings","floor":36.0,"turns":5.0},{"damage":0.0,"enemies":"Orb Walker","floor":37.0,"turns":1.0},{"damage":11.0,"enemies":"Sphere and 2 Shapes","floor":38.0,"turns":5.0},{"damage":45.0,"enemies":"Nemesis","floor":42.0,"turns":5.0},{"damage":0.0,"enemies":"Transient","floor":43.0,"turns":5.0},{"damage":28,"enemies":"Maw","floor":46,"turns":7},{"damage":45,"enemies":"Jaw Worm Horde","floor":48,"turns":4},{"damage":0,"enemies":"3 Darklings","floor":49,"turns":5},{"damage":29,"enemies":"SI_POISON_ARCHETYPE","floor":50,"turns":3}],"seed_played":"-2721158526348802306","potions_obtained":[{"floor":3.0,"key":"SpeedPotion"},{"floor":5.0,"key":"champ:CounterPotion"},{"floor":9.0,"key":"ColorlessPotion"},{"floor":15.0,"key":"Swift Potion"},{"floor":16.0,"key":"Weak Potion"},{"floor":19.0,"key":"Strength Potion"},{"floor":26.0,"key":"BlessingOfTheForge"},{"floor":31.0,"key":"Energy Potion"},{"floor":32.0,"key":"hexamod:DoubleChargePotion"},{"floor":36.0,"key":"conspire:TimeTravelPotion"},{"floor":43.0,"key":"SpeedPotion"},{"floor":46,"key":"Block Potion"},{"floor":48,"key":"CultistPotion"}],"is_trial":false,"path_per_floor":["R","M","M","M","?","?","T","R","M","R","$","E","M","M","M","B",null,"R","M","?","?","M","M","T","?","M","R","M","$","R","NM","M","B",null,"R","M","M","M","?","?","T","E","M","R","AVR","M","R","M","M","B"],"character_chosen":"THE_SPIRIT","items_purchased":["hexamod:RadiantFlame","Membership Card","Tiny Chest","Lizard Tail","infinitespire:Lucky Rock","MerchantsRug"],"campfire_rested":2,"item_purchase_floors":[11,29,29,29,29,29],"current_hp_per_floor":[63,63,61,61,64,64,64,64,71,71,78,59,66,73,80,49,84,84,84,84,84,58,59,59,59,55,80,69,76,76,64,67,3,84,84,59,59,55,55,55,55,62,62,62,62,41,66,21,28,0,0,0],"gold":412,"neow_bonus":"TWENTY_PERCENT_HP_BONUS","is_daily":false,"chose_seed":false,"campfire_upgraded":7,"win_rate":0.0,"timestamp":1611091706,"path_taken":["R","M","M","?","?","?","T","R","M","R","?","E","M","M","M","BOSS","R","M","?","?","?","M","T","?","M","R","M","?","R","NM","M","BOSS","R","M","M","M","?","?","T","E","?","R","AVR","M","R","M","M","BOSS"],"items_purchased_type":["Card","Relic","Relic","Relic","Relic","Relic"],"build_version":"2020-12-22","purchased_purges":1,"victory":false,"max_hp_per_floor":[84,84,84,84,84,84,84,84,84,84,84,84,84,84,84,84,84,84,84,84,84,84,84,84,84,84,84,84,84,84,84,84,84,84,84,84,84,84,84,84,84,84,84,84,84,84,84,84,84,84,84,84],"relic_stats":{"Lizard Tail":42,"counters":[29,140],"Bronze Scales":[205],"Tiny Chest":0,"Letter Opener":[5],"obtain_stats":[{"Potion Belt":5,"MerchantsRug":29,"SacredBark":34,"aspiration:TomeofQuesting":31,"aspiration:PoetsPen_weak":17,"infinitespire:Lucky Rock":29,"Letter Opener":41,"Anchor":12,"Lizard Tail":29,"HornCleat":7,"Bronze Scales":24,"Tiny Chest":29,"Membership Card":29,"hexamod:SpiritBrand":0,"infinitespire:PuzzleCube":42},{"Potion Belt":4,"MerchantsRug":17,"SacredBark":20,"aspiration:TomeofQuesting":18,"aspiration:PoetsPen_weak":11,"infinitespire:Lucky Rock":17,"Letter Opener":23,"Anchor":7,"Lizard Tail":17,"HornCleat":4,"Bronze Scales":14,"Tiny Chest":17,"Membership Card":17,"hexamod:SpiritBrand":0,"infinitespire:PuzzleCube":24},{"Potion Belt":16,"MerchantsRug":81,"SacredBark":100,"aspiration:TomeofQuesting":86,"aspiration:PoetsPen_weak":50,"infinitespire:Lucky Rock":81,"Letter Opener":111,"Anchor":30,"Lizard Tail":81,"HornCleat":16,"Bronze Scales":65,"Tiny Chest":81,"Membership Card":81,"hexamod:SpiritBrand":0,"infinitespire:PuzzleCube":116}]},"card_choices":[{"not_picked":["hexamod:Again","hexamod:FlamesFromBeyond"],"picked":"hexamod:Firestarter","floor":2.0},{"not_picked":["hexamod:GhostLash","hexamod:Haunt"],"picked":"hexamod:AdvancingGuard","floor":3.0},{"not_picked":["hexamod:FlamesFromBeyond","hexamod:TurnItUp"],"picked":"hexamod:FirstSeal","floor":4.0},{"not_picked":["hexamod:BurningTouch","hexamod:RainOfEmbers"],"picked":"hexamod:SoulSteal","floor":5.0},{"not_picked":["hexamod:PhantomCloak","hexamod:NecessarySacrifice"],"picked":"hexamod:EmpoweredFlame","floor":9.0},{"not_picked":["hexamod:RainOfEmbers","hexamod:NightmareGuise"],"picked":"hexamod:HeatCrush","floor":11.0},{"not_picked":["hexamod:Rewind","hexamod:PhantomFireball"],"picked":"hexamod:BurningTouch","floor":12.0},{"not_picked":["hexamod:InspiringFlames","hexamod:SwordOfDarkness"],"picked":"hexamod:GhostOfSpireFuture","floor":13.0},{"not_picked":["hexamod:GhostShield","hexamod:SoulSteal"],"picked":"hexamod:PhantomFireball","floor":14.0},{"not_picked":["hexamod:BacktrackSmack","hexamod:ApocalypseNow","hexamod:RainOfEmbers"],"picked":"SKIP","floor":15.0},{"not_picked":["hexamod:WildfireWeapon","hexamod:TimeOfNeed"],"picked":"hexamod:HexaLevel","floor":16.0},{"not_picked":["hexamod:ThermalTransfer+1","hexamod:SwordOfDarkness+1"],"picked":"hexamod:SecondSeal","floor":19.0},{"not_picked":["hexamod:SuperheatedStrike","hexamod:NightmareStrike"],"picked":"hexamod:SpectersWail+1","floor":22.0},{"not_picked":["hexamod:GhostShield","hexamod:GiftsFromTheDead","hexamod:Hexaguard"],"picked":"SKIP","floor":23.0},{"not_picked":["hexamod:InspiringFlames+1","hexamod:SecondSeal"],"picked":"hexamod:HauntingEcho","floor":26.0},{"not_picked":["hexamod:BurningTouch","hexamod:PhantomCloak+1"],"picked":"hexamod:HeatMetal+1","floor":28.0},{"not_picked":["hexamod:SecondSeal","hexamod:RadiantFlame+1"],"picked":"hexamod:Firestarter","floor":29.0},{"not_picked":["infinitespire:UltimateForm","infinitespire:Oblivion"],"picked":"infinitespire:Punishment","floor":31.0},{"not_picked":["hexamod:Firestarter","hexamod:Haunt"],"picked":"hexamod:HexaLevel","floor":31.0},{"not_picked":["hexamod:BurningTouch","hexamod:NecessarySacrifice"],"picked":"hexamod:FlamesFromBeyond","floor":32.0},{"not_picked":["hexamod:UnlimitedPower","hexamod:HexaLevel"],"picked":"hexamod:ForkedFlame","floor":33.0},{"not_picked":["hexamod:HauntingEcho+1","hexamod:Firestarter+1","hexamod:FlamesFromBeyond+1"],"picked":"SKIP","floor":36.0},{"not_picked":["hexamod:SpectersWail","hexamod:Hexaguard"],"picked":"hexamod:PowerFromBeyond","floor":37.0},{"not_picked":["hexamod:GhostShield","hexamod:FirstSeal"],"picked":"hexamod:PhantomCloak","floor":38.0},{"not_picked":["hexamod:ThirdSeal","hexamod:ChargedBarrage+1"],"picked":"hexamod:InspiringFlames+1","floor":42.0},{"not_picked":["hexamod:HeatMetal+1","hexamod:FourthSeal"],"picked":"hexamod:SwordOfDarkness","floor":43.0},{"not_picked":["hexamod:GhostShield","hexamod:HeatCrush"],"picked":"hexamod:ExtraCrispy+1","floor":46},{"not_picked":["hexamod:FirstSeal","hexamod:GhostLash"],"picked":"hexamod:FastForward","floor":48},{"not_picked":["hexamod:ThermalTransfer","hexamod:CatchUp+1"],"picked":"hexamod:ShieldOfDarkness+1","floor":49}],"player_experience":318415,"relics_obtained":[{"floor":5.0,"key":"Potion Belt"},{"floor":7.0,"key":"HornCleat"},{"floor":12.0,"key":"Anchor"},{"floor":24.0,"key":"Bronze Scales"},{"floor":31.0,"key":"aspiration:TomeofQuesting"},{"floor":41.0,"key":"Letter Opener"},{"floor":42.0,"key":"infinitespire:PuzzleCube"}],"event_choices":[],"is_beta":false,"boss_relics":[{"not_picked":["Philosopher\u0027s Stone","Coffee Dripper"],"picked":"aspiration:PoetsPen_weak"},{"not_picked":["hubris:HollowSoul","aspiration:RitualDagger"],"picked":"SacredBark"}],"items_purged_floors":[11],"is_endless":true,"potions_floor_spawned":[3,5,9,15,16,19,26,31,32,36,43,46,48],"killed_by":"SI_POISON_ARCHETYPE","ascension_level":0}}