{"host":"8d3fefv2347kqkpz","time":1611021496,"event":{"mods":["100% Spire Juice","AchievementEnabler","Act Like it!","Aspiration","BaseMod","Better Vampires","Colored Map","Colored Powertips","Conspire","GifTheSpireLib","Highlight Path","Mimic Mod","Minty Spire (QoL Compilation)","Quick Restart","Reimu£®≤©¿ˆ¡È√Œ£©","Relic Stats","Remilia£®¿Ÿ√◊¿Ú—«£©","Replay The Spire","Spicy Shops","StSLib","The Gatherer","The Jungle","The Senshi","The Servant 0.9.4","Waifu the Spire","vexMod"],"gold_per_floor":[110,285,285,70,30,41,41,49,101,101,113,132,145,145,145,241,241,253,253,253,273,280,280,299,299,299,41,41,56,74,74,74],"floor_reached":31,"language":"ZHS","playtime":1217,"items_purged":["Strike_B","Strike_B","Injury"],"score":247,"play_id":"02873966-0a6e-4d16-a223-578984e12823","local_time":"20210119095816","is_ascension_mode":false,"campfire_choices":[{"data":"Gash","floor":7.0,"key":"SMITH"},{"data":"White Noise","floor":10.0,"key":"SMITH"},{"data":"Genetic Algorithm","floor":15.0,"key":"SMITH"},{"data":"Gash","floor":23.0,"key":"SMITH"},{"data":"Hologram","floor":28.0,"key":"SMITH"}],"circlet_count":0,"master_deck":["Strike_B","Strike_B","Defend_B","Defend_B","Defend_B","Defend_B","Zap","Dualcast","Genetic Algorithm+1","Go for the Eyes+1","Gash+1","White Noise+1","Gash+1","Reprogram+1","BootSequence","Gash+1","Hologram+1","Flash of Steel","Self Repair","Melter+1"],"relics":["PaintedHorse:ReiMu","Bag of Marbles","vexMod:DeviousBotling","SlaversCollar","aspiration:FaultyCoupler","Membership Card","DollysMirror","Art of War"],"acts_visited":["Exordium","TheCity"],"potions_floor_usage":[31],"damage_taken":[{"damage":0.0,"enemies":"Small Slimes","floor":1.0,"turns":3.0},{"damage":0.0,"enemies":"2 Louse","floor":6.0,"turns":3.0},{"damage":1.0,"enemies":"Jaw Worm","floor":8.0,"turns":3.0},{"damage":0.0,"enemies":"2 Fungi Beasts","floor":11.0,"turns":4.0},{"damage":4.0,"enemies":"Looter","floor":12.0,"turns":3.0},{"damage":12.0,"enemies":"Exordium Wildlife","floor":13.0,"turns":5.0},{"damage":34.0,"enemies":"The Guardian","floor":16.0,"turns":9.0},{"damage":6.0,"enemies":"Chosen","floor":18.0,"turns":7.0},{"damage":9.0,"enemies":"Shell Parasite","floor":21.0,"turns":6.0},{"damage":9.0,"enemies":"Centurion and Healer","floor":22.0,"turns":5.0},{"damage":1.0,"enemies":"Shelled Parasite and Fungi","floor":24.0,"turns":7.0},{"damage":41.0,"enemies":"Slavers","floor":29.0,"turns":8.0},{"damage":2.0,"enemies":"Snake Plant","floor":30.0,"turns":5.0},{"damage":17,"enemies":"Centurion and Healer","floor":31,"turns":3}],"seed_played":"-9124922157205720012","potions_obtained":[{"floor":8.0,"key":"Fire Potion"},{"floor":11.0,"key":"CultistPotion"},{"floor":18.0,"key":"EssenceOfSteel"},{"floor":30.0,"key":"Reflective Coating"}],"is_trial":false,"path_per_floor":["M","?","?","$","?","M","R","M","T","R","M","M","M","?","R","B",null,"M","?","?","M","M","R","M","?","T","$","R","E","M","M"],"character_chosen":"DEFECT","items_purchased":["Go for the Eyes+1","Membership Card","DollysMirror","Hologram","Flash of Steel"],"campfire_rested":0,"item_purchase_floors":[4,27,27,27,27],"current_hp_per_floor":[75,75,75,75,75,75,75,74,74,74,74,70,58,58,58,24,75,69,69,69,60,51,51,50,50,50,50,50,9,14,0,0],"gold":74,"neow_bonus":"BOSS_RELIC","is_daily":false,"chose_seed":false,"campfire_upgraded":5,"win_rate":0.0,"timestamp":1611021496,"path_taken":["M","?","?","$","?","M","R","M","T","R","M","M","M","?","R","BOSS","M","?","?","M","M","R","M","?","T","$","R","E","M","M"],"items_purchased_type":["Card","Relic","Relic","Card","Card"],"build_version":"2020-12-22","purchased_purges":3,"victory":false,"max_hp_per_floor":[75,75,75,75,75,75,75,75,75,75,75,75,75,75,75,75,75,75,75,75,75,75,75,75,75,75,75,75,75,75,75,75],"relic_stats":{"counters":[14,71],"Art of War":[0],"obtain_stats":[{"SlaversCollar":17,"PaintedHorse:ReiMu":5,"DollysMirror":27,"vexMod:DeviousBotling":0,"Bag of Marbles":9,"Art of War":29,"Membership Card":27,"Cracked Core":0,"aspiration:FaultyCoupler":26},{"SlaversCollar":7,"PaintedHorse:ReiMu":1,"DollysMirror":11,"vexMod:DeviousBotling":0,"Bag of Marbles":3,"Art of War":12,"Membership Card":11,"Cracked Core":0,"aspiration:FaultyCoupler":11},{"SlaversCollar":30,"PaintedHorse:ReiMu":3,"DollysMirror":55,"vexMod:DeviousBotling":0,"Bag of Marbles":9,"Art of War":63,"Membership Card":55,"Cracked Core":0,"aspiration:FaultyCoupler":55}]},"card_choices":[{"not_picked":["Coolheaded","Glacier"],"picked":"Genetic Algorithm","floor":1.0},{"not_picked":["Self Repair","ReplayTheSpireMod:GoodbyeWorld"],"picked":"Gash","floor":6.0},{"not_picked":["Fusion","Glacier"],"picked":"White Noise","floor":8.0},{"not_picked":["Sunder","Chill","Compile Driver"],"picked":"SKIP","floor":11.0},{"not_picked":["Consume","Leap","Go for the Eyes"],"picked":"SKIP","floor":12.0},{"not_picked":["Coolheaded","Beam Cell","Hello World"],"picked":"SKIP","floor":13.0},{"not_picked":["Beam Cell","Glacier","Compile Driver+1"],"picked":"SKIP","floor":18.0},{"not_picked":["Leap","Hello World+1"],"picked":"Reprogram+1","floor":21.0},{"not_picked":["Leap","Barrage"],"picked":"BootSequence","floor":22.0},{"not_picked":["Steam+1","Cold Snap+1","Beam Cell+1"],"picked":"SKIP","floor":24.0},{"not_picked":["Fusion","Rebound+1"],"picked":"Self Repair","floor":29.0},{"not_picked":["BasicCrystalCard","Go for the Eyes+1"],"picked":"Melter+1","floor":30.0}],"player_experience":118662,"relics_obtained":[{"floor":9.0,"key":"Bag of Marbles"},{"floor":26.0,"key":"aspiration:FaultyCoupler"},{"floor":29.0,"key":"Art of War"}],"event_choices":[{"damage_healed":0.0,"max_hp_gain":0.0,"max_hp_loss":0.0,"gold_gain":175.0,"event_name":"Liars Game","player_choice":"AGREE","floor":2.0,"gold_loss":0.0,"damage_taken":0.0,"cards_obtained":["Doubt"]},{"cards_removed":["Doubt"],"damage_healed":0.0,"max_hp_gain":0.0,"max_hp_loss":0.0,"gold_gain":0.0,"event_name":"Living Wall","player_choice":"Forget","floor":3.0,"gold_loss":0.0,"damage_taken":0.0},{"damage_healed":0.0,"max_hp_gain":0.0,"max_hp_loss":0.0,"gold_gain":0.0,"event_name":"yidonshenshe","player_choice":"»˚«Æ","floor":5.0,"gold_loss":40.0,"damage_taken":0.0,"relics_obtained":["PaintedHorse:ReiMu"]},{"damage_healed":0.0,"max_hp_gain":0.0,"max_hp_loss":0.0,"gold_gain":0.0,"event_name":"conspire:Investor","player_choice":"Leave","floor":19.0,"gold_loss":0.0,"damage_taken":0.0},{"damage_healed":0.0,"max_hp_gain":0.0,"max_hp_loss":0.0,"gold_gain":0.0,"event_name":"The Library","player_choice":"Read","floor":20.0,"gold_loss":0.0,"damage_taken":0.0,"cards_obtained":["Gash"]}],"is_beta":false,"boss_relics":[{"not_picked":["vexMod:TanglingVine","vexMod:EndlessSickness"],"picked":"SlaversCollar"}],"items_purged_floors":[4,4,27],"is_endless":false,"potions_floor_spawned":[8,11,18,30],"killed_by":"Centurion and Healer","ascension_level":0}}