{"host":"ewslc4o3o167ipk9","time":1611024251,"event":{"mods":["BaseMod","Colored Powertips","GifTheSpireLib","HexUI Lib","Minty Spire (QoL Compilation)","Quick Restart","Shop Mod","StSLib","The Bug Knight","The Trickster"],"gold_per_floor":[112,132,95,45,59,59,75,85,108,108,108,123,139,139,139,237,237,250,250,250,250],"floor_reached":20,"language":"ENG","playtime":1156,"items_purged":[],"score":166,"play_id":"1333e744-3db5-47e8-a0d5-b9fc7551a40e","local_time":"20210118214411","is_ascension_mode":false,"campfire_choices":[{"data":"Acrobatics","floor":6,"key":"SMITH"},{"data":"Finisher","floor":10,"key":"SMITH"},{"floor":15,"key":"REST"}],"circlet_count":0,"master_deck":["Strike_G","Strike_G","Strike_G","Defend_G","Defend_G","Defend_G","Defend_G","Defend_G","Survivor","Neutralize","Acrobatics+1","Outmaneuver","Predator","Flying Knee","Flying Knee","Finisher+1","Phantasmal Killer","A Thousand Cuts","Backflip","Burst","Distraction","A Thousand Cuts"],"relics":["Ring of the Snake","NeowsBlessing","Blood Vial","Black Star"],"acts_visited":["Exordium","TheCity"],"potions_floor_usage":[13,16],"damage_taken":[{"damage":0,"enemies":"Small Slimes","floor":1,"turns":1},{"damage":0,"enemies":"Jaw Worm","floor":2,"turns":1},{"damage":0,"enemies":"Cultist","floor":5,"turns":1},{"damage":11,"enemies":"Large Slime","floor":7,"turns":5},{"damage":16,"enemies":"Lots of Slimes","floor":8,"turns":4},{"damage":15,"enemies":"3 Louse","floor":12,"turns":3},{"damage":7,"enemies":"2 Fungi Beasts","floor":13,"turns":2},{"damage":23,"enemies":"Hexaghost","floor":16,"turns":9},{"damage":42,"enemies":"Chosen","floor":18,"turns":8},{"damage":12,"enemies":"Shell Parasite","floor":20,"turns":2}],"seed_played":"5239460105034096680","potions_obtained":[{"floor":1,"key":"Dexterity Potion"},{"floor":5,"key":"ColorlessPotion"},{"floor":12,"key":"AttackPotion"},{"floor":13,"key":"SteroidPotion"},{"floor":16,"key":"Dexterity Potion"}],"is_trial":false,"path_per_floor":["M","M","$","?","M","R","M","M","T","R","?","M","M","$","R","B",null,"M","?","M"],"character_chosen":"THE_SILENT","items_purchased":["Predator"],"campfire_rested":1,"item_purchase_floors":[3],"current_hp_per_floor":[70,70,70,70,70,70,59,43,43,43,43,30,25,25,46,25,70,28,28,18,18],"gold":250,"neow_bonus":"THREE_ENEMY_KILL","is_daily":false,"chose_seed":false,"campfire_upgraded":2,"win_rate":0.0,"timestamp":1611024251,"path_taken":["M","M","$","?","M","R","M","M","T","R","?","M","?","$","R","BOSS","M","?","?"],"items_purchased_type":["Card"],"build_version":"2020-12-22","purchased_purges":0,"victory":false,"max_hp_per_floor":[70,70,70,70,70,70,70,70,70,70,70,70,70,70,70,70,70,70,70,70,70],"card_choices":[{"not_picked":["Dagger Spray","Finisher"],"picked":"Acrobatics","floor":1},{"not_picked":["Dodge and Roll","Masterful Stab"],"picked":"Outmaneuver","floor":2},{"not_picked":["Heel Hook","Dodge and Roll"],"picked":"Flying Knee","floor":5},{"not_picked":["Leg Sweep","Well Laid Plans"],"picked":"Flying Knee","floor":7},{"not_picked":["Predator","Sucker Punch"],"picked":"Finisher","floor":8},{"not_picked":["Dagger Spray","Poisoned Stab"],"picked":"A Thousand Cuts","floor":12},{"not_picked":["Riddle With Holes","Dash"],"picked":"Backflip","floor":13},{"not_picked":["Bullet Time","Unload"],"picked":"Burst","floor":16},{"not_picked":["Prepared","Deflect"],"picked":"Distraction","floor":18}],"player_experience":10811,"relics_obtained":[{"floor":9,"key":"Blood Vial"}],"event_choices":[{"cards_removed":["Strike_G"],"damage_healed":0,"gold_gain":0,"player_choice":"Card Removal","damage_taken":0,"max_hp_gain":0,"max_hp_loss":0,"event_name":"The Cleric","floor":4,"gold_loss":50},{"damage_healed":0,"gold_gain":0,"cards_transformed":["Strike_G"],"player_choice":"Transformed","damage_taken":0,"max_hp_gain":0,"max_hp_loss":0,"event_name":"Transmorgrifier","floor":11,"gold_loss":0,"cards_obtained":["Phantasmal Killer"]},{"damage_healed":0,"gold_gain":0,"player_choice":"Copied","damage_taken":0,"max_hp_gain":0,"max_hp_loss":0,"event_name":"Duplicator","floor":19,"gold_loss":0,"cards_obtained":["A Thousand Cuts"]}],"is_beta":false,"boss_relics":[{"not_picked":["Ring of the Serpent","Ectoplasm"],"picked":"Black Star"}],"items_purged_floors":[],"is_endless":false,"potions_floor_spawned":[1,5,12,13,16],"killed_by":"Shell Parasite","ascension_level":0}}