{"host":"q387i5o1hp66091u","time":1611041211,"event":{"mods":["2.2 Compatiblity","BaseMod","Minty Spire (QoL Compilation)","Rare Cards Sparkle"],"gold_per_floor":[116,135,135,146,146,180,195,195,195,195,205,92,104,133,133,238,238,252,236,256,256,256],"floor_reached":21,"language":"JPN","playtime":957,"items_purged":[],"score":266,"play_id":"53f9e573-8ed9-41a7-bb9a-c55c5b21f41e","local_time":"20210119162651","is_ascension_mode":true,"campfire_choices":[{"data":"Armaments","floor":8.0,"key":"SMITH"},{"data":"Inflame","floor":10.0,"key":"SMITH"},{"data":"Armaments","floor":15.0,"key":"SMITH"}],"circlet_count":0,"master_deck":["Strike_R","Strike_R","Strike_R","Strike_R","Strike_R","Defend_R","Defend_R","Defend_R","Defend_R","Bash","Cleave","Pommel Strike+1","Armaments+1","Wild Strike","Inflame+1","Perfected Strike","Armaments+1","Finesse","Shrug It Off","True Grit","Feed","Pommel Strike","Dropkick","Iron Wave"],"relics":["Black Blood","Bag of Marbles","Pear","Nunchaku","InkBottle"],"acts_visited":["Exordium","TheCity"],"potions_floor_usage":[],"damage_taken":[{"damage":4.0,"enemies":"Small Slimes","floor":1.0,"turns":4.0},{"damage":1.0,"enemies":"Cultist","floor":2.0,"turns":3.0},{"damage":1.0,"enemies":"2 Louse","floor":4.0,"turns":2.0},{"damage":32.0,"enemies":"Gremlin Nob","floor":6.0,"turns":4.0},{"damage":3.0,"enemies":"Blue Slaver","floor":7.0,"turns":3.0},{"damage":11.0,"enemies":"Gremlin Gang","floor":11.0,"turns":3.0},{"damage":7.0,"enemies":"2 Fungi Beasts","floor":13.0,"turns":2.0},{"damage":6.0,"enemies":"3 Sentries","floor":14.0,"turns":6.0},{"damage":31.0,"enemies":"Slime Boss","floor":16.0,"turns":10.0},{"damage":31.0,"enemies":"Chosen","floor":18.0,"turns":5.0},{"damage":23,"enemies":"2 Thieves","floor":19,"turns":4},{"damage":36,"enemies":"Cultist and Chosen","floor":20,"turns":7},{"damage":45,"enemies":"Shelled Parasite and Fungi","floor":21,"turns":6}],"seed_played":"-170269764254359740","potions_obtained":[{"floor":2.0,"key":"Energy Potion"},{"floor":4.0,"key":"FearPotion"},{"floor":13.0,"key":"EssenceOfSteel"},{"floor":16.0,"key":"LiquidBronze"},{"floor":20,"key":"ElixirPotion"}],"is_trial":false,"path_per_floor":["M","M","?","M","?","E","M","R","T","R","M","$","M","E","R","B",null,"M","M","M","M"],"character_chosen":"IRONCLAD","items_purchased":["Armaments","Finesse"],"campfire_rested":0,"item_purchase_floors":[12,12],"current_hp_per_floor":[88,88,88,88,88,72,75,75,75,75,70,70,69,69,69,44,85,66,55,31,0,0],"gold":256,"neow_bonus":"TEN_PERCENT_HP_BONUS","is_daily":false,"chose_seed":false,"campfire_upgraded":3,"win_rate":0.0,"timestamp":1611041211,"path_taken":["M","M","?","M","?","E","M","R","T","R","M","$","M","E","R","BOSS","M","M","M","M"],"items_purchased_type":["Card","Card"],"build_version":"2020-12-22","purchased_purges":0,"victory":false,"max_hp_per_floor":[88,88,88,88,88,98,98,98,98,98,98,98,98,98,98,98,98,98,98,98,98,98],"card_choices":[{"not_picked":["Warcry","Second Wind"],"picked":"Cleave","floor":1.0},{"not_picked":["Disarm","Twin Strike"],"picked":"Pommel Strike","floor":2.0},{"not_picked":["True Grit","Cleave"],"picked":"Armaments","floor":4.0},{"not_picked":["True Grit","Pommel Strike"],"picked":"Wild Strike","floor":6.0},{"not_picked":["True Grit","Clash"],"picked":"Inflame","floor":7.0},{"not_picked":["Cleave","Flame Barrier"],"picked":"Perfected Strike","floor":11.0},{"not_picked":["Twin Strike","Corruption"],"picked":"Shrug It Off","floor":13.0},{"not_picked":["Clothesline","Sever Soul"],"picked":"True Grit","floor":14.0},{"not_picked":["Impervious","Barricade"],"picked":"Feed","floor":16.0},{"not_picked":["Carnage","Rupture+1"],"picked":"Pommel Strike","floor":18.0},{"not_picked":["Dark Embrace","Feel No Pain"],"picked":"Dropkick","floor":19},{"not_picked":["Pommel Strike","Wild Strike"],"picked":"Iron Wave","floor":20}],"player_experience":597991,"relics_obtained":[{"floor":6.0,"key":"Pear"},{"floor":9.0,"key":"Nunchaku"},{"floor":14.0,"key":"InkBottle"}],"event_choices":[{"damage_healed":0.0,"max_hp_gain":0.0,"max_hp_loss":0.0,"gold_gain":0.0,"event_name":"Living Wall","player_choice":"Grow","floor":3.0,"gold_loss":0.0,"damage_taken":0.0,"cards_upgraded":["Pommel Strike"]},{"damage_healed":0.0,"max_hp_gain":0.0,"max_hp_loss":0.0,"gold_gain":0.0,"event_name":"WeMeetAgain","player_choice":"Gave Potion","floor":5.0,"gold_loss":0.0,"damage_taken":0.0,"relics_obtained":["Bag of Marbles"]}],"is_beta":false,"boss_relics":[{"not_picked":["Fusion Hammer","Tiny House"],"picked":"Black Blood"}],"items_purged_floors":[],"is_endless":false,"potions_floor_spawned":[2,4,13,16,20],"killed_by":"Shelled Parasite and Fungi","ascension_level":5}}