{"host":"5kirneupyg4uzd3w","time":1611070176,"event":{"mods":["BaseMod","Colored Map","Custom Start","Minty Spire (QoL Compilation)","StSLib","SuperFastMode"],"gold_per_floor":[129,164,198,198,228,263,263,294,342,267,297,54,54,92,92,189,189,228,228,0,0,33,33,45,82,82,142,62,62,97,117,117,196,246,256,26,26,97,130,130,130],"floor_reached":40,"language":"KOR","playtime":2408,"items_purged":["Strike_R","Cleave","Bash"],"score":854,"play_id":"53488909-97c1-4478-9496-e312f557add7","local_time":"20210120002936","is_ascension_mode":true,"campfire_choices":[{"floor":7.0,"key":"REST"},{"floor":13.0,"key":"REST"},{"data":"Body Slam","floor":15.0,"key":"SMITH"},{"data":"Berserk","floor":23.0,"key":"SMITH"},{"data":"Evolve","floor":29.0,"key":"SMITH"},{"floor":32.0,"key":"REST"}],"circlet_count":0,"master_deck":["AscendersBane","HandOfGreed","Wild Strike","Body Slam+1","Disarm+1","Double Tap","Power Through","Second Wind","Dark Embrace","Shrug It Off","Berserk+1","Evolve+1","Thunderclap","Havoc","Combust","Metallicize","Entrench","Impervious","Dropkick"],"relics":["Burning Blood","Meat on the Bone","The Courier","Boot","Pandora\u0027s Box","Paper Frog","Tiny House","TheAbacus"],"acts_visited":["Exordium","TheCity","TheBeyond"],"potions_floor_usage":[40],"damage_taken":[{"damage":6.0,"enemies":"2 Louse","floor":1.0,"turns":2.0},{"damage":7.0,"enemies":"Jaw Worm","floor":2.0,"turns":2.0},{"damage":7.0,"enemies":"Small Slimes","floor":3.0,"turns":5.0},{"damage":16.0,"enemies":"2 Fungi Beasts","floor":5.0,"turns":3.0},{"damage":47.0,"enemies":"Gremlin Nob","floor":6.0,"turns":5.0},{"damage":45.0,"enemies":"3 Sentries","floor":8.0,"turns":10.0},{"damage":21.0,"enemies":"Blue Slaver","floor":11.0,"turns":6.0},{"damage":35.0,"enemies":"Exordium Thugs","floor":14.0,"turns":6.0},{"damage":10.0,"enemies":"The Guardian","floor":16.0,"turns":17.0},{"damage":37.0,"enemies":"Shell Parasite","floor":18.0,"turns":6.0},{"damage":14.0,"enemies":"Spheric Guardian","floor":22.0,"turns":5.0},{"damage":21.0,"enemies":"Centurion and Healer","floor":24.0,"turns":5.0},{"damage":26.0,"enemies":"Cultist and Chosen","floor":25.0,"turns":7.0},{"damage":25.0,"enemies":"Chosen and Byrds","floor":27.0,"turns":6.0},{"damage":27.0,"enemies":"Snake Plant","floor":30.0,"turns":6.0},{"damage":16.0,"enemies":"Cultist and Chosen","floor":31.0,"turns":5.0},{"damage":41.0,"enemies":"Automaton","floor":33.0,"turns":8.0},{"damage":39.0,"enemies":"3 Darklings","floor":35.0,"turns":8.0},{"damage":6.0,"enemies":"3 Shapes","floor":38.0,"turns":9.0},{"damage":16.0,"enemies":"3 Darklings","floor":39.0,"turns":8.0},{"damage":49,"enemies":"Reptomancer","floor":40,"turns":2}],"seed_played":"6495107604078114918","potions_obtained":[{"floor":2.0,"key":"BloodPotion"},{"floor":6.0,"key":"BloodPotion"},{"floor":11.0,"key":"Fire Potion"},{"floor":14.0,"key":"Block Potion"},{"floor":25.0,"key":"Explosive Potion"},{"floor":27.0,"key":"AttackPotion"},{"floor":31.0,"key":"Fire Potion"},{"floor":34.0,"key":"SkillPotion"},{"floor":35.0,"key":"Block Potion"}],"is_trial":false,"path_per_floor":["M","M","M","?","M","E","R","E","T","?","M","$","R","M","R","B",null,"M","?","?","?","M","R","M","M","T","M","$","R","M","M","R","B",null,"M","$","?","M","M","E"],"character_chosen":"IRONCLAD","items_purchased":["Second Wind","Dark Embrace","Shrug It Off","TheAbacus"],"campfire_rested":3,"item_purchase_floors":[12,12,12,36],"current_hp_per_floor":[50,49,48,48,38,12,34,22,22,22,19,19,41,24,24,32,64,45,45,45,45,49,49,46,38,38,31,31,31,22,24,46,23,67,46,46,46,58,48,0,0],"gold":130,"neow_bonus":"RANDOM_COLORLESS_2","is_daily":false,"chose_seed":false,"campfire_upgraded":3,"win_rate":0.0,"timestamp":1611070176,"path_taken":["M","M","M","?","M","E","R","E","T","?","M","$","R","M","R","BOSS","M","?","?","?","M","R","M","M","T","M","?","R","M","M","R","BOSS","M","$","?","M","?","E"],"items_purchased_type":["Card","Card","Card","Relic"],"build_version":"2020-12-22","purchased_purges":3,"victory":false,"max_hp_per_floor":[75,75,75,75,75,75,75,75,75,75,75,75,75,75,75,75,75,75,75,75,75,75,75,75,75,75,75,75,75,75,75,75,75,80,80,80,80,80,80,80,80],"card_choices":[{"not_picked":["Secret Weapon","Violence"],"picked":"HandOfGreed","floor":0.0},{"not_picked":["Heavy Blade","Hemokinesis"],"picked":"Wild Strike","floor":1.0},{"not_picked":["True Grit","Sword Boomerang"],"picked":"Body Slam","floor":2.0},{"not_picked":["Bloodletting","Shockwave","Havoc"],"picked":"SKIP","floor":3.0},{"not_picked":["Clothesline","Anger"],"picked":"Disarm","floor":5.0},{"not_picked":["Burning Pact","Dual Wield"],"picked":"Double Tap","floor":6.0},{"not_picked":["Rupture","Havoc","Iron Wave"],"picked":"SKIP","floor":8.0},{"not_picked":["Dropkick","Entrench"],"picked":"Power Through","floor":11.0},{"not_picked":["Thunderclap","Warcry","Armaments"],"picked":"SKIP","floor":14.0},{"not_picked":["Reaper","Exhume"],"picked":"Berserk","floor":16.0},{"not_picked":["Perfected Strike","Thunderclap+1","Armaments+1"],"picked":"SKIP","floor":18.0},{"not_picked":["Metallicize","Burning Pact","Pummel"],"picked":"SKIP","floor":22.0},{"not_picked":["Clothesline","True Grit"],"picked":"Entrench","floor":24.0},{"not_picked":["Perfected Strike","Cleave","Combust"],"picked":"SKIP","floor":25.0},{"not_picked":["Havoc","True Grit","Perfected Strike"],"picked":"SKIP","floor":27.0},{"not_picked":["Headbutt","Thunderclap","Clash"],"picked":"SKIP","floor":30.0},{"not_picked":["Warcry","Rupture","Havoc"],"picked":"SKIP","floor":31.0},{"not_picked":["Demon Form","Fiend Fire"],"picked":"Impervious","floor":33.0},{"not_picked":["Shrug It Off","Armaments","Headbutt+1"],"picked":"SKIP","floor":35.0},{"not_picked":["Thunderclap+1","Pommel Strike","Searing Blow"],"picked":"SKIP","floor":38.0},{"not_picked":["Warcry","Dropkick","Disarm+1"],"picked":"SKIP","floor":39.0},{"not_picked":["Warcry","Disarm+1"],"picked":"Dropkick","floor":39.0}],"player_experience":267050,"relics_obtained":[{"floor":6.0,"key":"Meat on the Bone"},{"floor":8.0,"key":"The Courier"},{"floor":9.0,"key":"Boot"},{"floor":26.0,"key":"Paper Frog"}],"event_choices":[{"damage_healed":0.0,"max_hp_gain":0.0,"max_hp_loss":0.0,"gold_gain":0.0,"event_name":"Liars Game","player_choice":"Ignored","floor":4.0,"gold_loss":0.0,"damage_taken":0.0},{"cards_removed":["Strike_R"],"damage_healed":0.0,"max_hp_gain":0.0,"max_hp_loss":0.0,"gold_gain":0.0,"event_name":"The Cleric","player_choice":"Card Removal","floor":10.0,"gold_loss":75.0,"damage_taken":0.0},{"cards_removed":["Rampage"],"damage_healed":0.0,"max_hp_gain":0.0,"max_hp_loss":0.0,"gold_gain":0.0,"event_name":"Back to Basics","player_choice":"Elegance","floor":19.0,"gold_loss":0.0,"damage_taken":0.0},{"damage_healed":0.0,"max_hp_gain":0.0,"max_hp_loss":0.0,"gold_gain":0.0,"event_name":"Masked Bandits","player_choice":"Paid Fearfully","floor":20.0,"gold_loss":228.0,"damage_taken":0.0},{"damage_healed":0.0,"max_hp_gain":0.0,"max_hp_loss":0.0,"gold_gain":0.0,"event_name":"Vampires","player_choice":"Ignored","floor":21.0,"gold_loss":0.0,"damage_taken":0.0},{"damage_healed":0.0,"max_hp_gain":0.0,"max_hp_loss":0.0,"gold_gain":0.0,"event_name":"Match and Keep!","player_choice":"0 cards matched","floor":37.0,"gold_loss":0.0,"damage_taken":0.0,"cards_obtained":[]}],"is_beta":false,"boss_relics":[{"not_picked":["Runic Cube","Fusion Hammer"],"picked":"Pandora\u0027s Box"},{"not_picked":["Black Star","Coffee Dripper"],"picked":"Tiny House"}],"items_purged_floors":[12,28,36],"is_endless":false,"potions_floor_spawned":[2,6,11,14,25,27,31,35],"killed_by":"Reptomancer","ascension_level":20}}