{"host":"mai03x2ekbjy4059","time":1611016986,"event":{"mods":["2.2 Compatiblity","BaseMod","DeckTracker","Keyboard Shortcuts","Minty Spire (QoL Compilation)","Permanent Neow","Quick Restart","SuperFastMode","everything is the same but u backflip on backflip"],"gold_per_floor":[115,115,190,190,202,237,237,256,330,330,76,103,122,157,157,263,272,295,313,313,313,109,143,152,187,212,212,212],"floor_reached":27,"language":"KOR","playtime":521,"items_purged":["Strike_B","Sunder"],"score":331,"play_id":"369b09e0-7beb-433e-a0f0-0c06dfa9d8ab","local_time":"20210119094306","is_ascension_mode":true,"campfire_choices":[{"data":"Zap","floor":7.0,"key":"SMITH"},{"data":"Defragment","floor":10.0,"key":"SMITH"},{"data":"Defragment","floor":15.0,"key":"SMITH"}],"circlet_count":0,"master_deck":["Defend_B","Defend_B","Zap+1","Dualcast","Storm","Defragment+1","Defragment+1","Storm","Thunder Strike","Core Surge","CurseOfTheBell","Conserve Battery","FTL","Conserve Battery","Reboot","Steam","Ball Lightning"],"relics":["Cracked Core","Nunchaku","Happy Flower","PreservedInsect","Regal Pillow","CeramicFish","Calling Bell","Juzu Bracelet","Mercury Hourglass","WingedGreaves","Mango","White Beast Statue","Omamori","Ancient Tea Set"],"acts_visited":["Exordium","TheCity"],"potions_floor_usage":[27],"damage_taken":[{"damage":0.0,"enemies":"2 Louse","floor":1.0,"turns":2.0},{"damage":0.0,"enemies":"Small Slimes","floor":5.0,"turns":3.0},{"damage":26.0,"enemies":"Lagavulin","floor":6.0,"turns":7.0},{"damage":1.0,"enemies":"Cultist","floor":8.0,"turns":3.0},{"damage":11.0,"enemies":"Gremlin Nob","floor":12.0,"turns":3.0},{"damage":8.0,"enemies":"Red Slaver","floor":13.0,"turns":3.0},{"damage":8.0,"enemies":"Lagavulin","floor":14.0,"turns":4.0},{"damage":0.0,"enemies":"Hexaghost","floor":16.0,"turns":7.0},{"damage":30.0,"enemies":"2 Thieves","floor":18.0,"turns":3.0},{"damage":22.0,"enemies":"Slavers","floor":23.0,"turns":3.0},{"damage":16.0,"enemies":"Book of Stabbing","floor":25.0,"turns":4.0},{"damage":21,"enemies":"Slavers","floor":27,"turns":2}],"seed_played":"9014664657420679114","potions_obtained":[{"floor":1.0,"key":"SkillPotion"},{"floor":12.0,"key":"Swift Potion"},{"floor":25.0,"key":"LiquidBronze"}],"is_trial":false,"path_per_floor":["M","?","?","?","M","E","R","M","T","R","$","E","M","E","R","B",null,"M","?","?","?","$","E","?","E","T","E"],"character_chosen":"DEFECT","items_purchased":["PreservedInsect","Storm","Conserve Battery","Reboot"],"campfire_rested":0,"item_purchase_floors":[11,11,22,22],"current_hp_per_floor":[75,75,64,64,64,38,38,37,37,37,37,26,18,10,10,10,75,45,45,59,59,59,37,37,21,21,0,0],"gold":212,"neow_bonus":"TRANSFORM_CARD","is_daily":false,"chose_seed":false,"campfire_upgraded":3,"win_rate":0.0,"timestamp":1611016986,"path_taken":["M","?","?","?","?","E","R","M","T","R","?","E","M","E","R","BOSS","M","?","?","?","$","E","?","E","T","E"],"items_purchased_type":["Relic","Card","Card","Card"],"build_version":"2020-12-22","purchased_purges":2,"victory":false,"max_hp_per_floor":[75,75,75,75,75,75,75,75,75,75,75,75,75,75,75,75,75,75,75,89,89,89,89,89,89,89,89,89],"card_choices":[{"not_picked":["Lockon","Stack"],"picked":"Defragment","floor":1.0},{"not_picked":["Ball Lightning","Steam Power","Skim"],"picked":"SKIP","floor":5.0},{"not_picked":["Go for the Eyes","Recycle","Hello World"],"picked":"SKIP","floor":6.0},{"not_picked":["Stack","Conserve Battery"],"picked":"Defragment","floor":8.0},{"not_picked":["Turbo","Steam Power"],"picked":"Thunder Strike","floor":12.0},{"not_picked":["Gash","Go for the Eyes","Double Energy"],"picked":"SKIP","floor":13.0},{"not_picked":["Glacier","Cold Snap","Go for the Eyes"],"picked":"SKIP","floor":14.0},{"not_picked":["Multi-Cast","Echo Form"],"picked":"Core Surge","floor":16.0},{"not_picked":["Chill","Gash"],"picked":"Conserve Battery","floor":18.0},{"not_picked":["Go for the Eyes","Genetic Algorithm"],"picked":"Steam","floor":23.0},{"not_picked":["Gash","Barrage","Meteor Strike"],"picked":"SKIP","floor":25.0}],"player_experience":1094897,"relics_obtained":[{"floor":6.0,"key":"Happy Flower"},{"floor":12.0,"key":"Regal Pillow"},{"floor":14.0,"key":"CeramicFish"},{"floor":17.0,"key":"Juzu Bracelet"},{"floor":17.0,"key":"Mercury Hourglass"},{"floor":17.0,"key":"WingedGreaves"},{"floor":23.0,"key":"White Beast Statue"},{"floor":25.0,"key":"Omamori"},{"floor":26.0,"key":"Ancient Tea Set"}],"event_choices":[{"cards_removed":["Strike_B"],"damage_healed":0.0,"max_hp_gain":0.0,"max_hp_loss":0.0,"gold_gain":0.0,"event_name":"Living Wall","player_choice":"Forget","floor":2.0,"gold_loss":0.0,"damage_taken":0.0},{"damage_healed":0.0,"max_hp_gain":0.0,"max_hp_loss":0.0,"gold_gain":75.0,"event_name":"World of Goop","player_choice":"Gather Gold","floor":3.0,"gold_loss":0.0,"damage_taken":11.0},{"damage_healed":0.0,"max_hp_gain":0.0,"max_hp_loss":0.0,"gold_gain":0.0,"event_name":"WeMeetAgain","player_choice":"Gave Potion","floor":4.0,"gold_loss":0.0,"damage_taken":0.0,"relics_obtained":["Nunchaku"]},{"damage_healed":0.0,"max_hp_gain":0.0,"max_hp_loss":0.0,"gold_gain":0.0,"cards_transformed":["Strike_B","Defend_B"],"event_name":"Drug Dealer","player_choice":"Became Test Subject","floor":19.0,"gold_loss":0.0,"damage_taken":0.0,"cards_obtained":["FTL","Sunder"]},{"damage_healed":0.0,"max_hp_gain":0.0,"max_hp_loss":0.0,"gold_gain":0.0,"event_name":"The Mausoleum","player_choice":"Opened","floor":20.0,"gold_loss":0.0,"damage_taken":0.0,"relics_obtained":["Mango"]},{"damage_healed":0.0,"max_hp_gain":0.0,"max_hp_loss":0.0,"gold_gain":0.0,"event_name":"Ghosts","player_choice":"Ignored","floor":21.0,"gold_loss":0.0,"damage_taken":0.0},{"damage_healed":0.0,"max_hp_gain":0.0,"max_hp_loss":0.0,"gold_gain":0.0,"cards_transformed":["Defend_B"],"event_name":"Transmorgrifier","player_choice":"Transformed","floor":24.0,"gold_loss":0.0,"damage_taken":0.0,"cards_obtained":["Ball Lightning"]}],"is_beta":false,"boss_relics":[{"not_picked":["Runic Pyramid","Runic Dome"],"picked":"Calling Bell"}],"items_purged_floors":[11,22],"is_endless":false,"potions_floor_spawned":[1,12,25],"killed_by":"Slavers","ascension_level":1}}