{"host":"0x0gr83ly0vxzjzg","time":1611078258,"event":{"mods":["BaseMod","Better Skull","Hubris","Infinite Spire","Minty Spire (QoL Compilation)","Shop Mod","StSLib","The Cursed"],"gold_per_floor":[115,115,290,304,304,304,319,348,374,374,392,404,404,422,422,520,520,537,547,567,577,577,610,360,360,360,360,374,374,247,260,260,364,364,383,383,383,395,409,409,409,409,409,409,409,437,461,484,496,508],"floor_reached":51,"language":"ENG","playtime":3635,"items_purged":[],"score":724,"play_id":"7e3c6ce2-3c39-4094-a5e6-439acb758e2e","local_time":"20210119124418","is_ascension_mode":false,"campfire_choices":[{"data":"TheCursedMod:HellsGateOpen","floor":6.0,"key":"SMITH"},{"floor":15.0,"key":"REST"},{"floor":25,"key":"REST"},{"floor":29,"key":"REST"},{"floor":32,"key":"REST"},{"data":"hubris:InfiniteBlow","floor":40,"key":"SMITH"},{"data":"hubris:InfiniteBlow+1","floor":42,"key":"SMITH"},{"data":"hubris:InfiniteBlow+2","floor":45,"key":"SMITH"},{"data":"hubris:InfiniteBlow+3","floor":49,"key":"SMITH"}],"circlet_count":0,"master_deck":["TheCursedMod:Strike_TheCursed","TheCursedMod:Strike_TheCursed","TheCursedMod:Strike_TheCursed","TheCursedMod:Defend_TheCursed","TheCursedMod:Defend_TheCursed+1","TheCursedMod:CursedWand","TheCursedMod:CleanUpWorkshop+1","TheCursedMod:Dregs","TheCursedMod:SpitefulPray","Doubt","TheCursedMod:HellsGateOpen+1","TheCursedMod:CursedStaff+1","TheCursedMod:SmokeScreen","TheCursedMod:AbyssShockwave","TheCursedMod:Wield+1","TheCursedMod:AbyssShockwave","TheCursedMod:ForbiddenAlchemy","CurseOfTheBell","TheCursedMod:CursedMace","TheCursedMod:FleshFromBone+1","TheCursedMod:SoulReap","hubris:InfiniteBlow+4","TheCursedMod:WearCloak","TheCursedMod:WearCloak","Secret Technique","TheCursedMod:TacticalStrike","TheCursedMod:CircleOfFlame","TheCursedMod:Wield","TheCursedMod:SpitefulPlan","TheCursedMod:SpitefulPray","TheCursedMod:NeowsMight","TheCursedMod:CircleOfAmplification+1","TheCursedMod:CursedArmor+1","TheCursedMod:PrepareRite+1","TheCursedMod:AbyssShockwave","infinitespire:FutureSight","hubris:Fate","TheCursedMod:WearCloak+1","TheCursedMod:HellfireBreathing+1","TheCursedMod:LuckyCharm","TheCursedMod:SmokeScreen+1","TheCursedMod:SoulReap+1"],"relics":["TheCursedMod:BlackMagic101","NeowsBlessing","hubris:GlazedTorus","Pen Nib","infinitespire:PuzzleCube","hubris:Icosahedron","Calling Bell","Omamori","White Beast Statue","Thread and Needle","Nunchaku","Whetstone","Lizard Tail","Astrolabe","hubris:KleinBottle","Toy Ornithopter","hubris:AstralHammer","MawBank"],"acts_visited":["Exordium","TheCity","TheBeyond"],"potions_floor_usage":[33,33,33,33,33,33,33,38,39,46,46,46,47,48,48,50,50,50,50,50,50,50,50],"damage_taken":[{"damage":0.0,"enemies":"Small Slimes","floor":1.0,"turns":1.0},{"damage":0.0,"enemies":"2 Louse","floor":4.0,"turns":1.0},{"damage":0.0,"enemies":"Jaw Worm","floor":7.0,"turns":1.0},{"damage":5.0,"enemies":"3 Sentries","floor":8.0,"turns":6.0},{"damage":0.0,"enemies":"Blue Slaver","floor":11.0,"turns":2.0},{"damage":6.0,"enemies":"Exordium Wildlife","floor":12.0,"turns":3.0},{"damage":0.0,"enemies":"3 Louse","floor":14.0,"turns":1.0},{"damage":3.0,"enemies":"Slime Boss","floor":16.0,"turns":4.0},{"damage":16.0,"enemies":"2 Thieves","floor":18.0,"turns":3.0},{"damage":16.0,"enemies":"Spheric Guardian","floor":19.0,"turns":4.0},{"damage":21.0,"enemies":"Shelled Parasite and Fungi","floor":20.0,"turns":4.0},{"damage":20.0,"enemies":"Cultist and Chosen","floor":21.0,"turns":7.0},{"damage":44.0,"enemies":"Slavers","floor":23.0,"turns":6.0},{"damage":40,"enemies":"Centurion and Healer","floor":28,"turns":4},{"damage":20,"enemies":"Snake Plant","floor":31,"turns":5},{"damage":88,"enemies":"Automaton","floor":33,"turns":9},{"damage":12,"enemies":"3 Shapes","floor":35,"turns":1},{"damage":0,"enemies":"Orb Walker","floor":38,"turns":1},{"damage":32,"enemies":"Writhing Mass","floor":39,"turns":5},{"damage":22,"enemies":"Reptomancer","floor":46,"turns":4},{"damage":3,"enemies":"Spire Growth","floor":47,"turns":4},{"damage":0,"enemies":"Sphere and 2 Shapes","floor":48,"turns":4},{"damage":65,"enemies":"infinitespire:MassOfShapes","floor":50,"turns":5}],"seed_played":"-5972138957987849660","potions_obtained":[{"floor":4.0,"key":"EssenceOfSteel"},{"floor":11.0,"key":"Regen Potion"},{"floor":18.0,"key":"Explosive Potion"},{"floor":19.0,"key":"Regen Potion"},{"floor":20.0,"key":"SteroidPotion"},{"floor":21.0,"key":"SneckoOil"},{"floor":23.0,"key":"SpeedPotion"},{"floor":28,"key":"Dexterity Potion"},{"floor":31,"key":"ColorlessPotion"},{"floor":33,"key":"SpeedPotion"},{"floor":35,"key":"Fire Potion"},{"floor":38,"key":"ColorlessPotion"},{"floor":39,"key":"DistilledChaos"},{"floor":44,"key":"PowerPotion"},{"floor":46,"key":"Weak Potion"},{"floor":47,"key":"Regen Potion"},{"floor":48,"key":"Strength Potion"}],"is_trial":false,"path_per_floor":["M","?","?","M","T","R","M","E","T","?","M","M","?","M","R","B",null,"M","M","M","M","AVR","E","$","R","T","?","M","R","$","M","R","B",null,"M","AVR","$","M","M","R","?","R","T","?","R","E","M","M","R","B",null],"character_chosen":"THE_CURSED","items_purchased":["TheCursedMod:WearCloak","Secret Technique","TheCursedMod:TacticalStrike","TheCursedMod:Wield","TheCursedMod:SpitefulPlan","hubris:KleinBottle","Toy Ornithopter"],"campfire_rested":4,"item_purchase_floors":[24,24,24,30,30,37,37],"current_hp_per_floor":[75,60,60,60,60,60,60,55,55,55,55,49,49,49,71,72,75,59,43,49,50,50,22,22,44,44,44,10,32,32,17,39,37,75,68,68,39,51,33,33,52,52,52,52,52,45,47,75,75,67],"gold":520,"neow_bonus":"THREE_ENEMY_KILL","is_daily":false,"chose_seed":false,"campfire_upgraded":5,"win_rate":0.0,"timestamp":1611078258,"path_taken":["M","?","?","M","?","R","?","E","T","?","M","M","?","M","R","BOSS","M","?","M","?","AVR","E","$","R","T","?","?","R","?","M","R","BOSS","M","AVR","?","?","M","R","?","R","T","?","R","E","M","?","R","BOSS"],"items_purchased_type":["Card","Card","Card","Card","Card","Relic","Relic"],"build_version":"2020-12-22","purchased_purges":0,"victory":true,"max_hp_per_floor":[75,75,75,75,75,75,75,75,75,75,75,75,75,75,75,75,75,75,75,75,75,75,75,75,75,75,75,75,75,75,75,75,75,75,75,75,75,75,75,75,75,75,75,75,75,75,75,75,75,75],"card_choices":[{"not_picked":["TheCursedMod:VitalStrike","TheCursedMod:Stigma"],"picked":"TheCursedMod:SpitefulPray","floor":1.0},{"not_picked":["TheCursedMod:CircleOfCorruption","TheCursedMod:CursedArmor"],"picked":"TheCursedMod:HellsGateOpen","floor":4.0},{"not_picked":["TheCursedMod:Stretching","TheCursedMod:ParallelWorld"],"picked":"TheCursedMod:CursedStaff","floor":7.0},{"not_picked":["TheCursedMod:HellsGateOpen","TheCursedMod:RapidMovement"],"picked":"TheCursedMod:SmokeScreen","floor":8.0},{"not_picked":["TheCursedMod:PrepareRite","TheCursedMod:VitalStrike"],"picked":"TheCursedMod:AbyssShockwave","floor":11.0},{"not_picked":["TheCursedMod:SpreadPlague","TheCursedMod:VitalStrike"],"picked":"TheCursedMod:Wield","floor":12.0},{"not_picked":["TheCursedMod:CircleOfWindfury","TheCursedMod:CursedShiv"],"picked":"TheCursedMod:AbyssShockwave","floor":14.0},{"not_picked":["TheCursedMod:Neurasthenia","TheCursedMod:UltimatePain"],"picked":"TheCursedMod:ForbiddenAlchemy","floor":16.0},{"not_picked":["TheCursedMod:BlessingInDisguise","TheCursedMod:SurpriseAttack+1"],"picked":"TheCursedMod:CursedMace","floor":18.0},{"not_picked":["TheCursedMod:Torture","TheCursedMod:SpreadPlague"],"picked":"TheCursedMod:FleshFromBone+1","floor":19.0},{"not_picked":["TheCursedMod:SurpriseAttack","TheCursedMod:PrepareRite+1"],"picked":"TheCursedMod:SoulReap","floor":20.0},{"not_picked":["TheCursedMod:VitalStrike","TheCursedMod:Torture"],"picked":"TheCursedMod:EmpowerCircles","floor":21.0},{"not_picked":["TheCursedMod:Mangle+1","TheCursedMod:StingEye"],"picked":"TheCursedMod:WearCloak","floor":23.0},{"not_picked":["TheCursedMod:SpitefulPlan","TheCursedMod:CursedAmulet"],"picked":"TheCursedMod:CircleOfFlame","floor":28},{"not_picked":["TheCursedMod:Stigma","TheCursedMod:ReleasedKnowledge"],"picked":"TheCursedMod:SpitefulPray","floor":31},{"not_picked":["TheCursedMod:StunningStrike","TheCursedMod:AntiAging"],"picked":"TheCursedMod:NeowsMight","floor":33},{"not_picked":["TheCursedMod:RapidMovement","TheCursedMod:TacticalStrike"],"picked":"TheCursedMod:AbyssShockwave","floor":35},{"not_picked":["infinitespire:Execution","infinitespire:Punishment"],"picked":"hubris:Fate","floor":37},{"not_picked":["TheCursedMod:Mangle+1","TheCursedMod:BlessingInDisguise+1"],"picked":"TheCursedMod:WearCloak+1","floor":38},{"not_picked":["TheCursedMod:SpitefulStrike","TheCursedMod:Stretching+1"],"picked":"TheCursedMod:HellfireBreathing+1","floor":39},{"not_picked":["TheCursedMod:OutForBlood","TheCursedMod:NeowsMight"],"picked":"TheCursedMod:LuckyCharm","floor":46},{"not_picked":["TheCursedMod:Torture","TheCursedMod:CircleOfWindfury+1"],"picked":"TheCursedMod:SmokeScreen+1","floor":47},{"not_picked":["TheCursedMod:RapidMovement+1","TheCursedMod:Wield"],"picked":"TheCursedMod:SoulReap+1","floor":48}],"player_experience":96860,"relics_obtained":[{"floor":5.0,"key":"hubris:GlazedTorus"},{"floor":8.0,"key":"Pen Nib"},{"floor":9.0,"key":"infinitespire:PuzzleCube"},{"floor":17.0,"key":"Omamori"},{"floor":17.0,"key":"White Beast Statue"},{"floor":17.0,"key":"Thread and Needle"},{"floor":23.0,"key":"Whetstone"},{"floor":26,"key":"Lizard Tail"},{"floor":43,"key":"hubris:AstralHammer"},{"floor":46,"key":"MawBank"}],"event_choices":[{"damage_healed":0.0,"max_hp_gain":0.0,"max_hp_loss":0.0,"gold_gain":0.0,"event_name":"Shining Light","player_choice":"Entered Light","floor":2.0,"gold_loss":0.0,"damage_taken":15.0,"cards_upgraded":["TheCursedMod:CleanUpWorkshop","TheCursedMod:Defend_TheCursed"]},{"damage_healed":0.0,"max_hp_gain":0.0,"max_hp_loss":0.0,"gold_gain":175.0,"event_name":"Liars Game","player_choice":"AGREE","floor":3.0,"gold_loss":0.0,"damage_taken":0.0,"cards_obtained":["Doubt"]},{"damage_healed":0.0,"max_hp_gain":0.0,"max_hp_loss":0.0,"gold_gain":0.0,"event_name":"NoteForYourself","player_choice":"Ignored","floor":13.0,"gold_loss":0.0,"damage_taken":0.0},{"cards_removed":["TheCursedMod:EmpowerCircles"],"damage_healed":0,"gold_gain":0,"player_choice":"Purged","damage_taken":0,"max_hp_gain":0,"max_hp_loss":0,"event_name":"Purifier","floor":27,"gold_loss":0},{"damage_healed":19,"gold_gain":0,"player_choice":"Writhe","damage_taken":0,"max_hp_gain":0,"max_hp_loss":0,"event_name":"Winding Halls","floor":41,"gold_loss":0,"cards_obtained":["Writhe"]},{"damage_healed":0,"gold_gain":0,"player_choice":"Got Potions","damage_taken":0,"max_hp_gain":0,"max_hp_loss":0,"event_name":"Lab","floor":44,"gold_loss":0}],"is_beta":false,"boss_relics":[{"not_picked":["Velvet Choker","TheCursedMod:FourLeafCloverCharm"],"picked":"Calling Bell"},{"not_picked":["Sozu","hubris:Stopwatch"],"picked":"Astrolabe"}],"items_purged_floors":[],"is_endless":false,"potions_floor_spawned":[4,11,18,19,20,21,23,28,31,33,35,38,39,46,47,48],"ascension_level":0}}