{"host":"rzpi613efy9j52u4","time":1611015428,"event":{"mods":["Aspiration","BaseMod","Colored Powertips","Downfall","Hermit","Hubris","Minty Spire (QoL Compilation)","Rare Cards Sparkle","StSLib"],"gold_per_floor":[99,114,564,584,78,108,108,108,125,125,160,173,73,83,93,93,93],"floor_reached":16,"language":"ENG","playtime":1441,"items_purged":[],"score":102,"play_id":"7f930477-9d1b-4190-a776-5c3bfe70879d","local_time":"20210118191708","is_ascension_mode":false,"campfire_choices":[{"data":"hermit:Covet","floor":1,"key":"SMITH"},{"data":"Thinking Ahead","floor":10,"key":"SMITH"},{"floor":13,"key":"REST"}],"circlet_count":0,"master_deck":["hermit:Strike_Hermit","hermit:Strike_Hermit","hermit:Strike_Hermit","hermit:Strike_Hermit","hermit:Defend_Hermit","hermit:Defend_Hermit","hermit:Defend_Hermit","hermit:Defend_Hermit","hermit:Snapshot","hermit:Covet+1","hermit:Desperado","downfall:Icky","downfall:Icky","downfall:Icky","hermit:Dive","hermit:ShadowCloak","Thinking Ahead+1","hermit:CalledShot","hermit:GoldenBullet","hermit:TrackingShot","hermit:EyeOfTheStorm","hermit:Quickdraw","hermit:FlashPowder"],"relics":["hermit:Momento","hubris:PeanutButter","aspiration:HummingbirdHeart","hubris:TinFlute","hubris:MedicalManual","downfall:HeartBlessingGreen"],"acts_visited":["Exordium"],"potions_floor_usage":[11,12,16],"damage_taken":[{"damage":0,"enemies":"2 Louse","floor":2,"turns":3},{"damage":0,"enemies":"Small Slimes","floor":4,"turns":2},{"damage":1,"enemies":"downfall:FleeingMerchant","floor":5,"turns":4},{"damage":1,"enemies":"Jaw Worm","floor":9,"turns":4},{"damage":78,"enemies":"Gremlin Nob","floor":11,"turns":7},{"damage":1,"enemies":"Large Slime","floor":12,"turns":6},{"damage":0,"enemies":"2 Fungi Beasts","floor":14,"turns":3},{"damage":0,"enemies":"3 Louse","floor":15,"turns":2},{"damage":77,"enemies":"DF_ARCHETYPE_STREAMLINE","floor":16,"turns":14}],"seed_played":"4182860636522152178","potions_obtained":[{"floor":4,"key":"Swift Potion"},{"floor":9,"key":"Regen Potion"},{"floor":12,"key":"Explosive Potion"}],"is_trial":false,"path_per_floor":["R","M","?","M","$","?","T","?","M","R","E","M","R","M","M","B"],"character_chosen":"HERMIT","items_purchased":["hubris:PeanutButter","Thinking Ahead","hermit:CalledShot"],"campfire_rested":1,"item_purchase_floors":[5,5,5],"current_hp_per_floor":[82,82,82,82,81,81,81,81,80,80,2,16,40,40,40,0,0],"gold":93,"neow_bonus":"TEN_PERCENT_HP_BONUS","is_daily":false,"chose_seed":false,"campfire_upgraded":2,"win_rate":0.0,"timestamp":1611015428,"path_taken":["R","M","?","M","$","?","T","?","M","R","E","M","R","M","M","BOSS"],"items_purchased_type":["Relic","Card","Card"],"build_version":"2020-12-13","purchased_purges":0,"victory":false,"max_hp_per_floor":[82,82,82,82,82,82,82,82,82,82,82,82,82,82,82,82,82],"card_choices":[{"not_picked":["hermit:WideOpen","hermit:HoleUp"],"picked":"hermit:Desperado","floor":2},{"not_picked":["hermit:Virtue","hermit:Showdown"],"picked":"hermit:Dive","floor":4},{"not_picked":["hermit:Determination","hermit:Coalescence"],"picked":"hermit:ShadowCloak","floor":5},{"not_picked":["hermit:Dive","hermit:CalledShot"],"picked":"hermit:GoldenBullet","floor":9},{"not_picked":["hermit:GoldenBullet","hermit:Dive"],"picked":"hermit:TrackingShot","floor":11},{"not_picked":["hermit:Headshot","hermit:Manifest"],"picked":"hermit:EyeOfTheStorm","floor":12},{"not_picked":["hermit:Spite","hermit:FinalCanter"],"picked":"hermit:Quickdraw","floor":14},{"not_picked":["hermit:WideOpen","hermit:Midnight"],"picked":"hermit:FlashPowder","floor":15}],"player_experience":34377,"relics_obtained":[{"floor":7,"key":"hubris:TinFlute"},{"floor":11,"key":"hubris:MedicalManual"}],"event_choices":[],"is_beta":false,"boss_relics":[],"items_purged_floors":[],"is_endless":false,"potions_floor_spawned":[4,9,12],"killed_by":"DF_ARCHETYPE_STREAMLINE","ascension_level":0}}