{"host":"«Â«˛","time":1611068081,"event":{"mods":["BaseMod","Colored Powertips","Marisa£®ÏF”Í°°ƒß¿Ì…≥£©","Minty Spire (QoL Compilation)","Quick Restart","StSLib"],"gold_per_floor":[111,11,11,11,24,24,24,24,24,42,42,7,27,57,57,156,156,170,269,279,27,27,27,56,56,56,56,68,68,21,55,55,153,153,166,166,241,190,190,190,190,190,190,145,145,165,199,53,53,53],"floor_reached":51,"language":"ZHS","playtime":2543,"items_purged":[],"score":903,"play_id":"fbfe74b0-1e96-408a-9c70-2405eac94e4d","local_time":"20210119225441","daily_mods":["SealedDeck","Heirloom","Time Dilation","Flight"],"is_ascension_mode":false,"campfire_choices":[{"data":"PowerUp","floor":6,"key":"SMITH"},{"data":"PowerUp","floor":7,"key":"SMITH"},{"data":"PowerUp","floor":8,"key":"SMITH"},{"data":"ManaRampage","floor":15,"key":"SMITH"},{"data":"MachineGunSpark","floor":23,"key":"SMITH"},{"data":"Acceleration","floor":25,"key":"SMITH"},{"data":"Acceleration","floor":27,"key":"SMITH"},{"data":"Acceleration","floor":29,"key":"SMITH"},{"data":"AsteroidBelt","floor":32,"key":"SMITH"},{"data":"PowerUp","floor":40,"key":"SMITH"},{"data":"PowerUp","floor":41,"key":"SMITH"},{"data":"UltimateShortwave","floor":42,"key":"SMITH"},{"data":"AsteroidBelt","floor":45,"key":"SMITH"},{"floor":49,"key":"REST"}],"circlet_count":0,"master_deck":["AsteroidBelt+1","UnstableBomb","Acceleration+1","UnstableBomb","UnstableBomb","PowerUp+1","PowerUp+1","PowerUp+1","MachineGunSpark+1","AsteroidBelt+1","Acceleration+1","Acceleration+1","ShootTheMoon","SporeBomb","ManaRampage+1","ShootTheMoon","AsteroidBelt","Parasite","Parasite","UnstableBomb","DoubleSpark","DoubleSpark","AsteroidBelt","DoubleSpark","UltimateShortwave+1","PowerUp+1","Writhe","PowerUp+1","DoubleSpark","CollectingQuirk"],"relics":["BewitchedHakkero","Gambling Chip","Peace Pipe","Frozen Egg 2","Unceasing Top","Mercury Hourglass","ShroomBag","Singing Bowl","Ornamental Fan","Blue Candle","SacredBark","Darkstone Periapt","Letter Opener","TungstenRod","HandDrill"],"acts_visited":["Exordium","TheCity","TheBeyond"],"potions_floor_usage":[24,50,50,50],"damage_taken":[{"damage":0,"enemies":"Cultist","floor":1,"turns":1},{"damage":3,"enemies":"Jaw Worm","floor":5,"turns":2},{"damage":0,"enemies":"Small Slimes","floor":10,"turns":1},{"damage":0,"enemies":"Looter","floor":13,"turns":1},{"damage":0,"enemies":"Gremlin Nob","floor":14,"turns":1},{"damage":0,"enemies":"Slime Boss","floor":16,"turns":3},{"damage":0,"enemies":"Spheric Guardian","floor":18,"turns":1},{"damage":2,"enemies":"Chosen","floor":20,"turns":2},{"damage":0,"enemies":"Gremlin Leader","floor":24,"turns":3},{"damage":0,"enemies":"3 Cultists","floor":28,"turns":2},{"damage":3,"enemies":"Slavers","floor":31,"turns":2},{"damage":45,"enemies":"Champ","floor":33,"turns":6},{"damage":20,"enemies":"3 Darklings","floor":35,"turns":4},{"damage":12,"enemies":"3 Shapes","floor":46,"turns":1},{"damage":20,"enemies":"Giant Head","floor":47,"turns":5},{"damage":74,"enemies":"Time Eater","floor":50,"turns":8}],"seed_played":"-5344452781594732704","potions_obtained":[{"floor":5,"key":"Explosive Potion"},{"floor":13,"key":"BlessingOfTheForge"},{"floor":16,"key":"Energy Potion"},{"floor":31,"key":"SpeedPotion"}],"is_trial":true,"path_per_floor":["M","$","?","?","M","R","R","R","T","M","?","?","M","E","R","B",null,"M","?","M","$","?","R","E","R","T","R","M","R","$","E","R","B",null,"M","?","T","$","?","R","R","R","T","$","R","M","E","$","R","B",null],"character_chosen":"MARISA","items_purchased":["AsteroidBelt","Acceleration","ShroomBag","UnstableBomb","DoubleSpark","DoubleSpark","PowerUp","DoubleSpark","HandDrill"],"campfire_rested":1,"item_purchase_floors":[2,2,21,21,21,30,38,44,48],"current_hp_per_floor":[75,75,75,75,72,72,72,72,72,72,65,75,75,75,75,75,75,75,75,73,73,73,73,75,75,75,75,75,75,75,74,74,33,77,59,77,77,77,77,77,77,77,77,77,77,67,51,51,74,4],"gold":53,"neow_bonus":"","is_daily":false,"chose_seed":false,"campfire_upgraded":13,"win_rate":0.0,"timestamp":1611068081,"path_taken":["M","$","?","?","M","R","R","R","T","?","?","?","M","E","R","BOSS","M","?","M","$","?","R","E","R","T","R","M","R","?","E","R","BOSS","M","?","?","$","?","R","R","R","T","$","R","M","E","?","R","BOSS"],"items_purchased_type":["Card","Card","Relic","Card","Card","Card","Card","Card","Relic"],"build_version":"2020-12-18","purchased_purges":0,"victory":true,"max_hp_per_floor":[75,75,75,75,75,75,75,75,75,75,75,75,75,75,75,75,75,75,75,75,75,75,75,75,75,75,75,75,75,75,77,77,77,77,77,77,77,77,77,77,77,77,77,77,77,79,79,79,79,79],"card_choices":[{"not_picked":["ManaConvection","MysteriousBeam"],"picked":"MachineGunSpark","floor":1},{"not_picked":["OpenUniverse","SporeBomb"],"picked":"Acceleration","floor":5},{"not_picked":["Acceleration","DC"],"picked":"ShootTheMoon","floor":10},{"not_picked":["IllusionStar","StarlightTyphoon"],"picked":"SporeBomb","floor":13},{"not_picked":["WitchLeyline","DoubleSpark"],"picked":"ManaRampage","floor":14},{"not_picked":["BlazeAway","Robbery"],"picked":"ShootTheMoon","floor":18},{"not_picked":["DragonMeteor","Robbery"],"picked":"AsteroidBelt","floor":20},{"not_picked":["BinaryStars","GravityBeat"],"picked":"DoubleSpark","floor":24},{"not_picked":["StarBarrage","BlazeAway"],"picked":"AsteroidBelt","floor":28},{"not_picked":["GravityBeat+1","LuminesStrike","ShootingEcho"],"picked":"Singing Bowl","floor":31},{"not_picked":["EscapeVelocity+1","CollectingQuirk"],"picked":"UltimateShortwave","floor":33},{"not_picked":["GravityBeat+1","Acceleration"],"picked":"PowerUp","floor":35},{"not_picked":["GrandCross","IllusionStar+1","Occultation"],"picked":"Singing Bowl","floor":46},{"not_picked":["EnergyFlow+1","GrandCross+1"],"picked":"CollectingQuirk","floor":47}],"player_experience":244639,"relics_obtained":[{"floor":9,"key":"Frozen Egg 2"},{"floor":14,"key":"Mercury Hourglass"},{"floor":24,"key":"Singing Bowl"},{"floor":26,"key":"Ornamental Fan"},{"floor":31,"key":"Blue Candle"},{"floor":37,"key":"Darkstone Periapt"},{"floor":43,"key":"Letter Opener"},{"floor":47,"key":"TungstenRod"}],"event_choices":[{"damage_healed":0,"gold_gain":0,"player_choice":"Ignored","damage_taken":0,"max_hp_gain":0,"max_hp_loss":0,"event_name":"Golden Wing","floor":3,"gold_loss":0},{"cards_removed":["Acceleration"],"damage_healed":0,"gold_gain":0,"player_choice":"Gave Card","damage_taken":0,"relics_obtained":["Peace Pipe"],"max_hp_gain":0,"max_hp_loss":0,"event_name":"WeMeetAgain","floor":4,"gold_loss":0},{"damage_healed":0,"gold_gain":0,"player_choice":"Success","damage_taken":7,"relics_obtained":["Unceasing Top"],"max_hp_gain":0,"max_hp_loss":0,"event_name":"Scrap Ooze","floor":11,"gold_loss":0},{"damage_healed":18,"gold_gain":0,"player_choice":"Healed","damage_taken":0,"max_hp_gain":0,"max_hp_loss":0,"event_name":"The Cleric","floor":12,"gold_loss":35},{"damage_healed":0,"gold_gain":99,"player_choice":"Stole From Cult","damage_taken":0,"max_hp_gain":0,"max_hp_loss":0,"event_name":"Nest","floor":19,"gold_loss":0},{"damage_healed":0,"gold_gain":0,"player_choice":"Ignored","damage_taken":0,"max_hp_gain":0,"max_hp_loss":0,"event_name":"Cursed Tome","floor":22,"gold_loss":0},{"damage_healed":19,"gold_gain":0,"player_choice":"Writhe","damage_taken":0,"max_hp_gain":0,"max_hp_loss":0,"event_name":"Winding Halls","floor":36,"gold_loss":0,"cards_obtained":["Writhe"]},{"cards_removed":["FairyDestructionRay"],"damage_healed":0,"gold_gain":0,"player_choice":"Removed Attack","damage_taken":0,"max_hp_gain":0,"max_hp_loss":0,"event_name":"Falling","floor":39,"gold_loss":0}],"is_beta":true,"boss_relics":[{"not_picked":["RampagingMagicTools","Busted Crown"],"picked":"BewitchedHakkero"},{"not_picked":["Cursed Key","Fusion Hammer"],"picked":"SacredBark"}],"items_purged_floors":[],"is_endless":false,"potions_floor_spawned":[5,13,16,20,31,35],"ascension_level":0}}