{"host":"lnt5dzsuhru0aonl","time":1611061180,"event":{"mods":["2.2 Compatiblity","BaseMod","Colored Map","Colored Powertips","DeckTracker","Keyboard Shortcuts","Minty Spire (QoL Compilation)","Permanent Neow","StSLib","SuperFastMode","everything is the same but u backflip on backflip"],"gold_per_floor":[119,119,130,55,14,14,14,14,14,39,58,84,84,159,159,159,159],"floor_reached":16,"language":"KOR","playtime":269,"items_purged":[],"score":212,"play_id":"3b50c805-0545-4d0c-a427-0fd73fd89bf3","local_time":"20210119215940","is_ascension_mode":true,"campfire_choices":[{"data":"Fission","floor":6.0,"key":"SMITH"},{"data":"Zap","floor":8.0,"key":"SMITH"},{"floor":13,"key":"REST"},{"data":"Dualcast","floor":15,"key":"SMITH"}],"circlet_count":0,"master_deck":["AscendersBane","Strike_B+1","Strike_B+1","Defend_B","Defend_B","Defend_B","Zap+1","Dualcast+1","Fission+1","Gash","Heatsinks","Go for the Eyes","Self Repair","Compile Driver","Ball Lightning","Turbo"],"relics":["Cracked Core","Vajra","Regal Pillow","Potion Belt"],"acts_visited":["Exordium"],"potions_floor_usage":[12,12],"damage_taken":[{"damage":7.0,"enemies":"Jaw Worm","floor":1.0,"turns":3.0},{"damage":7.0,"enemies":"Small Slimes","floor":3.0,"turns":3.0},{"damage":15.0,"enemies":"Lagavulin","floor":10.0,"turns":5.0},{"damage":6.0,"enemies":"2 Louse","floor":11.0,"turns":2.0},{"damage":15,"enemies":"3 Sentries","floor":12,"turns":5},{"damage":44,"enemies":"The Guardian","floor":16,"turns":7}],"seed_played":"1095809661075140487","potions_obtained":[{"floor":1.0,"key":"PotionOfCapacity"},{"floor":10.0,"key":"FocusPotion"},{"floor":12,"key":"Energy Potion"}],"is_trial":false,"path_per_floor":["M","?","M","?","$","R","$","R","T","E","M","E","R","?","R","B"],"character_chosen":"DEFECT","items_purchased":["Self Repair"],"campfire_rested":1,"item_purchase_floors":[5],"current_hp_per_floor":[57,38,31,31,31,31,31,31,31,23,24,16,50,39,39,0,0],"gold":159,"neow_bonus":"TRANSFORM_TWO_CARDS","is_daily":false,"chose_seed":false,"campfire_upgraded":3,"win_rate":0.0,"timestamp":1611061180,"path_taken":["M","?","M","?","?","R","$","R","T","E","?","E","R","?","R","BOSS"],"items_purchased_type":["Card"],"build_version":"2020-12-22","purchased_purges":0,"victory":false,"max_hp_per_floor":[64,64,64,64,64,64,64,64,64,64,64,64,64,64,64,64,64],"card_choices":[{"not_picked":["Darkness","Go for the Eyes"],"picked":"Heatsinks","floor":1.0},{"not_picked":["Streamline","Auto Shields"],"picked":"Go for the Eyes","floor":3.0},{"not_picked":["Go for the Eyes","Steam"],"picked":"Compile Driver","floor":10.0},{"not_picked":["Barrage","Scrape"],"picked":"Ball Lightning","floor":11.0},{"not_picked":["Go for the Eyes","Beam Cell"],"picked":"Turbo","floor":12}],"player_experience":704201,"relics_obtained":[{"floor":9.0,"key":"Vajra"},{"floor":10.0,"key":"Regal Pillow"},{"floor":12,"key":"Potion Belt"}],"event_choices":[{"damage_healed":0.0,"max_hp_gain":0.0,"max_hp_loss":0.0,"gold_gain":0.0,"event_name":"Shining Light","player_choice":"Entered Light","floor":2.0,"gold_loss":0.0,"damage_taken":19.0,"cards_upgraded":["Strike_B","Strike_B"]},{"cards_removed":["Strike_B"],"damage_healed":0.0,"max_hp_gain":0.0,"max_hp_loss":0.0,"gold_gain":0.0,"event_name":"The Cleric","player_choice":"Card Removal","floor":4.0,"gold_loss":75.0,"damage_taken":0.0},{"damage_healed":0,"gold_gain":75,"player_choice":"Gather Gold","damage_taken":11,"max_hp_gain":0,"max_hp_loss":0,"event_name":"World of Goop","floor":14,"gold_loss":0}],"is_beta":false,"boss_relics":[],"items_purged_floors":[],"is_endless":false,"potions_floor_spawned":[1,10,12],"killed_by":"The Guardian","ascension_level":20}}