{"host":"7z9izfsmsy4azoxx","time":1611050505,"event":{"mods":["AchievementEnabler","BaseMod","Colored Map","Custom Start","Hermit","Minty Spire (QoL Compilation)","Replay The Spire","StSLib","SuperFastMode"],"gold_per_floor":[54654755,54654768,54653969,54653979,54653997,54653997,54654025,54654025,54654097,54654097,54654117,54654117,54653128,54653128,54653128,54653202,54653202,54653216,54652710,54652630,54652656,54651821,54651855,54651855,54651881,54651950,54652038,54651506,54651506,54651540,54651557,54651557,54651632,54651632,54651646,54651663,54650944,54650944,54650944,54650959,54650166,54650166,54650179,54650205,54650205,54650205,54650233,54650455,54650465,54650172,54650172,54650172,54650172,54650172,54650172,54649284,54649314,54649314],"floor_reached":59,"language":"KOR","playtime":1209,"items_purged":["Strike_R","Strike_R","Abandon","Armaments","Pain","True Grit"],"score":2523,"play_id":"3e83ff3c-4ca3-4ae2-8401-d33780070738","local_time":"20210119190145","is_ascension_mode":true,"campfire_choices":[{"data":"Rupture","floor":6,"key":"SMITH"},{"data":"Berserk","floor":8,"key":"SMITH"},{"data":"Immolate","floor":10,"key":"SMITH"},{"data":"Blood for Blood","floor":12,"key":"SMITH"},{"data":"Bash","floor":15,"key":"SMITH"},{"data":"Bloodletting","floor":24,"key":"SMITH"},{"data":"Hemokinesis","floor":29,"key":"SMITH"},{"floor":32,"key":"RECALL"},{"data":"Thunderclap","floor":42,"key":"SMITH"},{"floor":46,"key":"REST"},{"floor":55,"key":"REST"}],"circlet_count":0,"master_deck":["AscendersBane","Bash+1","Berserk+1","Blood for Blood+1","ReplayTheSpireMod:Muscle Training+1","Rupture+1","Immolate+1","Reaper+1","Hemokinesis+1","Brutality+1","Pommel Strike+1","Thunderclap+1","Second Wind+1","Sword Boomerang+1","Bloodletting+1","Flash of Steel+1","Evolve+1","Feel No Pain+1","Combust+1","True Grit+1","Flame Barrier+1","Power Through+1","Double Tap+1","Trip+1","Limit Break+1"],"relics":["Burning Blood","Replay:Bottled Steam","Bag of Marbles","HandDrill","Counterbalance","Golden Egg","Magic Flower","ClockworkSouvenir","Unceasing Top","ReplayTheSpireMod:Ring of Collecting","Ring of Searing","Pandora\u0027s Box","Bronze Scales","Vajra","Red Mask","Matryoshka","Turnip","Lantern","Mirror","ReplayTheSpireMod:Ring of Challenge","Meat on the Bone","Frozen Egg 2","Smiling Mask","Sundial","ReplayTheSpireMod:ShopPack","Mummified Hand","Sozu","TungstenRod","Regal Pillow","Frozen Eye","Toxic Egg 2","Pantograph","Membership Card","ReplayTheSpireMod:Lightbulb","ReplayTheSpireMod:Ring of Exchange","Akabeko","Oddly Smooth Stone","Pen Nib","Centennial Puzzle","OrangePellets","Orichalcum","Replay:Accelerometer","ChewingGum","Happy Flower"],"acts_visited":["Exordium","TheCity","TheBeyond","TheEnding"],"potions_floor_usage":[7,11,16,16,21,27,33,58],"damage_taken":[{"damage":4,"enemies":"Cultist","floor":1,"turns":3},{"damage":16,"enemies":"2 Louse","floor":2,"turns":2},{"damage":11,"enemies":"Small Slimes","floor":4,"turns":3},{"damage":22,"enemies":"Exordium Wildlife","floor":5,"turns":5},{"damage":34,"enemies":"Lagavulin","floor":7,"turns":6},{"damage":12,"enemies":"Large Slime","floor":11,"turns":4},{"damage":22,"enemies":"Fading Forest","floor":16,"turns":10},{"damage":23,"enemies":"Shell Parasite","floor":18,"turns":2},{"damage":11,"enemies":"Masked Bandits","floor":21,"turns":2},{"damage":17,"enemies":"Gremlin Leader","floor":23,"turns":2},{"damage":30,"enemies":"Slavers","floor":25,"turns":3},{"damage":20,"enemies":"Gremlin Leader","floor":30,"turns":3},{"damage":9,"enemies":"2 Thieves","floor":31,"turns":2},{"damage":35,"enemies":"Champ","floor":33,"turns":4},{"damage":11,"enemies":"Orb Walker","floor":35,"turns":2},{"damage":45,"enemies":"3 Shapes","floor":36,"turns":2},{"damage":15,"enemies":"Transient","floor":40,"turns":5},{"damage":42,"enemies":"Sphere and 2 Shapes","floor":43,"turns":2},{"damage":47,"enemies":"Nemesis","floor":44,"turns":3},{"damage":16,"enemies":"Giant Head","floor":47,"turns":2},{"damage":19,"enemies":"Writhing Mass","floor":49,"turns":3},{"damage":25,"enemies":"Donu and Deca","floor":52,"turns":4},{"damage":37,"enemies":"Replay:Hell Engine","floor":53,"turns":5},{"damage":11,"enemies":"Shield and Spear","floor":57,"turns":3},{"damage":48,"enemies":"The Heart","floor":58,"turns":5}],"seed_played":"894008503445911751","potions_obtained":[{"floor":1,"key":"Weak Potion"},{"floor":11,"key":"Explosive Potion"},{"floor":16,"key":"Ancient Potion"},{"floor":18,"key":"Fire Potion"},{"floor":23,"key":"LiquidMemories"},{"floor":27,"key":"Fruit Juice"},{"floor":27,"key":"LiquidBronze"}],"is_trial":false,"path_per_floor":["M","M","$","M","M","R","E","R","T","R","M","R","$","?","R","B",null,"M","$","?","?","$","E","R","E","T","?","$","R","E","M","R_BF","B",null,"M","M","$","PTL","PTL","M","$","R","M","E","T","R","E","?","M","$","R_BF","B","B",null,"R","$","E","B",null],"character_chosen":"IRONCLAD","items_purchased":["Replay:Bottled Steam","Bag of Marbles","HandDrill","ReplayTheSpireMod:Muscle Training+1","SkillPotion","Magic Flower","ClockworkSouvenir","Unceasing Top","PowerPotion","Bronze Scales","Vajra","Sword Boomerang+1","Matryoshka","Turnip","Flash of Steel","Sundial","Feel No Pain+1","ReplayTheSpireMod:ShopPack","TungstenRod","Regal Pillow","Combust+1","Frozen Eye","Toxic Egg 2","Pantograph","Membership Card","True Grit+1","Pen Nib","Centennial Puzzle","OrangePellets","Power Through+1","Orichalcum","Replay:Accelerometer","ChewingGum","Double Tap+1","Trip+1"],"campfire_rested":2,"item_purchase_floors":[3,3,3,3,3,13,13,13,13,19,19,19,22,22,22,28,28,28,37,37,37,37,41,41,41,41,50,50,50,50,56,56,56,56,56],"current_hp_per_floor":[70,60,60,55,39,39,11,11,11,11,55,55,55,55,55,54,70,70,70,70,68,68,75,75,54,54,59,59,59,62,62,62,60,75,78,60,60,60,60,74,74,74,59,54,54,80,80,80,70,70,80,67,68,77,80,80,78,59],"gold":54649314,"neow_bonus":"ONE_RANDOM_RARE_CARD","is_daily":false,"chose_seed":false,"campfire_upgraded":8,"win_rate":0.0,"timestamp":1611050505,"path_taken":["M","M","$","M","M","R","E","R","T","R","M","R","$","?","R","BOSS","M","$","?","?","?","E","R","E","T","?","$","R","E","M","R_BF","BOSS","M","M","$","PTL","PTL","M","$","R","?","E","T","R","E","?","M","?","R_BF","BOSS","BOSS","R","$","E","BOSS"],"items_purchased_type":["Relic","Relic","Relic","Card","Potion","Relic","Relic","Relic","Potion","Relic","Relic","Card","Relic","Relic","Card","Relic","Card","Relic","Relic","Relic","Card","Relic","Relic","Relic","Relic","Card","Relic","Relic","Relic","Card","Relic","Relic","Relic","Card","Card"],"build_version":"2020-12-22","purchased_purges":6,"victory":true,"max_hp_per_floor":[75,75,75,75,75,75,75,75,75,75,75,75,75,75,75,75,75,75,75,75,75,75,75,75,75,75,80,80,80,80,80,80,80,80,80,80,80,80,80,80,80,80,80,80,80,80,80,80,80,80,80,80,80,80,80,80,80,80],"card_choices":[{"not_picked":["Pummel","Heavy Blade"],"picked":"Blood for Blood","floor":1},{"not_picked":["Replay:Undeath\u0027s Touch","Feel No Pain","Havoc"],"picked":"SKIP","floor":2},{"not_picked":["Clothesline","Shrug It Off","Flame Barrier"],"picked":"SKIP","floor":4},{"not_picked":["Intimidate","Shockwave"],"picked":"Rupture","floor":5},{"not_picked":["Pommel Strike","Thunderclap"],"picked":"Immolate","floor":7},{"not_picked":["Clothesline","ReplayTheSpireMod:Limb From Limb","Sword Boomerang"],"picked":"SKIP","floor":11},{"not_picked":["Immolate","Feed"],"picked":"Reaper","floor":16},{"not_picked":["Clash","Sever Soul"],"picked":"Second Wind+1","floor":18},{"not_picked":["Power Through","True Grit"],"picked":"Bloodletting","floor":21},{"not_picked":["True Grit","Clothesline","Dropkick"],"picked":"SKIP","floor":23},{"not_picked":["Defy Death","Fiend Fire","Thunderclap"],"picked":"SKIP","floor":25},{"not_picked":["Run Through","Armaments"],"picked":"Evolve+1","floor":27},{"not_picked":["Twin Strike","Cleave","Headbutt"],"picked":"SKIP","floor":30},{"not_picked":["Havoc","Intimidate","ReplayTheSpireMod:Strike From Hell"],"picked":"SKIP","floor":31},{"not_picked":["Defy Death+1","Warcry","Havoc+1"],"picked":"SKIP","floor":35},{"not_picked":["ReplayTheSpireMod:Strike From Hell+1","Massacre","Sword Boomerang"],"picked":"SKIP","floor":36},{"not_picked":["Dropkick","Ghostly Armor","Flex"],"picked":"SKIP","floor":40},{"not_picked":["Iron Wave","Armaments+1","Bloodletting+1"],"picked":"SKIP","floor":43},{"not_picked":["Headbutt","Immolate","Cleave"],"picked":"SKIP","floor":44},{"not_picked":["Rupture+1","ReplayTheSpireMod:Limb From Limb"],"picked":"Flame Barrier+1","floor":47},{"not_picked":["Twin Strike+1","ReplayTheSpireMod:LeadingStrike","Massacre"],"picked":"SKIP","floor":49},{"not_picked":["Battle Trance+1","ReplayTheSpireMod:Strike From Hell"],"picked":"Limit Break+1","floor":57}],"player_experience":533647,"relics_obtained":[{"floor":7,"key":"Counterbalance"},{"floor":9,"key":"Golden Egg"},{"floor":14,"key":"ReplayTheSpireMod:Ring of Collecting"},{"floor":14,"key":"Ring of Searing"},{"floor":21,"key":"Red Mask"},{"floor":23,"key":"Lantern"},{"floor":25,"key":"Mirror"},{"floor":26,"key":"ReplayTheSpireMod:Ring of Challenge"},{"floor":26,"key":"Meat on the Bone"},{"floor":27,"key":"Frozen Egg 2"},{"floor":27,"key":"Smiling Mask"},{"floor":30,"key":"Mummified Hand"},{"floor":44,"key":"ReplayTheSpireMod:Lightbulb"},{"floor":45,"key":"ReplayTheSpireMod:Ring of Exchange"},{"floor":45,"key":"Akabeko"},{"floor":47,"key":"Oddly Smooth Stone"},{"floor":57,"key":"Happy Flower"}],"event_choices":[{"damage_healed":0,"gold_gain":0,"player_choice":"Fought Bandits","damage_taken":0,"max_hp_gain":0,"max_hp_loss":0,"event_name":"Masked Bandits","floor":21,"gold_loss":0},{"damage_healed":0,"gold_gain":222,"player_choice":"Wore Mask","damage_taken":0,"max_hp_gain":0,"max_hp_loss":0,"event_name":"Tomb of Lord Red Mask","floor":48,"gold_loss":0}],"is_beta":false,"boss_relics":[{"not_picked":["Velvet Choker","SlaversCollar"],"picked":"Pandora\u0027s Box"},{"not_picked":["Busted Crown","Black Star"],"picked":"Sozu"}],"items_purged_floors":[3,13,19,22,28,41],"is_endless":false,"potions_floor_spawned":[1,4,5,11,16,18,23,31,35,43,49,57],"ascension_level":20}}