{"host":"206uhceyiubfocqu","time":1611092582,"event":{"mods":["Act Like it!","BaseMod","Gensokyo","MarisaÅiñ∂âJÅ@ñÇóùçπÅj","Minty Spire (QoL Compilation)","StSLib"],"gold_per_floor":[117,117,117,117,117,149,166,191,214,242,242,455,483,501,501,606,606,620,620,637,648,332,542,542],"floor_reached":23,"language":"ENG","playtime":2000,"items_purged":[],"score":292,"play_id":"7801e6b6-b7d2-475e-93cb-50d55bef9076","local_time":"20210119224302","is_ascension_mode":true,"campfire_choices":[{"floor":15,"key":"REST"}],"circlet_count":0,"master_deck":["Strike_MRS","Strike_MRS","Strike_MRS","Strike_MRS","Defend_MRS","Defend_MRS","Defend_MRS","Defend_MRS","MasterSpark","DeepEcoloBomb","Gensokyo:MarisaTwilightSpark","DeepEcoloBomb+1","AbsoluteMagnitude+1","GalacticHalo","MagicAbsorber","Acceleration","SuperPerseids","UltimateShortwave","PropBag+1","MagicAbsorber","Gensokyo:BlemishedSteel","Gensokyo:TarnishedGold","Gensokyo:DepletedGenerator"],"relics":["MiniHakkero","NeowsBlessing","Gensokyo:OccultBall","Molten Egg 2","Dream Catcher","Nunchaku","Boot","Orichalcum","Gensokyo:Mercy","Omamori","SlaversCollar","Gensokyo:ConquerorOfFear","SimpleLauncher","Frozen Eye","Meat on the Bone"],"acts_visited":["Gensokyo:Gensokyo","Gensokyo:Gensokyoer"],"potions_floor_usage":[7,23,23,23],"damage_taken":[{"damage":0,"enemies":"Gensokyo:3_Fairies","floor":1,"turns":1},{"damage":0,"enemies":"Gensokyo:Cirno","floor":6,"turns":2},{"damage":0,"enemies":"Gensokyo:Python","floor":7,"turns":1},{"damage":9,"enemies":"Gensokyo:Mamizou","floor":8,"turns":8},{"damage":30,"enemies":"Gensokyo:Cirno","floor":10,"turns":7},{"damage":20,"enemies":"Gensokyo:Gryphon","floor":12,"turns":3},{"damage":0,"enemies":"Gensokyo:Mamizou","floor":13,"turns":6},{"damage":2,"enemies":"Gensokyo:Python_and_Kodama","floor":14,"turns":5},{"damage":5,"enemies":"Gensokyo:Reimu","floor":16,"turns":7},{"damage":22,"enemies":"Gensokyo:3_Dogs","floor":18,"turns":6},{"damage":1,"enemies":"Gensokyo:AngelMirror","floor":20,"turns":3},{"damage":27,"enemies":"Gensokyo:Slime_Group","floor":21,"turns":4},{"damage":44,"enemies":"Gensokyo:Koishi","floor":23,"turns":6}],"seed_played":"3478445646752255303","potions_obtained":[{"floor":1,"key":"ShroomBrew"},{"floor":7,"key":"Fruit Juice"},{"floor":10,"key":"Dexterity Potion"},{"floor":16,"key":"Weak Potion"},{"floor":20,"key":"BlessingOfTheForge"}],"is_trial":false,"path_per_floor":["M","?","?","?","T","E","M","E","T","E","?","M","E","M","R","B",null,"M","?","M","M","COS","E"],"character_chosen":"MARISA","items_purchased":[],"campfire_rested":1,"item_purchase_floors":[],"current_hp_per_floor":[75,75,75,75,75,75,80,71,71,41,41,21,21,19,43,38,80,58,58,57,42,42,0,0],"gold":542,"neow_bonus":"THREE_ENEMY_KILL","is_daily":false,"chose_seed":false,"campfire_upgraded":0,"win_rate":0.0,"timestamp":1611092582,"path_taken":["M","?","?","?","?","E","?","E","T","E","?","M","E","M","R","BOSS","M","?","M","M","COS","E"],"items_purchased_type":[],"build_version":"2020-12-22","purchased_purges":0,"victory":false,"max_hp_per_floor":[75,75,75,75,75,75,80,80,80,80,80,80,80,80,80,80,80,80,80,80,80,80,80,80],"card_choices":[{"not_picked":["WitchLeyline","FairyDestructionRay"],"picked":"StarlightTyphoon","floor":1},{"not_picked":["OortCloud","SuperPerseids"],"picked":"DeepEcoloBomb","floor":3},{"not_picked":["Occultation","PowerUp"],"picked":"DeepEcoloBomb+1","floor":6},{"not_picked":["ShootingEcho+1","6A+1","ChargeUpSpray+1"],"picked":"SKIP","floor":7},{"not_picked":["6A+1","EnergyFlow"],"picked":"AbsoluteMagnitude+1","floor":8},{"not_picked":["Acceleration","NonDirectionalLaser+1"],"picked":"GalacticHalo","floor":10},{"not_picked":["PowerUp","ShootingEcho+1"],"picked":"MagicAbsorber","floor":12},{"not_picked":["PowerUp","MillisecondPulsars","LuminesStrike+1"],"picked":"SKIP","floor":13},{"not_picked":["UnstableBomb+1","IllusionStar"],"picked":"Acceleration","floor":14},{"not_picked":["MachineGunSpark+1","DC+1"],"picked":"SuperPerseids","floor":15},{"not_picked":["TreasureHunter+1","CasketOfStar"],"picked":"UltimateShortwave","floor":16},{"not_picked":["ShootingEcho+1","UnstableBomb+1"],"picked":"PropBag+1","floor":18},{"not_picked":["ManaConvection","BlazeAway"],"picked":"MagicAbsorber","floor":20},{"not_picked":["SporeBomb","ShootingEcho+1","OrrerysSun"],"picked":"SKIP","floor":21}],"player_experience":734213,"relics_obtained":[{"floor":5,"key":"Molten Egg 2"},{"floor":6,"key":"Dream Catcher"},{"floor":8,"key":"Nunchaku"},{"floor":9,"key":"Boot"},{"floor":10,"key":"Orichalcum"},{"floor":13,"key":"Omamori"},{"floor":16,"key":"Gensokyo:OccultBall"},{"floor":20,"key":"Gensokyo:ConquerorOfFear"}],"event_choices":[],"is_beta":false,"boss_relics":[{"not_picked":["Ectoplasm","Runic Dome"],"picked":"SlaversCollar"}],"items_purged_floors":[],"is_endless":false,"potions_floor_spawned":[1,7,10,16,20],"killed_by":"Gensokyo:Koishi","ascension_level":2}}