{"host":"s5d39dhq0ddhxhke","time":1611039012,"event":{"mods":["AchievementEnabler","BaseMod","Colored Map","Minty Spire (QoL Compilation)","SuperFastMode"],"gold_per_floor":[118,137,137,149,6,32,42,75,155,155,155,155,187,198,198,294,294,306,318,243,263,32,61,61,90,90,90,90,118,135,135,135],"floor_reached":31,"language":"ENG","playtime":2427,"items_purged":["Strike_R"],"score":566,"play_id":"aa44150e-b335-4971-8703-2e8cb976d7b1","local_time":"20210119085012","is_ascension_mode":true,"campfire_choices":[{"floor":10,"key":"REST"},{"data":"Heavy Blade","floor":12,"key":"SMITH"},{"floor":15,"key":"REST"},{"floor":24,"key":"REST"},{"floor":27,"key":"REST"}],"circlet_count":0,"master_deck":["AscendersBane","Strike_R","Strike_R","Defend_R","Defend_R","Defend_R","Defend_R","Bash","Heavy Blade+1","Cleave","Spot Weakness","Double Tap","Battle Trance","Shrug It Off","Brutality","Sentinel","Feel No Pain","Rupture","Sword Boomerang","Pummel","Rupture"],"relics":["Burning Blood","Regal Pillow","PreservedInsect","Dead Branch","StrikeDummy","Dream Catcher","WingedGreaves","Runic Cube","Lee\u0027s Waffle","Bottled Lightning","Anchor","Mummified Hand","Mercury Hourglass"],"acts_visited":["Exordium","TheCity"],"potions_floor_usage":[14,16,19,23,23,31,31,31],"damage_taken":[{"damage":11,"enemies":"Jaw Worm","floor":1,"turns":5},{"damage":1,"enemies":"Small Slimes","floor":2,"turns":4},{"damage":6,"enemies":"2 Louse","floor":4,"turns":4},{"damage":55,"enemies":"Lagavulin","floor":6,"turns":7},{"damage":6,"enemies":"2 Fungi Beasts","floor":7,"turns":3},{"damage":15,"enemies":"3 Sentries","floor":8,"turns":5},{"damage":18,"enemies":"Gremlin Nob","floor":13,"turns":3},{"damage":26,"enemies":"Exordium Thugs","floor":14,"turns":4},{"damage":48,"enemies":"Slime Boss","floor":16,"turns":9},{"damage":35,"enemies":"Chosen","floor":18,"turns":6},{"damage":2,"enemies":"3 Byrds","floor":19,"turns":4},{"damage":3,"enemies":"Snecko","floor":21,"turns":4},{"damage":58,"enemies":"Slavers","floor":23,"turns":5},{"damage":47,"enemies":"Book of Stabbing","floor":25,"turns":5},{"damage":74,"enemies":"Gremlin Leader","floor":29,"turns":5},{"damage":24,"enemies":"Snake Plant","floor":30,"turns":4},{"damage":14,"enemies":"Centurion and Healer","floor":31,"turns":4}],"seed_played":"-1883059154564632263","potions_obtained":[{"floor":1,"key":"FearPotion"},{"floor":2,"key":"CultistPotion"},{"floor":16,"key":"BloodPotion"},{"floor":18,"key":"AttackPotion"},{"floor":19,"key":"EntropicBrew"},{"floor":23,"key":"Fruit Juice"}],"is_trial":false,"path_per_floor":["M","M","?","M","$","E","M","E","T","R","?","R","E","M","R","B",null,"M","M","?","M","$","E","R","E","T","R","?","E","M","M"],"character_chosen":"IRONCLAD","items_purchased":["Regal Pillow","Lee\u0027s Waffle"],"campfire_rested":4,"item_purchase_floors":[5,22],"current_hp_per_floor":[75,80,73,73,73,24,24,15,15,56,44,44,32,12,53,11,69,40,44,44,47,95,67,100,59,59,100,100,32,14,0,0],"gold":135,"neow_bonus":"TEN_PERCENT_HP_BONUS","is_daily":false,"chose_seed":false,"campfire_upgraded":1,"win_rate":0.0,"timestamp":1611039012,"path_taken":["M","M","?","M","$","E","M","E","T","R","?","R","E","M","R","BOSS","M","M","?","M","$","E","R","E","T","R","?","E","M","?"],"items_purchased_type":["Relic","Relic"],"build_version":"2020-12-22","purchased_purges":1,"victory":false,"max_hp_per_floor":[88,88,88,88,88,88,88,88,88,88,88,88,88,88,88,88,88,88,88,88,88,95,100,100,100,100,100,100,100,100,100,100],"card_choices":[{"not_picked":["Thunderclap","Perfected Strike","Anger"],"picked":"SKIP","floor":1},{"not_picked":["Wild Strike","Rupture"],"picked":"Heavy Blade","floor":2},{"not_picked":["Armaments","Twin Strike"],"picked":"Cleave","floor":4},{"not_picked":["Reckless Charge","Shrug It Off"],"picked":"Spot Weakness","floor":6},{"not_picked":["True Grit","Anger"],"picked":"Double Tap","floor":7},{"not_picked":["Dark Embrace","Seeing Red"],"picked":"Battle Trance","floor":8},{"not_picked":["Anger","Perfected Strike","Evolve"],"picked":"SKIP","floor":13},{"not_picked":["Anger","Perfected Strike","Evolve"],"picked":"SKIP","floor":13},{"not_picked":["Searing Blow","Havoc","Reckless Charge"],"picked":"SKIP","floor":14},{"not_picked":["Inflame","Flex"],"picked":"Shrug It Off","floor":15},{"not_picked":["Bludgeon","Impervious"],"picked":"Brutality","floor":16},{"not_picked":["Iron Wave","Havoc","Battle Trance+1"],"picked":"SKIP","floor":18},{"not_picked":["Clash","Headbutt","Combust"],"picked":"SKIP","floor":19},{"not_picked":["Bloodletting+1","Seeing Red"],"picked":"Sentinel","floor":21},{"not_picked":["Intimidate","Infernal Blade"],"picked":"Feel No Pain","floor":23},{"not_picked":["Whirlwind","Metallicize"],"picked":"Rupture","floor":24},{"not_picked":["Anger","Pommel Strike","Thunderclap"],"picked":"SKIP","floor":25},{"not_picked":["Offering","True Grit","Twin Strike"],"picked":"SKIP","floor":29},{"not_picked":["Shrug It Off","Pommel Strike"],"picked":"Rupture","floor":30}],"player_experience":440079,"relics_obtained":[{"floor":6,"key":"PreservedInsect"},{"floor":8,"key":"Dead Branch"},{"floor":9,"key":"StrikeDummy"},{"floor":13,"key":"WingedGreaves"},{"floor":23,"key":"Bottled Lightning"},{"floor":25,"key":"Anchor"},{"floor":26,"key":"Mummified Hand"},{"floor":29,"key":"Mercury Hourglass"}],"event_choices":[{"cards_removed":["Strike_R"],"damage_healed":0,"gold_gain":0,"player_choice":"Card Removal","damage_taken":7,"max_hp_gain":0,"max_hp_loss":0,"event_name":"Golden Wing","floor":3,"gold_loss":0},{"damage_healed":0,"gold_gain":0,"player_choice":"Success","damage_taken":12,"relics_obtained":["Dream Catcher"],"max_hp_gain":0,"max_hp_loss":0,"event_name":"Scrap Ooze","floor":11,"gold_loss":0},{"cards_removed":["Strike_R"],"damage_healed":0,"gold_gain":0,"player_choice":"Gave Gold","damage_taken":0,"max_hp_gain":0,"max_hp_loss":0,"event_name":"Beggar","floor":20,"gold_loss":75},{"damage_healed":0,"gold_gain":0,"player_choice":"2 cards matched","damage_taken":0,"max_hp_gain":0,"max_hp_loss":0,"event_name":"Match and Keep!","floor":28,"gold_loss":0,"cards_obtained":["Sword Boomerang","Pummel"]},{"damage_healed":0,"gold_gain":0,"player_choice":"2 cards matched","damage_taken":0,"max_hp_gain":0,"max_hp_loss":0,"event_name":"Match and Keep!","floor":28,"gold_loss":0,"cards_obtained":["Sword Boomerang","Pummel"]}],"is_beta":false,"boss_relics":[{"not_picked":["Philosopher\u0027s Stone","Calling Bell"],"picked":"Runic Cube"}],"items_purged_floors":[22],"is_endless":false,"potions_floor_spawned":[1,2,6,16,18,19,23],"killed_by":"Centurion and Healer","ascension_level":12}}