{"host":"tjq6rykv202u6iqx","time":1611081301,"event":{"mods":["AchievementEnabler","BaseMod","Minty Spire (QoL Compilation)","Rare Cards Sparkle","Relic Stats"],"gold_per_floor":[109,126,126,137,14,14,49,63,88,163,163,8,8,39,39,140,140,157,82,100,114,125,150,150,150],"floor_reached":24,"language":"ENG","playtime":1672,"items_purged":[],"score":328,"play_id":"40398d5f-ce02-40cd-98a9-e16a5cee72b8","local_time":"20210119123501","is_ascension_mode":true,"campfire_choices":[{"data":"Crippling Poison","floor":6,"key":"SMITH"},{"data":"Neutralize","floor":11,"key":"SMITH"},{"floor":15,"key":"REST"}],"circlet_count":0,"master_deck":["Strike_G+1","Defend_G","Defend_G","Survivor","Neutralize+1","Deflect","Concentrate","PiercingWail","Backstab","Flying Knee+1","Crippling Poison+1","Dagger Throw","Heel Hook","Quick Slash","Predator","Die Die Die","Footwork+1","Crippling Poison+1","Heel Hook+1","Backflip","Caltrops+1","Deadly Poison+1","Footwork+1"],"relics":["Ring of the Snake","Regal Pillow","Anchor","OrangePellets","Juzu Bracelet","Astrolabe","Unceasing Top"],"acts_visited":["Exordium","TheCity"],"potions_floor_usage":[7,21,23,23],"damage_taken":[{"damage":0,"enemies":"2 Louse","floor":1,"turns":3},{"damage":0,"enemies":"Jaw Worm","floor":2,"turns":5},{"damage":0,"enemies":"Cultist","floor":4,"turns":4},{"damage":25,"enemies":"Gremlin Nob","floor":7,"turns":4},{"damage":1,"enemies":"Looter","floor":8,"turns":3},{"damage":3,"enemies":"3 Sentries","floor":14,"turns":4},{"damage":24,"enemies":"Hexaghost","floor":16,"turns":14},{"damage":19,"enemies":"Spheric Guardian","floor":18,"turns":6},{"damage":7,"enemies":"2 Thieves","floor":20,"turns":3},{"damage":14,"enemies":"3 Cultists","floor":21,"turns":4},{"damage":1,"enemies":"Centurion and Healer","floor":22,"turns":4},{"damage":5,"enemies":"Slavers","floor":23,"turns":5},{"damage":6,"enemies":"Snake Plant","floor":24,"turns":3}],"seed_played":"1055789362227599510","potions_obtained":[{"floor":1,"key":"AttackPotion"},{"floor":7,"key":"PowerPotion"},{"floor":8,"key":"CunningPotion"},{"floor":14,"key":"SpeedPotion"},{"floor":21,"key":"ColorlessPotion"},{"floor":23,"key":"Strength Potion"}],"is_trial":false,"path_per_floor":["M","M","?","M","$","R","E","M","T","?","R","$","?","E","R","B",null,"M","?","M","M","M","E","M"],"character_chosen":"THE_SILENT","items_purchased":["Crippling Poison","Dagger Throw","OrangePellets"],"campfire_rested":1,"item_purchase_floors":[5,5,12],"current_hp_per_floor":[63,63,63,63,63,63,38,37,37,26,26,26,13,10,43,19,52,33,33,26,12,11,6,0,0],"gold":150,"neow_bonus":"TRANSFORM_TWO_CARDS","is_daily":false,"chose_seed":false,"campfire_upgraded":2,"win_rate":0.0,"timestamp":1611081301,"path_taken":["M","M","?","M","$","R","E","M","T","?","R","?","?","E","R","BOSS","M","?","M","M","M","E","M"],"items_purchased_type":["Card","Card","Relic"],"build_version":"2020-12-22","purchased_purges":0,"victory":false,"max_hp_per_floor":[63,63,63,63,63,63,63,63,63,63,63,63,63,63,63,63,63,63,63,63,63,63,63,63,63],"relic_stats":{"OrangePellets":[4],"Regal Pillow":15,"counters":[13,62],"Astrolabe":["Footwork","Crippling Poison","Heel Hook"],"Juzu Bracelet":0,"obtain_stats":[{"OrangePellets":12,"Regal Pillow":7,"Anchor":9,"Astrolabe":17,"Juzu Bracelet":14,"Unceasing Top":23,"Ring of the Snake":0},{"OrangePellets":5,"Regal Pillow":4,"Anchor":5,"Astrolabe":7,"Juzu Bracelet":6,"Unceasing Top":12,"Ring of the Snake":0},{"OrangePellets":19,"Regal Pillow":16,"Anchor":19,"Astrolabe":37,"Juzu Bracelet":23,"Unceasing Top":59,"Ring of the Snake":0}],"Unceasing Top":[0],"Ring of the Snake":[26]},"card_choices":[{"not_picked":["Blur","Prepared"],"picked":"PiercingWail","floor":1},{"not_picked":["Prepared","Catalyst"],"picked":"Backstab","floor":2},{"not_picked":["Cloak And Dagger","Infinite Blades","Prepared"],"picked":"SKIP","floor":4},{"not_picked":["Backflip","Unload"],"picked":"Heel Hook","floor":7},{"not_picked":["Slice","Cloak And Dagger"],"picked":"Quick Slash","floor":8},{"not_picked":["Endless Agony","Skewer"],"picked":"Predator","floor":14},{"not_picked":["Burst","Night Terror"],"picked":"Die Die Die","floor":16},{"not_picked":["Sucker Punch","Poisoned Stab"],"picked":"Backflip","floor":18},{"not_picked":["Dagger Throw","A Thousand Cuts"],"picked":"Caltrops+1","floor":20},{"not_picked":["All Out Attack","Deflect"],"picked":"Deadly Poison+1","floor":21},{"not_picked":["Quick Slash","Distraction","Crippling Poison+1"],"picked":"SKIP","floor":22},{"not_picked":["Slice","Night Terror"],"picked":"Footwork+1","floor":23}],"player_experience":833428,"relics_obtained":[{"floor":7,"key":"Regal Pillow"},{"floor":9,"key":"Anchor"},{"floor":14,"key":"Juzu Bracelet"},{"floor":23,"key":"Unceasing Top"}],"event_choices":[{"damage_healed":0,"gold_gain":0,"cards_transformed":["Strike_G"],"player_choice":"Change","damage_taken":0,"max_hp_gain":0,"max_hp_loss":0,"event_name":"Living Wall","floor":3,"gold_loss":0,"cards_obtained":["Flying Knee"]},{"damage_healed":0,"gold_gain":75,"player_choice":"Gather Gold","damage_taken":11,"max_hp_gain":0,"max_hp_loss":0,"event_name":"World of Goop","floor":10,"gold_loss":0},{"damage_healed":0,"gold_gain":0,"player_choice":"Entered Light","damage_taken":13,"max_hp_gain":0,"max_hp_loss":0,"event_name":"Shining Light","floor":13,"gold_loss":0,"cards_upgraded":["Flying Knee","Strike_G"]},{"cards_removed":["Strike_G"],"damage_healed":0,"gold_gain":0,"player_choice":"Gave Gold","damage_taken":0,"max_hp_gain":0,"max_hp_loss":0,"event_name":"Beggar","floor":19,"gold_loss":75}],"is_beta":false,"boss_relics":[{"not_picked":["SacredBark","Sozu"],"picked":"Astrolabe"}],"items_purged_floors":[],"is_endless":false,"potions_floor_spawned":[1,7,8,14,16,20,21,23],"killed_by":"Snake Plant","ascension_level":9}}