{"host":"thin","time":1611075602,"event":{"mods":["BaseMod","Colored Powertips","Minty Spire (QoL Compilation)","Replay The Spire","Shop Mod","StSLib","The Bug Knight"],"gold_per_floor":[117,6,6,6,33,67,67,97,176,203,203,203,203,218,218,323,323,338,338,1,1,1,1,74,89,114,145,45,57,91,91,91,189,189,200,214,214,214,49,76,126,126,126,51,63,95,95,95,95,95,95,95,16,16,16,16],"floor_reached":55,"language":"ZHS","playtime":3627,"items_purged":["Delirium","Injury","Writhe"],"score":1185,"play_id":"5383cb38-4cb6-416b-9057-d811fce8009d","local_time":"20210120010002","is_ascension_mode":true,"campfire_choices":[{"floor":7.0,"key":"RECALL"},{"data":"HollowMod:SlysStrikes","floor":11.0,"key":"SMITH"},{"data":"HollowMod:DungDefenderAura","floor":13.0,"key":"SMITH"},{"data":"HollowMod:NewGlowingWomb","floor":15.0,"key":"SMITH"},{"data":"Secret Technique","floor":23.0,"key":"SMITH"},{"data":"HollowMod:HornetsHelp","floor":32.0,"key":"SMITH"},{"floor":42.0,"key":"REST"},{"floor":49.0,"key":"REST"},{"floor":52.0,"key":"REST"}],"circlet_count":0,"master_deck":["AscendersBane","HollowMod:QuickDashStart+1","HollowMod:QuickDashStart+1","HollowMod:QuickDashStart+1","HollowMod:QuickDashStart+1","HollowMod:FocusHealStart+1","HollowMod:PogoStrike","HollowMod:HuntersJournal","HollowMod:NewGlowingWomb+1","HollowMod:DungDefenderAura+1","HollowMod:SlysStrikes+1","HollowMod:TaintedHusks","HollowMod:HuntersJournal","HollowMod:HornetsHelp+1","HollowMod:TaintedHusks+1","Secret Technique+1","HollowMod:MonarchWings","HollowMod:MothsMistake","HollowMod:DungDefenderAura","HollowMod:MidwifesHunger","HollowMod:DungDefenderAura","HollowMod:PerfectDash","HollowMod:BrokenVessel","HollowMod:CloakDash","HollowMod:NewJinnsSoul+1","HollowMod:ZotesMagnificence","HollowMod:CornifersMapStart+1"],"relics":["HollowMod:VesselMask","NeowsBlessing","Pantograph","FossilizedHelix","Replay:Rubber Ducky","Iron Hammer","Replay:Bottled Eggs","ReplayTheSpireMod:Ring of Collecting","Ring of Panic","Kintsugi","MutagenicStrength","Anchor","Ring of Searing","Tiny Chest","Bag of Preparation","Snack Pack","Regal Pillow","Fusion Hammer","ReplayTheSpireMod:TigerMarble","Pear","Ring of Greed","Membership Card","Blue Doll","Ring of Fury","Bottled Tornado","OrangePellets","ReplayTheSpireMod:Ninjato","Ring of Fangs","HollowMod:MantisClawRelic","Vajra","Bag of Marbles"],"acts_visited":["TheCity","TheBeyond","TheEnding"],"potions_floor_usage":[55],"damage_taken":[{"damage":0.0,"enemies":"Small Slimes","floor":1.0,"turns":1.0},{"damage":0.0,"enemies":"3 Sentries","floor":6.0,"turns":2.0},{"damage":0.0,"enemies":"Lagavulin","floor":8.0,"turns":4.0},{"damage":2.0,"enemies":"3 Sentries","floor":10.0,"turns":8.0},{"damage":0.0,"enemies":"Jaw Worm","floor":14.0,"turns":2.0},{"damage":15.0,"enemies":"Slime Boss","floor":16.0,"turns":11.0},{"damage":8.0,"enemies":"3 Byrds","floor":18.0,"turns":7.0},{"damage":0.0,"enemies":"Chosen","floor":25.0,"turns":4.0},{"damage":59.0,"enemies":"Gremlin Leader","floor":27.0,"turns":7.0},{"damage":0.0,"enemies":"Snecko","floor":29.0,"turns":6.0},{"damage":0.0,"enemies":"Replay:Snechameleon","floor":30.0,"turns":5.0},{"damage":79.0,"enemies":"Collector","floor":33.0,"turns":8.0},{"damage":10.0,"enemies":"3 Darklings","floor":35.0,"turns":4.0},{"damage":0.0,"enemies":"Orb Walker","floor":36.0,"turns":2.0},{"damage":5.0,"enemies":"HollowMod:StalkingDevout","floor":40.0,"turns":6.0},{"damage":10.0,"enemies":"Jaw Worm Horde","floor":45.0,"turns":4.0},{"damage":22.0,"enemies":"Nemesis","floor":46.0,"turns":5.0},{"damage":5.0,"enemies":"Transient","floor":47.0,"turns":5.0},{"damage":25.0,"enemies":"Maw","floor":48.0,"turns":7.0},{"damage":38.0,"enemies":"Replay:Hell Engine","floor":50.0,"turns":10.0},{"damage":59.0,"enemies":"Shield and Spear","floor":54.0,"turns":7.0},{"damage":72,"enemies":"The Heart","floor":55,"turns":2}],"seed_played":"-7174035743784981755","potions_obtained":[{"floor":8.0,"key":"Elixir"},{"floor":10.0,"key":"Swift Potion"},{"floor":16.0,"key":"Weak Potion"},{"floor":24.0,"key":"Fruit Juice"},{"floor":24.0,"key":"Dexterity Potion"},{"floor":29.0,"key":"Strength Potion"},{"floor":35.0,"key":"ColorlessPotion"},{"floor":36.0,"key":"Cursed Concoction"},{"floor":40.0,"key":"SpeedPotion"}],"is_trial":false,"path_per_floor":["M","$","?","?","T","E","R","E","T","E","R","?","R","M","R","B",null,"M","?","$","?","?","R","?","M","T","E","$","M","E","?","R","B",null,"M","M","?","?","$","E","T","R","T","$","M","E","M","M","R","B",null,"R","$","E","B"],"character_chosen":"THE_BUGKNIGHT","items_purchased":["HollowMod:HuntersJournal","HollowMod:NewGlowingWomb","Secret Technique","HollowMod:MonarchWings","HollowMod:BrokenVessel","OrangePellets","Vajra"],"campfire_rested":3,"item_purchase_floors":[2,2,20,20,39,44,53],"current_hp_per_floor":[68,68,53,46,46,52,52,64,64,74,74,74,74,74,74,65,73,75,75,75,75,75,75,80,80,80,31,31,43,53,53,53,5,61,57,57,57,57,57,58,68,90,90,90,86,70,71,56,90,62,83,90,90,34,0,0],"gold":16,"neow_bonus":"THREE_ENEMY_KILL","is_daily":false,"chose_seed":false,"campfire_upgraded":5,"win_rate":0.0,"timestamp":1611075602,"path_taken":["M","$","?","?","?","E","R","E","T","E","R","?","R","?","R","BOSS","M","?","$","?","?","R","?","M","T","E","$","M","E","?","R","BOSS","BOSS","M","M","?","?","$","E","?","R","T","?","?","E","M","?","R","BOSS","R","$","E","BOSS"],"items_purchased_type":["Card","Card","Card","Card","Card","Relic","Relic"],"build_version":"2020-12-18","purchased_purges":3,"victory":false,"max_hp_per_floor":[75,75,75,75,75,75,75,75,75,75,75,75,75,75,75,75,75,75,75,75,75,75,75,80,80,80,80,80,80,80,80,80,80,80,80,80,80,80,80,80,90,90,90,90,90,90,90,90,90,90,90,90,90,90,90,90],"card_choices":[{"not_picked":["HollowMod:GoodIntentions","HollowMod:SiblingsShadow","HollowMod:VengefulVoid"],"picked":"SKIP","floor":1.0},{"not_picked":["HollowMod:AbyssShriek","HollowMod:NewLittleFool"],"picked":"HollowMod:DungDefenderAura","floor":6.0},{"not_picked":["HollowMod:NewLittleFool","HollowMod:VengefulVoid"],"picked":"HollowMod:SlysStrikes","floor":8.0},{"not_picked":["HollowMod:ShapeofUnn","HollowMod:Grubsong"],"picked":"HollowMod:TaintedHusks","floor":10.0},{"not_picked":["HollowMod:GoodIntentions","HollowMod:DescendingDark","HollowMod:HuntersJournal"],"picked":"SKIP","floor":14.0},{"not_picked":["HollowMod:GoodIntentions","HollowMod:DescendingDark"],"picked":"HollowMod:HuntersJournal","floor":14.0},{"not_picked":["HollowMod:HerrahsAnger","HollowMod:VoidDash"],"picked":"HollowMod:HornetsHelp","floor":16.0},{"not_picked":["HollowMod:BrokenVessel+1","HollowMod:VengefulVoid"],"picked":"HollowMod:TaintedHusks+1","floor":18.0},{"not_picked":["HollowMod:NewLittleFool","HollowMod:CycloneSlash+1","HollowMod:SoulShaman"],"picked":"SKIP","floor":25.0},{"not_picked":["HollowMod:AbyssShriek","HollowMod:DoubleDash"],"picked":"HollowMod:DungDefenderAura","floor":27.0},{"not_picked":["HollowMod:FastStrike","HollowMod:SoulVessel"],"picked":"HollowMod:InfectedAttack","floor":29.0},{"not_picked":["HollowMod:SharpenedNail","HollowMod:SoulVessel+1","HollowMod:RecoilStrike"],"picked":"SKIP","floor":30.0},{"not_picked":["HollowMod:ZotesMagnificence","HollowMod:LordofShades"],"picked":"HollowMod:MidwifesHunger","floor":33.0},{"not_picked":["HollowMod:DoubleDash","HollowMod:CornifersMapStart+1"],"picked":"HollowMod:DungDefenderAura","floor":35.0},{"not_picked":["HollowMod:TaintedHusks+1","HollowMod:MonomonsArchive"],"picked":"HollowMod:PerfectDash","floor":36.0},{"not_picked":["HollowMod:AbyssShriek","HollowMod:MonarchWings"],"picked":"HollowMod:CloakDash","floor":40.0},{"not_picked":["HollowMod:SiblingsSouls+1","HollowMod:GreatSlash+1","HollowMod:CornifersMapStart+1"],"picked":"SKIP","floor":45.0},{"not_picked":["HollowMod:InfectedAttack+1","HollowMod:DescendingDark"],"picked":"HollowMod:NewJinnsSoul+1","floor":46.0},{"not_picked":["HollowMod:GrimmsGift","HollowMod:DesolateDive"],"picked":"HollowMod:ZotesMagnificence","floor":47.0},{"not_picked":["HollowMod:CrystalDash+1","HollowMod:InfectedAttack"],"picked":"HollowMod:CornifersMapStart+1","floor":54.0}],"player_experience":955133,"relics_obtained":[{"floor":6.0,"key":"FossilizedHelix"},{"floor":8.0,"key":"Replay:Rubber Ducky"},{"floor":9.0,"key":"Iron Hammer"},{"floor":10.0,"key":"Replay:Bottled Eggs"},{"floor":12.0,"key":"ReplayTheSpireMod:Ring of Collecting"},{"floor":12.0,"key":"Ring of Panic"},{"floor":24.0,"key":"Anchor"},{"floor":26.0,"key":"Ring of Searing"},{"floor":26.0,"key":"Tiny Chest"},{"floor":27.0,"key":"Bag of Preparation"},{"floor":30.0,"key":"Snack Pack"},{"floor":40.0,"key":"ReplayTheSpireMod:TigerMarble"},{"floor":41.0,"key":"Pear"},{"floor":41.0,"key":"Ring of Greed"},{"floor":41.0,"key":"Membership Card"},{"floor":41.0,"key":"Blue Doll"},{"floor":43.0,"key":"Ring of Fury"},{"floor":43.0,"key":"Bottled Tornado"},{"floor":46.0,"key":"ReplayTheSpireMod:Ninjato"},{"floor":48.0,"key":"Ring of Fangs"},{"floor":48.0,"key":"HollowMod:MantisClawRelic"},{"floor":54.0,"key":"Bag of Marbles"}],"event_choices":[{"damage_healed":0.0,"max_hp_gain":0.0,"max_hp_loss":0.0,"gold_gain":0.0,"event_name":"Shining Light","player_choice":"Entered Light","floor":3.0,"gold_loss":0.0,"damage_taken":15.0,"cards_upgraded":["HollowMod:FocusHealStart","HollowMod:NailStrikeStart"]},{"damage_healed":0.0,"max_hp_gain":0.0,"max_hp_loss":0.0,"gold_gain":0.0,"event_name":"Scrap Ooze","player_choice":"Success","floor":4.0,"gold_loss":0.0,"damage_taken":7.0,"relics_obtained":["Pantograph"]},{"cards_removed":["Voices"],"damage_healed":0.0,"max_hp_gain":0.0,"max_hp_loss":0.0,"gold_gain":0.0,"event_name":"Back to Basics","player_choice":"Elegance","floor":19.0,"gold_loss":0.0,"damage_taken":0.0},{"damage_healed":0.0,"max_hp_gain":0.0,"max_hp_loss":0.0,"gold_gain":0.0,"event_name":"The Library","player_choice":"Read","floor":21.0,"gold_loss":0.0,"damage_taken":0.0,"cards_obtained":["HollowMod:MothsMistake"]},{"damage_healed":0.0,"max_hp_gain":0.0,"max_hp_loss":0.0,"gold_gain":0.0,"event_name":"Drug Dealer","player_choice":"Inject Mutagens","floor":22.0,"gold_loss":0.0,"damage_taken":0.0,"relics_obtained":["MutagenicStrength"]},{"damage_healed":0.0,"max_hp_gain":0.0,"max_hp_loss":0.0,"gold_gain":0.0,"event_name":"The Mausoleum","player_choice":"Opened","floor":31.0,"gold_loss":0.0,"damage_taken":0.0,"relics_obtained":["Regal Pillow"],"cards_obtained":["Writhe"]},{"damage_healed":0.0,"max_hp_gain":0.0,"max_hp_loss":0.0,"gold_gain":0.0,"event_name":"Tomb of Lord Red Mask","player_choice":"Ignored","floor":37.0,"gold_loss":0.0,"damage_taken":0.0},{"cards_removed":["HollowMod:InfectedAttack"],"damage_healed":0.0,"max_hp_gain":0.0,"max_hp_loss":0.0,"gold_gain":0.0,"event_name":"Falling","player_choice":"Removed Attack","floor":38.0,"gold_loss":0.0,"damage_taken":0.0}],"is_beta":true,"boss_relics":[{"not_picked":["ChewingGum","Runic Dome"],"picked":"Kintsugi"},{"not_picked":["Replay:Bronze Core","Astrolabe"],"picked":"Fusion Hammer"}],"items_purged_floors":[20,28,39],"is_endless":false,"potions_floor_spawned":[8,10,16,29,30,35,36,40],"killed_by":"The Heart","ascension_level":11}}