{"host":"jcx3r2rqknwp5xpf","time":1611099982,"event":{"mods":["2.2 Compatiblity","AchievementEnabler","Act Like it!","Bard","BaseMod","Elementarium","Fireblade Mod","Gremlin Mod","Hallownest","Hermit","Jorbs\u0027s Wanderer Trilogy","Menagerie","Minty Spire (QoL Compilation)","Pale of the Ancients","Somnambulant","StSLib","The Blackbeard","The Bug Knight","The Construct","The Cursed","The Disciple","The Druid","The Hierophant","The Mystic","The Runesmith","The Showman"],"gold_per_floor":[109,120,130,130,144,144,144],"floor_reached":6,"language":"ENG","playtime":336,"items_purged":[],"score":38,"play_id":"f9974cfd-6508-4b9e-9f55-8c015d3c9057","local_time":"20210119184622","is_ascension_mode":false,"campfire_choices":[],"circlet_count":0,"master_deck":["Strike_P","Strike_P","Strike_P","Strike_P","Defend_P","Defend_P","Defend_P","Defend_P","Eruption","Vigilance","Worship","Wireheading","Nirvana","Strike_B","Prostrate"],"relics":["PureWater"],"acts_visited":["Exordium"],"potions_floor_usage":[],"damage_taken":[{"damage":0,"enemies":"Menagerie:2_RABBITS","floor":1,"turns":4},{"damage":1,"enemies":"Menagerie:MonstrousExperiment","floor":2,"turns":3},{"damage":0,"enemies":"Menagerie:WhisperingWraith","floor":3,"turns":3},{"damage":32,"enemies":"Menagerie:MeltingSalamander","floor":5,"turns":5},{"damage":0,"enemies":"Menagerie:MaskedSummoner","floor":6,"turns":1}],"seed_played":"1430707317181852414","potions_obtained":[{"floor":5,"key":"Energy Potion"}],"is_trial":false,"path_per_floor":["M","M","M","?","M","E"],"character_chosen":"WATCHER","items_purchased":[],"campfire_rested":0,"item_purchase_floors":[],"current_hp_per_floor":[79,78,78,78,46,46,46],"gold":144,"neow_bonus":"TEN_PERCENT_HP_BONUS","is_daily":false,"chose_seed":false,"campfire_upgraded":0,"win_rate":0.0,"timestamp":1611099982,"path_taken":["M","?","M","?","M","E"],"items_purchased_type":[],"build_version":"2020-12-22","purchased_purges":0,"victory":false,"max_hp_per_floor":[79,79,79,79,79,79,79],"card_choices":[{"not_picked":["FlyingSleeves","SashWhip"],"picked":"Worship","floor":1},{"not_picked":["Perseverance","JustLucky"],"picked":"Wireheading","floor":2},{"not_picked":["CutThroughFate","CrushJoints"],"picked":"Nirvana","floor":3},{"not_picked":["EmptyFist","Crescendo"],"picked":"Prostrate","floor":5}],"player_experience":484778,"relics_obtained":[],"event_choices":[{"damage_healed":0,"gold_gain":0,"player_choice":"Ignore","damage_taken":0,"max_hp_gain":0,"max_hp_loss":0,"event_name":"Menagerie:ShimmeringGrove","floor":4,"gold_loss":0,"cards_obtained":["Strike_B"]}],"is_beta":false,"boss_relics":[],"items_purged_floors":[],"is_endless":false,"potions_floor_spawned":[5],"killed_by":"Menagerie:MaskedSummoner","ascension_level":0}}