{"host":"xuxmsn6olavvgi6l","time":1611033146,"event":{"mods":["AchievementEnabler","Act Like it!","BaseMod","Better Third Choice","BetterRewards","Colored Map","Colored Powertips","Hermit","Highlight Path","Hubris","Infinite Spire","Minty Spire (QoL Compilation)","Rare Cards Sparkle","Replay The Spire","Shop Mod","StSLib","The Administrix","The Animator","The Bug Knight","The Construct","The Cursed","The Hierophant","The Necromancer","The Runesmith","The Servant 0.9.4"],"gold_per_floor":[214,214,225,16,26,26,61,72,96,110,72,86,111,126,126,126,126],"floor_reached":16,"language":"ENG","playtime":768,"items_purged":["HollowMod:NailStrikeStart"],"score":114,"play_id":"c11a22bf-a304-4fd4-9b19-e37e4995a4ea","local_time":"20210118231226","is_ascension_mode":false,"campfire_choices":[{"data":"HollowMod:CycloneSlash","floor":6.0,"key":"SMITH"},{"data":"HollowMod:FastStrike","floor":15,"key":"SMITH"}],"circlet_count":0,"master_deck":["HollowMod:NailStrikeStart","HollowMod:NailStrikeStart","HollowMod:NailStrikeStart","HollowMod:QuickDashStart","HollowMod:QuickDashStart","HollowMod:QuickDashStart","HollowMod:QuickDashStart","HollowMod:FocusHealStart","HollowMod:PogoStrike","HollowMod:CycloneSlash+1","HollowMod:FastStrike+1","HollowMod:CloakDash"],"relics":["HollowMod:VesselMask","Membership Card","MerchantsRug","Dream Catcher","Replay:Rubber Ducky","infinitespire:Beetle Shell"],"acts_visited":["Exordium"],"potions_floor_usage":[16],"damage_taken":[{"damage":5.0,"enemies":"Small Slimes","floor":1.0,"turns":3.0},{"damage":1.0,"enemies":"Cultist","floor":3.0,"turns":4.0},{"damage":15.0,"enemies":"infinitespire:Voidling","floor":5.0,"turns":5.0},{"damage":24.0,"enemies":"Replay:BlueRogue","floor":7.0,"turns":7.0},{"damage":3.0,"enemies":"Lots of Slimes","floor":8.0,"turns":2.0},{"damage":23.0,"enemies":"Exordium Thugs","floor":10.0,"turns":5.0},{"damage":6.0,"enemies":"Exordium Wildlife","floor":12.0,"turns":3.0},{"damage":21.0,"enemies":"Lagavulin","floor":13.0,"turns":6.0},{"damage":5.0,"enemies":"Red Slaver","floor":14.0,"turns":4.0},{"damage":31,"enemies":"The Guardian","floor":16,"turns":8}],"seed_played":"-8638619201964456513","potions_obtained":[{"floor":1.0,"key":"PowerPotion"},{"floor":7.0,"key":"infinitespire:BlackPotion"},{"floor":10.0,"key":"Explosive Potion"},{"floor":14.0,"key":"Toxic Potion"}],"is_trial":false,"path_per_floor":["M","?","M","$","M","R","E","M","T","M","$","M","E","M","R","B"],"character_chosen":"THE_BUGKNIGHT","items_purchased":["Membership Card","MerchantsRug"],"campfire_rested":0,"item_purchase_floors":[4,4],"current_hp_per_floor":[75,75,74,74,63,63,49,52,52,35,35,35,24,25,25,0,0],"gold":126,"neow_bonus":"HUNDRED_GOLD","is_daily":false,"chose_seed":false,"campfire_upgraded":2,"win_rate":0.0,"timestamp":1611033146,"path_taken":["M","?","?","$","M","R","E","M","T","M","$","M","E","M","R","BOSS"],"items_purchased_type":["Relic","Relic"],"build_version":"2020-12-22","purchased_purges":1,"victory":false,"max_hp_per_floor":[75,75,75,75,75,75,75,75,75,75,75,75,75,75,75,75,75],"card_choices":[{"not_picked":["HollowMod:VengefulVoid","HollowMod:HeavyBlow","HollowMod:BlackTendrils"],"picked":"SKIP","floor":1.0},{"not_picked":["HollowMod:TaintedHusks","HollowMod:SharpenedShadows","HollowMod:CornifersMapStart"],"picked":"SKIP","floor":3.0},{"not_picked":["HollowMod:VengefulSpirit","HollowMod:VengefulVoid"],"picked":"HollowMod:CycloneSlash","floor":5.0},{"not_picked":["HollowMod:SiblingsShadow","HollowMod:CoiledNail","HollowMod:WraithStrike"],"picked":"SKIP","floor":7.0},{"not_picked":["HollowMod:CornifersMapStart","HollowMod:NewLittleFool"],"picked":"HollowMod:FastStrike","floor":8.0},{"not_picked":["HollowMod:NewLittleFool","HollowMod:SharpenedNail","HollowMod:CycloneSlash"],"picked":"SKIP","floor":10.0},{"not_picked":["HollowMod:DescendingDark","HollowMod:PerfectDash"],"picked":"HollowMod:CloakDash","floor":12.0},{"not_picked":["HollowMod:WraithStrike","HollowMod:FastStrike","HollowMod:HowlingWraiths"],"picked":"SKIP","floor":13.0},{"not_picked":["HollowMod:LifebloodCocoon","HollowMod:DoubleDash","HollowMod:NewJinnsSoul"],"picked":"SKIP","floor":14.0}],"player_experience":1320494,"relics_obtained":[{"floor":7.0,"key":"Dream Catcher"},{"floor":9.0,"key":"Replay:Rubber Ducky"},{"floor":13.0,"key":"infinitespire:Beetle Shell"}],"event_choices":[{"damage_healed":0.0,"max_hp_gain":0.0,"max_hp_loss":0.0,"gold_gain":0.0,"event_name":"NoteForYourself","player_choice":"Ignored","floor":2.0,"gold_loss":0.0,"damage_taken":0.0}],"is_beta":false,"boss_relics":[],"items_purged_floors":[11],"is_endless":false,"potions_floor_spawned":[1,7,10,14],"killed_by":"The Guardian","ascension_level":0}}