{"host":"lxihx0b6awoz2w1j","time":1611085762,"event":{"mods":["Act Like it!","BaseMod","Better Third Choice","CapriCore","Colored Powertips","Conspire","Fox Events","Gensokyo","Hermit","Hubris","Infinite Spire","JesterMod","Luminous","Marisa????????","Melee Mod","Minty Spire (QoL Compilation)","Prisma Mod","Quick Restart","Relic Stats","Replay The Spire","Shade Mod","Spicy Shops","StSLib","The Alterego","The Blue Laboratory","The Cursed","The Disciple","The Forsaken","The Gatherer","The Immortal","The Jungle","The Marked","The Runesmith","The Senshi","The Servant 0.9.4","The Spell Scribe","Waifu the Spire"],"gold_per_floor":[109,126,126,75,89,120,131,131,131,166,166,241,342,357,357,456,456,466,766,783,783,813,813,864,864,874,885,321,349,349,444,444,444],"floor_reached":33,"language":"ENG","playtime":1604,"items_purged":[],"score":489,"play_id":"33da9758-9476-4b0b-bc1e-0084222296f1","local_time":"20210119204922","is_ascension_mode":true,"campfire_choices":[{"floor":8.0,"key":"REST"},{"floor":11.0,"key":"REST"},{"floor":15.0,"key":"REST"},{"data":"Crystallizer","floor":22.0,"key":"SMITH"},{"data":"Storm","floor":26.0,"key":"SMITH"},{"data":"Consume","floor":31.0,"key":"SMITH"}],"circlet_count":0,"master_deck":["Strike_B","Strike_B","Strike_B","Strike_B","Defend_B","Defend_B","Defend_B","Defend_B","Zap","Dualcast","Coolheaded","ReplayTheSpireMod:Calculation Training","ReplayTheSpireMod:System Scan","ReplayTheSpireMod:Private Reserves","Zap","Beam Cell","Crystallizer","Crystallizer+1","Storm+1","Time Bomb","Electrodynamics","Storm","Storm","Leap","Consume+1","Chill","Leap","ReplayTheSpireMod:Omega Cannon+1","Go for the Eyes+1","Time Bomb","FIFO Queue","infinitespire:SevenWalls+1","infinitespire:Starlight","conspire:SharedLibrary","Cold Snap+1","Doom and Gloom+1","Force Field","Zap","Sweeping Beam+1","Enlightenment","Stack","hubris:PowerSurge+1","Compile Driver+1","Conserve Battery","Static Discharge","Seek","Seek","hubris:Ukulele+1","Redo","ReplayTheSpireMod:Fabricate Wheel"],"relics":["Cracked Core","Prayer Wheel","Ancient Tea Set","Molten Egg 2","hubris:Teleporter","Replay:Antivirus Software","Prayer Wheel","ChewingGum","Old Coin","Mercury Hourglass","ReplayTheSpireMod:TigerMarble","Membership Card","Replay:Wax Seal","Replay:Rubber Ducky","hubris:BundleOfHerbs","OrangePellets","Lantern"],"acts_visited":["Exordium","TheCity"],"potions_floor_usage":[],"damage_taken":[{"damage":1.0,"enemies":"2 Louse","floor":1.0,"turns":2.0},{"damage":0.0,"enemies":"Cultist","floor":2.0,"turns":3.0},{"damage":6.0,"enemies":"Small Slimes","floor":5.0,"turns":2.0},{"damage":47.0,"enemies":"Gremlin Nob","floor":6.0,"turns":5.0},{"damage":10.0,"enemies":"Blue Slaver","floor":7.0,"turns":3.0},{"damage":20.0,"enemies":"Lagavulin","floor":10.0,"turns":5.0},{"damage":32.0,"enemies":"Gremlin Gang","floor":14.0,"turns":5.0},{"damage":16.0,"enemies":"Fading Forest","floor":16.0,"turns":11.0},{"damage":0.0,"enemies":"Spheric Guardian","floor":18.0,"turns":3.0},{"damage":3.0,"enemies":"conspire:FuzzyDice","floor":20.0,"turns":6.0},{"damage":14.0,"enemies":"Nightmare","floor":23.0,"turns":7.0},{"damage":21.0,"enemies":"Snake Plant","floor":27.0,"turns":2.0},{"damage":0.0,"enemies":"conspire:HollyBat","floor":28.0,"turns":5.0},{"damage":0.0,"enemies":"conspire:SneckoGhost","floor":30.0,"turns":6.0},{"damage":11,"enemies":"Collector","floor":32,"turns":6}],"seed_played":"-1015864381713233400","potions_obtained":[{"floor":1.0,"key":"blueLaboratory:FruitPunch"},{"floor":2.0,"key":"conspire:TimeTravelPotion"},{"floor":14.0,"key":"blueLaboratory:HeartbeatPotion"},{"floor":16.0,"key":"Elixir"},{"floor":27.0,"key":"blueLaboratory:RelayPotion"},{"floor":30.0,"key":"DistilledChaos"}],"is_trial":false,"path_per_floor":["M","M","?","$","M","E","M","R","T","E","R","?","?","M","R","B",null,"M","AVR","M","R","NM","?","T","R","M","M","$","E","R","B",null],"character_chosen":"DEFECT","items_purchased":["Crystallizer","Membership Card","Replay:Wax Seal","Replay:Rubber Ducky","hubris:BundleOfHerbs","Static Discharge","Seek","OrangePellets","hubris:Ukulele+1"],"campfire_rested":3,"item_purchase_floors":[4,29,29,29,29,29,29,29,29],"current_hp_per_floor":[81,81,81,81,77,55,45,70,70,50,75,64,64,32,57,41,84,84,84,81,81,72,72,72,72,51,51,51,61,61,60,60,60],"gold":444,"neow_bonus":"TEN_PERCENT_HP_BONUS","is_daily":false,"chose_seed":false,"campfire_upgraded":3,"win_rate":0.0,"timestamp":1611085762,"path_taken":["M","M","?","$","?","E","M","R","T","E","R","?","?","M","R","BOSS","M","AVR","M","R","NM","?","T","R","M","M","$","E","R","BOSS"],"items_purchased_type":["Card","Relic","Relic","Relic","Relic","Card","Card","Relic","Card"],"build_version":"2020-12-22","purchased_purges":0,"victory":false,"max_hp_per_floor":[82,82,82,82,84,84,84,84,84,84,84,84,84,84,84,84,84,84,84,84,84,84,84,84,84,84,84,84,84,84,84,84,84],"relic_stats":{"OrangePellets":[6],"counters":[15,70],"Prayer Wheel":6,"obtain_stats":[{"Lantern":30,"hubris:Teleporter":10,"Ancient Tea Set":6,"Old Coin":19,"Mercury Hourglass":23,"Replay:Rubber Ducky":29,"OrangePellets":29,"Prayer Wheel":6,"Molten Egg 2":9,"ChewingGum":17,"hubris:BundleOfHerbs":29,"ReplayTheSpireMod:TigerMarble":25,"Membership Card":29,"Replay:Antivirus Software":13,"Replay:Wax Seal":29,"Cracked Core":0},{"Lantern":14,"hubris:Teleporter":6,"Ancient Tea Set":4,"Old Coin":9,"Mercury Hourglass":11,"Replay:Rubber Ducky":13,"OrangePellets":13,"Prayer Wheel":4,"Molten Egg 2":5,"ChewingGum":8,"hubris:BundleOfHerbs":13,"ReplayTheSpireMod:TigerMarble":11,"Membership Card":13,"Replay:Antivirus Software":6,"Replay:Wax Seal":13,"Cracked Core":0},{"Lantern":65,"hubris:Teleporter":20,"Ancient Tea Set":12,"Old Coin":39,"Mercury Hourglass":52,"Replay:Rubber Ducky":59,"OrangePellets":59,"Prayer Wheel":12,"Molten Egg 2":15,"ChewingGum":36,"hubris:BundleOfHerbs":59,"ReplayTheSpireMod:TigerMarble":52,"Membership Card":59,"Replay:Antivirus Software":20,"Replay:Wax Seal":59,"Cracked Core":0}],"Mercury Hourglass":[48]},"card_choices":[{"not_picked":["Stack","Beam Cell"],"picked":"Coolheaded","floor":1.0},{"not_picked":["Rebound","Cold Snap"],"picked":"ReplayTheSpireMod:Calculation Training","floor":2.0},{"not_picked":["Sweeping Beam","Force Field"],"picked":"Storm","floor":5.0},{"not_picked":["Hologram","Streamline"],"picked":"Time Bomb","floor":6.0},{"not_picked":["Beam Cell","Redo"],"picked":"Electrodynamics","floor":7.0},{"not_picked":["Aggregate","Cold Snap"],"picked":"Storm","floor":7.0},{"not_picked":["BasicCrystalCard","Beam Cell+1"],"picked":"Storm","floor":10.0},{"not_picked":["Rebound+1","BasicCrystalCard"],"picked":"Leap","floor":13.0},{"not_picked":["Aggregate","Cold Snap+1"],"picked":"Consume","floor":13.0},{"not_picked":["Melter+1","ReplayTheSpireMod:GoodbyeWorld"],"picked":"Chill","floor":14.0},{"not_picked":["ReplayTheSpireMod:Calculation Training","Creative AI"],"picked":"Leap","floor":14.0},{"not_picked":["Seek","Machine Learning"],"picked":"ReplayTheSpireMod:Omega Cannon+1","floor":16.0},{"not_picked":["Beam Cell+1","ReplayTheSpireMod:Repulse"],"picked":"Go for the Eyes+1","floor":18.0},{"not_picked":["Double Energy","ReplayTheSpireMod:Repulse"],"picked":"Time Bomb","floor":18.0},{"not_picked":["Sunder+1","ReplayGash+1"],"picked":"FIFO Queue","floor":18.0},{"not_picked":["BasicCrystalCard","Undo+1"],"picked":"conspire:SharedLibrary","floor":20.0},{"not_picked":["Steam+1","Leap"],"picked":"Cold Snap+1","floor":20.0},{"not_picked":["Blizzard+1","ReplayTheSpireMod:Reroute Power","Recycle"],"picked":"SKIP","floor":20.0},{"not_picked":["conspire:SharedLibrary","Blizzard+1"],"picked":"Doom and Gloom+1","floor":23.0},{"not_picked":["Aggregate","Cold Snap+1"],"picked":"Stack","floor":27.0},{"not_picked":["All For One+1","Barrage+1"],"picked":"hubris:PowerSurge+1","floor":27.0},{"not_picked":["Melter+1","Coolheaded","Panic Button+1"],"picked":"SKIP","floor":27.0},{"not_picked":["Doom and Gloom+1","Cold Snap+1"],"picked":"Compile Driver+1","floor":28.0},{"not_picked":["Stack+1","Recycle+1"],"picked":"Conserve Battery","floor":28.0},{"not_picked":["Panic Button+1","Cold Snap+1","Sweeping Beam+1"],"picked":"SKIP","floor":28.0},{"not_picked":["ReplayTheSpireMod:GoodbyeWorld","Panic Button"],"picked":"Redo","floor":30.0},{"not_picked":["Electrodynamics","Core Surge+1"],"picked":"ReplayTheSpireMod:Fabricate Wheel","floor":32}],"player_experience":641653,"relics_obtained":[{"floor":6.0,"key":"Ancient Tea Set"},{"floor":9.0,"key":"Molten Egg 2"},{"floor":10.0,"key":"hubris:Teleporter"},{"floor":13.0,"key":"Replay:Antivirus Software"},{"floor":23.0,"key":"Mercury Hourglass"},{"floor":25.0,"key":"ReplayTheSpireMod:TigerMarble"},{"floor":30.0,"key":"Lantern"}],"event_choices":[{"damage_healed":0.0,"max_hp_gain":0.0,"max_hp_loss":0.0,"gold_gain":0.0,"event_name":"Match and Keep!","player_choice":"5 cards matched","floor":3.0,"gold_loss":0.0,"damage_taken":0.0,"cards_obtained":["ReplayTheSpireMod:System Scan","ReplayTheSpireMod:Private Reserves","ReplayTheSpireMod:Fabricate Wheel","Zap","Beam Cell"]},{"damage_healed":0.0,"max_hp_gain":0.0,"max_hp_loss":0.0,"gold_gain":75.0,"event_name":"betterThird:BetterGoop","player_choice":"Gold","floor":12.0,"gold_loss":0.0,"damage_taken":11.0},{"damage_healed":0.0,"max_hp_gain":0.0,"max_hp_loss":0.0,"gold_gain":0.0,"event_name":"Match and Keep!","player_choice":"4 cards matched","floor":24.0,"gold_loss":0.0,"damage_taken":0.0,"cards_obtained":["Force Field","Zap","Sweeping Beam","Enlightenment"]}],"is_beta":false,"boss_relics":[{"not_picked":["Runic Dome","SacredBark"],"picked":"ChewingGum"}],"items_purged_floors":[],"is_endless":true,"potions_floor_spawned":[1,2,14,16,27,28,30],"ascension_level":1}}