{"host":"hw13b7hbn5su36xt","time":1611073372,"event":{"mods":["2.2 Compatiblity","BaseMod","Bestiary","Colored Map","Colored Powertips","Curses Come First","Dark Map","Downfall","Highlight Path","Minty Spire (QoL Compilation)","RNG Fix","Relic Filter","Relic Sorter","Relic Stats","StSLib"],"gold_per_floor":[117,127,127,127,147,162,188,203,203,203,223,223,255,36,36,36,36],"floor_reached":16,"language":"ENG","playtime":803,"items_purged":["Strike_P"],"score":168,"play_id":"fb422d59-0ede-4cdd-92a4-619cc58760ea","local_time":"20210119162252","is_ascension_mode":true,"campfire_choices":[{"floor":10,"key":"REST"},{"floor":12,"key":"REST"},{"data":"CrushJoints","floor":15,"key":"SMITH"}],"circlet_count":0,"master_deck":["AscendersBane","Strike_P","Strike_P","Strike_P","Defend_P","Defend_P","Defend_P","Defend_P","Eruption","Vigilance","CutThroughFate","CrushJoints+1","Protect","EmptyBody","Consecrate","EmptyFist"],"relics":["PureWater","hexamod:BolsterEngine","HornCleat","Bottled Flame","Pantograph","Medical Kit"],"acts_visited":["Exordium"],"potions_floor_usage":[6,11,13],"damage_taken":[{"damage":0,"enemies":"Jaw Worm","floor":1,"turns":3},{"damage":6,"enemies":"Cultist","floor":2,"turns":5},{"damage":3,"enemies":"2 Louse","floor":5,"turns":2},{"damage":22,"enemies":"Gremlin Gang","floor":6,"turns":5},{"damage":27,"enemies":"Gremlin Nob","floor":7,"turns":4},{"damage":0,"enemies":"Looter","floor":8,"turns":3},{"damage":2,"enemies":"Exordium Wildlife","floor":11,"turns":3},{"damage":44,"enemies":"3 Sentries","floor":13,"turns":7},{"damage":36,"enemies":"Slime Boss","floor":16,"turns":6}],"seed_played":"542897862380096041","potions_obtained":[{"floor":2,"key":"DuplicationPotion"},{"floor":6,"key":"Fire Potion"},{"floor":8,"key":"SneckoOil"}],"is_trial":false,"path_per_floor":["M","M","?","?","M","M","E","M","T","R","M","R","E","$","R","B"],"character_chosen":"WATCHER","items_purchased":["Medical Kit"],"campfire_rested":2,"item_purchase_floors":[14],"current_hp_per_floor":[72,66,54,54,51,29,2,2,2,25,23,46,2,2,2,0,0],"gold":36,"neow_bonus":"TEN_PERCENT_HP_BONUS","is_daily":false,"chose_seed":false,"campfire_upgraded":1,"win_rate":0.0,"timestamp":1611073372,"path_taken":["M","?","?","?","?","M","E","M","T","R","M","R","E","$","R","BOSS"],"items_purchased_type":["Relic"],"build_version":"2020-12-22","purchased_purges":1,"victory":false,"max_hp_per_floor":[79,79,79,79,79,79,79,79,79,79,79,79,79,79,79,79,79],"relic_stats":{"counters":[9,38],"Pantograph":25,"Medical Kit":[0],"obtain_stats":[{"Bottled Flame":9,"HornCleat":7,"Pantograph":13,"PureWater":0,"hexamod:BolsterEngine":3,"Medical Kit":14},{"Bottled Flame":6,"HornCleat":5,"Pantograph":8,"PureWater":0,"hexamod:BolsterEngine":2,"Medical Kit":8},{"Bottled Flame":22,"HornCleat":19,"Pantograph":32,"PureWater":0,"hexamod:BolsterEngine":8,"Medical Kit":32}]},"card_choices":[{"not_picked":["FlyingSleeves","EmptyBody"],"picked":"CutThroughFate","floor":1},{"not_picked":["BowlingBash","Fasting2"],"picked":"CrushJoints","floor":2},{"not_picked":["LikeWater","FlyingSleeves"],"picked":"Protect","floor":5},{"not_picked":["ThirdEye","ClearTheMind","CrushJoints"],"picked":"SKIP","floor":6},{"not_picked":["ReachHeaven","WreathOfFlame"],"picked":"EmptyBody","floor":7},{"not_picked":["EmptyFist","JustLucky"],"picked":"Consecrate","floor":8},{"not_picked":["WheelKick","Pray","Perseverance"],"picked":"SKIP","floor":11},{"not_picked":["Study","TalkToTheHand"],"picked":"EmptyFist","floor":13}],"player_experience":375185,"relics_obtained":[{"floor":7,"key":"HornCleat"},{"floor":9,"key":"Bottled Flame"},{"floor":13,"key":"Pantograph"}],"event_choices":[{"damage_healed":0,"gold_gain":0,"player_choice":"Success","damage_taken":12,"relics_obtained":["hexamod:BolsterEngine"],"max_hp_gain":0,"max_hp_loss":0,"event_name":"Scrap Ooze","floor":3,"gold_loss":0},{"damage_healed":0,"gold_gain":0,"player_choice":"Ignored","damage_taken":0,"max_hp_gain":0,"max_hp_loss":0,"event_name":"Liars Game","floor":4,"gold_loss":0}],"is_beta":false,"boss_relics":[],"items_purged_floors":[14],"is_endless":false,"potions_floor_spawned":[2,6,8],"killed_by":"Slime Boss","ascension_level":10}}