{"host":"640uue19m79c7wbt","time":1611021267,"event":{"mods":["BaseMod","Colored Map","Googly Eyes","Highlight Path","Minty Spire (QoL Compilation)","Quick Restart","StSLib"],"gold_per_floor":[361,371,371,42,42,42,61,61,61,61,79,93,123,136,136,214,214,229,229,229,241,261,294,294,329,329,329,349,382,382,382],"floor_reached":30,"language":"ENG","playtime":1060,"items_purged":["Pain"],"score":578,"play_id":"4ad25ca5-5830-42cd-ac3f-9acf58e37bfa","local_time":"20210118205427","is_ascension_mode":true,"campfire_choices":[{"data":"Accuracy","floor":6.0,"key":"SMITH"},{"data":"Accuracy","floor":8.0,"key":"SMITH"},{"data":"Cloak And Dagger","floor":10.0,"key":"SMITH"},{"floor":15.0,"key":"REST"},{"data":"Blade Dance","floor":27.0,"key":"SMITH"}],"circlet_count":0,"master_deck":["AscendersBane","Strike_G","Strike_G","Strike_G","Strike_G","Strike_G","Defend_G","Defend_G","Defend_G","Defend_G","Defend_G","Survivor","Neutralize","Cloak And Dagger+1","Blade Dance+1","Accuracy+1","Bouncing Flask","Blur","Predator","Accuracy+1","Backflip+1","Prepared+1","PiercingWail+1","Terror+1","Storm of Steel+1","Underhanded Strike","Tactician+1","Blade Dance+1","Blade Dance+1","Dagger Throw","Reflex+1"],"relics":["Ring of the Serpent","Snake Skull","Toxic Egg 2","Boot","MutagenicStrength","TungstenRod","Nilry\u0027s Codex","Omamori","Orichalcum","Calipers"],"acts_visited":["Exordium","TheCity"],"potions_floor_usage":[],"damage_taken":[{"damage":11.0,"enemies":"Small Slimes","floor":1.0,"turns":5.0},{"damage":1.0,"enemies":"2 Louse","floor":2.0,"turns":3.0},{"damage":0.0,"enemies":"Cultist","floor":7.0,"turns":3.0},{"damage":0.0,"enemies":"Exordium Thugs","floor":11.0,"turns":3.0},{"damage":9.0,"enemies":"Exordium Wildlife","floor":12.0,"turns":5.0},{"damage":22.0,"enemies":"3 Sentries","floor":13.0,"turns":7.0},{"damage":3.0,"enemies":"Large Slime","floor":14.0,"turns":5.0},{"damage":5.0,"enemies":"The Guardian","floor":16.0,"turns":8.0},{"damage":0.0,"enemies":"Spheric Guardian","floor":18.0,"turns":3.0},{"damage":5.0,"enemies":"Shell Parasite","floor":21.0,"turns":4.0},{"damage":0.0,"enemies":"Cultist and Chosen","floor":22.0,"turns":3.0},{"damage":0.0,"enemies":"Gremlin Leader","floor":23.0,"turns":3.0},{"damage":0.0,"enemies":"Slavers","floor":25.0,"turns":2.0},{"damage":5.0,"enemies":"3 Cultists","floor":28.0,"turns":4.0},{"damage":32.0,"enemies":"Book of Stabbing","floor":29.0,"turns":4.0},{"damage":7,"enemies":"Centurion and Healer","floor":30,"turns":2}],"seed_played":"2796847040900362156","potions_obtained":[{"floor":1.0,"key":"Swift Potion"},{"floor":7.0,"key":"Weak Potion"},{"floor":13.0,"key":"EssenceOfSteel"},{"floor":16.0,"key":"EssenceOfSteel"},{"floor":18.0,"key":"Dexterity Potion"},{"floor":21.0,"key":"FearPotion"},{"floor":22.0,"key":"Dexterity Potion"},{"floor":23.0,"key":"LiquidMemories"}],"is_trial":false,"path_per_floor":["M","M","?","$","?","R","M","R","T","R","M","M","E","M","R","B",null,"M","?","?","M","M","E","?","E","T","R","M","E","M"],"character_chosen":"THE_SILENT","items_purchased":["Accuracy","Bouncing Flask","Blur","Predator"],"campfire_rested":1,"item_purchase_floors":[4,4,4,4],"current_hp_per_floor":[48,47,47,47,47,47,47,47,47,47,47,38,16,13,32,27,56,56,56,56,51,51,51,39,39,39,39,34,2,0,0],"gold":382,"neow_bonus":"TWO_FIFTY_GOLD","is_daily":false,"chose_seed":false,"campfire_upgraded":4,"win_rate":0.0,"timestamp":1611021267,"path_taken":["M","M","?","$","?","R","?","R","T","R","M","M","E","M","R","BOSS","M","?","?","M","M","E","?","E","T","R","?","E","?"],"items_purchased_type":["Card","Card","Card","Card"],"build_version":"2020-12-22","purchased_purges":1,"victory":false,"max_hp_per_floor":[66,66,66,66,66,66,66,66,66,66,66,66,66,66,66,66,66,66,66,66,66,66,66,66,66,66,66,66,66,66,66],"card_choices":[{"not_picked":["Bane","Flechettes"],"picked":"Cloak And Dagger","floor":1.0},{"not_picked":["Acrobatics","Cloak And Dagger"],"picked":"Blade Dance","floor":2.0},{"not_picked":["Cloak And Dagger","Skewer"],"picked":"Accuracy","floor":7.0},{"not_picked":["Poisoned Stab","Sucker Punch"],"picked":"Backflip+1","floor":11.0},{"not_picked":["Bane","Outmaneuver+1"],"picked":"Prepared+1","floor":12.0},{"not_picked":["Flying Knee","Eviscerate"],"picked":"PiercingWail+1","floor":13.0},{"not_picked":["Poisoned Stab","Dodge and Roll+1"],"picked":"Terror+1","floor":14.0},{"not_picked":["Venomology+1","Die Die Die"],"picked":"Storm of Steel+1","floor":16.0},{"not_picked":["Flying Knee","Bane"],"picked":"Underhanded Strike","floor":18.0},{"not_picked":["Dagger Throw","PiercingWail+1"],"picked":"Blade Dance+1","floor":21.0},{"not_picked":["Masterful Stab","Deflect+1","Sucker Punch+1"],"picked":"SKIP","floor":22.0},{"not_picked":["Flechettes","Riddle With Holes"],"picked":"Blade Dance+1","floor":23.0},{"not_picked":["Tactician+1","Infinite Blades"],"picked":"Dagger Throw","floor":25.0},{"not_picked":["Deadly Poison+1","Outmaneuver+1"],"picked":"Reflex+1","floor":28.0},{"not_picked":["Masterful Stab","Backflip+1","Endless Agony"],"picked":"SKIP","floor":29.0}],"player_experience":615174,"relics_obtained":[{"floor":9.0,"key":"Toxic Egg 2"},{"floor":13.0,"key":"Boot"},{"floor":23.0,"key":"TungstenRod"},{"floor":24.0,"key":"Nilry\u0027s Codex"},{"floor":25.0,"key":"Omamori"},{"floor":26.0,"key":"Orichalcum"},{"floor":29.0,"key":"Calipers"}],"event_choices":[{"damage_healed":0.0,"max_hp_gain":0.0,"max_hp_loss":0.0,"gold_gain":0.0,"event_name":"Big Fish","player_choice":"Box","floor":3.0,"gold_loss":0.0,"damage_taken":0.0,"relics_obtained":["Snake Skull"],"cards_obtained":["Regret"]},{"cards_removed":["Regret"],"damage_healed":0.0,"max_hp_gain":0.0,"max_hp_loss":0.0,"gold_gain":0.0,"event_name":"Fountain of Cleansing","player_choice":"Removed Curses","floor":5.0,"gold_loss":0.0,"damage_taken":0.0},{"damage_healed":0.0,"max_hp_gain":0.0,"max_hp_loss":0.0,"gold_gain":0.0,"event_name":"The Library","player_choice":"Read","floor":19.0,"gold_loss":0.0,"damage_taken":0.0,"cards_obtained":["Tactician"]},{"damage_healed":0.0,"max_hp_gain":0.0,"max_hp_loss":0.0,"gold_gain":0.0,"event_name":"Drug Dealer","player_choice":"Inject Mutagens","floor":20.0,"gold_loss":0.0,"damage_taken":0.0,"relics_obtained":["MutagenicStrength"]},{"damage_healed":0.0,"max_hp_gain":0.0,"max_hp_loss":0.0,"gold_gain":0.0,"event_name":"Cursed Tome","player_choice":"Obtained Book","floor":24.0,"gold_loss":0.0,"damage_taken":16.0}],"is_beta":false,"boss_relics":[{"not_picked":["SacredBark","Runic Pyramid"],"picked":"Ring of the Serpent"}],"items_purged_floors":[4],"is_endless":false,"potions_floor_spawned":[1,7,13,16,18,21,22,23],"killed_by":"Centurion and Healer","ascension_level":14}}