{"host":"sitjkmnle4og3x94","time":1611049346,"event":{"mods":["ATMod(°¢èªMod)","Act Like it!","BaseMod","Block Reminder","Halation","Hubris","Library of Ruina","Library of Ruina Extra","Minty Spire (QoL Compilation)","MostiFishMod","Replay The Spire","StSLib","¡¾ÒÅÎï¿¨ÅÆ¡¿REMEMod"],"gold_per_floor":[113,113,132,149,166,195,195,210,210,210,240,256,269,269,269,372,372,386,92,104,104,104,129,140,140,140,140,157,189,209,243,243,343,343,355,355,355,355,0,0,35,35,35,35,66,76,203,248,248,248,248,248,248,12,42,107],"floor_reached":57,"language":"ZHS","playtime":853,"items_purged":[],"score":1823,"play_id":"a7090673-efed-4a51-a9c4-3187610e3482","local_time":"20210119174226","is_ascension_mode":true,"campfire_choices":[{"data":"DegradedPillar","floor":7.0,"key":"SMITH"},{"data":"DegradedLock","floor":15.0,"key":"SMITH"},{"data":"DegradedPillar","floor":25.0,"key":"SMITH"},{"data":"DegradedChain","floor":32.0,"key":"SMITH"},{"data":"MostiFishMod:OneDayCity","floor":40.0,"key":"SMITH"},{"data":"MostiFishMod:PerfectForm","floor":42.0,"key":"SMITH"},{"data":"Master of Strategy","floor":44.0,"key":"SMITH"},{"floor":49.0,"key":"RECALL"},{"data":"MostiFishMod:MusicBox","floor":53,"key":"SMITH"}],"circlet_count":0,"master_deck":["DegradedFairy","DegradedFairy","DegradedFairy","DegradedChain+1","DegradedChain+1","DegradedLock+1","DegradedPillar+1","DegradedPillar+1","DegradedShockwave+1","MostiFishMod:OneDayCity+1","Master of Strategy+1","MostiFishMod:PerfectForm+1","MostiFishMod:MusicBox+1","BattleCommand+1","ForTheFamily","DriedUp+1"],"relics":["PageOfLibrarian","AT_ATBox","DaveBox","REME_ComplimentaryCards","RhineCircuit","Bag of Preparation","PageOfAlriune","Mirror","REME_LowDesire","ReplayTheSpireMod:TigerMarble","halation:LettersToHer","PageOfFairyFestival","Mummified Hand","PageOfSnowWhitesApple","halation:PrussianBluePaint","hubris:CuriousFeather","Runic Dome","Ring of Fangs","hubris:Icosahedron","Red Mask","Dream Catcher","MealTicket","PageOfSpiderBud","Letter Opener","Happy Flower","Replay:Bandana"],"acts_visited":["Exordium","TheCity","TheBeyond","TheEnding"],"potions_floor_usage":[56],"damage_taken":[{"damage":0.0,"enemies":"Jaw Worm","floor":1.0,"turns":1.0},{"damage":0.0,"enemies":"Small Slimes","floor":3.0,"turns":1.0},{"damage":0.0,"enemies":"Cultist","floor":4.0,"turns":1.0},{"damage":0.0,"enemies":"3 Louse","floor":5.0,"turns":1.0},{"damage":0.0,"enemies":"3 Sentries","floor":6.0,"turns":2.0},{"damage":0.0,"enemies":"2 Fungi Beasts","floor":8.0,"turns":1.0},{"damage":0.0,"enemies":"Lagavulin","floor":11.0,"turns":2.0},{"damage":0.0,"enemies":"Exordium Wildlife","floor":12.0,"turns":1.0},{"damage":0.0,"enemies":"3 Louse","floor":13.0,"turns":1.0},{"damage":0.0,"enemies":"Hexaghost","floor":16.0,"turns":3.0},{"damage":0.0,"enemies":"3 Byrds","floor":18.0,"turns":2.0},{"damage":0.0,"enemies":"Spheric Guardian","floor":20.0,"turns":1.0},{"damage":0.0,"enemies":"REME_1_Revenger","floor":23.0,"turns":3.0},{"damage":0.0,"enemies":"Centurion and Healer","floor":24.0,"turns":1.0},{"damage":0.0,"enemies":"Snecko","floor":28.0,"turns":1.0},{"damage":0.0,"enemies":"Gremlin Leader","floor":29.0,"turns":2.0},{"damage":0.0,"enemies":"Snake Plant","floor":30.0,"turns":1.0},{"damage":0.0,"enemies":"Slavers","floor":31.0,"turns":1.0},{"damage":43.0,"enemies":"Collector","floor":33.0,"turns":5.0},{"damage":0.0,"enemies":"Orb Walker","floor":35.0,"turns":1.0},{"damage":10.0,"enemies":"R_Hoarder","floor":41.0,"turns":3.0},{"damage":0.0,"enemies":"Giant Head","floor":45.0,"turns":2.0},{"damage":0.0,"enemies":"3 Darklings","floor":46.0,"turns":2.0},{"damage":1.0,"enemies":"R_Hoarder","floor":47.0,"turns":5.0},{"damage":0.0,"enemies":"4 Shapes","floor":48.0,"turns":2.0},{"damage":17.0,"enemies":"Donu and Deca","floor":50.0,"turns":4.0},{"damage":0,"enemies":"Shield and Spear","floor":55,"turns":2},{"damage":23,"enemies":"The Heart","floor":56,"turns":4}],"seed_played":"-6786599393385946064","potions_obtained":[{"floor":4.0,"key":"Venom Potion"},{"floor":6.0,"key":"LifebloodPotion"},{"floor":11.0,"key":"Block Potion"},{"floor":16.0,"key":"Reflective Coating"},{"floor":23.0,"key":"Reflective Coating"},{"floor":35.0,"key":"Elixir"},{"floor":46.0,"key":"REME_GoldPotion"}],"is_trial":false,"path_per_floor":["M","?","M","M","M","E","R","M","T","?","E","M","M","?","R","B",null,"M","$","M","?","$","E","M","R","T","?","M","E","M","E","R","B",null,"M","?","?","$","?","R","E","R","T","R","E","M","E","M","R","B",null,null,"R","$","E","B",null],"character_chosen":"Librarian","items_purchased":["PageOfFairyFestival","Happy Flower","ForTheFamily"],"campfire_rested":0,"item_purchase_floors":[19,54,54],"current_hp_per_floor":[69,69,69,69,69,69,69,69,69,69,69,69,69,69,69,69,99,99,99,99,99,99,99,99,99,99,99,99,99,99,99,99,79,99,99,99,99,99,99,99,99,99,99,99,99,99,99,99,99,95,181,185,185,185,185,222],"gold":107,"neow_bonus":"TEN_PERCENT_HP_BONUS","is_daily":false,"chose_seed":false,"campfire_upgraded":8,"win_rate":0.0,"timestamp":1611049346,"path_taken":["M","?","M","M","M","E","R","M","T","?","E","?","M","?","R","BOSS","M","$","M","?","$","E","M","R","T","?","M","E","M","E","R","BOSS","M","?","?","$","?","R","E","R","T","R","E","?","E","M","R","BOSS","R","$","E","BOSS"],"items_purchased_type":["Relic","Relic","Card"],"build_version":"2020-12-22","purchased_purges":0,"victory":true,"max_hp_per_floor":[99,99,99,99,99,99,99,99,99,99,99,99,99,99,99,99,99,99,99,99,99,99,99,99,99,99,99,99,99,99,99,99,99,99,99,99,99,99,99,99,99,99,99,99,99,99,99,99,99,99,185,185,185,185,185,222],"card_choices":[{"not_picked":["HighKick","DesperateStruggle","UnavoidableGaze","QuickAttack","SharpSwipe","GatherIntel","InhaleSmoke","RatsGuideToSurvival","EnergyStrike"],"picked":"SKIP","floor":1.0},{"not_picked":["Mutilate","PinpointShot","GuardingStance","Thirst","FierceCharge","Pound","YouOnlyLiveOnce","SinglePointStab","MultiBlock"],"picked":"SKIP","floor":3.0},{"not_picked":["Leap_lor","AsThePrescriptOrders","Standoff","Mutilate","FeelinGood","FervidEmotions","ForcefulGesture","ToWhereThePrescriptPoints","Reload"],"picked":"SKIP","floor":4.0},{"not_picked":["FierceCharge","ForTheFamily","Standoff","Zzzzzap","GatherIntel","TheArtOfRapidSteps","SinglePointStab","MultiHit","Commandeering"],"picked":"SKIP","floor":5.0},{"not_picked":["PreparedMind","DirtyBlow","DarkCloud","ButterflySlash","IllEndYou","Unlock1","UnavoidableGaze","ToOvercomeCrisis","Thrust"],"picked":"SKIP","floor":6.0},{"not_picked":["TraceOfFumes","QuickAttack","Quickness","RhinoRam","Reload","WrathOfTorment","AutomatedMovement","Creak","SweepTheBackstreets"],"picked":"SKIP","floor":8.0},{"not_picked":["SmokingPipe","SummaryJudgment","UnavoidableGaze","Slice_lor","BackAttack","FocusFire","StructuralAnalysis","ShrineToMusic","WrathOfTorment"],"picked":"SKIP","floor":11.0},{"not_picked":["FrontalAssault","Wallop_lor","Tailoring","SharpSwipe","FormingStorm","Diversion","Leap_lor","RushDown","GuardingStance"],"picked":"SKIP","floor":12.0},{"not_picked":["StructuralAnalysis","YourShield","NightInTheBackstreets","Wallop_lor","SuppressingShot","ScatteringSlash","HandleRequest","Overcharge","StrongStrike"],"picked":"SKIP","floor":13.0},{"not_picked":["Wallop_lor+1","ExtremeEdge","GrazeTheGrass","SparkingSpear+1","HiddenBlade","EmotionalTurbulence","GaleKick","NightInTheBackstreets","ViolentFlame","MostiFishMod:BrokenBlackCloak"],"picked":"SKIP","floor":18.0},{"not_picked":["BackAttack","Multislash","HiddenBlade","Eject+1","EnergyShield","Outburst","FleetEdge","SunsetBlade","FleetFootsteps","ReplayTheSpireMod:Private Reserves"],"picked":"SKIP","floor":20.0},{"not_picked":["DaringDecision","EnergyShield","ShockingBlow+1","EmotionalTurbulence","DarkCloud","Faith","DefenseOrder+1","SavageMode","Wallop_lor","Flash of Steel+1"],"picked":"SKIP","floor":23.0},{"not_picked":["Reload+1","Outburst","ToWhereThePrescriptPoints+1","Quickness+1","SpearedSweep","DarkCloud","Deflect_lor","Multislash","QuickSuppression","PanicButton"],"picked":"SKIP","floor":24.0},{"not_picked":["StrikeDown","ExtremeEdge+1","QuickAttack","DefenseOrder","GuardingStance","YourShield","Zzzzzap","BulkyImpact","Standoff+1","Deep Breath"],"picked":"SKIP","floor":28.0},{"not_picked":["SinglePointStab+1","HeavyPeaks+1","DefenseOrder","Parry2","PuppetBlockade","Castigation","RagingStorm","StrongStrike","UpbeatPerformance","AT_FalsePromise"],"picked":"SKIP","floor":29.0},{"not_picked":["SinglePointStab","StrikeDown","AssaultOrder+1","MultiBlock","QuickSuppression","LossOfSenses+1","WillBeTasty","PreemptiveStrike","Duel_lor","PanicButton"],"picked":"SKIP","floor":30.0},{"not_picked":["Fence","QuickAttack","Feast","Faith","GuidanceOfTheGears","OpportunitySpotted","EnergyShield","Eject","SparkingSpear","ReplayTheSpireMod:Uncanny Aura"],"picked":"SKIP","floor":31.0},{"not_picked":["Transpierce","Suppress","SilentNight"],"picked":"MostiFishMod:OneDayCity","floor":33.0},{"not_picked":["EnergyShield","Parry+1","GrazeTheGrass","Thrust+1","ClassAndRespect+1","SpearedSweep+1","GuardingStance","SmokingPipe","Pound+1","Master of Strategy"],"picked":"SKIP","floor":35.0},{"not_picked":["EnergyShield","Parry+1","GrazeTheGrass","Thrust+1","ClassAndRespect+1","SpearedSweep+1","GuardingStance","SmokingPipe","Pound+1"],"picked":"Master of Strategy","floor":35.0},{"not_picked":["IngredientHunt","Rewind","Thrust","EnergyCycle","AbsorbImpact","DimensionalRift+1","Outburst+1","FlyingSword","ShockRound"],"picked":"MostiFishMod:PerfectForm","floor":41.0},{"not_picked":["FlamingDragonFist","ShrineToMusic","BackAttack","Faith","ToWhereThePrescriptPoints+1","TieShanKao","AssaultOrder","SuppressingShot","UnavoidableGaze+1"],"picked":"MostiFishMod:MusicBox","floor":45.0},{"not_picked":["IdentifyWeakpoint","RapidGashes+1","StructuralAnalysis","FrontalAssault+1","QuickSuppression+1","FleetFootsteps","Wallop_lor+1","GrazeTheGrass","Bandage Up"],"picked":"BattleCommand+1","floor":46.0},{"not_picked":["WillBeTasty","TheRedNotes+1","Thrust+1","IllEndYou+1","Parry2","ReadyUp","AutonomousRush+1","ViolentFlame+1","Parry","Trip+1"],"picked":"SKIP","floor":47.0},{"not_picked":["SilentNight","DesperateStruggle","EnergyStrike+1","Thrust","MindWhip","Standoff","QuickAttack+1","GuidanceOfTheGears+1","ElectricShock","Flash of Steel+1"],"picked":"SKIP","floor":48.0},{"not_picked":["SilentNight","Pound","StrongStrike","EndlessBattle+1","ICanCookAnything","BackAttack","AsThePrescriptOrders+1","BizarreAttack+1","HandOfGreed"],"picked":"DriedUp+1","floor":55}],"player_experience":639653,"relics_obtained":[{"floor":6.0,"key":"Bag of Preparation"},{"floor":9.0,"key":"PageOfAlriune"},{"floor":11.0,"key":"Mirror"},{"floor":17.0,"key":"ReplayTheSpireMod:TigerMarble"},{"floor":17.0,"key":"halation:LettersToHer"},{"floor":23.0,"key":"PageOfSnowWhitesApple"},{"floor":26.0,"key":"halation:LettersToHer"},{"floor":29.0,"key":"halation:PrussianBluePaint"},{"floor":31.0,"key":"hubris:CuriousFeather"},{"floor":36.0,"key":"Ring of Fangs"},{"floor":41.0,"key":"Dream Catcher"},{"floor":43.0,"key":"halation:LettersToHer"},{"floor":43.0,"key":"MealTicket"},{"floor":45.0,"key":"PageOfSpiderBud"},{"floor":47.0,"key":"Letter Opener"},{"floor":55,"key":"Replay:Bandana"}],"event_choices":[{"damage_healed":0.0,"max_hp_gain":0.0,"max_hp_loss":0.0,"gold_gain":0.0,"event_name":"Transmorgrifier","player_choice":"Ignored","floor":10.0,"gold_loss":0.0,"damage_taken":0.0},{"damage_healed":0.0,"max_hp_gain":0.0,"max_hp_loss":0.0,"gold_gain":0.0,"event_name":"The Mausoleum","player_choice":"Opened","floor":21.0,"gold_loss":0.0,"damage_taken":0.0,"relics_obtained":["Mummified Hand"]},{"damage_healed":0.0,"max_hp_gain":0.0,"max_hp_loss":0.0,"gold_gain":0.0,"event_name":"Tomb of Lord Red Mask","player_choice":"Paid","floor":39.0,"gold_loss":355.0,"damage_taken":0.0,"relics_obtained":["Red Mask"]}],"is_beta":false,"boss_relics":[{"not_picked":["GuanYuAspect","Kintsugi"],"picked":"REME_LowDesire"},{"not_picked":["ReplayTheSpireMod:DimensionalGlitch","Painkiller Herb"],"picked":"Runic Dome"}],"items_purged_floors":[],"is_endless":false,"potions_floor_spawned":[4,6,11,16,18,23,35,46],"ascension_level":1}}