{"host":"3zmssa4s99zhxek5","time":1611062692,"event":{"mods":["AchievementEnabler","BaseMod","Minty Spire (QoL Compilation)","Permanent Neow","Relic Stats"],"gold_per_floor":[138,138,197,197,230,230,330,376,402,475,475,475,475,93,93,188,188,227,407,448,473,473],"floor_reached":21,"language":"KOR","playtime":1163,"items_purged":["Strike_G"],"score":338,"play_id":"781b4e1e-5e2b-493e-9106-7928155e7074","local_time":"20210119222452","is_ascension_mode":true,"campfire_choices":[{"data":"HandOfGreed","floor":6,"key":"SMITH"},{"floor":11,"key":"REST"},{"data":"Deadly Poison","floor":13,"key":"SMITH"},{"data":"Mind Blast","floor":15,"key":"SMITH"}],"circlet_count":0,"master_deck":["AscendersBane","Strike_G","Strike_G","Strike_G","Strike_G","Defend_G","Defend_G","Defend_G","Defend_G","Defend_G","Survivor","Neutralize","HandOfGreed+1","Deadly Poison+1","Masterful Stab","Flying Knee","Infinite Blades","Slice","Adrenaline","All Out Attack","Mind Blast+1","Venomology","Blade Dance","Deflect"],"relics":["Ring of the Snake","Golden Idol","Oddly Smooth Stone","Runic Pyramid"],"acts_visited":["Exordium","TheCity"],"potions_floor_usage":[16,18,18,20,20,20],"damage_taken":[{"damage":0,"enemies":"Jaw Worm","floor":1,"turns":6},{"damage":12,"enemies":"Small Slimes","floor":3,"turns":4},{"damage":0,"enemies":"Cultist","floor":5,"turns":3},{"damage":19,"enemies":"Gremlin Gang","floor":7,"turns":10},{"damage":22,"enemies":"Large Slime","floor":8,"turns":7},{"damage":9,"enemies":"Hexaghost","floor":16,"turns":9},{"damage":2,"enemies":"Spheric Guardian","floor":18,"turns":4},{"damage":18,"enemies":"Shell Parasite","floor":20,"turns":5},{"damage":24,"enemies":"Centurion and Healer","floor":21,"turns":3}],"seed_played":"3127723195328160650","potions_obtained":[{"floor":8,"key":"Block Potion"},{"floor":16,"key":"Energy Potion"},{"floor":18,"key":"Energy Potion"}],"is_trial":false,"path_per_floor":["M","?","M","?","M","R","M","M","T","?","R","?","R","$","R","B",null,"M","?","M","M"],"character_chosen":"THE_SILENT","items_purchased":["Adrenaline","All Out Attack","Block Potion","Mind Blast"],"campfire_rested":1,"item_purchase_floors":[14,14,14,14],"current_hp_per_floor":[59,54,42,47,47,47,28,6,6,6,23,23,23,23,23,14,48,46,27,23,0,0],"gold":473,"neow_bonus":"RANDOM_COLORLESS_2","is_daily":false,"chose_seed":false,"campfire_upgraded":3,"win_rate":0.0,"timestamp":1611062692,"path_taken":["M","?","M","?","M","R","M","M","T","?","R","?","R","$","R","BOSS","M","?","M","?"],"items_purchased_type":["Card","Card","Potion","Card"],"build_version":"2020-12-22","purchased_purges":1,"victory":false,"max_hp_per_floor":[60,54,54,59,59,59,59,59,59,59,59,59,59,59,59,59,59,59,59,59,59,59],"relic_stats":{"counters":[9,51],"Golden Idol":41,"obtain_stats":[{"Golden Idol":2,"Oddly Smooth Stone":9,"Ring of the Snake":0,"Runic Pyramid":17},{"Golden Idol":1,"Oddly Smooth Stone":5,"Ring of the Snake":0,"Runic Pyramid":6},{"Golden Idol":6,"Oddly Smooth Stone":30,"Ring of the Snake":0,"Runic Pyramid":39}],"Ring of the Snake":[18]},"card_choices":[{"not_picked":["Transmutation","Magnetism"],"picked":"HandOfGreed","floor":0},{"not_picked":["Flying Knee","Predator"],"picked":"Deadly Poison","floor":1},{"not_picked":["Cloak And Dagger","Footwork"],"picked":"Masterful Stab","floor":3},{"not_picked":["Underhanded Strike","Cloak And Dagger"],"picked":"Flying Knee","floor":5},{"not_picked":["Choke","Concentrate"],"picked":"Infinite Blades","floor":7},{"not_picked":["Sucker Punch","Bane"],"picked":"Slice","floor":8},{"not_picked":["Malaise","Adrenaline"],"picked":"Venomology","floor":16},{"not_picked":["Skewer","Underhanded Strike"],"picked":"Blade Dance","floor":18},{"not_picked":["Underhanded Strike+1","Bane"],"picked":"Deflect","floor":20}],"player_experience":1528225,"relics_obtained":[{"floor":9,"key":"Oddly Smooth Stone"}],"event_choices":[{"damage_healed":0,"gold_gain":0,"player_choice":"Lose Max HP","damage_taken":0,"relics_obtained":["Golden Idol"],"max_hp_gain":0,"max_hp_loss":6,"event_name":"Golden Idol","floor":2,"gold_loss":0},{"damage_healed":0,"gold_gain":0,"player_choice":"Donut","damage_taken":0,"max_hp_gain":5,"max_hp_loss":0,"event_name":"Big Fish","floor":4,"gold_loss":0},{"damage_healed":0,"gold_gain":73,"player_choice":"Gained Gold","damage_taken":0,"max_hp_gain":0,"max_hp_loss":0,"event_name":"Golden Wing","floor":10,"gold_loss":0},{"damage_healed":0,"gold_gain":0,"player_choice":"Ignored","damage_taken":0,"max_hp_gain":0,"max_hp_loss":0,"event_name":"Liars Game","floor":12,"gold_loss":0},{"damage_healed":0,"gold_gain":180,"player_choice":"GOLD GOLD ","damage_taken":19,"max_hp_gain":0,"max_hp_loss":0,"event_name":"Knowing Skull","floor":19,"potions_obtained":[],"gold_loss":0,"cards_obtained":[]}],"is_beta":false,"boss_relics":[{"not_picked":["Sozu","Cursed Key"],"picked":"Runic Pyramid"}],"items_purged_floors":[14],"is_endless":false,"potions_floor_spawned":[8,16,18],"killed_by":"Centurion and Healer","ascension_level":20}}