{"host":"f0gpob8hq9vgebej","time":1611029792,"event":{"mods":["AchievementEnabler","BaseMod","Minty Spire (QoL Compilation)","Quick Restart","SuperFastMode"],"gold_per_floor":[20,39,49,61,74,74,94,153,234,265,265,37,37,48,48,48,48],"floor_reached":16,"language":"KOR","playtime":315,"items_purged":["Strike_R"],"score":181,"play_id":"21be4014-c92b-42eb-ab08-1dbc169b9b86","local_time":"20210119131632","is_ascension_mode":true,"campfire_choices":[{"data":"Body Slam","floor":6,"key":"SMITH"},{"data":"Feed","floor":11,"key":"SMITH"},{"data":"Shrug It Off","floor":15,"key":"SMITH"}],"circlet_count":0,"master_deck":["AscendersBane","Strike_R","Strike_R","Defend_R","Defend_R","Defend_R","Bash","Body Slam+1","Corruption","Burning Pact","Shrug It Off+1","Feed+1"],"relics":["Burning Blood","Calipers","Singing Bowl","Mango","PrismaticShard"],"acts_visited":["Exordium"],"potions_floor_usage":[10,10,14,16],"damage_taken":[{"damage":1,"enemies":"Cultist","floor":1,"turns":3},{"damage":7,"enemies":"Small Slimes","floor":2,"turns":3},{"damage":4,"enemies":"2 Louse","floor":3,"turns":4},{"damage":16,"enemies":"Looter","floor":4,"turns":4},{"damage":40,"enemies":"Exordium Thugs","floor":5,"turns":8},{"damage":8,"enemies":"3 Louse","floor":7,"turns":4},{"damage":25,"enemies":"Gremlin Nob","floor":8,"turns":5},{"damage":2,"enemies":"Lagavulin","floor":10,"turns":4},{"damage":0,"enemies":"2 Fungi Beasts","floor":14,"turns":4},{"damage":20,"enemies":"The Guardian","floor":16,"turns":3}],"seed_played":"-1606692216912022933","potions_obtained":[{"floor":3,"key":"PowerPotion"},{"floor":7,"key":"SneckoOil"},{"floor":8,"key":"ColorlessPotion"},{"floor":10,"key":"Block Potion"}],"is_trial":false,"path_per_floor":["M","M","M","M","M","R","M","?","T","E","R","$","?","M","R","B"],"character_chosen":"IRONCLAD","items_purchased":["PrismaticShard"],"campfire_rested":0,"item_purchase_floors":[12],"current_hp_per_floor":[77,76,78,68,34,34,32,13,13,31,31,31,31,43,43,23,23],"gold":48,"neow_bonus":"REMOVE_TWO","is_daily":false,"chose_seed":false,"campfire_upgraded":3,"win_rate":0.0,"timestamp":1611029792,"path_taken":["M","M","M","M","M","R","?","?","T","E","R","$","?","M","R","BOSS"],"items_purchased_type":["Relic"],"build_version":"2020-12-22","purchased_purges":1,"victory":false,"max_hp_per_floor":[80,80,80,80,80,80,80,80,80,94,94,94,94,100,100,100,100],"card_choices":[{"not_picked":["Sword Boomerang","Armaments"],"picked":"Body Slam","floor":1},{"not_picked":["Heavy Blade","Perfected Strike","Clash"],"picked":"SKIP","floor":2},{"not_picked":["Heavy Blade","Uppercut"],"picked":"Corruption","floor":3},{"not_picked":["Flex","Warcry"],"picked":"Burning Pact","floor":4},{"not_picked":["Ghostly Armor","Disarm"],"picked":"Shrug It Off","floor":5},{"not_picked":["Clash","Rampage","Iron Wave"],"picked":"SKIP","floor":7},{"not_picked":["Iron Wave","Wild Strike"],"picked":"Feed","floor":10},{"not_picked":["Darkness","Outmaneuver","Intimidate"],"picked":"Singing Bowl","floor":14}],"player_experience":177478,"relics_obtained":[{"floor":8,"key":"Calipers"},{"floor":9,"key":"Singing Bowl"},{"floor":10,"key":"Mango"}],"event_choices":[{"damage_healed":0,"gold_gain":0,"player_choice":"Searched \u00271\u0027 times","damage_taken":0,"max_hp_gain":0,"max_hp_loss":0,"event_name":"Dead Adventurer","floor":8,"gold_loss":0},{"cards_removed":["Strike_R"],"damage_healed":0,"gold_gain":0,"player_choice":"Purged","damage_taken":0,"max_hp_gain":0,"max_hp_loss":0,"event_name":"Purifier","floor":13,"gold_loss":0}],"is_beta":false,"boss_relics":[],"items_purged_floors":[12],"is_endless":false,"potions_floor_spawned":[3,7,8,10],"killed_by":"The Guardian","ascension_level":10}}