{"host":"jexbkylv34f8xu3o","time":1611097474,"event":{"mods":["AchievementEnabler","BaseMod","Colored Map","Colored Powertips","GifTheSpireLib","Highlight Path","Minty Spire (QoL Compilation)","Quick Restart","StSLib"],"gold_per_floor":[117,117,117,92,92,92,17,17,17,45,58,58,8,21,21,120,120,136,112,387,404,421,421,421],"floor_reached":23,"language":"ENG","playtime":601,"items_purged":["Strike_R"],"score":318,"play_id":"f18fb266-60d5-4001-9711-deed71cd95c1","local_time":"20210119200434","is_ascension_mode":true,"campfire_choices":[{"data":"Bash","floor":6.0,"key":"SMITH"},{"data":"Shrug It Off","floor":8.0,"key":"SMITH"},{"data":"Disarm","floor":15,"key":"SMITH"}],"circlet_count":0,"master_deck":["AscendersBane","Strike_R","Strike_R","Strike_R+1","Strike_R","Defend_R","Defend_R","Defend_R+1","Defend_R","Bash+1","Shrug It Off","Shrug It Off+1","Disarm+1","Headbutt","Wild Strike","Corruption","Havoc","True Grit","Regret","Heavy Blade","Flame Barrier+1"],"relics":["Burning Blood","NeowsBlessing","Ice Cream","InkBottle","Mummified Hand","Art of War","Lantern","Philosopher\u0027s Stone"],"acts_visited":["Exordium","TheCity"],"potions_floor_usage":[16,21,21,22,22,23],"damage_taken":[{"damage":0.0,"enemies":"2 Louse","floor":1.0,"turns":1.0},{"damage":0.0,"enemies":"Lagavulin","floor":10.0,"turns":2.0},{"damage":0.0,"enemies":"Jaw Worm","floor":11.0,"turns":1.0},{"damage":0.0,"enemies":"Small Slimes","floor":14.0,"turns":2.0},{"damage":51,"enemies":"Slime Boss","floor":16,"turns":15},{"damage":10,"enemies":"Spheric Guardian","floor":18,"turns":4},{"damage":20,"enemies":"Shell Parasite","floor":21,"turns":4},{"damage":5,"enemies":"Snake Plant","floor":22,"turns":3},{"damage":54,"enemies":"Gremlin Leader","floor":23,"turns":11}],"seed_played":"7015694792239430004","potions_obtained":[{"floor":1.0,"key":"LiquidMemories"},{"floor":10.0,"key":"Block Potion"},{"floor":16,"key":"Strength Potion"},{"floor":18,"key":"EntropicBrew"}],"is_trial":false,"path_per_floor":["M","?","T","$","?","R","$","R","T","E","M","?","$","M","R","B",null,"M","$","?","M","M","E"],"character_chosen":"IRONCLAD","items_purchased":["Shrug It Off","Explosive Potion","True Grit"],"campfire_rested":0,"item_purchase_floors":[4,13,19],"current_hp_per_floor":[78,62,62,62,55,55,55,55,55,61,67,67,67,73,73,28,67,63,63,63,49,50,0,0],"gold":421,"neow_bonus":"THREE_ENEMY_KILL","is_daily":false,"chose_seed":false,"campfire_upgraded":3,"win_rate":0.0,"timestamp":1611097474,"path_taken":["M","?","?","?","?","R","?","R","T","E","M","?","$","?","R","BOSS","M","$","?","M","M","E"],"items_purchased_type":["Card","Potion","Card"],"build_version":"2020-12-22","purchased_purges":1,"victory":false,"max_hp_per_floor":[80,80,80,80,80,80,80,80,80,80,80,80,80,80,80,80,80,80,80,80,80,80,80,80],"card_choices":[{"not_picked":["Feel No Pain","Twin Strike"],"picked":"Shrug It Off","floor":1.0},{"not_picked":["True Grit","Sever Soul"],"picked":"Disarm","floor":10.0},{"not_picked":["Entrench","Fire Breathing"],"picked":"Headbutt","floor":11.0},{"not_picked":["Clothesline","Sever Soul"],"picked":"Wild Strike","floor":14.0},{"not_picked":["Reaper","Immolate"],"picked":"Corruption","floor":16},{"not_picked":["Thunderclap","Carnage"],"picked":"Havoc","floor":18},{"not_picked":["Cleave","Flex"],"picked":"Heavy Blade","floor":21},{"not_picked":["Headbutt","Second Wind+1"],"picked":"Flame Barrier+1","floor":22}],"player_experience":568042,"relics_obtained":[{"floor":3.0,"key":"Ice Cream"},{"floor":9.0,"key":"Mummified Hand"},{"floor":10.0,"key":"Art of War"}],"event_choices":[{"damage_healed":0.0,"max_hp_gain":0.0,"max_hp_loss":0.0,"gold_gain":0.0,"event_name":"Shining Light","player_choice":"Entered Light","floor":2.0,"gold_loss":0.0,"damage_taken":16.0,"cards_upgraded":["Defend_R","Strike_R"]},{"damage_healed":0.0,"max_hp_gain":0.0,"max_hp_loss":0.0,"gold_gain":0.0,"event_name":"Scrap Ooze","player_choice":"Success","floor":5.0,"gold_loss":0.0,"damage_taken":7.0,"relics_obtained":["InkBottle"]},{"damage_healed":0.0,"max_hp_gain":0.0,"max_hp_loss":0.0,"gold_gain":0.0,"event_name":"WeMeetAgain","player_choice":"Gave Potion","floor":12.0,"gold_loss":0.0,"damage_taken":0.0,"relics_obtained":["Lantern"]},{"damage_healed":0,"gold_gain":275,"player_choice":"Desecrate","damage_taken":0,"max_hp_gain":0,"max_hp_loss":0,"event_name":"Golden Shrine","floor":20,"gold_loss":0,"cards_obtained":["Regret"]}],"is_beta":false,"boss_relics":[{"not_picked":["Velvet Choker","Runic Cube"],"picked":"Philosopher\u0027s Stone"}],"items_purged_floors":[7],"is_endless":false,"potions_floor_spawned":[1,10,16,18],"killed_by":"Gremlin Leader","ascension_level":10}}