{"host":"ml2ro5l6hu6y0pll","time":1611014820,"event":{"mods":["AchievementEnabler","BaseMod","Colored Map","Colored Powertips","Custom Start","Googly Eyes","Minty Spire (QoL Compilation)","Quick Restart","Rare Cards Sparkle","Relic Stats","StSLib","everything is the same but u backflip on backflip"],"gold_per_floor":[111,126,142,142,157,182,182,208,262,288,288,288,320,335,335,414,414,430,446,457,467,467,467,187,213,265,265,296,629,172,207,207,278,278,288,288,341,171,249,281,281,312,312,345,374,407,425,455,455,455,455,455,455,25,56,56],"floor_reached":57,"language":"ENG","playtime":2359,"items_purged":[],"score":3739,"play_id":"a4e53efc-74f7-4d51-a0cb-188d91d7c77c","local_time":"20210119000700","daily_mods":["Flight","Elite Swarm"],"is_ascension_mode":true,"campfire_choices":[{"data":"1","floor":7.0,"key":"LIFT"},{"data":"2","floor":11.0,"key":"LIFT"},{"data":"3","floor":12.0,"key":"LIFT"},{"data":"Limit Break","floor":15.0,"key":"SMITH"},{"data":"Limit Break","floor":23.0,"key":"SMITH"},{"data":"Whirlwind","floor":27.0,"key":"SMITH"},{"data":"Demon Form","floor":32.0,"key":"SMITH"},{"data":"Feed","floor":41.0,"key":"SMITH"},{"floor":49.0,"key":"RECALL"},{"data":"Impervious","floor":53.0,"key":"SMITH"}],"circlet_count":0,"master_deck":["Ghostly Armor+1","True Grit","Shrug It Off","Shrug It Off+1","Uppercut","Pommel Strike","Twin Strike","Battle Trance","Spot Weakness","Limit Break+1","Whirlwind+1","Uppercut","Heavy Blade","Flame Barrier","Barricade","Limit Break+1","Feed+1","Bludgeon","Flame Barrier","Impervious","Reaper","Demon Form+1","Impervious+1","Corruption","Entrench","Feel No Pain","Demon Form"],"relics":["Burning Blood","Snecko Eye","Girya","Vajra","Eternal Feather","The Courier","Potion Belt","PreservedInsect","Boot","Coffee Dripper","Lee\u0027s Waffle","Orichalcum","Akabeko","Nunchaku","Old Coin","Molten Egg 2","Question Card","War Paint","Runic Dome","StoneCalendar","Membership Card","Paper Frog","Singing Bowl","Ancient Tea Set","Regal Pillow","InkBottle","Darkstone Periapt","Omamori","ClockworkSouvenir","Torii","Incense Burner","Centennial Puzzle","Bronze Scales","Bag of Marbles"],"acts_visited":["Exordium","TheCity","TheBeyond","TheEnding"],"potions_floor_usage":[56,56],"damage_taken":[{"damage":0.0,"enemies":"Cultist","floor":1.0,"turns":2.0},{"damage":0.0,"enemies":"Jaw Worm","floor":2.0,"turns":3.0},{"damage":0.0,"enemies":"2 Louse","floor":3.0,"turns":2.0},{"damage":0.0,"enemies":"2 Fungi Beasts","floor":5.0,"turns":1.0},{"damage":0.0,"enemies":"Gremlin Nob","floor":6.0,"turns":3.0},{"damage":3.0,"enemies":"3 Sentries","floor":8.0,"turns":3.0},{"damage":0.0,"enemies":"Lagavulin","floor":10.0,"turns":4.0},{"damage":10.0,"enemies":"3 Sentries","floor":13.0,"turns":3.0},{"damage":0.0,"enemies":"Exordium Wildlife","floor":14.0,"turns":1.0},{"damage":0.0,"enemies":"Slime Boss","floor":16.0,"turns":4.0},{"damage":0.0,"enemies":"Chosen","floor":18.0,"turns":2.0},{"damage":0.0,"enemies":"2 Thieves","floor":19.0,"turns":3.0},{"damage":10.0,"enemies":"Shelled Parasite and Fungi","floor":20.0,"turns":6.0},{"damage":0.0,"enemies":"Snake Plant","floor":21.0,"turns":3.0},{"damage":0.0,"enemies":"Gremlin Leader","floor":25.0,"turns":2.0},{"damage":0.0,"enemies":"Slavers","floor":28.0,"turns":1.0},{"damage":11.0,"enemies":"Book of Stabbing","floor":29.0,"turns":4.0},{"damage":1.0,"enemies":"Slavers","floor":31.0,"turns":6.0},{"damage":0.0,"enemies":"Champ","floor":33.0,"turns":8.0},{"damage":3.0,"enemies":"3 Shapes","floor":35.0,"turns":5.0},{"damage":0.0,"enemies":"2 Orb Walkers","floor":37.0,"turns":3.0},{"damage":38.0,"enemies":"Nemesis","floor":40.0,"turns":7.0},{"damage":0.0,"enemies":"Giant Head","floor":42.0,"turns":7.0},{"damage":1.0,"enemies":"Nemesis","floor":44.0,"turns":3.0},{"damage":7.0,"enemies":"Giant Head","floor":45.0,"turns":7.0},{"damage":0.0,"enemies":"Nemesis","floor":46.0,"turns":7.0},{"damage":0.0,"enemies":"Orb Walker","floor":47.0,"turns":3.0},{"damage":0.0,"enemies":"Giant Head","floor":48.0,"turns":4.0},{"damage":26.0,"enemies":"Awakened One","floor":50.0,"turns":7.0},{"damage":31.0,"enemies":"Donu and Deca","floor":51.0,"turns":8.0},{"damage":21.0,"enemies":"Shield and Spear","floor":55.0,"turns":4.0},{"damage":48,"enemies":"The Heart","floor":56,"turns":8}],"seed_played":"6272281658084918124","potions_obtained":[{"floor":1.0,"key":"FairyPotion"},{"floor":2.0,"key":"BloodPotion"},{"floor":20.0,"key":"Strength Potion"},{"floor":21.0,"key":"SpeedPotion"}],"is_trial":true,"path_per_floor":["M","M","M","?","M","E","R","E","T","E","R","R","E","M","R","B",null,"M","M","M","M","?","R","$","E","T","R","E","E","$","E","R","B",null,"M","?","?","$","T","E","R","E","T","E","E","E","M","E","R","B","B",null,"R","$","E","B",null],"character_chosen":"IRONCLAD","items_purchased":["Impervious","Lee\u0027s Waffle","Molten Egg 2","Question Card","Membership Card","Feel No Pain","ClockworkSouvenir","Torii","Incense Burner","Centennial Puzzle","Bronze Scales"],"campfire_rested":0,"item_purchase_floors":[24,24,30,30,38,38,54,54,54,54,54],"current_hp_per_floor":[74,75,75,80,80,80,80,80,80,80,80,80,79,83,83,83,83,83,86,85,92,92,92,99,99,99,99,99,99,99,102,102,105,105,108,108,108,108,108,110,110,116,116,118,124,126,132,136,136,120,144,144,144,144,146,146],"gold":56,"neow_bonus":"","is_daily":false,"chose_seed":false,"campfire_upgraded":6,"win_rate":0.0,"timestamp":1611014820,"path_taken":["M","M","M","?","M","E","R","E","T","E","R","R","E","M","R","BOSS","M","M","M","M","?","R","$","E","T","R","E","E","$","E","R","BOSS","M","?","?","$","?","E","R","E","T","E","E","E","?","E","R","BOSS","BOSS","R","$","E","BOSS"],"items_purchased_type":["Card","Relic","Relic","Relic","Relic","Card","Relic","Relic","Relic","Relic","Relic"],"build_version":"2020-12-22","purchased_purges":0,"victory":true,"max_hp_per_floor":[75,75,75,80,80,80,80,80,80,80,80,80,83,83,83,83,83,83,86,89,92,92,92,99,99,99,99,99,99,99,102,102,105,105,108,108,108,108,108,110,110,116,116,118,124,126,132,136,136,140,144,144,144,144,146,146],"relic_stats":{"Darkstone Periapt":0,"Lee\u0027s Waffle":7,"Regal Pillow":0,"Singing Bowl":14,"Torii":26,"counters":[32,134],"Eternal Feather":0,"StoneCalendar":[99],"PreservedInsect":825,"Orichalcum":[30],"War Paint":["Shrug It Off","Ghostly Armor"],"Boot":[56],"Question Card":12,"Burning Blood":41,"Nunchaku":[9],"Centennial Puzzle":[6],"Bronze Scales":[117],"Snecko Eye":[248,217,272,232],"obtain_stats":[{"Darkstone Periapt":46,"Regal Pillow":44,"Singing Bowl":40,"Torii":54,"Vajra":0,"StoneCalendar":37,"Incense Burner":54,"Boot":13,"Ancient Tea Set":42,"Burning Blood":0,"Old Coin":29,"ClockworkSouvenir":54,"Nunchaku":28,"Centennial Puzzle":54,"InkBottle":45,"Paper Frog":39,"Potion Belt":9,"Girya":0,"Lee\u0027s Waffle":24,"Eternal Feather":6,"The Courier":8,"PreservedInsect":10,"Omamori":48,"Orichalcum":25,"War Paint":31,"Question Card":30,"Akabeko":26,"Runic Dome":34,"Bronze Scales":54,"Snecko Eye":0,"Molten Egg 2":30,"Coffee Dripper":17,"Bag of Marbles":55,"Membership Card":38},{"Darkstone Periapt":26,"Regal Pillow":24,"Singing Bowl":22,"Torii":30,"Vajra":0,"StoneCalendar":21,"Incense Burner":30,"Boot":8,"Ancient Tea Set":23,"Burning Blood":0,"Old Coin":17,"ClockworkSouvenir":30,"Nunchaku":16,"Centennial Puzzle":30,"InkBottle":25,"Paper Frog":21,"Potion Belt":6,"Girya":0,"Lee\u0027s Waffle":14,"Eternal Feather":5,"The Courier":6,"PreservedInsect":7,"Omamori":28,"Orichalcum":15,"War Paint":18,"Question Card":17,"Akabeko":15,"Runic Dome":19,"Bronze Scales":30,"Snecko Eye":0,"Molten Egg 2":17,"Coffee Dripper":10,"Bag of Marbles":31,"Membership Card":21},{"Darkstone Periapt":100,"Regal Pillow":86,"Singing Bowl":76,"Torii":122,"Vajra":0,"StoneCalendar":69,"Incense Burner":122,"Boot":21,"Ancient Tea Set":83,"Burning Blood":0,"Old Coin":47,"ClockworkSouvenir":122,"Nunchaku":43,"Centennial Puzzle":122,"InkBottle":93,"Paper Frog":69,"Potion Belt":14,"Girya":0,"Lee\u0027s Waffle":40,"Eternal Feather":11,"The Courier":14,"PreservedInsect":18,"Omamori":107,"Orichalcum":42,"War Paint":53,"Question Card":47,"Akabeko":42,"Runic Dome":61,"Bronze Scales":122,"Snecko Eye":0,"Molten Egg 2":47,"Coffee Dripper":26,"Bag of Marbles":126,"Membership Card":69}],"InkBottle":[13]},"card_choices":[{"not_picked":["Headbutt","Searing Blow","Warcry"],"picked":"SKIP","floor":1.0},{"not_picked":["Thunderclap","Sword Boomerang"],"picked":"Uppercut","floor":2.0},{"not_picked":["Ghostly Armor","Sword Boomerang"],"picked":"Heavy Blade","floor":3.0},{"not_picked":["Thunderclap","True Grit"],"picked":"Flame Barrier","floor":5.0},{"not_picked":["Immolate","Corruption"],"picked":"Barricade","floor":6.0},{"not_picked":["Berserk","Juggernaut"],"picked":"Limit Break","floor":8.0},{"not_picked":["Berserk","Juggernaut"],"picked":"Feed","floor":10.0},{"not_picked":["Brutality","Barricade","Berserk"],"picked":"SKIP","floor":13.0},{"not_picked":["True Grit","Whirlwind","Metallicize"],"picked":"SKIP","floor":14.0},{"not_picked":["Brutality","Limit Break"],"picked":"Bludgeon","floor":16.0},{"not_picked":["True Grit","Clothesline+1"],"picked":"Flame Barrier","floor":18.0},{"not_picked":["Rupture","Hemokinesis","Wild Strike"],"picked":"SKIP","floor":19.0},{"not_picked":["Thunderclap","Body Slam+1","Iron Wave"],"picked":"SKIP","floor":20.0},{"not_picked":["Havoc","Wild Strike","Perfected Strike"],"picked":"SKIP","floor":21.0},{"not_picked":["Juggernaut","Immolate"],"picked":"Reaper","floor":25.0},{"not_picked":["Berserk","Reaper"],"picked":"Demon Form","floor":28.0},{"not_picked":["Corruption","Juggernaut"],"picked":"Impervious","floor":29.0},{"not_picked":["Reaper+1","Juggernaut","Double Tap","Berserk"],"picked":"SKIP","floor":31.0},{"not_picked":["Barricade","Fiend Fire+1","Demon Form"],"picked":"Corruption","floor":33.0},{"not_picked":["Searing Blow+1","Armaments","Thunderclap+1"],"picked":"Entrench","floor":35.0},{"not_picked":["Feed+1","Demon Form","Offering","Fiend Fire+1"],"picked":"Singing Bowl","floor":40.0},{"not_picked":["Fiend Fire+1","Immolate+1","Juggernaut","Double Tap"],"picked":"Singing Bowl","floor":42.0},{"not_picked":["Limit Break","Berserk","Immolate+1","Double Tap"],"picked":"Singing Bowl","floor":44.0},{"not_picked":["Bludgeon+1","Fiend Fire+1","Juggernaut","Berserk"],"picked":"Singing Bowl","floor":45.0},{"not_picked":["Juggernaut","Barricade","Corruption","Exhume"],"picked":"Singing Bowl","floor":46.0},{"not_picked":["Headbutt+1","Rage","Dark Embrace+1","Anger+1"],"picked":"Singing Bowl","floor":47.0},{"not_picked":["Berserk","Exhume","Double Tap"],"picked":"Demon Form","floor":48.0},{"not_picked":["Juggernaut","Exhume","Double Tap","Brutality"],"picked":"Singing Bowl","floor":55.0}],"player_experience":833097,"relics_obtained":[{"floor":6.0,"key":"Eternal Feather"},{"floor":8.0,"key":"The Courier"},{"floor":9.0,"key":"Potion Belt"},{"floor":10.0,"key":"PreservedInsect"},{"floor":13.0,"key":"Boot"},{"floor":25.0,"key":"Orichalcum"},{"floor":26.0,"key":"Akabeko"},{"floor":28.0,"key":"Nunchaku"},{"floor":29.0,"key":"Old Coin"},{"floor":31.0,"key":"War Paint"},{"floor":37.0,"key":"StoneCalendar"},{"floor":39.0,"key":"Paper Frog"},{"floor":40.0,"key":"Singing Bowl"},{"floor":42.0,"key":"Ancient Tea Set"},{"floor":44.0,"key":"Regal Pillow"},{"floor":45.0,"key":"InkBottle"},{"floor":46.0,"key":"Darkstone Periapt"},{"floor":48.0,"key":"Omamori"},{"floor":55.0,"key":"Bag of Marbles"}],"event_choices":[{"damage_healed":0.0,"max_hp_gain":5.0,"max_hp_loss":0.0,"gold_gain":0.0,"event_name":"Big Fish","player_choice":"Donut","floor":4.0,"gold_loss":0.0,"damage_taken":0.0},{"damage_healed":0.0,"max_hp_gain":0.0,"max_hp_loss":0.0,"gold_gain":0.0,"event_name":"Beggar","player_choice":"Ignored","floor":22.0,"gold_loss":0.0,"damage_taken":0.0},{"damage_healed":0.0,"max_hp_gain":0.0,"max_hp_loss":0.0,"gold_gain":0.0,"event_name":"Tomb of Lord Red Mask","player_choice":"Ignored","floor":36.0,"gold_loss":0.0,"damage_taken":0.0},{"damage_healed":0.0,"max_hp_gain":0.0,"max_hp_loss":0.0,"gold_gain":0.0,"event_name":"Mysterious Sphere","player_choice":"Fight","floor":37.0,"gold_loss":0.0,"damage_taken":0.0}],"is_beta":false,"boss_relics":[{"not_picked":["Busted Crown","Velvet Choker"],"picked":"Coffee Dripper"},{"not_picked":["Calling Bell","Pandora\u0027s Box"],"picked":"Runic Dome"}],"items_purged_floors":[],"is_endless":false,"potions_floor_spawned":[1,2,5,6,20,21,29,40,45,48],"ascension_level":20}}