{"host":"uv5ws9rdk87e8i5k","time":1611072235,"event":{"mods":["AchievementEnabler","BaseMod","Colored Map","Minty Spire (QoL Compilation)","StSLib","SuperFastMode"],"gold_per_floor":[114,134,144,163,179,179,208,208,208,235,235,253,253,281,281,384,434,452,471,381,398,175,191,191,222,222,242,274,286,297,311,311,415,415,427,442,80,80,91,123,123,154,154,187,197,197,197],"floor_reached":46,"language":"ENG","playtime":1483,"items_purged":["Strike_R","Strike_R"],"score":796,"play_id":"63ca944a-d978-4576-a46c-30c33fffa959","local_time":"20210119100355","is_ascension_mode":true,"campfire_choices":[{"data":"Spot Weakness","floor":6.0,"key":"SMITH"},{"data":"Bludgeon","floor":11,"key":"SMITH"},{"data":"Heavy Blade","floor":15,"key":"SMITH"},{"data":"Feed","floor":24,"key":"SMITH"},{"data":"Heavy Blade","floor":32,"key":"SMITH"},{"data":"1","floor":41,"key":"LIFT"}],"circlet_count":0,"master_deck":["Strike_R","Strike_R","Defend_R+1","Defend_R","Defend_R","Defend_R+1","Bash","Twin Strike","Spot Weakness+1","Rage","Headbutt","Bludgeon+1","Bash","Heavy Blade+1","Feed+1","Seeing Red+1","Spot Weakness","Inflame","Spot Weakness","Battle Trance+1","Heavy Blade+1","Double Tap","Immolate","Heavy Blade","Twin Strike","Heavy Blade","Offering","Normality","Reaper"],"relics":["Burning Blood","Mango","Ornamental Fan","Toy Ornithopter","White Beast Statue","Tiny House","Question Card","HornCleat","CaptainsWheel","Cursed Key","Bottled Tornado","Girya","Gremlin Horn","Pantograph","Torii"],"acts_visited":["Exordium","TheCity","TheBeyond"],"potions_floor_usage":[14,16,16,18,19,19,19,19,21,21,23,27,27,28,29,33,33,39,39,40,42,45,46,46],"damage_taken":[{"damage":9.0,"enemies":"Small Slimes","floor":1.0,"turns":4.0},{"damage":1.0,"enemies":"Cultist","floor":2.0,"turns":4.0},{"damage":7.0,"enemies":"Jaw Worm","floor":3.0,"turns":2.0},{"damage":10.0,"enemies":"2 Fungi Beasts","floor":4.0,"turns":3.0},{"damage":0.0,"enemies":"Gremlin Gang","floor":5.0,"turns":5.0},{"damage":37.0,"enemies":"Gremlin Nob","floor":7.0,"turns":4.0},{"damage":20,"enemies":"3 Sentries","floor":10,"turns":7},{"damage":14,"enemies":"Large Slime","floor":12,"turns":4},{"damage":12,"enemies":"Gremlin Nob","floor":14,"turns":3},{"damage":39,"enemies":"The Guardian","floor":16,"turns":6},{"damage":19,"enemies":"Chosen","floor":18,"turns":5},{"damage":6,"enemies":"Spheric Guardian","floor":19,"turns":3},{"damage":12,"enemies":"Snake Plant","floor":21,"turns":3},{"damage":39,"enemies":"Shelled Parasite and Fungi","floor":23,"turns":4},{"damage":46,"enemies":"Book of Stabbing","floor":25,"turns":4},{"damage":0,"enemies":"3 Cultists","floor":27,"turns":4},{"damage":7,"enemies":"Gremlin Leader","floor":28,"turns":4},{"damage":0,"enemies":"Centurion and Healer","floor":29,"turns":3},{"damage":9,"enemies":"Cultist and Chosen","floor":30,"turns":3},{"damage":18,"enemies":"Snake Plant","floor":31,"turns":3},{"damage":104,"enemies":"Collector","floor":33,"turns":7},{"damage":30,"enemies":"3 Darklings","floor":35,"turns":5},{"damage":6,"enemies":"Orb Walker","floor":36,"turns":4},{"damage":33,"enemies":"Maw","floor":39,"turns":5},{"damage":19,"enemies":"Reptomancer","floor":40,"turns":5},{"damage":36,"enemies":"Giant Head","floor":42,"turns":6},{"damage":15,"enemies":"Reptomancer","floor":44,"turns":2},{"damage":8,"enemies":"Sphere and 2 Shapes","floor":45,"turns":2},{"damage":142,"enemies":"Giant Head","floor":46,"turns":7}],"seed_played":"641018356834963075","potions_obtained":[{"floor":1.0,"key":"LiquidMemories"},{"floor":2.0,"key":"DuplicationPotion"},{"floor":10,"key":"Explosive Potion"},{"floor":12,"key":"EntropicBrew"},{"floor":14,"key":"AttackPotion"},{"floor":16,"key":"SteroidPotion"},{"floor":17,"key":"Strength Potion"},{"floor":18,"key":"Strength Potion"},{"floor":19,"key":"Block Potion"},{"floor":21,"key":"LiquidBronze"},{"floor":23,"key":"SteroidPotion"},{"floor":25,"key":"Explosive Potion"},{"floor":27,"key":"SkillPotion"},{"floor":28,"key":"SkillPotion"},{"floor":29,"key":"SmokeBomb"},{"floor":30,"key":"PowerPotion"},{"floor":31,"key":"Energy Potion"},{"floor":33,"key":"BloodPotion"},{"floor":35,"key":"HeartOfIron"},{"floor":36,"key":"ElixirPotion"},{"floor":38,"key":"Regen Potion"},{"floor":38,"key":"Fire Potion"},{"floor":39,"key":"Energy Potion"},{"floor":40,"key":"Energy Potion"},{"floor":42,"key":"BloodPotion"},{"floor":44,"key":"Swift Potion"},{"floor":45,"key":"LiquidBronze"}],"is_trial":false,"path_per_floor":["M","M","M","M","M","R","E","?","T","E","R","M","?","E","R","B",null,"M","M","?","M","$","M","R","E","T","M","E","M","M","M","R","B",null,"M","M","$","?","M","E","R","E","T","E","M","E"],"character_chosen":"IRONCLAD","items_purchased":["Spot Weakness","Inflame","Bottled Tornado","Twin Strike"],"campfire_rested":0,"item_purchase_floors":[22,22,37,37],"current_hp_per_floor":[85,88,87,83,88,88,71,71,71,57,57,49,49,48,48,25,107,102,114,114,113,113,81,81,41,41,61,65,80,77,65,65,42,122,98,98,98,98,95,87,87,62,62,53,90,0,0],"gold":197,"neow_bonus":"TEN_PERCENT_HP_BONUS","is_daily":false,"chose_seed":false,"campfire_upgraded":5,"win_rate":0.0,"timestamp":1611072235,"path_taken":["M","M","M","M","M","R","E","?","T","E","R","?","?","E","R","BOSS","M","M","?","M","$","M","R","E","T","M","E","?","M","M","R","BOSS","M","M","$","?","M","E","R","E","T","E","M","E"],"items_purchased_type":["Card","Card","Relic","Card"],"build_version":"2020-12-22","purchased_purges":2,"victory":false,"max_hp_per_floor":[88,88,88,88,88,88,102,102,102,102,102,102,102,102,102,102,107,110,114,114,114,114,114,114,114,114,118,118,122,122,122,122,122,122,122,122,122,122,122,122,122,122,122,122,122,122,122],"card_choices":[{"not_picked":["Thunderclap","Rupture"],"picked":"Twin Strike","floor":1.0},{"not_picked":["Pommel Strike","Iron Wave"],"picked":"Spot Weakness","floor":2.0},{"not_picked":["Havoc","Hemokinesis","Ghostly Armor"],"picked":"SKIP","floor":3.0},{"not_picked":["Wild Strike","Hemokinesis"],"picked":"Rage","floor":4.0},{"not_picked":["Evolve","Flame Barrier","Warcry"],"picked":"SKIP","floor":5.0},{"not_picked":["Fiend Fire","Shockwave"],"picked":"Headbutt","floor":7.0},{"not_picked":["Flex","Clash","Metallicize"],"picked":"SKIP","floor":10},{"not_picked":["Wild Strike","Thunderclap","Rampage"],"picked":"SKIP","floor":12},{"not_picked":["Uppercut","Havoc"],"picked":"Heavy Blade","floor":14},{"not_picked":["Exhume","Bludgeon"],"picked":"Feed","floor":16},{"not_picked":["Intimidate","Rampage","Body Slam"],"picked":"SKIP","floor":18},{"not_picked":["Ghostly Armor","Sword Boomerang"],"picked":"Seeing Red+1","floor":19},{"not_picked":["Sword Boomerang","Uppercut","Cleave"],"picked":"SKIP","floor":21},{"not_picked":["Sentinel","Havoc","True Grit+1"],"picked":"SKIP","floor":23},{"not_picked":["Blood for Blood","Second Wind"],"picked":"Spot Weakness","floor":25},{"not_picked":["Evolve","Immolate","Sever Soul"],"picked":"Battle Trance+1","floor":27},{"not_picked":["Uppercut","Anger","Burning Pact","Combust"],"picked":"SKIP","floor":28},{"not_picked":["Evolve","Twin Strike","Warcry+1"],"picked":"Heavy Blade","floor":29},{"not_picked":["Feel No Pain+1","Searing Blow","Second Wind","Burning Pact"],"picked":"SKIP","floor":30},{"not_picked":["Rage","Cleave","Heavy Blade"],"picked":"Double Tap","floor":31},{"not_picked":["Berserk","Impervious","Corruption"],"picked":"Immolate","floor":33},{"not_picked":["Sword Boomerang","Havoc","Cleave+1","Rupture+1"],"picked":"SKIP","floor":35},{"not_picked":["Clash","Wild Strike+1","Anger+1"],"picked":"Heavy Blade","floor":36},{"not_picked":["Fire Breathing+1","Twin Strike+1","Whirlwind"],"picked":"Heavy Blade","floor":39},{"not_picked":["Sword Boomerang+1","Evolve","Fiend Fire","Headbutt"],"picked":"SKIP","floor":40},{"not_picked":["Ghostly Armor+1","Rampage+1","Warcry+1"],"picked":"Offering","floor":42},{"not_picked":["Clothesline","True Grit","Perfected Strike+1"],"picked":"Reaper","floor":44},{"not_picked":["Bloodletting+1","Anger+1","Infernal Blade","Flex"],"picked":"SKIP","floor":45}],"player_experience":124073,"relics_obtained":[{"floor":7.0,"key":"Mango"},{"floor":9,"key":"Ornamental Fan"},{"floor":10,"key":"Toy Ornithopter"},{"floor":14,"key":"White Beast Statue"},{"floor":25,"key":"Question Card"},{"floor":26,"key":"HornCleat"},{"floor":28,"key":"CaptainsWheel"},{"floor":40,"key":"Girya"},{"floor":42,"key":"Gremlin Horn"},{"floor":43,"key":"Pantograph"},{"floor":44,"key":"Torii"}],"event_choices":[{"damage_healed":0,"gold_gain":0,"player_choice":"2 cards matched","damage_taken":0,"max_hp_gain":0,"max_hp_loss":0,"event_name":"Match and Keep!","floor":8,"gold_loss":0,"cards_obtained":["Bludgeon","Bash"]},{"damage_healed":0,"gold_gain":0,"player_choice":"Ignored","damage_taken":0,"max_hp_gain":0,"max_hp_loss":0,"event_name":"Liars Game","floor":13,"gold_loss":0},{"cards_removed":["Strike_R"],"damage_healed":0,"gold_gain":0,"player_choice":"Upgrade and Remove","damage_taken":0,"max_hp_gain":0,"max_hp_loss":0,"event_name":"Designer","floor":20,"gold_loss":90,"cards_upgraded":["Defend_R"]},{"damage_healed":0,"gold_gain":0,"player_choice":"Got Potions","damage_taken":0,"max_hp_gain":0,"max_hp_loss":0,"event_name":"Lab","floor":38,"gold_loss":0}],"is_beta":false,"boss_relics":[{"not_picked":["Fusion Hammer","Snecko Eye"],"picked":"Tiny House"},{"not_picked":["Runic Pyramid","Black Star"],"picked":"Cursed Key"}],"items_purged_floors":[22,37],"is_endless":false,"potions_floor_spawned":[1,2,10,12,14,16,18,19,21,23,25,27,28,29,30,31,33,35,36,39,40,42,44,45],"killed_by":"Giant Head","ascension_level":4}}