{"host":"exhp4inpfmbngj23","time":1611018671,"event":{"mods":["Abigail Mod","BaseMod","Beaked The Cultist","Downfall","Friendly Minions","Gremlin Mod","Kiyohime????","Minty Spire (QoL Compilation)","StSLib","The Alterego"],"gold_per_floor":[99,110,125,186,22,34,34,34,34,52,52,52,52,67,81,184,184,184,202,202,221,221,221,296,96,131,116,132,158,169,185,197,197,197,197],"floor_reached":33,"language":"ENG","playtime":2735,"items_purged":[],"score":304,"play_id":"79e6353d-9c47-4ff8-99aa-30b239f7cb03","local_time":"20210118171111","is_ascension_mode":false,"campfire_choices":[{"floor":1,"key":"RECALL"},{"floor":8,"key":"REST"},{"data":"Slimebound:GrowthPunch","floor":11,"key":"SMITH"},{"floor":13,"key":"REST"},{"data":"Slimebound:Split","floor":18,"key":"SMITH"},{"floor":25,"key":"REST"}],"circlet_count":0,"master_deck":["Slimebound:Strike_Slimebound","Slimebound:Strike_Slimebound","Slimebound:Tackle","Slimebound:Defend_Slimebound","Slimebound:Defend_Slimebound","Slimebound:Defend_Slimebound","Slimebound:Defend_Slimebound","Slimebound:Split+1","Slimebound:CorrosiveSpit","Slimebound:GrowthPunch+1","Slimebound:GoopSpray","Slimebound:SplitLeeching","Slimebound:LivingWall","Slimebound:AcidTongue","Slimebound:DisruptingSlam","Slimebound:Schlurp","Slimebound:Prepare","Slimebound:SlimeTap","Slimebound:Overexert","Slimebound:PrepareCrush","Slimebound:SplitAcid+1","Slimebound:Split+1","Slimebound:FirmFortitude","Slimebound:DisruptingSlam","Slimebound:SamplingLick","Slimebound:Repurpose","Slimebound:Gluttony","Slimebound:GoopSpray","Slimebound:Gluttony"],"relics":["Slimebound:AbsorbEndCombatUpgraded","Akabeko","Blue Candle","downfall:HeartBlessingRed","downfall:HeartBlessingBlue","Regal Pillow","Dead Branch"],"acts_visited":["Exordium","TheCity"],"potions_floor_usage":[16,27,27,27,33,33],"damage_taken":[{"damage":3,"enemies":"2 Louse","floor":2,"turns":2},{"damage":1,"enemies":"Jaw Worm","floor":3,"turns":5},{"damage":40,"enemies":"Gremlin Nob","floor":4,"turns":5},{"damage":0,"enemies":"downfall:FleeingMerchant","floor":5,"turns":4},{"damage":0,"enemies":"Small Slimes","floor":6,"turns":3},{"damage":2,"enemies":"Blue Slaver","floor":10,"turns":5},{"damage":0,"enemies":"Gremlin Gang","floor":14,"turns":3},{"damage":5,"enemies":"Exordium Thugs","floor":15,"turns":5},{"damage":18,"enemies":"IC_STATUS_ARCHETYPE","floor":16,"turns":7},{"damage":20,"enemies":"Chosen","floor":19,"turns":5},{"damage":14,"enemies":"3 Cultists","floor":21,"turns":4},{"damage":43,"enemies":"Gremlin Leader","floor":26,"turns":7},{"damage":0,"enemies":"downfall:FleeingMerchant","floor":27,"turns":4},{"damage":1,"enemies":"Cultist and Chosen","floor":28,"turns":5},{"damage":26,"enemies":"Slavers","floor":29,"turns":5},{"damage":0,"enemies":"Shelled Parasite and Fungi","floor":30,"turns":4},{"damage":39,"enemies":"Snake Plant","floor":31,"turns":3},{"damage":10,"enemies":"Snecko","floor":32,"turns":5},{"damage":40,"enemies":"DF_ARCHETYPE_CLAW","floor":33,"turns":5}],"seed_played":"9047603252314802048","potions_obtained":[{"floor":6,"key":"Slimebound:SpawnSlimePotion"},{"floor":10,"key":"Regen Potion"},{"floor":14,"key":"LiquidBronze"},{"floor":19,"key":"Swift Potion"},{"floor":23,"key":"EntropicBrew"},{"floor":29,"key":"Explosive Potion"}],"is_trial":false,"path_per_floor":["R","M","M","?","$","M","T","R","?","M","R","?","R","M","M","B",null,"R","M","?","M","?","?","T","R","E","$","M","E","M","M","M","B"],"character_chosen":"SLIMEBOUND","items_purchased":["Slimebound:AcidTongue","Slimebound:DisruptingSlam"],"campfire_rested":3,"item_purchase_floors":[5,5],"current_hp_per_floor":[71,69,70,33,35,35,35,56,56,56,56,56,71,71,68,53,71,71,53,53,41,41,41,41,75,44,62,67,47,53,18,12,0,0,0],"gold":197,"neow_bonus":"TEN_PERCENT_HP_BONUS","is_daily":false,"chose_seed":false,"campfire_upgraded":2,"win_rate":0.0,"timestamp":1611018671,"path_taken":["R","M","M","?","?","M","T","R","?","M","R","?","R","?","M","BOSS","R","M","?","?","?","?","T","R","E","$","M","E","?","M","M","BOSS"],"items_purchased_type":["Card","Card"],"build_version":"2020-12-22","purchased_purges":0,"victory":false,"max_hp_per_floor":[71,71,71,71,71,71,71,71,71,71,71,71,71,71,71,71,71,71,71,71,71,71,71,71,81,81,81,81,81,81,81,81,81,81,81],"card_choices":[{"not_picked":["Slimebound:ItLooksTasty","Slimebound:SplitMire"],"picked":"Slimebound:GrowthPunch","floor":2},{"not_picked":["Slimebound:SlimeBarrage","Slimebound:RejuvenatingLick"],"picked":"Slimebound:GoopSpray","floor":3},{"not_picked":["Slimebound:ProtectTheBoss","Slimebound:ItLooksTasty"],"picked":"Slimebound:SplitLeeching","floor":4},{"not_picked":["Slimebound:ComboTackle","Slimebound:SlimeSpikes"],"picked":"Slimebound:LivingWall","floor":5},{"not_picked":["Slimebound:SplitMire","Slimebound:LevelUp"],"picked":"Slimebound:Schlurp","floor":6},{"not_picked":["Slimebound:LeechingTouch","Slimebound:FinishingTackle"],"picked":"Slimebound:Prepare","floor":10},{"not_picked":["Slimebound:Replication","Slimebound:Chomp"],"picked":"Slimebound:SlimeTap","floor":14},{"not_picked":["Slimebound:SplitAcid","Slimebound:LeechingTouch"],"picked":"Slimebound:Overexert","floor":15},{"not_picked":["Slimebound:DuplicatedForm","Slimebound:LeechLife"],"picked":"Slimebound:PrepareCrush","floor":16},{"not_picked":["Slimebound:LeechEnergy","Slimebound:ItLooksTasty"],"picked":"Slimebound:SplitAcid+1","floor":19},{"not_picked":["Slimebound:Prepare","Slimebound:LeechEnergy","Slimebound:AcidTongue"],"picked":"SKIP","floor":21},{"not_picked":["Slimebound:Nibble","Slimebound:HauntingLick"],"picked":"Slimebound:FirmFortitude","floor":26},{"not_picked":["Slimebound:LeechEnergy","Slimebound:FinishingTackle"],"picked":"Slimebound:DisruptingSlam","floor":27},{"not_picked":["Slimebound:LeechEnergy","Slimebound:SplitMire"],"picked":"Slimebound:SamplingLick","floor":28},{"not_picked":["Slimebound:ProtectTheBoss","Slimebound:PressTheAttack"],"picked":"Slimebound:Repurpose","floor":29},{"not_picked":["Slimebound:SplitLeeching","Slimebound:Dissolve"],"picked":"Slimebound:Gluttony","floor":30},{"not_picked":["Slimebound:AcidTongue","Slimebound:LivingWall"],"picked":"Slimebound:GoopSpray","floor":31},{"not_picked":["Slimebound:LeadByExample+1","Slimebound:SamplingLick"],"picked":"Slimebound:Gluttony","floor":32}],"player_experience":1993650,"relics_obtained":[{"floor":24,"key":"Blue Candle"},{"floor":26,"key":"Regal Pillow"},{"floor":29,"key":"Dead Branch"}],"event_choices":[{"damage_healed":0,"gold_gain":0,"player_choice":"Ignored","damage_taken":0,"max_hp_gain":0,"max_hp_loss":0,"event_name":"NoteForYourself","floor":12,"gold_loss":0},{"damage_healed":0,"gold_gain":0,"player_choice":"Got Potions","damage_taken":0,"max_hp_gain":0,"max_hp_loss":0,"event_name":"Lab","floor":23,"gold_loss":0}],"is_beta":false,"boss_relics":[{"not_picked":["Slimebound:TarBlob","Busted Crown"],"picked":"Slimebound:AbsorbEndCombatUpgraded"}],"items_purged_floors":[],"is_endless":false,"potions_floor_spawned":[6,10,14,19,28,29,31],"killed_by":"DF_ARCHETYPE_CLAW","ascension_level":0}}