{"host":"jpzdg3po3tjxdjri","time":1611092579,"event":{"mods":["BaseMod","Better Third Choice","Colored Map","Colored Powertips","Minty Spire (QoL Compilation)","StSLib"],"gold_per_floor":[362,362,377,389,83,83,108,108,186,186,203,203,236,255,255,355,355,375,375,389,159,177,177,203,220,245,262,262,262],"floor_reached":28,"language":"ENG","playtime":965,"items_purged":["Strike_R"],"score":263,"play_id":"ab40c280-6480-4513-b60d-ee895baeba20","local_time":"20210119214259","is_ascension_mode":true,"campfire_choices":[{"data":"Flame Barrier","floor":6,"key":"SMITH"},{"data":"Bash","floor":10,"key":"SMITH"},{"data":"Body Slam","floor":15,"key":"SMITH"},{"floor":23,"key":"REST"}],"circlet_count":0,"master_deck":["Strike_R","Strike_R","Defend_R","Defend_R","Defend_R","Defend_R","Bash+1","Heavy Blade+1","Headbutt","Flame Barrier+1","Armaments","Corruption+1","Rampage","Body Slam+1","Rampage","Barricade+1","Entrench","Thunderclap","Intimidate+1","Pommel Strike","Iron Wave","Pommel Strike"],"relics":["Burning Blood","Ornamental Fan","Centennial Puzzle","Sundial","Red Skull","Empty Cage","Oddly Smooth Stone","Boot"],"acts_visited":["Exordium","TheCity"],"potions_floor_usage":[16,20,24,25],"damage_taken":[{"damage":8,"enemies":"Jaw Worm","floor":1,"turns":3},{"damage":6,"enemies":"Cultist","floor":3,"turns":4},{"damage":1,"enemies":"2 Louse","floor":4,"turns":3},{"damage":32,"enemies":"3 Sentries","floor":7,"turns":12},{"damage":0,"enemies":"2 Fungi Beasts","floor":11,"turns":5},{"damage":2,"enemies":"Gremlin Nob","floor":13,"turns":3},{"damage":5,"enemies":"Exordium Wildlife","floor":14,"turns":4},{"damage":33,"enemies":"The Guardian","floor":16,"turns":11},{"damage":33,"enemies":"Spheric Guardian","floor":18,"turns":6},{"damage":16,"enemies":"Shell Parasite","floor":20,"turns":8},{"damage":30,"enemies":"Snake Plant","floor":22,"turns":5},{"damage":12,"enemies":"Book of Stabbing","floor":24,"turns":7},{"damage":13,"enemies":"Shelled Parasite and Fungi","floor":25,"turns":9},{"damage":17,"enemies":"Centurion and Healer","floor":27,"turns":6},{"damage":25,"enemies":"Snake Plant","floor":28,"turns":5}],"seed_played":"-704788228655975066","potions_obtained":[{"floor":3,"key":"GamblersBrew"},{"floor":11,"key":"FearPotion"},{"floor":12,"key":"BloodPotion"},{"floor":12,"key":"Dexterity Potion"},{"floor":12,"key":"Fire Potion"},{"floor":16,"key":"ElixirPotion"},{"floor":20,"key":"GamblersBrew"},{"floor":22,"key":"Energy Potion"}],"is_trial":false,"path_per_floor":["M","?","M","M","$","R","E","?","T","R","M","?","E","M","R","B",null,"M","?","M","$","M","R","E","M","T","M","M"],"character_chosen":"IRONCLAD","items_purchased":["Ornamental Fan","Armaments","Oddly Smooth Stone"],"campfire_rested":1,"item_purchase_floors":[5,5,21],"current_hp_per_floor":[70,70,70,72,72,72,46,46,46,46,52,52,56,57,57,30,72,45,45,49,49,25,46,40,33,33,22,0,0],"gold":262,"neow_bonus":"TWO_FIFTY_GOLD","is_daily":false,"chose_seed":false,"campfire_upgraded":3,"win_rate":0.0,"timestamp":1611092579,"path_taken":["M","?","M","?","$","R","E","?","T","R","M","?","E","M","R","BOSS","M","?","M","$","?","R","E","M","T","M","M"],"items_purchased_type":["Relic","Card","Relic"],"build_version":"2020-12-22","purchased_purges":1,"victory":false,"max_hp_per_floor":[72,72,72,72,72,72,72,72,72,72,72,72,72,72,72,72,72,72,72,72,72,72,72,72,72,72,72,72,72],"card_choices":[{"not_picked":["True Grit","Anger"],"picked":"Heavy Blade","floor":1},{"not_picked":["Rage","Sword Boomerang"],"picked":"Headbutt","floor":3},{"not_picked":["Ghostly Armor","Sever Soul"],"picked":"Flame Barrier","floor":4},{"not_picked":["Bloodletting","Anger"],"picked":"Corruption","floor":7},{"not_picked":["Perfected Strike","Whirlwind"],"picked":"Rampage","floor":11},{"not_picked":["Searing Blow","Wild Strike"],"picked":"Body Slam","floor":13},{"not_picked":["Heavy Blade","Thunderclap"],"picked":"Rampage","floor":14},{"not_picked":["Fiend Fire","Juggernaut"],"picked":"Barricade","floor":16},{"not_picked":["Heavy Blade","Anger"],"picked":"Entrench","floor":18},{"not_picked":["Entrench+1","Shockwave"],"picked":"Thunderclap","floor":20},{"not_picked":["Shockwave","Clothesline"],"picked":"Intimidate+1","floor":22},{"not_picked":["Havoc","Power Through"],"picked":"Pommel Strike","floor":24},{"not_picked":["Searing Blow+1","Wild Strike"],"picked":"Iron Wave","floor":25},{"not_picked":["Searing Blow","Offering"],"picked":"Pommel Strike","floor":27}],"player_experience":843978,"relics_obtained":[{"floor":7,"key":"Centennial Puzzle"},{"floor":9,"key":"Sundial"},{"floor":13,"key":"Red Skull"},{"floor":24,"key":"Boot"}],"event_choices":[{"damage_healed":0,"gold_gain":0,"player_choice":"Forge","damage_taken":0,"max_hp_gain":0,"max_hp_loss":0,"event_name":"Accursed Blacksmith","floor":2,"gold_loss":0,"cards_upgraded":["Heavy Blade"]},{"damage_healed":0,"gold_gain":0,"player_choice":"Grow","damage_taken":0,"max_hp_gain":0,"max_hp_loss":0,"event_name":"Living Wall","floor":8,"gold_loss":0,"cards_upgraded":["Corruption"]},{"damage_healed":0,"gold_gain":0,"player_choice":"Got Potions","damage_taken":0,"max_hp_gain":0,"max_hp_loss":0,"event_name":"Lab","floor":12,"gold_loss":0},{"damage_healed":0,"gold_gain":0,"player_choice":"Upgraded","damage_taken":0,"max_hp_gain":0,"max_hp_loss":0,"event_name":"Upgrade Shrine","floor":19,"gold_loss":0,"cards_upgraded":["Barricade"]}],"is_beta":false,"boss_relics":[{"not_picked":["Runic Dome","Coffee Dripper"],"picked":"Empty Cage"}],"items_purged_floors":[21],"is_endless":false,"potions_floor_spawned":[3,11,13,14,16,18,20,22],"killed_by":"Snake Plant","ascension_level":1}}