{"host":"hszimsrtxxc2k25w","time":1611089107,"event":{"mods":["AchievementEnabler","BaseMod","Colored Map","DeckTracker","Minty Spire (QoL Compilation)","Rare Cards Sparkle","SuperFastMode"],"gold_per_floor":[109,124,124,49,124,151,151,162,186,199,199,216,227,227,227,304,304,323,335,193,210,210,210,210,210],"floor_reached":24,"language":"KOR","playtime":450,"items_purged":["Strike_G","Strike_G"],"score":424,"play_id":"18d545a1-c241-4dc9-8a62-7b5f3eab7409","local_time":"20210120054507","is_ascension_mode":true,"campfire_choices":[{"data":"Dagger Spray","floor":7,"key":"SMITH"},{"data":"Bouncing Flask","floor":15,"key":"SMITH"},{"floor":23,"key":"REST"}],"circlet_count":0,"master_deck":["AscendersBane","Strike_G","Defend_G","Defend_G","Defend_G","Defend_G","Defend_G+1","Survivor","Neutralize","Masterful Stab","Dagger Spray+1","PiercingWail","Calculated Gamble","Dagger Throw","Bouncing Flask+1","Escape Plan+1","Corpse Explosion","Noxious Fumes","Slice"],"relics":["Ring of the Snake","NeowsBlessing","Snake Skull","Strawberry","Pantograph","Cursed Key"],"acts_visited":["Exordium","TheCity"],"potions_floor_usage":[10,13,18,24,24],"damage_taken":[{"damage":0,"enemies":"Small Slimes","floor":1,"turns":1},{"damage":0,"enemies":"2 Louse","floor":2,"turns":1},{"damage":0,"enemies":"3 Sentries","floor":6,"turns":1},{"damage":0,"enemies":"Jaw Worm","floor":8,"turns":4},{"damage":0,"enemies":"Exordium Thugs","floor":10,"turns":4},{"damage":0,"enemies":"Lots of Slimes","floor":12,"turns":1},{"damage":9,"enemies":"Large Slime","floor":13,"turns":5},{"damage":13,"enemies":"Hexaghost","floor":16,"turns":7},{"damage":31,"enemies":"2 Thieves","floor":18,"turns":3},{"damage":16,"enemies":"Shell Parasite","floor":19,"turns":4},{"damage":14,"enemies":"Snecko","floor":21,"turns":4},{"damage":27,"enemies":"Book of Stabbing","floor":24,"turns":4}],"seed_played":"-1533044537039192261","potions_obtained":[{"floor":1,"key":"DuplicationPotion"},{"floor":8,"key":"DuplicationPotion"},{"floor":13,"key":"CultistPotion"},{"floor":16,"key":"SkillPotion"},{"floor":18,"key":"AttackPotion"},{"floor":21,"key":"Block Potion"}],"is_trial":false,"path_per_floor":["M","M","?","$","?","E","R","M","T","M","T","M","M","?","R","B",null,"M","M","$","M","?","R","E"],"character_chosen":"THE_SILENT","items_purchased":["Noxious Fumes"],"campfire_rested":1,"item_purchase_floors":[20],"current_hp_per_floor":[59,59,59,59,48,48,48,48,55,55,55,55,46,24,24,36,64,33,17,17,3,3,24,0,0],"gold":210,"neow_bonus":"THREE_ENEMY_KILL","is_daily":false,"chose_seed":false,"campfire_upgraded":2,"win_rate":0.0,"timestamp":1611089107,"path_taken":["M","M","?","$","?","E","R","M","T","M","?","?","?","?","R","BOSS","M","M","$","M","?","R","E"],"items_purchased_type":["Card"],"build_version":"2020-12-22","purchased_purges":2,"victory":false,"max_hp_per_floor":[66,66,66,66,66,66,66,66,73,73,73,73,73,73,73,73,73,73,73,73,73,73,73,73,73],"card_choices":[{"not_picked":["Backflip","Dagger Throw"],"picked":"Masterful Stab","floor":1},{"not_picked":["Quick Slash","Dagger Throw"],"picked":"Dagger Spray","floor":2},{"not_picked":["All Out Attack","Underhanded Strike"],"picked":"PiercingWail","floor":6},{"not_picked":["Dash","Catalyst"],"picked":"Calculated Gamble","floor":8},{"not_picked":["Blade Dance","Concentrate"],"picked":"Dagger Throw","floor":10},{"not_picked":["Dagger Throw","Escape Plan"],"picked":"Bouncing Flask","floor":12},{"not_picked":["Bane","Quick Slash"],"picked":"Escape Plan","floor":13},{"not_picked":["After Image","Glass Knife"],"picked":"Corpse Explosion","floor":16},{"not_picked":["Endless Agony","Poisoned Stab","Sucker Punch"],"picked":"SKIP","floor":18},{"not_picked":["All Out Attack","Predator","Cloak And Dagger"],"picked":"SKIP","floor":19},{"not_picked":["Underhanded Strike","Dagger Throw","Outmaneuver"],"picked":"SKIP","floor":21}],"player_experience":625856,"relics_obtained":[{"floor":6,"key":"Snake Skull"},{"floor":9,"key":"Strawberry"},{"floor":11,"key":"Pantograph"}],"event_choices":[{"cards_removed":["Strike_G"],"damage_healed":0,"gold_gain":0,"player_choice":"Forget","damage_taken":0,"max_hp_gain":0,"max_hp_loss":0,"event_name":"Living Wall","floor":3,"gold_loss":0},{"damage_healed":0,"gold_gain":75,"player_choice":"Gather Gold","damage_taken":11,"max_hp_gain":0,"max_hp_loss":0,"event_name":"World of Goop","floor":5,"gold_loss":0},{"damage_healed":0,"gold_gain":0,"player_choice":"Entered Light","damage_taken":22,"max_hp_gain":0,"max_hp_loss":0,"event_name":"Shining Light","floor":14,"gold_loss":0,"cards_upgraded":["Defend_G","Escape Plan"]},{"damage_healed":0,"gold_gain":0,"cards_transformed":["Strike_G"],"player_choice":"Transformed","damage_taken":0,"max_hp_gain":0,"max_hp_loss":0,"event_name":"Transmorgrifier","floor":22,"gold_loss":0,"cards_obtained":["Slice"]}],"is_beta":false,"boss_relics":[{"not_picked":["Black Star","Ectoplasm"],"picked":"Cursed Key"}],"items_purged_floors":[4,20],"is_endless":false,"potions_floor_spawned":[1,8,13,16,18,21],"killed_by":"Book of Stabbing","ascension_level":18}}