{"host":"g61l9u03ah4b44ex","time":1611065983,"event":{"mods":["Aspiration","BaseMod","Better Altar","Better Match","Better Sensory Stone","Better Skull","Better Third Choice","Conspire","Downfall","Hubris","Minty Spire (QoL Compilation)","Robot Space Explorer","Spicy Shops","StSLib","The Marked","Waifu the Spire"],"gold_per_floor":[99,118,118,56,74,74,74,85,113,113,144,44,57,42,59,156,156,156,169,179,13,13,31,84,118,134,34,62,62,62,13,28,126,126,26,38,1,1,1,1,27,27,61,117,129,148,167,209,236,236,236,280,12,12,12,12,12,12],"floor_reached":56,"language":"ENG","playtime":7724,"items_purged":["champ:Defend","champ:Defend"],"score":1055,"play_id":"a0729489-6279-4bd8-8d38-efc08446d62f","local_time":"20210119221943","is_ascension_mode":true,"campfire_choices":[{"data":"champ:Taunt","floor":1.0,"key":"SMITH"},{"data":"champ:StanceDance","floor":6.0,"key":"SMITH"},{"data":"champ:Improvising","floor":12.0,"key":"SMITH"},{"floor":18.0,"key":"RECALL"},{"data":"champ:StrikeOfGenius","floor":27.0,"key":"SMITH"},{"data":"champ:DefensiveStyle","floor":30.0,"key":"SMITH"},{"data":"champ:UltimateStance","floor":35.0,"key":"SMITH"},{"data":"champ:FancyFootwork","floor":40.0,"key":"SMITH"},{"floor":54,"key":"REST"}],"circlet_count":0,"master_deck":["champ:Strike","champ:Defend","champ:Defend","champ:Execute","champ:Taunt+1","champ:FanOfKnives+1","champ:Improvising+1","champ:StanceDance+1","champ:DefensiveStyle+1","champ:TornadoPunch","champ:PreciseThrust","champ:FaceSlap","champ:AdrenalArmor","champ:Shatter","champ:IronFortress","champ:UltimateStance+1","champ:StanceDance+1","champ:ArenaPreparation+1","champ:FancyFootwork+1","champ:RecklessLeap","champ:FlashCut+1","champ:StrikeOfGenius+1","champ:Circumvent+1","champ:FocusedDefense","champ:ShieldSlam+1","champ:CrookedStrike","champ:DancingMaster","champ:RisingSlash+1","champ:FlashCut","champ:SteelEdge","champ:DefensiveShout+1","champ:PreciseThrust+1","champ:FlashCut+1","champ:EnGarde+1","champ:GladiatorStyle+1","champ:BerserkersShout+1"],"relics":["champ:ChampionCrown","Bird Faced Urn","Tiny Chest","hubris:Icosahedron","conspire:Flyswatter","downfall:HeartBlessingBlue","Empty Cage","Happy Flower","conspire:TopHat","Centennial Puzzle","downfall:HeartBlessingRed","aspiration:HummingbirdHeart","Akabeko","aspiration:Nostalgia","RobotSpaceExplorer:RoboCore","PreservedInsect","Black Star","downfall:HeartBlessingGreen","CeramicFish","Mercury Hourglass","War Paint","Darkstone Periapt","aspiration:AnachronicSnailShell","Dead Branch","Bag of Preparation","hubris:CrystalStatue","Pen Nib","aspiration:HiddenCompartment","Unceasing Top"],"acts_visited":["Exordium","TheCity","TheBeyond","TheEnding"],"potions_floor_usage":[55],"damage_taken":[{"damage":10.0,"enemies":"Jaw Worm","floor":2.0,"turns":3.0},{"damage":10.0,"enemies":"downfall:FleeingMerchant","floor":4.0,"turns":4.0},{"damage":0.0,"enemies":"Cultist","floor":5.0,"turns":3.0},{"damage":20.0,"enemies":"conspire:RoseBush","floor":8.0,"turns":4.0},{"damage":34.0,"enemies":"Gremlin Nob","floor":9.0,"turns":4.0},{"damage":15.0,"enemies":"3 Sentries","floor":11.0,"turns":4.0},{"damage":0.0,"enemies":"Exordium Wildlife","floor":13.0,"turns":2.0},{"damage":35.0,"enemies":"downfall:FleeingMerchant","floor":14.0,"turns":4.0},{"damage":9.0,"enemies":"Red Slaver","floor":15.0,"turns":2.0},{"damage":39.0,"enemies":"WA_ARCHETYPE_RETAIN","floor":16.0,"turns":4.0},{"damage":26.0,"enemies":"Chosen","floor":19.0,"turns":5.0},{"damage":15.0,"enemies":"Spheric Guardian","floor":20.0,"turns":3.0},{"damage":43.0,"enemies":"downfall:FleeingMerchant","floor":21.0,"turns":4.0},{"damage":74.0,"enemies":"Centurion and Healer","floor":23.0,"turns":5.0},{"damage":58.0,"enemies":"Slavers","floor":25.0,"turns":5.0},{"damage":71.0,"enemies":"conspire:HollyBat","floor":26.0,"turns":8.0},{"damage":13.0,"enemies":"conspire:Head Lice","floor":28.0,"turns":5.0},{"damage":30.0,"enemies":"downfall:FleeingMerchant","floor":31.0,"turns":3.0},{"damage":15.0,"enemies":"Chosen and Byrds","floor":32.0,"turns":4.0},{"damage":52.0,"enemies":"IC_MUSHROOM_ARCHETYPE","floor":33.0,"turns":5.0},{"damage":21.0,"enemies":"Orb Walker","floor":36.0,"turns":4.0},{"damage":60.0,"enemies":"Nemesis","floor":43.0,"turns":5.0},{"damage":32.0,"enemies":"2 Orb Walkers","floor":44.0,"turns":2.0},{"damage":19.0,"enemies":"3 Shapes","floor":45.0,"turns":3.0},{"damage":15.0,"enemies":"3 Darklings","floor":46.0,"turns":3.0},{"damage":37.0,"enemies":"Sphere and 2 Shapes","floor":47.0,"turns":4.0},{"damage":35.0,"enemies":"Giant Head","floor":48.0,"turns":6.0},{"damage":56.0,"enemies":"Maw","floor":49.0,"turns":6.0},{"damage":126.0,"enemies":"SI_POISON_ARCHETYPE","floor":50.0,"turns":6.0},{"damage":129,"enemies":"downfall:CharBossMerchant","floor":52,"turns":7},{"damage":47,"enemies":"downfall:NeowBoss","floor":55,"turns":7},{"damage":137,"enemies":"downfall:NeowBossFinal","floor":56,"turns":5}],"seed_played":"4576649489585695463","potions_obtained":[{"floor":8.0,"key":"SkillPotion"},{"floor":9.0,"key":"AttackPotion"},{"floor":11.0,"key":"champ:CounterPotion"},{"floor":13.0,"key":"PowerPotion"},{"floor":15.0,"key":"EntropicBrew"},{"floor":20.0,"key":"champ:OpenerPotion"},{"floor":23.0,"key":"sneckomod:MuddlingPotion"},{"floor":25.0,"key":"EssenceOfSteel"},{"floor":28.0,"key":"Strength Potion"},{"floor":46.0,"key":"Energy Potion"},{"floor":47.0,"key":"Guardian:BlockOnCardUsePotion"}],"is_trial":false,"path_per_floor":["R","M","?","$","M","R","T","M","E","?","E","R","M","$","M","B",null,"R","M","M","$","?","M","T","E","M","R","E","T","R","$","M","B",null,"R","M","$","?","?","R","T","T","E","?","M","M","M","E","M","B",null,"E","$","R","B","B"],"character_chosen":"THE_CHAMP","items_purchased":["champ:StanceDance","Happy Flower","aspiration:Nostalgia","champ:ShieldSlam","PreservedInsect","champ:FlashCut","CultistPotion","aspiration:HiddenCompartment","Unceasing Top"],"campfire_rested":1,"item_purchase_floors":[4,21,31,31,31,37,53,53,53],"current_hp_per_floor":[81,81,81,81,81,81,81,71,51,51,48,58,60,59,50,52,91,91,81,83,86,86,83,83,71,59,59,64,64,64,70,76,77,91,91,75,75,75,75,75,75,75,75,75,79,85,87,91,86,1,91,39,39,66,76,0,0,0],"gold":12,"neow_bonus":"ONE_RARE_RELIC","is_daily":false,"chose_seed":false,"campfire_upgraded":7,"win_rate":0.0,"timestamp":1611065983,"path_taken":["R","M","?","$","M","R","T","?","E","?","E","R","M","?","M","BOSS","R","M","M","$","?","M","T","E","M","R","E","?","R","$","M","BOSS","R","M","?","?","?","R","T","?","E","?","M","M","M","E","M","BOSS","E","$","R","BOSS","BOSS"],"items_purchased_type":["Card","Relic","Relic","Card","Relic","Card","Potion","Relic","Relic"],"build_version":"2020-12-22","purchased_purges":2,"victory":false,"max_hp_per_floor":[81,81,81,81,81,81,81,81,81,81,81,91,91,91,91,91,91,91,91,91,91,91,91,91,91,91,91,91,91,91,91,91,91,91,91,91,91,91,91,91,91,91,91,91,91,91,91,91,91,91,91,91,91,91,91,91,91,91],"card_choices":[{"not_picked":["champ:FancyFootwork","champ:BerserkersShout"],"picked":"champ:FanOfKnives","floor":2.0},{"not_picked":["champ:SwordSigil","champ:BringItOn"],"picked":"champ:Improvising","floor":4.0},{"not_picked":["champ:DefensiveShout","champ:TornadoPunch"],"picked":"champ:DefensiveStyle","floor":5.0},{"not_picked":["champ:FanOfKnives","champ:DefensiveShout"],"picked":"champ:TornadoPunch","floor":8.0},{"not_picked":["champ:ShieldSlam","champ:FocusedBerserking"],"picked":"champ:PreciseThrust","floor":9.0},{"not_picked":["champ:FanOfKnives","champ:TornadoPunch"],"picked":"champ:FaceSlap","floor":11.0},{"not_picked":["champ:BladeFlurry","champ:FaceSlap"],"picked":"champ:AdrenalArmor","floor":13.0},{"not_picked":["champ:Circumvent","champ:MurderStrike"],"picked":"champ:Shatter","floor":14.0},{"not_picked":["champ:FlashCut","champ:AdrenalArmor"],"picked":"champ:IronFortress","floor":15.0},{"not_picked":["champ:SwordThrow","champ:DancingMaster"],"picked":"champ:UltimateStance","floor":16.0},{"not_picked":["champ:EnGarde","champ:RapidStrikes"],"picked":"champ:StanceDance+1","floor":19.0},{"not_picked":["champ:Endure","champ:FalseCounter"],"picked":"champ:ArenaPreparation","floor":20.0},{"not_picked":["champ:PreciseThrust","champ:DefensiveShout+1"],"picked":"champ:FancyFootwork","floor":21.0},{"not_picked":["champ:ShieldSigil+1","champ:BladeFlurry","champ:GladiatorStyle+1"],"picked":"SKIP","floor":23.0},{"not_picked":["champ:Shatter","champ:EnGarde+1"],"picked":"champ:FlashCut+1","floor":25.0},{"not_picked":["champ:ShieldSigil","champ:AdrenalArmor+1"],"picked":"champ:StrikeOfGenius","floor":26.0},{"not_picked":["champ:BerserkersShout","champ:Shatter"],"picked":"champ:Circumvent","floor":28.0},{"not_picked":["champ:EnGarde","champ:CrownThrow"],"picked":"champ:FocusedDefense","floor":31.0},{"not_picked":["champ:ArenaPreparation","champ:Haymaker"],"picked":"champ:CrookedStrike","floor":32.0},{"not_picked":["champ:LastStand","champ:EnchantShield"],"picked":"champ:DancingMaster","floor":33.0},{"not_picked":["champ:FanOfKnives","champ:Circumvent+1"],"picked":"champ:RisingSlash+1","floor":36.0},{"not_picked":["champ:EnGarde","champ:FaceSlap"],"picked":"champ:SteelEdge","floor":43.0},{"not_picked":["champ:PreciseThrust","champ:CrookedStrike+1"],"picked":"champ:DefensiveShout+1","floor":44.0},{"not_picked":["champ:HeartStrike","champ:Circumvent","champ:CrownThrow+1"],"picked":"SKIP","floor":45.0},{"not_picked":["champ:Encircle+1","champ:ShieldSigil"],"picked":"champ:PreciseThrust+1","floor":46.0},{"not_picked":["champ:SwordSigil+1","champ:FanOfKnives"],"picked":"champ:FlashCut+1","floor":47.0},{"not_picked":["champ:TripleStrike","champ:Shatter+1"],"picked":"champ:EnGarde+1","floor":48.0},{"not_picked":["champ:ViciousMockery","champ:BerserkersShout"],"picked":"champ:GladiatorStyle+1","floor":49.0},{"not_picked":["champ:DefensiveShout+1","champ:StrikeOfGenius"],"picked":"champ:BerserkersShout+1","floor":52}],"player_experience":845207,"relics_obtained":[{"floor":9.0,"key":"Tiny Chest"},{"floor":11.0,"key":"conspire:Flyswatter"},{"floor":24.0,"key":"conspire:TopHat"},{"floor":25.0,"key":"Centennial Puzzle"},{"floor":28.0,"key":"aspiration:HummingbirdHeart"},{"floor":29.0,"key":"Akabeko"},{"floor":41.0,"key":"CeramicFish"},{"floor":42.0,"key":"Mercury Hourglass"},{"floor":43.0,"key":"War Paint"},{"floor":43.0,"key":"Darkstone Periapt"},{"floor":44.0,"key":"aspiration:AnachronicSnailShell"},{"floor":48.0,"key":"Dead Branch"},{"floor":48.0,"key":"Bag of Preparation"},{"floor":52,"key":"hubris:CrystalStatue"},{"floor":52,"key":"Pen Nib"}],"event_choices":[{"damage_healed":0.0,"max_hp_gain":0.0,"max_hp_loss":0.0,"gold_gain":0.0,"event_name":"Accursed Blacksmith","player_choice":"Forge","floor":3.0,"gold_loss":0.0,"damage_taken":0.0,"cards_upgraded":["champ:FanOfKnives"]},{"damage_healed":0.0,"max_hp_gain":0.0,"max_hp_loss":0.0,"gold_gain":0.0,"event_name":"conspire:Investor","player_choice":"Leave","floor":39.0,"gold_loss":0.0,"damage_taken":0.0},{"damage_healed":0.0,"max_hp_gain":0.0,"max_hp_loss":0.0,"gold_gain":0.0,"event_name":"Mysterious Sphere","player_choice":"Fight","floor":44.0,"gold_loss":0.0,"damage_taken":0.0}],"is_beta":false,"boss_relics":[{"not_picked":["Runic Pyramid","SlaversCollar"],"picked":"Empty Cage"},{"not_picked":["aspiration:RunicSpoon","hubris:TerracottaHorce"],"picked":"Black Star"}],"items_purged_floors":[21,31],"is_endless":false,"potions_floor_spawned":[8,9,11,13,15,20,23,25,28,46,47,49],"killed_by":"downfall:NeowBossFinal","ascension_level":3}}