{"host":"rnys9sj607vajavv","time":1611058188,"event":{"mods":["BaseMod","Colored Map","Downfall","Minty Spire (QoL Compilation)","StSLib"],"gold_per_floor":[99,111,121,121,121,150,150,166,166,166,185,185,200,35,51,146,146,46,46,46,46,94,107,107,92,111,137,37,37,51,76,86,184,184,184,196,196,206,225,252,252,80,95,80,80,90,129,142,154,154],"floor_reached":51,"language":"ENG","playtime":4582,"items_purged":["bronze:Strike","bronze:Defend"],"score":819,"play_id":"54e2e9c1-2c77-46ba-b858-0f5d860b5ee2","local_time":"20210119040948","is_ascension_mode":false,"campfire_choices":[{"data":"bronze:Format","floor":1,"key":"SMITH"},{"data":"bronze:Shell","floor":10,"key":"SMITH"},{"floor":12,"key":"RECALL"},{"data":"bronze:Optimize","floor":18,"key":"SMITH"},{"data":"bronze:Goto","floor":28,"key":"SMITH"},{"data":"bronze:FineTuning","floor":35,"key":"SMITH"}],"circlet_count":0,"master_deck":["bronze:Strike+1","bronze:Defend","bronze:Defend","bronze:Defend","bronze:Replicate+1","bronze:Goto+1","bronze:Format+1","bronze:Shell+1","bronze:FineTuning+1","bronze:FineTuning+1","bronze:ClassDefault","bronze:Optimize+1","bronze:Format+1","Ghostly+1","Ghostly+1","Ghostly+1","Ghostly+1","Ghostly+1","bronze:Verify","bronze:Repulsor"],"relics":["bronze:BronzeCore","Toxic Egg 2","Letter Opener","Sozu","downfall:HeartBlessingRed","Whetstone","bronze:BottledCode","PreservedInsect","Bottled Tornado","Mercury Hourglass","downfall:HeartBlessingGreen","Darkstone Periapt","Philosopher\u0027s Stone","Eternal Feather","Anchor","Strange Spoon"],"acts_visited":["Exordium","TheCity","TheBeyond"],"potions_floor_usage":[],"damage_taken":[{"damage":0,"enemies":"2 Louse","floor":2,"turns":2},{"damage":1,"enemies":"Jaw Worm","floor":3,"turns":3},{"damage":0,"enemies":"Cultist","floor":5,"turns":1},{"damage":0,"enemies":"Gremlin Nob","floor":6,"turns":4},{"damage":10,"enemies":"3 Louse","floor":8,"turns":3},{"damage":1,"enemies":"Exordium Wildlife","floor":11,"turns":4},{"damage":0,"enemies":"2 Fungi Beasts","floor":13,"turns":3},{"damage":0,"enemies":"downfall:FleeingMerchant","floor":14,"turns":4},{"damage":7,"enemies":"Blue Slaver","floor":15,"turns":4},{"damage":32,"enemies":"IC_STATUS_ARCHETYPE","floor":16,"turns":9},{"damage":0,"enemies":"3 Byrds","floor":23,"turns":5},{"damage":0,"enemies":"downfall:FleeingMerchant","floor":25,"turns":4},{"damage":0,"enemies":"Centurion and Healer","floor":26,"turns":7},{"damage":0,"enemies":"Slavers","floor":27,"turns":7},{"damage":0,"enemies":"Snecko","floor":30,"turns":5},{"damage":2,"enemies":"Book of Stabbing","floor":31,"turns":5},{"damage":0,"enemies":"Snake Plant","floor":32,"turns":5},{"damage":0,"enemies":"WA_ARCHETYPE_CALM","floor":33,"turns":11},{"damage":0,"enemies":"Orb Walker","floor":36,"turns":5},{"damage":1,"enemies":"3 Shapes","floor":38,"turns":4},{"damage":0,"enemies":"Writhing Mass","floor":39,"turns":7},{"damage":0,"enemies":"Reptomancer","floor":40,"turns":7},{"damage":0,"enemies":"downfall:FleeingMerchant","floor":42,"turns":4},{"damage":0,"enemies":"Maw","floor":43,"turns":8},{"damage":0,"enemies":"downfall:FleeingMerchant","floor":44,"turns":4},{"damage":0,"enemies":"Sphere and 2 Shapes","floor":46,"turns":6},{"damage":0,"enemies":"downfall:FleeingMerchant","floor":47,"turns":1},{"damage":0,"enemies":"4 Shapes","floor":48,"turns":4},{"damage":0,"enemies":"Jaw Worm Horde","floor":49,"turns":5},{"damage":11,"enemies":"SI_POISON_ARCHETYPE","floor":50,"turns":16}],"seed_played":"8160113412079882691","potions_obtained":[{"floor":11,"key":"Dexterity Potion"},{"floor":13,"key":"bronze:FreeFunctionsPotion"},{"floor":16,"key":"Ancient Potion"}],"is_trial":false,"path_per_floor":["R","M","M","?","M","E","T","M","?","R","M","R","M","$","M","B",null,"R","?","T","?","T","M","T","$","M","E","R","?","M","E","M","B",null,"R","M","?","M","M","E","T","$","M","?","?","M","$","M","M","B",null],"character_chosen":"THE_AUTOMATON","items_purchased":["bronze:Format+1","Anchor","Strange Spoon","bronze:Repulsor"],"campfire_rested":0,"item_purchase_floors":[14,42,47,47],"current_hp_per_floor":[70,70,69,69,69,69,69,59,64,64,63,63,63,63,56,24,75,75,37,37,27,27,27,27,27,27,27,27,27,27,25,25,25,27,27,27,27,26,26,26,26,26,26,26,26,26,26,26,26,15],"gold":154,"neow_bonus":"TRANSFORM_CARD","is_daily":false,"chose_seed":false,"campfire_upgraded":5,"win_rate":0.0,"timestamp":1611058188,"path_taken":["R","M","M","?","M","E","T","M","?","R","M","R","?","$","M","BOSS","R","?","?","?","?","?","T","?","M","E","R","?","M","E","M","BOSS","R","M","?","M","M","E","T","$","M","?","?","M","$","M","M","BOSS"],"items_purchased_type":["Card","Relic","Relic","Card"],"build_version":"2020-12-22","purchased_purges":2,"victory":true,"max_hp_per_floor":[70,70,70,70,70,70,70,70,75,75,75,75,75,75,75,75,75,75,37,37,27,27,27,27,27,27,27,27,27,27,27,27,27,27,27,27,27,27,27,27,27,27,27,27,27,27,27,27,27,27],"card_choices":[{"not_picked":["bronze:BitShift","bronze:Overheat","bronze:WildBeam"],"picked":"SKIP","floor":2},{"not_picked":["bronze:BitShift","bronze:Overheat","bronze:WildBeam"],"picked":"SKIP","floor":2},{"not_picked":["bronze:Flail","bronze:Invalidate"],"picked":"bronze:Shell","floor":3},{"not_picked":["bronze:BugBarrage","bronze:Boost"],"picked":"bronze:FineTuning","floor":5},{"not_picked":["bronze:Frontload+1","bronze:BronzeArmor+1","bronze:ForceShield+1"],"picked":"SKIP","floor":6},{"not_picked":["bronze:BitShift+1","bronze:Repair+1"],"picked":"bronze:FineTuning+1","floor":8},{"not_picked":["bronze:Iterate","bronze:Return+1"],"picked":"bronze:ClassDefault","floor":11},{"not_picked":["bronze:WhirlingStrike","bronze:FineTuning+1"],"picked":"bronze:Optimize","floor":13},{"not_picked":["bronze:DelayedGuard+1","bronze:Branch","bronze:WildBeam"],"picked":"SKIP","floor":14},{"not_picked":["bronze:Invalidate+1","bronze:DelayedGuard+1","bronze:Deprecate+1"],"picked":"SKIP","floor":15},{"not_picked":["bronze:DarkDash+1","bronze:Return+1","bronze:Invalidate+1"],"picked":"SKIP","floor":23},{"not_picked":["bronze:OilSpill","bronze:BronzeOrb","bronze:Shell+1"],"picked":"SKIP","floor":25},{"not_picked":["bronze:FineTuning+1","bronze:Shell+1","bronze:Iterate"],"picked":"SKIP","floor":26},{"not_picked":["bronze:Shield+1","bronze:Safeguard+1","bronze:BitShift+1"],"picked":"SKIP","floor":27},{"not_picked":["bronze:WhirlingStrike+1","bronze:BuggyMess+1","bronze:Safeguard+1"],"picked":"SKIP","floor":30},{"not_picked":["bronze:FineTuning+1","bronze:Repair+1","bronze:CloningBeam+1"],"picked":"SKIP","floor":31},{"not_picked":["bronze:AlphaBuild","bronze:DelayedSlice","bronze:Optimize+1"],"picked":"SKIP","floor":32},{"not_picked":["bronze:RecursiveStrike","bronze:ShipIt"],"picked":"bronze:Verify","floor":33},{"not_picked":["bronze:Overload+1","bronze:Shield+1","bronze:MaxOutput+1"],"picked":"SKIP","floor":36},{"not_picked":["bronze:DelayedGuard+1","bronze:BronzeArmor+1","bronze:DelayedSlice"],"picked":"SKIP","floor":38},{"not_picked":["bronze:Optimize","bronze:DelayedGuard+1","bronze:SpaghettiCode+1"],"picked":"SKIP","floor":39},{"not_picked":["bronze:Optimize","bronze:DelayedGuard+1","bronze:SpaghettiCode+1"],"picked":"SKIP","floor":39},{"not_picked":["bronze:CutThrough+1","bronze:Backtrace+1","bronze:Invalidate+1"],"picked":"SKIP","floor":40},{"not_picked":["bronze:BronzeOrb+1","bronze:BuggyMess+1","bronze:Overheat"],"picked":"SKIP","floor":42},{"not_picked":["bronze:Safeguard+1","bronze:WildBeam","bronze:MaxOutput"],"picked":"SKIP","floor":43},{"not_picked":["bronze:MaxOutput+1","bronze:Frontload+1","bronze:Branch+1"],"picked":"SKIP","floor":44},{"not_picked":["bronze:WildBeam","bronze:Deprecate+1","bronze:WhirlingStrike"],"picked":"SKIP","floor":46},{"not_picked":["bronze:DelayedGuard+1","bronze:FineTuning+1","bronze:WhirlingStrike"],"picked":"SKIP","floor":47},{"not_picked":["bronze:Frontload+1","bronze:DelayedGuard+1","bronze:BronzeArmor+1"],"picked":"SKIP","floor":48},{"not_picked":["bronze:DigitalCarnage","bronze:BitShift+1","bronze:CloningBeam+1"],"picked":"SKIP","floor":49}],"player_experience":666770,"relics_obtained":[{"floor":6,"key":"Toxic Egg 2"},{"floor":7,"key":"Letter Opener"},{"floor":20,"key":"Whetstone"},{"floor":22,"key":"PreservedInsect"},{"floor":24,"key":"Bottled Tornado"},{"floor":27,"key":"Mercury Hourglass"},{"floor":31,"key":"Darkstone Periapt"},{"floor":40,"key":"Eternal Feather"}],"event_choices":[{"damage_healed":0,"gold_gain":0,"player_choice":"Donut","damage_taken":0,"max_hp_gain":5,"max_hp_loss":0,"event_name":"Big Fish","floor":9,"gold_loss":0},{"damage_healed":0,"gold_gain":0,"player_choice":"Became a Ghost","damage_taken":0,"max_hp_gain":0,"max_hp_loss":38,"event_name":"Ghosts","floor":19,"gold_loss":0,"cards_obtained":["Ghostly","Ghostly","Ghostly","Ghostly","Ghostly"]},{"cards_removed":["bronze:Strike"],"damage_healed":0,"gold_gain":0,"player_choice":"Removed Attack","damage_taken":0,"max_hp_gain":0,"max_hp_loss":0,"event_name":"Falling","floor":45,"gold_loss":0}],"is_beta":false,"boss_relics":[{"not_picked":["Pandora\u0027s Box","Black Star"],"picked":"Sozu"},{"not_picked":["Tiny House","Snecko Eye"],"picked":"Philosopher\u0027s Stone"}],"items_purged_floors":[14,47],"is_endless":false,"potions_floor_spawned":[11,13,16,23,26,27,32,33,36,38,39,48,49],"ascension_level":0}}