{"host":"qekv59dthhdg54sz","time":1611055445,"event":{"mods":["AchievementEnabler","BaseMod","Colored Map","DeckTracker","KOR Keyword Fix","Minty Spire (QoL Compilation)","Rare Cards Sparkle","StSLib","SuperFastMode"],"gold_per_floor":[112,126,126,37,53,53,79,79,79,79,94,106,126,145,145,217,217,235,118,118,41,57,57,76,87,112,112,126,126,159,176,176,176,176],"floor_reached":33,"language":"KOR","playtime":1070,"items_purged":["Strike_P"],"score":542,"play_id":"b90ce4b5-5e3a-4218-b4ed-6c44c5c9d181","local_time":"20210119202405","is_ascension_mode":true,"campfire_choices":[{"data":"EmptyMind","floor":6.0,"key":"SMITH"},{"data":"BowlingBash","floor":10.0,"key":"SMITH"},{"floor":15.0,"key":"REST"},{"data":"Scrawl","floor":23.0,"key":"SMITH"},{"data":"EmptyMind","floor":29.0,"key":"SMITH"},{"floor":32.0,"key":"REST"}],"circlet_count":0,"master_deck":["AscendersBane","Strike_P","Strike_P","Strike_P","Defend_P","Defend_P","Defend_P","Defend_P+1","Eruption+1","Vigilance","BowlingBash+1","EmptyMind+1","SandsOfTime","DeusExMachina+1","EmptyMind+1","TalkToTheHand+1","Scrawl+1","InnerPeace","Wallop+1","FearNoEvil+1","ReachHeaven+1"],"relics":["PureWater","NeowsBlessing","Molten Egg 2","Bottled Lightning","VioletLotus","Potion Belt","Anchor"],"acts_visited":["Exordium","TheCity"],"potions_floor_usage":[33,33],"damage_taken":[{"damage":0.0,"enemies":"Small Slimes","floor":1.0,"turns":1.0},{"damage":0.0,"enemies":"2 Louse","floor":2.0,"turns":1.0},{"damage":0.0,"enemies":"Cultist","floor":5.0,"turns":1.0},{"damage":4.0,"enemies":"Lagavulin","floor":7.0,"turns":5.0},{"damage":9.0,"enemies":"Lots of Slimes","floor":11.0,"turns":4.0},{"damage":6.0,"enemies":"2 Fungi Beasts","floor":12.0,"turns":2.0},{"damage":0.0,"enemies":"3 Louse","floor":13.0,"turns":2.0},{"damage":0.0,"enemies":"Gremlin Gang","floor":14.0,"turns":4.0},{"damage":11.0,"enemies":"The Guardian","floor":16.0,"turns":9.0},{"damage":18.0,"enemies":"2 Thieves","floor":18.0,"turns":4.0},{"damage":7.0,"enemies":"Shell Parasite","floor":22.0,"turns":5.0},{"damage":3.0,"enemies":"Shelled Parasite and Fungi","floor":24.0,"turns":3.0},{"damage":0.0,"enemies":"3 Cultists","floor":25.0,"turns":2.0},{"damage":12.0,"enemies":"Chosen and Byrds","floor":28.0,"turns":3.0},{"damage":21.0,"enemies":"Slavers","floor":30.0,"turns":5.0},{"damage":7.0,"enemies":"Snake Plant","floor":31.0,"turns":3.0},{"damage":23,"enemies":"Collector","floor":33,"turns":6}],"seed_played":"-2487405801669821836","potions_obtained":[{"floor":2.0,"key":"SkillPotion"},{"floor":7.0,"key":"Block Potion"},{"floor":11.0,"key":"PowerPotion"},{"floor":18.0,"key":"Explosive Potion"},{"floor":24.0,"key":"AttackPotion"},{"floor":25.0,"key":"DistilledChaos"},{"floor":30.0,"key":"Dexterity Potion"}],"is_trial":false,"path_per_floor":["M","M","?","$","M","R","E","?","T","R","M","M","M","M","R","B",null,"M","$","?","$","M","R","M","M","T","?","M","R","E","M","R","B"],"character_chosen":"WATCHER","items_purchased":["EmptyMind","Wallop+1","FearNoEvil+1"],"campfire_rested":2,"item_purchase_floors":[4,19,21],"current_hp_per_floor":[61,61,41,41,41,41,37,37,37,37,28,22,22,22,42,31,59,41,41,41,41,34,34,31,31,31,45,33,33,12,5,25,2,2],"gold":176,"neow_bonus":"THREE_ENEMY_KILL","is_daily":false,"chose_seed":false,"campfire_upgraded":4,"win_rate":0.0,"timestamp":1611055445,"path_taken":["M","M","?","$","M","R","E","?","T","R","M","M","M","M","R","BOSS","M","$","?","$","M","R","M","M","T","?","M","R","E","M","R","BOSS"],"items_purchased_type":["Card","Card","Card"],"build_version":"2020-12-22","purchased_purges":1,"victory":false,"max_hp_per_floor":[68,68,68,68,68,68,68,68,68,68,68,68,68,68,68,68,68,68,68,68,68,68,68,68,68,68,68,68,68,68,68,68,68,68],"card_choices":[{"not_picked":["Protect","ClearTheMind","Crescendo"],"picked":"SKIP","floor":1.0},{"not_picked":["TalkToTheHand","FlurryOfBlows"],"picked":"BowlingBash","floor":2.0},{"not_picked":["PathToVictory","FlurryOfBlows"],"picked":"SandsOfTime","floor":5.0},{"not_picked":["EmptyFist+1","BattleHymn"],"picked":"DeusExMachina","floor":7.0},{"not_picked":["JustLucky+1","Wireheading","ThirdEye"],"picked":"SKIP","floor":11.0},{"not_picked":["CutThroughFate+1","Fasting2","FlurryOfBlows+1"],"picked":"SKIP","floor":12.0},{"not_picked":["Halt","FollowUp+1"],"picked":"EmptyMind","floor":13.0},{"not_picked":["Nirvana","Conclude+1"],"picked":"TalkToTheHand+1","floor":14.0},{"not_picked":["Judgement","DeusExMachina"],"picked":"Scrawl","floor":16.0},{"not_picked":["BowlingBash+1","FlurryOfBlows+1"],"picked":"InnerPeace","floor":18.0},{"not_picked":["Protect","Wireheading"],"picked":"ReachHeaven+1","floor":22.0},{"not_picked":["FollowUp+1","ThirdEye","LessonLearned+1"],"picked":"SKIP","floor":24.0},{"not_picked":["EmptyBody+1","Halt","LikeWater"],"picked":"SKIP","floor":25.0},{"not_picked":["Wireheading","FlurryOfBlows+1","LikeWater"],"picked":"SKIP","floor":28.0},{"not_picked":["SignatureMove+1","Evaluate","CrushJoints+1"],"picked":"SKIP","floor":30.0},{"not_picked":["EmptyFist+1","ReachHeaven+1","Weave+1"],"picked":"SKIP","floor":31.0}],"player_experience":775104,"relics_obtained":[{"floor":7.0,"key":"Molten Egg 2"},{"floor":9.0,"key":"Bottled Lightning"},{"floor":26.0,"key":"Potion Belt"},{"floor":30.0,"key":"Anchor"}],"event_choices":[{"damage_healed":0.0,"max_hp_gain":0.0,"max_hp_loss":0.0,"gold_gain":0.0,"event_name":"Shining Light","player_choice":"Entered Light","floor":3.0,"gold_loss":0.0,"damage_taken":20.0,"cards_upgraded":["Defend_P","Eruption"]},{"damage_healed":0.0,"max_hp_gain":0.0,"max_hp_loss":0.0,"gold_gain":0.0,"event_name":"Living Wall","player_choice":"Grow","floor":8.0,"gold_loss":0.0,"damage_taken":0.0,"cards_upgraded":["DeusExMachina"]},{"damage_healed":0.0,"max_hp_gain":0.0,"max_hp_loss":0.0,"gold_gain":0.0,"event_name":"The Mausoleum","player_choice":"Ignored","floor":20.0,"gold_loss":0.0,"damage_taken":0.0},{"damage_healed":14.0,"max_hp_gain":0.0,"max_hp_loss":0.0,"gold_gain":0.0,"event_name":"The Library","player_choice":"Heal","floor":27.0,"gold_loss":0.0,"damage_taken":0.0}],"is_beta":false,"boss_relics":[{"not_picked":["Busted Crown","Calling Bell"],"picked":"VioletLotus"}],"items_purged_floors":[19],"is_endless":false,"potions_floor_spawned":[2,7,11,12,18,24,25,30],"killed_by":"Collector","ascension_level":20}}