{"host":"fpwltnrwtnxkdar9","time":1611060449,"event":{"mods":["BaseMod","BetterRewards","Colored Map","Colored Powertips","Minty Spire (QoL Compilation)","StSLib","The Bug Knight"],"gold_per_floor":[115,126,126,59,59,59,75,75,75,75,92,92,112,128,128,229,229,241,251,169,184,184,234,252,252,279,44,44,44,74,89,89,186,186,205,218,238,1237,320,320,320],"floor_reached":40,"language":"ENG","playtime":2976,"items_purged":["Normality"],"score":468,"play_id":"7417a567-93ee-45fa-888f-68e864fda320","local_time":"20210119044729","is_ascension_mode":false,"campfire_choices":[{"data":"HollowMod:MantisMark","floor":6.0,"key":"SMITH"},{"data":"HollowMod:FocusHealStart","floor":8.0,"key":"SMITH"},{"data":"HollowMod:HuntersJournal","floor":10.0,"key":"SMITH"},{"data":"HollowMod:VengefulSpirit","floor":15.0,"key":"SMITH"},{"data":"HollowMod:SiblingsSouls","floor":29.0,"key":"SMITH"},{"data":"HollowMod:SiblingsSouls","floor":32.0,"key":"SMITH"}],"circlet_count":0,"master_deck":["HollowMod:QuickDashStart","HollowMod:FocusHealStart+1","HollowMod:PogoStrike","HollowMod:SoulEater+1","HollowMod:HuntersJournal+1","HollowMod:MantisMark+1","HollowMod:SiblingsSouls+1","HollowMod:VengefulSpirit+1","HollowMod:DoubleDash","HollowMod:SlysStrikes+1","HollowMod:ZotesMagnificence+1","HollowMod:VoidDash+1","HollowMod:CrystalDash+1","HollowMod:SiblingsSouls+1","HollowMod:PerfectDash+1","HollowMod:Weaversong+1","HollowMod:HowlingWraiths","Bite","Bite","Bite","Bite","HollowMod:GreatSlash","Transmutation","HollowMod:SlysStrikes+1","HollowMod:theNailsmith","HollowMod:GoodIntentions+1","Normality","Apotheosis","HollowMod:MantisMark"],"relics":["HollowMod:VesselMask","NeowsBlessing","FaceOfCleric","Frozen Egg 2","Astrolabe","Regal Pillow","MealTicket","PreservedInsect","Kunai","Busted Crown","Shuriken","Medical Kit"],"acts_visited":["Exordium","TheCity","TheBeyond"],"potions_floor_usage":[33,33,33,33,33,40,40],"damage_taken":[{"damage":0.0,"enemies":"2 Louse","floor":1.0,"turns":1.0},{"damage":0.0,"enemies":"Cultist","floor":2.0,"turns":1.0},{"damage":0.0,"enemies":"Small Slimes","floor":7.0,"turns":1.0},{"damage":6.0,"enemies":"HollowMod:HuskWarrior","floor":11.0,"turns":5.0},{"damage":23.0,"enemies":"Large Slime","floor":13.0,"turns":8.0},{"damage":21.0,"enemies":"Lots of Slimes","floor":14.0,"turns":8.0},{"damage":52.0,"enemies":"The Guardian","floor":16.0,"turns":10.0},{"damage":5.0,"enemies":"Chosen","floor":18.0,"turns":4.0},{"damage":0.0,"enemies":"3 Byrds","floor":19.0,"turns":3.0},{"damage":3.0,"enemies":"Snecko","floor":21.0,"turns":4.0},{"damage":4.0,"enemies":"Gremlin Leader","floor":23.0,"turns":5.0},{"damage":11.0,"enemies":"Centurion and Healer","floor":24.0,"turns":5.0},{"damage":16.0,"enemies":"HollowMod:Nosk","floor":30.0,"turns":6.0},{"damage":29.0,"enemies":"Sentry and Sphere","floor":31.0,"turns":5.0},{"damage":47,"enemies":"Automaton","floor":33,"turns":8},{"damage":0,"enemies":"Orb Walker","floor":35,"turns":2},{"damage":22,"enemies":"3 Darklings","floor":36,"turns":4},{"damage":47,"enemies":"HollowMod:SlobberingHusk","floor":37,"turns":9},{"damage":73,"enemies":"Reptomancer","floor":40,"turns":3}],"seed_played":"-9210108114118545504","potions_obtained":[{"floor":7.0,"key":"ColorlessPotion"},{"floor":11.0,"key":"Block Potion"},{"floor":21.0,"key":"ColorlessPotion"},{"floor":30.0,"key":"LiquidBronze"},{"floor":31.0,"key":"EntropicBrew"}],"is_trial":false,"path_per_floor":["M","M","?","$","?","R","M","R","T","R","M","?","M","M","R","B",null,"M","M","$","M","?","E","M","?","T","$","?","R","E","M","R","B",null,"M","M","M","?","$","E"],"character_chosen":"THE_BUGKNIGHT","items_purchased":["HollowMod:MantisMark","HollowMod:Weaversong+1","PreservedInsect","HollowMod:GreatSlash","Shuriken","Apotheosis","Medical Kit","Energy Potion","DuplicationPotion","HollowMod:MantisMark","FearPotion"],"campfire_rested":0,"item_purchase_floors":[4,20,27,27,39,39,39,39,39,39,39],"current_hp_per_floor":[75,75,75,75,75,75,76,76,76,76,71,71,59,57,57,12,80,81,82,82,80,64,67,67,62,62,62,62,62,61,39,39,3,65,66,47,21,21,36,0,0],"gold":320,"neow_bonus":"THREE_ENEMY_KILL","is_daily":false,"chose_seed":false,"campfire_upgraded":6,"win_rate":0.0,"timestamp":1611060449,"path_taken":["M","M","?","?","?","R","?","R","T","R","M","?","M","?","R","BOSS","M","M","?","?","?","E","M","?","T","$","?","R","E","M","R","BOSS","M","?","M","?","$","E"],"items_purchased_type":["Card","Card","Relic","Card","Relic","Card","Relic","Potion","Potion","Card","Potion"],"build_version":"2020-12-22","purchased_purges":1,"victory":false,"max_hp_per_floor":[75,75,75,75,75,75,76,76,76,76,77,77,78,79,79,80,80,81,82,82,83,88,89,90,62,62,62,62,62,63,64,64,65,65,66,67,68,68,68,68,68],"card_choices":[{"not_picked":["HollowMod:SiblingsSouls","HollowMod:DescendingDark"],"picked":"HollowMod:SoulEater","floor":1.0},{"not_picked":["HollowMod:NewLittleFool","HollowMod:MothsMistake"],"picked":"HollowMod:HuntersJournal","floor":2.0},{"not_picked":["HollowMod:SiblingsSouls","HollowMod:WraithStrike","HollowMod:SoulStrike"],"picked":"SKIP","floor":7.0},{"not_picked":["HollowMod:BlackTendrils","HollowMod:TaintedHusks"],"picked":"HollowMod:SiblingsSouls","floor":11.0},{"not_picked":["HollowMod:RecoilStrike","HollowMod:MonarchWings"],"picked":"HollowMod:VengefulSpirit","floor":13.0},{"not_picked":["HollowMod:WraithStrike","HollowMod:ChannelNail"],"picked":"HollowMod:DoubleDash","floor":14.0},{"not_picked":["HollowMod:NewInfectedGuardian","HollowMod:Hiveblood"],"picked":"HollowMod:SlysStrikes+1","floor":16.0},{"not_picked":["HollowMod:DoubleDash","HollowMod:FastStrike"],"picked":"HollowMod:SiblingsSouls","floor":18.0},{"not_picked":["HollowMod:ShapeofUnn+1","HollowMod:AbyssShriek"],"picked":"HollowMod:PerfectDash+1","floor":19.0},{"not_picked":["HollowMod:DashSlash","HollowMod:CrystalDash","HollowMod:SiblingsShadow"],"picked":"SKIP","floor":21.0},{"not_picked":["HollowMod:SharpenedNail","HollowMod:ElderbugsWisdom+1","HollowMod:ShapeofUnn+1"],"picked":"SKIP","floor":23.0},{"not_picked":["HollowMod:SoulStrike+1","HollowMod:NewLittleFool"],"picked":"HollowMod:HowlingWraiths","floor":24.0},{"not_picked":["HollowMod:NewJinnsSoul","HollowMod:SoulVessel+1"],"picked":"HollowMod:SlysStrikes+1","floor":30.0},{"not_picked":["HollowMod:SoulStrike","HollowMod:DescendingDark","HollowMod:SharpenedShadows+1"],"picked":"SKIP","floor":31.0},{"not_picked":["HollowMod:LifebloodCore","HollowMod:HornetsHelp"],"picked":"HollowMod:theNailsmith","floor":33},{"not_picked":["HollowMod:TaintedHusks+1"],"picked":"SKIP","floor":35},{"not_picked":[],"picked":"HollowMod:GoodIntentions+1","floor":36},{"not_picked":["HollowMod:GrimmsGift"],"picked":"SKIP","floor":37}],"player_experience":444366,"relics_obtained":[{"floor":9.0,"key":"Frozen Egg 2"},{"floor":23.0,"key":"Regal Pillow"},{"floor":26.0,"key":"MealTicket"},{"floor":30.0,"key":"Kunai"}],"event_choices":[{"damage_healed":0.0,"max_hp_gain":0.0,"max_hp_loss":0.0,"gold_gain":0.0,"event_name":"Upgrade Shrine","player_choice":"Upgraded","floor":3.0,"gold_loss":0.0,"damage_taken":0.0,"cards_upgraded":["HollowMod:SoulEater"]},{"damage_healed":0.0,"max_hp_gain":0.0,"max_hp_loss":0.0,"gold_gain":0.0,"event_name":"FaceTrader","player_choice":"Trade","floor":5.0,"gold_loss":0.0,"damage_taken":0.0,"relics_obtained":["FaceOfCleric"]},{"damage_healed":0.0,"max_hp_gain":0.0,"max_hp_loss":0.0,"gold_gain":0.0,"event_name":"The Woman in Blue","player_choice":"Bought 0 Potions","floor":12.0,"gold_loss":0.0,"damage_taken":0.0},{"damage_healed":0.0,"max_hp_gain":5.0,"max_hp_loss":0.0,"gold_gain":0.0,"event_name":"Forgotten Altar","player_choice":"Shed Blood","floor":22.0,"gold_loss":0.0,"damage_taken":21.0},{"damage_healed":0.0,"max_hp_gain":0.0,"max_hp_loss":28.0,"gold_gain":0.0,"event_name":"Vampires","player_choice":"Became a vampire","floor":25.0,"gold_loss":0.0,"damage_taken":0.0,"cards_obtained":["Bite","Bite","Bite","Bite","Bite"]},{"damage_healed":0.0,"max_hp_gain":0.0,"max_hp_loss":0.0,"gold_gain":0.0,"cards_transformed":["Bite"],"event_name":"Transmorgrifier","player_choice":"Transformed","floor":28.0,"gold_loss":0.0,"damage_taken":0.0,"cards_obtained":["Transmutation"]},{"damage_healed":0,"gold_gain":999,"player_choice":"Gold","damage_taken":0,"max_hp_gain":0,"max_hp_loss":0,"event_name":"MindBloom","floor":38,"gold_loss":0,"cards_obtained":["Normality","Normality"]}],"is_beta":false,"boss_relics":[{"not_picked":["Cursed Key","SacredBark"],"picked":"Astrolabe"},{"not_picked":["Empty Cage","Snecko Eye"],"picked":"Busted Crown"}],"items_purged_floors":[39],"is_endless":false,"potions_floor_spawned":[7,11,21,30,31],"killed_by":"Reptomancer","ascension_level":0}}