{"host":"pyvqvk2ltcevcwmf","time":1611044482,"event":{"mods":["BaseMod","BetterRewards","Good Game Mod","Marisa£®ÏF”Í°°ƒß¿Ì…≥£©","Minty Spire (QoL Compilation)","Rare Cards Sparkle","Shop Mod","Spicy Shops","StSLib","The Alterego","The Servant 0.9.4","Youmu£®ªÍ∆«—˝√Œ£©"],"gold_per_floor":[113,126,126,126,9,38,38,57,57,83,83,83,109,123,123,219,219,236,0,99,99,113,113,113],"floor_reached":23,"language":"ZHS","playtime":1626,"items_purged":["Pain"],"score":244,"play_id":"d4f34a21-5360-4762-80dd-57fdea3ef167","local_time":"20210119162122","is_ascension_mode":true,"campfire_choices":[{"floor":7.0,"key":"RECALL"},{"data":"alterego_mod:BusterCard","floor":11.0,"key":"SMITH"},{"data":"alterego_mod:BusterCard","floor":15,"key":"SMITH"}],"circlet_count":0,"master_deck":["alterego_mod:Strike+1","alterego_mod:Defend+1","alterego_mod:Defend","alterego_mod:Impale+1","alterego_mod:BigMeatyClaws+1","alterego_mod:BrynhildrsRune+1","LessonLearned","alterego_mod:BusterCard+1","alterego_mod:SakuraFive+1","alterego_mod:BusterCard+1","alterego_mod:Punishment+1","alterego_mod:BustOut","alterego_mod:Valkyrie+1","alterego_mod:SakuraFive+1","alterego_mod:TrashNCrash","alterego_mod:Schoolgirl+1","alterego_mod:Cycle+1","alterego_mod:Antipathy+1","alterego_mod:Pet+1","alterego_mod:Swimsuit","alterego_mod:1TonWallop"],"relics":["alterego_mod:MasochisticConstitution","REME:ComplimentaryCards","NeowsBlessing","Eternal Feather","Du-Vu Doll","WarpedTongs","Letter Opener","Astrolabe","Strange Spoon"],"acts_visited":["Exordium","TheCity"],"potions_floor_usage":[],"damage_taken":[{"damage":0.0,"enemies":"Cultist","floor":1.0,"turns":1.0},{"damage":0.0,"enemies":"2 Louse","floor":2.0,"turns":3.0},{"damage":0.0,"enemies":"3 Sentries","floor":6.0,"turns":2.0},{"damage":5.0,"enemies":"Jaw Worm","floor":8.0,"turns":5.0},{"damage":12.0,"enemies":"Gremlin Nob","floor":10.0,"turns":4.0},{"damage":39.0,"enemies":"Lagavulin","floor":13.0,"turns":8.0},{"damage":7,"enemies":"Large Slime","floor":14,"turns":6},{"damage":16,"enemies":"Slime Boss","floor":16,"turns":7},{"damage":29,"enemies":"2 Thieves","floor":18,"turns":4},{"damage":37,"enemies":"Chosen","floor":22,"turns":5},{"damage":39,"enemies":"Book of Stabbing","floor":23,"turns":2}],"seed_played":"-1217148433918382529","potions_obtained":[{"floor":6.0,"key":"AttackPotion"},{"floor":8.0,"key":"Weak Potion"},{"floor":10.0,"key":"Block Potion"},{"floor":14,"key":"BlessingOfTheForge"},{"floor":22,"key":"SteroidPotion"}],"is_trial":false,"path_per_floor":["M","M","?","?","$","E","R","M","T","E","R","?","E","M","R","B",null,"M","$","?","?","M","E"],"character_chosen":"The_Alterego","items_purchased":["alterego_mod:BusterCard","alterego_mod:Punishment","alterego_mod:Swimsuit","Strange Spoon"],"campfire_rested":0,"item_purchase_floors":[5,5,19,19],"current_hp_per_floor":[70,70,56,49,49,49,58,61,61,57,66,66,28,42,54,72,75,47,47,47,47,18,0,0],"gold":113,"neow_bonus":"THREE_ENEMY_KILL","is_daily":false,"chose_seed":false,"campfire_upgraded":2,"win_rate":0.0,"timestamp":1611044482,"path_taken":["M","M","?","?","?","E","R","M","T","E","R","?","E","M","R","BOSS","M","$","?","?","M","E"],"items_purchased_type":["Card","Card","Card","Relic"],"build_version":"2020-12-22","purchased_purges":1,"victory":false,"max_hp_per_floor":[70,70,70,70,70,70,70,71,71,72,72,72,73,74,74,75,75,76,76,76,76,77,77,77],"card_choices":[{"not_picked":["alterego_mod:Rip","alterego_mod:Bounce"],"picked":"alterego_mod:BusterCard","floor":1.0},{"not_picked":["alterego_mod:Rip","alterego_mod:Schoolgirl"],"picked":"alterego_mod:SakuraFive","floor":2.0},{"not_picked":["alterego_mod:MagicResistance","alterego_mod:Bounce"],"picked":"alterego_mod:BustOut","floor":6.0},{"not_picked":["alterego_mod:Cushion","alterego_mod:MagicResistance"],"picked":"alterego_mod:Valkyrie","floor":8.0},{"not_picked":["alterego_mod:Pet","alterego_mod:PerceptionDisorder"],"picked":"alterego_mod:SakuraFive","floor":10.0},{"not_picked":["alterego_mod:Cooking","alterego_mod:HighServant","alterego_mod:BoobPocket"],"picked":"SKIP","floor":13.0},{"not_picked":["alterego_mod:Skirt","alterego_mod:MagicResistance"],"picked":"alterego_mod:TrashNCrash","floor":14},{"not_picked":["alterego_mod:HighServant+1","alterego_mod:Bunnysuit"],"picked":"alterego_mod:Pet+1","floor":18},{"not_picked":["alterego_mod:PerceptionDisorder+1","alterego_mod:SuperDuperMasochism"],"picked":"alterego_mod:1TonWallop","floor":22}],"player_experience":220480,"relics_obtained":[{"floor":6.0,"key":"Eternal Feather"},{"floor":10.0,"key":"Du-Vu Doll"},{"floor":13.0,"key":"Letter Opener"}],"event_choices":[{"damage_healed":0.0,"max_hp_gain":0.0,"max_hp_loss":0.0,"gold_gain":0.0,"event_name":"Shining Light","player_choice":"Entered Light","floor":3.0,"gold_loss":0.0,"damage_taken":14.0,"cards_upgraded":["alterego_mod:Strike","alterego_mod:SakuraFive"]},{"cards_removed":["alterego_mod:Strike"],"damage_healed":0.0,"max_hp_gain":0.0,"max_hp_loss":0.0,"gold_gain":0.0,"event_name":"Golden Wing","player_choice":"Card Removal","floor":4.0,"gold_loss":0.0,"damage_taken":7.0},{"damage_healed":0.0,"max_hp_gain":0.0,"max_hp_loss":0.0,"gold_gain":0.0,"event_name":"Accursed Blacksmith","player_choice":"Rummage","floor":12.0,"gold_loss":0.0,"damage_taken":0.0,"relics_obtained":["WarpedTongs"],"cards_obtained":["Pain"]},{"damage_healed":0,"gold_gain":99,"player_choice":"Stole From Cult","damage_taken":0,"max_hp_gain":0,"max_hp_loss":0,"event_name":"Nest","floor":20,"gold_loss":0},{"cards_removed":["alterego_mod:Strike"],"damage_healed":0,"gold_gain":0,"player_choice":"Elegance","damage_taken":0,"max_hp_gain":0,"max_hp_loss":0,"event_name":"Back to Basics","floor":21,"gold_loss":0}],"is_beta":false,"boss_relics":[{"not_picked":["SlaversCollar","Empty Cage"],"picked":"Astrolabe"}],"items_purged_floors":[19],"is_endless":false,"potions_floor_spawned":[6,8,10,14,22],"killed_by":"Book of Stabbing","ascension_level":1}}