{"host":"3zmssa4s99zhxek5","time":1611040116,"event":{"mods":["AchievementEnabler","BaseMod","Minty Spire (QoL Compilation)","Permanent Neow","Relic Stats"],"gold_per_floor":[110,120,120,133,149,149,149],"floor_reached":6,"language":"KOR","playtime":327,"items_purged":[],"score":76,"play_id":"7046d7d5-2c31-4114-9571-81919736d232","local_time":"20210119160836","is_ascension_mode":true,"campfire_choices":[],"circlet_count":0,"master_deck":["AscendersBane","Strike_R","Strike_R","Strike_R","Strike_R","Strike_R","Defend_R","Defend_R","Defend_R","Defend_R","Bash+1","Wild Strike","Power Through","Twin Strike","Offering"],"relics":["Burning Blood","Ginger"],"acts_visited":["Exordium"],"potions_floor_usage":[6],"damage_taken":[{"damage":4,"enemies":"Jaw Worm","floor":1,"turns":5},{"damage":0,"enemies":"Small Slimes","floor":2,"turns":2},{"damage":9,"enemies":"2 Louse","floor":4,"turns":2},{"damage":36,"enemies":"Exordium Thugs","floor":5,"turns":7},{"damage":46,"enemies":"3 Sentries","floor":6,"turns":10}],"seed_played":"4615937892869709862","potions_obtained":[{"floor":2,"key":"Fruit Juice"}],"is_trial":false,"path_per_floor":["M","M","?","M","M","E"],"character_chosen":"IRONCLAD","items_purchased":[],"campfire_rested":0,"item_purchase_floors":[],"current_hp_per_floor":[68,68,68,65,35,0,0],"gold":149,"neow_bonus":"ONE_RARE_RELIC","is_daily":false,"chose_seed":false,"campfire_upgraded":0,"win_rate":0.0,"timestamp":1611040116,"path_taken":["M","M","?","M","M","E"],"items_purchased_type":[],"build_version":"2020-12-22","purchased_purges":0,"victory":false,"max_hp_per_floor":[68,68,68,68,68,73,73],"relic_stats":{"counters":[5,26],"Ginger":[0],"obtain_stats":[{"Ginger":0,"Burning Blood":0},{"Ginger":0,"Burning Blood":0},{"Ginger":0,"Burning Blood":0}],"Burning Blood":16},"card_choices":[{"not_picked":["Pommel Strike","Shrug It Off"],"picked":"Wild Strike","floor":1},{"not_picked":["Wild Strike","Warcry"],"picked":"Power Through","floor":2},{"not_picked":["Rampage","Body Slam"],"picked":"Twin Strike","floor":4},{"not_picked":["Iron Wave","Headbutt"],"picked":"Offering","floor":5}],"player_experience":1521979,"relics_obtained":[],"event_choices":[{"damage_healed":0,"gold_gain":0,"player_choice":"Grow","damage_taken":0,"max_hp_gain":0,"max_hp_loss":0,"event_name":"Living Wall","floor":3,"gold_loss":0,"cards_upgraded":["Bash"]}],"is_beta":false,"boss_relics":[],"items_purged_floors":[],"is_endless":false,"potions_floor_spawned":[2],"killed_by":"3 Sentries","ascension_level":20}}