{"host":"1zjc08c6hob33401","time":1611075961,"event":{"mods":["AchievementEnabler","Act Like it!","Aspiration","BaseMod","Downfall","Energized Spire","Evolution","Friendly Minions","Gensokyo","GifTheSpireLib","Hubris","Infinite Spire","Jedi Mod","Minty Spire (QoL Compilation)","Pale of the Ancients","Quick Restart","Retaliation","Shop Mod","Spire Arcade","StS++","StSLib","Stuff the Spire","The Blue Laboratory","Wandering Minibosses","vexMod","??????REMEMod"],"gold_per_floor":[111,111,128,128,143,143,137,137,164,164,181,21,21,31,31,128,128,128,128],"floor_reached":18,"language":"RUS","playtime":1634,"items_purged":[],"score":293,"play_id":"9149596d-509d-4347-a150-ea0be3f745d8","local_time":"20210119190601","is_ascension_mode":true,"campfire_choices":[{"data":"Zap","floor":6,"key":"SMITH"},{"data":"Dualcast","floor":8,"key":"SMITH"},{"data":"Sweeping Beam","floor":10,"key":"SMITH"},{"data":"StuffTheSpire:Coldhearted","floor":15,"key":"SMITH"}],"circlet_count":0,"master_deck":["Cold Snap","Cold Snap","jedi:blockon","Defend_B","Defend_B","Defend_B","Zap+1","Dualcast+1","champ:StrikeOfGenius+1","Sweeping Beam+1","jedi:locknload","champ:StrikeOfGenius+1","StuffTheSpire:Coldhearted+1","REME_ForAll"],"relics":["Cracked Core","EVO:Axolotl","REME_ComplimentaryCards","Happy Flower","Orichalcum","DollysMirror","Gensokyo:Mercy","StSpp:PileOfSugar"],"acts_visited":["Gensokyo:Gensokyo","Gensokyo:Gensokyoer"],"potions_floor_usage":[16],"damage_taken":[{"damage":3.0,"enemies":"Gensokyo:2_Kodama","floor":1.0,"turns":3.0},{"damage":0.0,"enemies":"Gensokyo:3_Fairies","floor":3.0,"turns":3.0},{"damage":0,"enemies":"Gensokyo:Python","floor":5,"turns":2},{"damage":3,"enemies":"Gensokyo:2_Rabbits","floor":7,"turns":5},{"damage":0,"enemies":"Gensokyo:LivingMonolith","floor":11,"turns":3},{"damage":2,"enemies":"Gensokyo:Python_and_Kodama","floor":14,"turns":3},{"damage":0,"enemies":"Gensokyo:Yukari","floor":16,"turns":5},{"damage":178,"enemies":"Gensokyo:CosmicMonolith","floor":18,"turns":2}],"seed_played":"6740863274375032469","potions_obtained":[{"floor":3.0,"key":"Block Potion"},{"floor":7,"key":"GamblersBrew"},{"floor":11,"key":"EssenceOfDarkness"}],"is_trial":false,"path_per_floor":["M","?","M","?","M","R","M","R","T","R","M","COS","?","M","R","B",null,"M"],"character_chosen":"DEFECT","items_purchased":[],"campfire_rested":0,"item_purchase_floors":[],"current_hp_per_floor":[65,65,65,75,75,75,72,72,72,72,72,72,72,70,70,70,74,0,0],"gold":128,"neow_bonus":"UPGRADE_CARD","is_daily":false,"chose_seed":false,"campfire_upgraded":4,"win_rate":0.0,"timestamp":1611075961,"path_taken":["M","?","M","?","M","R","M","R","T","R","M","COS","?","M","R","BOSS","M"],"items_purchased_type":[],"build_version":"2020-12-22","purchased_purges":0,"victory":false,"max_hp_per_floor":[75,75,75,75,75,75,75,75,75,75,75,75,75,75,75,75,75,75,75],"card_choices":[{"not_picked":["Stack","Streamline","Rebound"],"picked":"SKIP","floor":1.0},{"not_picked":["Go for the Eyes","jedi:BurstLightning"],"picked":"Sweeping Beam","floor":3.0},{"not_picked":["Skim","Heatsinks","StuffTheSpire:LoadUp"],"picked":"SKIP","floor":5},{"not_picked":["Sweeping Beam","Undo","jedi:BurstLightning"],"picked":"SKIP","floor":7},{"not_picked":["Aggregate","Redo"],"picked":"jedi:locknload","floor":11},{"not_picked":["jedi:markofdeath","Streamline"],"picked":"StuffTheSpire:Coldhearted","floor":14},{"not_picked":["StuffTheSpire:EventHorizon","All For One"],"picked":"REME_ForAll","floor":16}],"player_experience":622753,"relics_obtained":[{"floor":9,"key":"Orichalcum"}],"event_choices":[],"is_beta":false,"boss_relics":[{"not_picked":["Fusion Hammer","vexMod:MegatonBomb"],"picked":"StSpp:PileOfSugar"}],"items_purged_floors":[],"is_endless":false,"potions_floor_spawned":[3,7,11],"killed_by":"Gensokyo:CosmicMonolith","ascension_level":9}}