{"host":"yn1175etg9ni8l0q","time":1611044169,"event":{"mods":["AchievementEnabler","BaseMod","Colored Map","Colored Powertips","DeckTracker","Minty Spire (QoL Compilation)","Rare Cards Sparkle","Relic Stats","SuperFastMode","everything is the same but u backflip on backflip"],"gold_per_floor":[150,208,53,86,121,175,175,218,218,218,256,304,14,14,14,159,159,202,252,276,276,276,276,341,341,365,112,172,217,217,254,254,379,429,468,505,521,98,115,115,445,445,445,445,445,77,104,139,139,139,139],"floor_reached":50,"language":"KOR","playtime":2338,"items_purged":["Decay","Strike_G","Strike_G"],"score":626,"play_id":"069efba6-e203-4723-90af-b451c3bceabd","local_time":"20210119171609","is_ascension_mode":false,"campfire_choices":[{"data":"HandOfGreed","floor":7,"key":"SMITH"},{"floor":15,"key":"REST"},{"data":"Acrobatics","floor":23,"key":"SMITH"},{"data":"Adrenaline","floor":25,"key":"SMITH"},{"data":"After Image","floor":32,"key":"SMITH"},{"data":"Tactician","floor":40,"key":"SMITH"},{"data":"Footwork","floor":42,"key":"SMITH"},{"data":"Corpse Explosion","floor":45,"key":"SMITH"},{"data":"Neutralize","floor":49,"key":"SMITH"}],"circlet_count":0,"master_deck":["Strike_G","Strike_G","Strike_G+1","Defend_G","Defend_G","Defend_G+1","Defend_G","Defend_G","Survivor","Neutralize+1","HandOfGreed+1","Backflip+1","Acrobatics+1","Tactician+1","Tactician+1","After Image+1","Escape Plan","Corpse Explosion+1","Adrenaline+1","Footwork+1","Prepared+1","Acrobatics+1","Burst+1","Doppelganger+1","Purity+1","Deadly Poison+1"],"relics":["Ring of the Serpent","Gremlin Horn","Pocketwatch","Bloody Idol","ClockworkSouvenir","Toxic Egg 2","Dead Branch","PreservedInsect","War Paint","Calipers","Tiny House","Mummified Hand","Old Coin","Turnip","Bronze Scales","Bag of Marbles"],"acts_visited":["Exordium","TheCity","TheBeyond"],"potions_floor_usage":[6,16,16,16,20,37,39,50],"damage_taken":[{"damage":1,"enemies":"Small Slimes","floor":1,"turns":4},{"damage":2,"enemies":"2 Louse","floor":2,"turns":3},{"damage":0,"enemies":"Cultist","floor":4,"turns":3},{"damage":3,"enemies":"Red Slaver","floor":5,"turns":7},{"damage":31,"enemies":"Gremlin Nob","floor":6,"turns":5},{"damage":2,"enemies":"Blue Slaver","floor":8,"turns":3},{"damage":10,"enemies":"Looter","floor":11,"turns":3},{"damage":0,"enemies":"Large Slime","floor":12,"turns":5},{"damage":23,"enemies":"Slime Boss","floor":16,"turns":10},{"damage":5,"enemies":"Shell Parasite","floor":18,"turns":5},{"damage":3,"enemies":"Chosen","floor":19,"turns":6},{"damage":0,"enemies":"Snecko","floor":20,"turns":7},{"damage":0,"enemies":"Centurion and Healer","floor":24,"turns":10},{"damage":5,"enemies":"Gremlin Leader","floor":28,"turns":5},{"damage":1,"enemies":"Shelled Parasite and Fungi","floor":29,"turns":5},{"damage":0,"enemies":"Snake Plant","floor":31,"turns":8},{"damage":9,"enemies":"Collector","floor":33,"turns":9},{"damage":0,"enemies":"3 Shapes","floor":35,"turns":2},{"damage":0,"enemies":"Orb Walker","floor":36,"turns":4},{"damage":4,"enemies":"Writhing Mass","floor":37,"turns":6},{"damage":4,"enemies":"Transient","floor":39,"turns":5},{"damage":7,"enemies":"Nemesis","floor":41,"turns":13},{"damage":0,"enemies":"Giant Head","floor":47,"turns":4},{"damage":0,"enemies":"4 Shapes","floor":48,"turns":3},{"damage":37,"enemies":"Time Eater","floor":50,"turns":10}],"seed_played":"-6796901529172026520","potions_obtained":[{"floor":2,"key":"Swift Potion"},{"floor":5,"key":"FearPotion"},{"floor":8,"key":"LiquidMemories"},{"floor":11,"key":"Energy Potion"},{"floor":18,"key":"SkillPotion"},{"floor":19,"key":"PowerPotion"},{"floor":24,"key":"Energy Potion"},{"floor":31,"key":"FearPotion"},{"floor":33,"key":"FearPotion"},{"floor":34,"key":"LiquidMemories"},{"floor":41,"key":"Fire Potion"},{"floor":47,"key":"SkillPotion"}],"is_trial":false,"path_per_floor":["M","M","$","M","M","E","R","M","T","?","M","M","$","?","R","B",null,"M","M","M","T","?","R","M","R","T","$","E","M","?","M","R","B",null,"M","M","M","$","M","R","E","R","T","?","R","$","E","M","R","B"],"character_chosen":"THE_SILENT","items_purchased":["Acrobatics","Tactician","Corpse Explosion","ClockworkSouvenir","War Paint","Apotheosis+1","Mummified Hand","Bronze Scales","Purity+1"],"campfire_rested":1,"item_purchase_floors":[3,3,13,13,27,38,38,46,46],"current_hp_per_floor":[69,67,67,67,64,33,33,31,31,14,4,4,4,4,25,2,70,65,62,62,62,62,62,62,62,62,62,57,56,56,66,66,67,75,75,75,75,75,75,75,75,75,75,75,75,75,75,75,75,38,38],"gold":139,"neow_bonus":"RANDOM_COLORLESS_2","is_daily":false,"chose_seed":false,"campfire_upgraded":8,"win_rate":0.0,"timestamp":1611044169,"path_taken":["M","M","$","M","M","E","R","M","T","?","M","M","$","?","R","BOSS","M","?","M","?","?","R","M","R","T","$","E","M","?","M","R","BOSS","M","M","M","$","M","R","E","R","T","?","R","$","E","M","R","BOSS"],"items_purchased_type":["Card","Card","Card","Relic","Relic","Card","Relic","Relic","Card"],"build_version":"2020-12-22","purchased_purges":3,"victory":false,"max_hp_per_floor":[70,70,70,70,70,70,70,70,70,70,70,70,70,70,70,70,70,70,70,70,70,70,70,70,70,70,70,70,70,70,70,70,70,75,75,75,75,75,75,75,75,75,75,75,75,75,75,75,75,75,75],"relic_stats":{"Gremlin Horn":[12,12],"counters":[25,145],"Mummified Hand":[14],"Bloody Idol":38,"Dead Branch":[48],"Bronze Scales":[58],"PreservedInsect":229,"Turnip":[0],"War Paint":["Backflip","Defend_G"],"obtain_stats":[{"Calipers":28,"Tiny House":34,"Gremlin Horn":6,"Golden Idol":10,"Dead Branch":22,"PreservedInsect":26,"War Paint":27,"ClockworkSouvenir":13,"Old Coin":41,"Mummified Hand":38,"Bloody Idol":30,"Bronze Scales":46,"Turnip":43,"Bag of Marbles":47,"Toxic Egg 2":21,"Ring of the Serpent":17,"Ring of the Snake":0,"Pocketwatch":9},{"Calipers":14,"Tiny House":17,"Gremlin Horn":5,"Golden Idol":6,"Dead Branch":12,"PreservedInsect":13,"War Paint":13,"ClockworkSouvenir":8,"Old Coin":22,"Mummified Hand":20,"Bloody Idol":15,"Bronze Scales":22,"Turnip":22,"Bag of Marbles":23,"Toxic Egg 2":12,"Ring of the Serpent":9,"Ring of the Snake":0,"Pocketwatch":6},{"Calipers":76,"Tiny House":98,"Gremlin Horn":22,"Golden Idol":25,"Dead Branch":61,"PreservedInsect":71,"War Paint":71,"ClockworkSouvenir":33,"Old Coin":128,"Mummified Hand":110,"Bloody Idol":81,"Bronze Scales":128,"Turnip":128,"Bag of Marbles":132,"Toxic Egg 2":61,"Ring of the Serpent":43,"Ring of the Snake":0,"Pocketwatch":25}],"Pocketwatch":[57]},"card_choices":[{"not_picked":["Violence","Thinking Ahead"],"picked":"HandOfGreed","floor":0},{"not_picked":["Prepared","Bane","Flechettes"],"picked":"SKIP","floor":1},{"not_picked":["Cloak And Dagger","Quick Slash"],"picked":"Backflip","floor":2},{"not_picked":["Well Laid Plans","Deflect","Prepared"],"picked":"SKIP","floor":4},{"not_picked":["Cloak And Dagger","Escape Plan"],"picked":"Tactician","floor":5},{"not_picked":["PiercingWail","Setup"],"picked":"After Image","floor":6},{"not_picked":["Blade Dance","Skewer","Sucker Punch"],"picked":"SKIP","floor":8},{"not_picked":["Accuracy","Dagger Throw"],"picked":"Escape Plan","floor":11},{"not_picked":["Leg Sweep","Underhanded Strike","Poisoned Stab"],"picked":"SKIP","floor":12},{"not_picked":["Storm of Steel","Phantasmal Killer"],"picked":"Adrenaline","floor":16},{"not_picked":["Choke","Backflip","Endless Agony"],"picked":"SKIP","floor":18},{"not_picked":["PiercingWail","Prepared"],"picked":"Footwork","floor":19},{"not_picked":["Dagger Throw+1","Underhanded Strike","Caltrops"],"picked":"SKIP","floor":20},{"not_picked":["Dagger Throw","Cloak And Dagger+1"],"picked":"Prepared+1","floor":24},{"not_picked":["Quick Slash","Slice+1"],"picked":"Acrobatics+1","floor":28},{"not_picked":["All Out Attack","Slice","Dagger Throw+1"],"picked":"SKIP","floor":29},{"not_picked":["Dash","Flying Knee","Bane"],"picked":"SKIP","floor":31},{"not_picked":["Malaise+1","A Thousand Cuts"],"picked":"Burst+1","floor":33},{"not_picked":["Deadly Poison+1","Underhanded Strike","Deflect+1"],"picked":"SKIP","floor":35},{"not_picked":["Deflect+1","Distraction+1","Poisoned Stab"],"picked":"SKIP","floor":36},{"not_picked":["Endless Agony+1","Finisher+1","Sucker Punch"],"picked":"SKIP","floor":37},{"not_picked":["Outmaneuver+1","Dagger Spray+1","Underhanded Strike"],"picked":"SKIP","floor":39},{"not_picked":["Poisoned Stab+1","Noxious Fumes"],"picked":"Doppelganger+1","floor":41},{"not_picked":["Dagger Throw+1","Accuracy+1","Outmaneuver+1"],"picked":"SKIP","floor":47},{"not_picked":["Reflex+1","Backstab"],"picked":"Deadly Poison+1","floor":48}],"player_experience":342023,"relics_obtained":[{"floor":6,"key":"Gremlin Horn"},{"floor":9,"key":"Pocketwatch"},{"floor":21,"key":"Toxic Egg 2"},{"floor":26,"key":"PreservedInsect"},{"floor":28,"key":"Calipers"},{"floor":41,"key":"Old Coin"},{"floor":43,"key":"Turnip"},{"floor":47,"key":"Bag of Marbles"}],"event_choices":[{"damage_healed":0,"gold_gain":0,"player_choice":"Take Damage","damage_taken":17,"relics_obtained":["Golden Idol"],"max_hp_gain":0,"max_hp_loss":0,"event_name":"Golden Idol","floor":10,"gold_loss":0},{"damage_healed":0,"gold_gain":0,"player_choice":"Forge","damage_taken":0,"max_hp_gain":0,"max_hp_loss":0,"event_name":"Accursed Blacksmith","floor":14,"gold_loss":0,"cards_upgraded":["Tactician"]},{"damage_healed":0,"gold_gain":0,"player_choice":"Opened","damage_taken":0,"relics_obtained":["Dead Branch"],"max_hp_gain":0,"max_hp_loss":0,"event_name":"The Mausoleum","floor":22,"gold_loss":0},{"damage_healed":0,"gold_gain":0,"player_choice":"Gave Idol","damage_taken":0,"relics_obtained":["Bloody Idol"],"max_hp_gain":0,"max_hp_loss":0,"event_name":"Forgotten Altar","floor":30,"relics_lost":["Golden Idol"],"gold_loss":0},{"cards_removed":["Apotheosis"],"damage_healed":0,"gold_gain":0,"player_choice":"Removed Skill","damage_taken":0,"max_hp_gain":0,"max_hp_loss":0,"event_name":"Falling","floor":44,"gold_loss":0}],"is_beta":false,"boss_relics":[{"not_picked":["SacredBark","Calling Bell"],"picked":"Ring of the Serpent"},{"not_picked":["Fusion Hammer","Runic Dome"],"picked":"Tiny House"}],"items_purged_floors":[3,27,46],"is_endless":false,"potions_floor_spawned":[2,5,8,11,18,19,24,31,33,36,41,47,48],"killed_by":"Time Eater","ascension_level":0}}