{"host":"w7o06k3e8uel8euj","time":1611065146,"event":{"mods":["AchievementEnabler","BaseMod","Colored Powertips","Custom Start","DeckTracker","Keyboard Shortcuts","Minty Spire (QoL Compilation)","Quick Restart","Relic Stats","StSLib","SuperFastMode","everything is the same but u backflip on backflip"],"gold_per_floor":[112,122,122,47,147,147,185,206,230,244,244,89,113,148,148,246,246,267,286,286,286,109,145,20,20,20,20,36,60,80,103,103,193,193,208,58,81,81,81,81,116,116,116,139,172,172,193,526,526,526,526,526,39,72,72],"floor_reached":56,"language":"KOR","playtime":1970,"items_purged":["Strike_G","Strike_G","Strike_G","Strike_G","Defend_G","Defend_G","Defend_G"],"score":2297,"play_id":"11ee2dd9-4d27-4dae-9bea-4670a6370c28","local_time":"20210119230546","is_ascension_mode":true,"campfire_choices":[{"data":"Predator","floor":6.0,"key":"SMITH"},{"data":"Blade Dance","floor":11.0,"key":"SMITH"},{"data":"Prepared","floor":15.0,"key":"SMITH"},{"data":"Acrobatics","floor":25,"key":"SMITH"},{"data":"Calculated Gamble","floor":32,"key":"SMITH"},{"data":"Grand Finale","floor":40,"key":"SMITH"},{"data":"Escape Plan","floor":42,"key":"SMITH"},{"data":"Escape Plan","floor":49,"key":"SMITH"},{"data":"Blur","floor":52,"key":"SMITH"}],"circlet_count":0,"master_deck":["AscendersBane","Defend_G","Defend_G","Survivor","Neutralize","Predator+1","Blade Dance+1","Acrobatics+1","Grand Finale+1","Prepared+1","Escape Plan+1","Calculated Gamble+1","Blur+1","Escape Plan+1","Reflex+1"],"relics":["Ring of the Snake","NeowsBlessing","Orichalcum","Meat on the Bone","Runic Pyramid","Matryoshka","Blood Vial","Incense Burner","Tough Bandages","Sozu","Ninja Scroll","MealTicket","White Beast Statue","Mummified Hand","Sundial","Shuriken"],"acts_visited":["Exordium","TheCity","TheBeyond","TheEnding"],"potions_floor_usage":[16,55],"damage_taken":[{"damage":0.0,"enemies":"Cultist","floor":1.0,"turns":1.0},{"damage":0.0,"enemies":"2 Louse","floor":2.0,"turns":1.0},{"damage":0.0,"enemies":"Gremlin Nob","floor":7.0,"turns":1.0},{"damage":1.0,"enemies":"Small Slimes","floor":8.0,"turns":3.0},{"damage":8.0,"enemies":"Red Slaver","floor":10.0,"turns":3.0},{"damage":9.0,"enemies":"Blue Slaver","floor":13.0,"turns":3.0},{"damage":10.0,"enemies":"Lagavulin","floor":14.0,"turns":4.0},{"damage":13,"enemies":"Slime Boss","floor":16,"turns":4},{"damage":11,"enemies":"2 Thieves","floor":18,"turns":2},{"damage":4,"enemies":"3 Byrds","floor":19,"turns":3},{"damage":29,"enemies":"Slavers","floor":23,"turns":5},{"damage":0,"enemies":"Snecko","floor":28,"turns":4},{"damage":0,"enemies":"Snake Plant","floor":29,"turns":4},{"damage":10,"enemies":"Shelled Parasite and Fungi","floor":30,"turns":6},{"damage":3,"enemies":"Centurion and Healer","floor":31,"turns":2},{"damage":0,"enemies":"Automaton","floor":33,"turns":16},{"damage":0,"enemies":"Orb Walker","floor":35,"turns":4},{"damage":3,"enemies":"3 Darklings","floor":37,"turns":6},{"damage":0,"enemies":"Giant Head","floor":41,"turns":8},{"damage":0,"enemies":"Jaw Worm Horde","floor":44,"turns":3},{"damage":0,"enemies":"Reptomancer","floor":45,"turns":7},{"damage":0,"enemies":"Maw","floor":47,"turns":4},{"damage":0,"enemies":"Time Eater","floor":50,"turns":8},{"damage":0,"enemies":"Shield and Spear","floor":54,"turns":1},{"damage":30,"enemies":"The Heart","floor":55,"turns":7}],"seed_played":"-1217095731041743175","potions_obtained":[{"floor":1.0,"key":"Energy Potion"},{"floor":14.0,"key":"ColorlessPotion"},{"floor":19,"key":"Swift Potion"},{"floor":28,"key":"ColorlessPotion"}],"is_trial":false,"path_per_floor":["M","M","?","$","?","R","E","M","T","M","R","$","M","E","R","B",null,"M","M","?","?","$","E","$","R","T","$","M","M","M","M","R","B",null,"M","$","M","?","$","R","E","R","T","M","E","$","M","?","R","B",null,"R","$","E","B",null],"character_chosen":"THE_SILENT","items_purchased":["Grand Finale","Blur","Tough Bandages","Sundial"],"campfire_rested":0,"item_purchase_floors":[12,22,27,53],"current_hp_per_floor":[59,59,43,43,43,43,43,42,42,34,34,34,25,15,15,14,53,42,38,38,38,38,21,21,21,21,21,35,37,41,40,40,42,60,62,62,61,61,61,61,63,63,63,63,63,63,63,63,63,63,63,63,63,63,33],"gold":72,"neow_bonus":"THREE_ENEMY_KILL","is_daily":false,"chose_seed":false,"campfire_upgraded":9,"win_rate":0.0,"timestamp":1611065146,"path_taken":["M","?","?","$","?","R","E","?","T","M","R","$","M","E","R","BOSS","M","M","?","?","$","E","$","R","T","$","M","M","M","?","R","BOSS","M","$","M","?","$","R","E","R","T","M","E","$","M","?","R","BOSS","R","$","E","BOSS"],"items_purchased_type":["Card","Card","Relic","Relic"],"build_version":"2020-12-22","purchased_purges":7,"victory":true,"max_hp_per_floor":[66,66,66,66,66,66,66,66,66,66,66,66,66,66,66,66,66,66,66,66,66,66,66,66,66,66,66,66,66,66,66,66,66,66,66,66,66,63,63,63,63,63,63,63,63,63,63,63,63,63,63,63,63,63,63],"relic_stats":{"Blood Vial":16,"Sozu":6,"Tough Bandages":[2214],"counters":[25,110],"Mummified Hand":[2],"Sundial":[18],"Shuriken":[4],"MealTicket":0,"Orichalcum":[30],"obtain_stats":[{"NeowsBlessing":0,"Golden Idol":3,"Incense Burner":26,"Orichalcum":7,"White Beast Statue":43,"Blood Vial":26,"Sozu":34,"Tough Bandages":27,"Matryoshka":23,"Ninja Scroll":41,"Mummified Hand":45,"Sundial":53,"Shuriken":54,"MealTicket":43,"Ring of the Snake":0,"Meat on the Bone":14,"Runic Pyramid":17},{"NeowsBlessing":0,"Golden Idol":2,"Incense Burner":11,"Orichalcum":3,"White Beast Statue":19,"Blood Vial":11,"Sozu":16,"Tough Bandages":11,"Matryoshka":11,"Ninja Scroll":19,"Mummified Hand":21,"Sundial":23,"Shuriken":24,"MealTicket":19,"Ring of the Snake":0,"Meat on the Bone":7,"Runic Pyramid":8},{"NeowsBlessing":0,"Golden Idol":2,"Incense Burner":30,"Orichalcum":3,"White Beast Statue":80,"Blood Vial":30,"Sozu":62,"Tough Bandages":30,"Matryoshka":30,"Ninja Scroll":80,"Mummified Hand":90,"Sundial":102,"Shuriken":103,"MealTicket":80,"Ring of the Snake":0,"Meat on the Bone":16,"Runic Pyramid":20}],"Ring of the Snake":[50],"Meat on the Bone":48},"card_choices":[{"not_picked":["Dash","Footwork"],"picked":"Predator","floor":1.0},{"not_picked":["Underhanded Strike","Prepared"],"picked":"Blade Dance","floor":2.0},{"not_picked":["Sucker Punch","PiercingWail","Leg Sweep"],"picked":"SKIP","floor":7.0},{"not_picked":["PiercingWail","Noxious Fumes"],"picked":"Acrobatics","floor":8.0},{"not_picked":["Expertise","Sucker Punch","Poisoned Stab"],"picked":"SKIP","floor":10.0},{"not_picked":["Deadly Poison","Blade Dance","Poisoned Stab"],"picked":"SKIP","floor":13.0},{"not_picked":["Blur","Sucker Punch"],"picked":"Prepared","floor":14.0},{"not_picked":["Crippling Poison","Acrobatics"],"picked":"Escape Plan","floor":18},{"not_picked":["Dodge and Roll","Expertise","PiercingWail"],"picked":"SKIP","floor":19},{"not_picked":["Quick Slash","Blade Dance","Predator"],"picked":"SKIP","floor":23},{"not_picked":["PiercingWail","Catalyst","Deadly Poison"],"picked":"SKIP","floor":28},{"not_picked":["Dodge and Roll","PiercingWail","Outmaneuver"],"picked":"SKIP","floor":29},{"not_picked":["Accuracy+1","Envenom"],"picked":"Escape Plan","floor":30},{"not_picked":["Skewer","Masterful Stab","Underhanded Strike"],"picked":"SKIP","floor":31},{"not_picked":["Well Laid Plans+1","Flechettes+1","Slice"],"picked":"SKIP","floor":35},{"not_picked":["Outmaneuver","Sucker Punch+1","Deflect"],"picked":"SKIP","floor":37},{"not_picked":["Prepared","Cloak And Dagger+1","Endless Agony+1"],"picked":"SKIP","floor":41},{"not_picked":["Dagger Spray","Acrobatics+1","Sucker Punch"],"picked":"SKIP","floor":44},{"not_picked":["Blur","Quick Slash+1"],"picked":"Reflex+1","floor":45},{"not_picked":["Backflip","Bane","Acrobatics"],"picked":"SKIP","floor":47},{"not_picked":["Predator+1","Heel Hook","Poisoned Stab+1"],"picked":"SKIP","floor":54}],"player_experience":586915,"relics_obtained":[{"floor":7.0,"key":"Orichalcum"},{"floor":14.0,"key":"Meat on the Bone"},{"floor":23,"key":"Matryoshka"},{"floor":26,"key":"Blood Vial"},{"floor":26,"key":"Incense Burner"},{"floor":41,"key":"Ninja Scroll"},{"floor":43,"key":"MealTicket"},{"floor":43,"key":"White Beast Statue"},{"floor":45,"key":"Mummified Hand"},{"floor":54,"key":"Shuriken"}],"event_choices":[{"damage_healed":0.0,"max_hp_gain":0.0,"max_hp_loss":0.0,"gold_gain":0.0,"event_name":"Golden Idol","player_choice":"Take Damage","floor":3.0,"gold_loss":0.0,"damage_taken":16.0,"relics_obtained":["Golden Idol"]},{"damage_healed":0.0,"max_hp_gain":0.0,"max_hp_loss":0.0,"gold_gain":100.0,"event_name":"Golden Shrine","player_choice":"Pray","floor":5.0,"gold_loss":0.0,"damage_taken":0.0},{"damage_healed":0,"gold_gain":0,"player_choice":"Read","damage_taken":0,"max_hp_gain":0,"max_hp_loss":0,"event_name":"The Library","floor":20,"gold_loss":0,"cards_obtained":["Calculated Gamble"]},{"cards_removed":["Strike_G"],"damage_healed":0,"gold_gain":0,"player_choice":"Elegance","damage_taken":0,"max_hp_gain":0,"max_hp_loss":0,"event_name":"Back to Basics","floor":21,"gold_loss":0},{"damage_healed":0,"gold_gain":0,"player_choice":"Max HP","damage_taken":0,"max_hp_gain":0,"max_hp_loss":3,"event_name":"Winding Halls","floor":38,"gold_loss":0},{"damage_healed":0,"gold_gain":333,"player_choice":"Gave Idol","damage_taken":0,"max_hp_gain":0,"max_hp_loss":0,"event_name":"The Moai Head","floor":48,"relics_lost":["Golden Idol"],"gold_loss":0}],"is_beta":false,"boss_relics":[{"not_picked":["Cursed Key","WristBlade"],"picked":"Runic Pyramid"},{"not_picked":["Ring of the Serpent","Snecko Eye"],"picked":"Sozu"}],"items_purged_floors":[4,22,24,36,39,46,53],"is_endless":false,"potions_floor_spawned":[1,14,19,28,30,37,41,44,45,47,54],"ascension_level":14}}