{"host":"4rvakrj1idbgia3f","time":1611041419,"event":{"mods":["BaseMod","Colored Map","Colored Powertips","DeckTracker","Highlight Path","Minty Spire (QoL Compilation)","Random Character Button","StSLib","The Marked"],"gold_per_floor":[118,118,43,43,60,92,92,122,147,147,172,172,183,195,195,291,291,310,330,330,330],"floor_reached":20,"language":"JPN","playtime":1133,"items_purged":["theMarked:Defend"],"score":239,"play_id":"63880751-2847-4ec3-aa0d-935f0b2148f6","local_time":"20210119163019","is_ascension_mode":true,"campfire_choices":[{"data":"theMarked:MaelstromOfLightning","floor":7.0,"key":"SMITH"},{"data":"theMarked:UnarmedFury","floor":10.0,"key":"SMITH"},{"data":"1","floor":12.0,"key":"LIFT"},{"data":"2","floor":15.0,"key":"LIFT"}],"circlet_count":0,"master_deck":["theMarked:Strike+1","theMarked:Strike","theMarked:Strike","theMarked:Strike","theMarked:Strike","theMarked:Defend","theMarked:Defend","theMarked:Defend+1","theMarked:SoldierOfQuellstein+1","theMarked:ChainLightning","theMarked:AttractMetal","theMarked:MaelstromOfLightning+1","theMarked:UnarmedFury+1","theMarked:TakeOffHeels","theMarked:ResourceFulStrike","theMarked:ReduceFriction","theMarked:MagicAdept","theMarked:RepellingDischarge","theMarked:Aftermath"],"relics":["theMarked:ArtifactOfAir","NeowsBlessing","Toy Ornithopter","Bag of Marbles","Vajra","Girya","Coffee Dripper"],"acts_visited":["Exordium","TheCity"],"potions_floor_usage":[],"damage_taken":[{"damage":0.0,"enemies":"Small Slimes","floor":1.0,"turns":1.0},{"damage":0.0,"enemies":"Jaw Worm","floor":5.0,"turns":1.0},{"damage":0.0,"enemies":"Lagavulin","floor":6.0,"turns":1.0},{"damage":17.0,"enemies":"3 Sentries","floor":8.0,"turns":6.0},{"damage":14.0,"enemies":"Lagavulin","floor":11.0,"turns":4.0},{"damage":0.0,"enemies":"Cultist","floor":13.0,"turns":1.0},{"damage":5.0,"enemies":"Lots of Slimes","floor":14.0,"turns":3.0},{"damage":11.0,"enemies":"Slime Boss","floor":16.0,"turns":6.0},{"damage":0.0,"enemies":"Spheric Guardian","floor":18.0,"turns":2.0},{"damage":0,"enemies":"Chosen","floor":19,"turns":3},{"damage":20,"enemies":"Shelled Parasite and Fungi","floor":20,"turns":3}],"seed_played":"-145735408767789161","potions_obtained":[{"floor":6.0,"key":"Ancient Potion"},{"floor":8.0,"key":"Block Potion"},{"floor":13.0,"key":"Strength Potion"},{"floor":14.0,"key":"EntropicBrew"},{"floor":18.0,"key":"Explosive Potion"}],"is_trial":false,"path_per_floor":["M","?","$","?","M","E","R","E","T","R","E","R","M","M","R","B",null,"M","M","M"],"character_chosen":"THE_DEFAULT","items_purchased":[],"campfire_rested":0,"item_purchase_floors":[],"current_hp_per_floor":[70,56,56,56,56,56,56,39,39,39,30,30,30,25,25,14,70,70,70,50,50],"gold":330,"neow_bonus":"THREE_ENEMY_KILL","is_daily":false,"chose_seed":false,"campfire_upgraded":2,"win_rate":0.0,"timestamp":1611041419,"path_taken":["M","?","$","?","?","E","R","E","T","R","E","R","M","M","R","BOSS","M","?","?"],"items_purchased_type":[],"build_version":"2020-12-22","purchased_purges":1,"victory":false,"max_hp_per_floor":[70,70,70,70,70,70,70,70,70,70,70,70,70,70,70,70,70,70,70,70,70],"card_choices":[{"not_picked":["theMarked:Static","theMarked:HeightenedSenses"],"picked":"theMarked:ChainLightning","floor":1.0},{"not_picked":["theMarked:Static","theMarked:EmpowerWeapon"],"picked":"theMarked:AttractMetal","floor":5.0},{"not_picked":["theMarked:ResourceFulStrike","theMarked:Frustration"],"picked":"theMarked:MaelstromOfLightning","floor":6.0},{"not_picked":["theMarked:HeritageOfTheMarked","theMarked:ChainLightning"],"picked":"theMarked:UnarmedFury","floor":8.0},{"not_picked":["theMarked:ResourceFulStrike","theMarked:ContemptForTheProud"],"picked":"theMarked:TakeOffHeels","floor":11.0},{"not_picked":["theMarked:EmpowerWeapon","theMarked:Aftermath"],"picked":"theMarked:ResourceFulStrike","floor":13.0},{"not_picked":["theMarked:CreepingChasm","theMarked:ResourceFulStrike"],"picked":"theMarked:ReduceFriction","floor":14.0},{"not_picked":["theMarked:ChannelForce","theMarked:MuscleMemory"],"picked":"theMarked:MagicAdept","floor":16.0},{"not_picked":["theMarked:PowerFlow","theMarked:WastefulAttack"],"picked":"theMarked:RepellingDischarge","floor":18.0},{"not_picked":["theMarked:BanishingStrike","theMarked:ChainLightning+1"],"picked":"theMarked:Aftermath","floor":19}],"player_experience":2059228,"relics_obtained":[{"floor":6.0,"key":"Toy Ornithopter"},{"floor":8.0,"key":"Bag of Marbles"},{"floor":9.0,"key":"Vajra"},{"floor":11.0,"key":"Girya"}],"event_choices":[{"damage_healed":0.0,"max_hp_gain":0.0,"max_hp_loss":0.0,"gold_gain":0.0,"event_name":"Shining Light","player_choice":"Entered Light","floor":2.0,"gold_loss":0.0,"damage_taken":14.0,"cards_upgraded":["theMarked:Strike","theMarked:Defend"]},{"damage_healed":0.0,"max_hp_gain":0.0,"max_hp_loss":0.0,"gold_gain":0.0,"event_name":"Living Wall","player_choice":"Grow","floor":4.0,"gold_loss":0.0,"damage_taken":0.0,"cards_upgraded":["theMarked:SoldierOfQuellstein"]}],"is_beta":false,"boss_relics":[{"not_picked":["Pandora\u0027s Box","Runic Pyramid"],"picked":"Coffee Dripper"}],"items_purged_floors":[3],"is_endless":false,"potions_floor_spawned":[6,8,13,14,18],"killed_by":"Shelled Parasite and Fungi","ascension_level":2}}