{"host":"c52z9ixzgdjttcmx","time":1611031030,"event":{"mods":["BaseMod","Colored Powertips","Minty Spire (QoL Compilation)","Rare Cards Sparkle","Relic Stats"],"gold_per_floor":[112,131,131,143,161,161,175,175,175,193,21,54,69,87,87,185,185,202,221,24,41,54,54,85,85,111,111,145,60,60,60,60,157,157,168,187,199,199,0,0,35,52,132,146,177,190,190,0,0,0],"floor_reached":51,"language":"ENG","playtime":3550,"items_purged":["Strike_P"],"score":1237,"play_id":"f8133cc6-e25b-4dba-bbcc-62f9a3b4c668","local_time":"20210118223710","is_ascension_mode":true,"campfire_choices":[{"data":"Eruption","floor":6,"key":"SMITH"},{"data":"CutThroughFate","floor":8,"key":"SMITH"},{"floor":15,"key":"REST"},{"floor":23,"key":"REST"},{"floor":25,"key":"REST"},{"floor":27,"key":"REST"},{"data":"LikeWater","floor":30,"key":"SMITH"},{"data":"Devotion","floor":32,"key":"SMITH"},{"floor":40,"key":"REST"},{"floor":47,"key":"REST"},{"floor":49,"key":"REST"}],"circlet_count":0,"master_deck":["AscendersBane","Defend_P","Defend_P","Defend_P","Defend_P","Eruption+1","Vigilance","LikeWater","CutThroughFate+1","Evaluate","ThirdEye","EmptyBody","ClearTheMind","ThirdEye","LikeWater","ReachHeaven","CutThroughFate","LikeWater+1","Prostrate","Tantrum","ClearTheMind","Adaptation","ClearTheMind","Devotion+1","SignatureMove","DeusExMachina","CutThroughFate+1","WheelKick+1","TalkToTheHand","Apotheosis","Prostrate","FearNoEvil","LikeWater","CrushJoints+1","Crescendo+1"],"relics":["PureWater","NeowsBlessing","Sundial","Orichalcum","Mummified Hand","Empty Cage","Blood Vial","Boot","Lizard Tail","CloakClasp","Fusion Hammer","GoldenEye","Molten Egg 2","Regal Pillow","Red Mask"],"acts_visited":["Exordium","TheCity","TheBeyond"],"potions_floor_usage":[7,7,13,13,16,19,45,50],"damage_taken":[{"damage":0,"enemies":"2 Louse","floor":1,"turns":1},{"damage":0,"enemies":"Cultist","floor":2,"turns":2},{"damage":0,"enemies":"Small Slimes","floor":4,"turns":1},{"damage":5,"enemies":"Looter","floor":5,"turns":4},{"damage":2,"enemies":"Gremlin Gang","floor":7,"turns":3},{"damage":40,"enemies":"Lots of Slimes","floor":10,"turns":7},{"damage":7,"enemies":"3 Sentries","floor":12,"turns":14},{"damage":4,"enemies":"Exordium Thugs","floor":13,"turns":5},{"damage":0,"enemies":"Looter","floor":14,"turns":4},{"damage":6,"enemies":"Slime Boss","floor":16,"turns":10},{"damage":3,"enemies":"Shell Parasite","floor":18,"turns":8},{"damage":21,"enemies":"3 Byrds","floor":19,"turns":9},{"damage":0,"enemies":"Cultist and Chosen","floor":21,"turns":10},{"damage":12,"enemies":"Shelled Parasite and Fungi","floor":22,"turns":5},{"damage":43,"enemies":"Slavers","floor":24,"turns":7},{"damage":15,"enemies":"Book of Stabbing","floor":28,"turns":6},{"damage":52,"enemies":"Collector","floor":33,"turns":11},{"damage":14,"enemies":"3 Shapes","floor":35,"turns":7},{"damage":0,"enemies":"Orb Walker","floor":36,"turns":2},{"damage":40,"enemies":"Jaw Worm Horde","floor":37,"turns":5},{"damage":13,"enemies":"Nemesis","floor":41,"turns":9},{"damage":1,"enemies":"Writhing Mass","floor":42,"turns":5},{"damage":6,"enemies":"4 Shapes","floor":44,"turns":4},{"damage":27,"enemies":"Reptomancer","floor":45,"turns":6},{"damage":19,"enemies":"Spire Growth","floor":46,"turns":6},{"damage":28,"enemies":"Donu and Deca","floor":50,"turns":10}],"seed_played":"-2401090566212728827","potions_obtained":[{"floor":2,"key":"ColorlessPotion"},{"floor":3,"key":"SkillPotion"},{"floor":3,"key":"Strength Potion"},{"floor":7,"key":"Ancient Potion"},{"floor":10,"key":"Ancient Potion"},{"floor":12,"key":"SkillPotion"},{"floor":14,"key":"Ancient Potion"},{"floor":18,"key":"Weak Potion"},{"floor":35,"key":"PowerPotion"},{"floor":44,"key":"SpeedPotion"},{"floor":45,"key":"Weak Potion"}],"is_trial":false,"path_per_floor":["M","M","?","M","M","R","M","R","T","M","$","E","M","M","R","B",null,"M","M","$","M","M","R","E","R","T","R","E","?","R","?","R","B",null,"M","M","M","?","$","R","E","M","T","M","E","M","R","?","R","B",null],"character_chosen":"WATCHER","items_purchased":["Orichalcum","ThirdEye","Tantrum","ClearTheMind","Apotheosis","Prostrate"],"campfire_rested":7,"item_purchase_floors":[11,11,20,20,39,39],"current_hp_per_floor":[65,65,65,65,60,60,58,58,58,18,18,11,7,7,28,22,60,57,36,36,36,24,45,2,23,23,44,31,31,31,82,82,30,69,57,59,21,21,21,45,34,35,35,31,6,30,69,69,82,54],"gold":0,"neow_bonus":"THREE_ENEMY_KILL","is_daily":false,"chose_seed":false,"campfire_upgraded":4,"win_rate":0.0,"timestamp":1611031030,"path_taken":["M","M","?","M","M","R","M","R","T","M","$","E","M","?","R","BOSS","M","M","$","M","?","R","E","R","T","R","E","?","R","?","R","BOSS","M","?","?","?","$","R","E","M","T","M","E","?","R","?","R","BOSS"],"items_purchased_type":["Relic","Card","Card","Card","Card","Card"],"build_version":"2020-12-22","purchased_purges":1,"victory":true,"max_hp_per_floor":[72,72,72,72,72,72,72,72,72,72,72,72,72,72,72,72,72,72,72,72,72,72,72,72,72,72,72,72,72,72,82,82,82,82,82,82,82,82,82,82,82,82,82,82,82,82,82,82,82,82],"relic_stats":{"Blood Vial":18,"Lizard Tail":41,"Regal Pillow":15,"counters":[26,161],"Sundial":[24],"Mummified Hand":[91],"CloakClasp":[200],"Orichalcum":[150],"Boot":[114],"GoldenEye":[44],"obtain_stats":[{"Regal Pillow":45,"NeowsBlessing":0,"CloakClasp":29,"Orichalcum":11,"Empty Cage":17,"Boot":26,"GoldenEye":41,"Blood Vial":24,"Lizard Tail":28,"Sundial":9,"Mummified Hand":12,"Molten Egg 2":43,"Fusion Hammer":34,"Red Mask":48,"PureWater":0},{"Regal Pillow":24,"NeowsBlessing":0,"CloakClasp":16,"Orichalcum":6,"Empty Cage":10,"Boot":15,"GoldenEye":21,"Blood Vial":15,"Lizard Tail":16,"Sundial":5,"Mummified Hand":7,"Molten Egg 2":22,"Fusion Hammer":17,"Red Mask":25,"PureWater":0},{"Regal Pillow":145,"NeowsBlessing":0,"CloakClasp":96,"Orichalcum":18,"Empty Cage":51,"Boot":90,"GoldenEye":130,"Blood Vial":90,"Lizard Tail":96,"Sundial":11,"Mummified Hand":32,"Molten Egg 2":135,"Fusion Hammer":107,"Red Mask":151,"PureWater":0}]},"card_choices":[{"not_picked":["FlyingSleeves","CrushJoints"],"picked":"LikeWater","floor":1},{"not_picked":["ThirdEye","Weave"],"picked":"CutThroughFate","floor":2},{"not_picked":["PathToVictory","CrushJoints"],"picked":"Evaluate","floor":4},{"not_picked":["PathToVictory","CrushJoints"],"picked":"ThirdEye","floor":5},{"not_picked":["BowlingBash","EmptyMind"],"picked":"EmptyBody","floor":7},{"not_picked":["EmptyMind","EmptyFist"],"picked":"ClearTheMind","floor":10},{"not_picked":["Blasphemy","FlyingSleeves"],"picked":"LikeWater","floor":12},{"not_picked":["PathToVictory","WreathOfFlame"],"picked":"ReachHeaven","floor":13},{"not_picked":["CrushJoints","FlurryOfBlows"],"picked":"CutThroughFate","floor":14},{"not_picked":["Scrawl","Blasphemy"],"picked":"Omniscience","floor":16},{"not_picked":["BowlingBash","PathToVictory"],"picked":"LikeWater","floor":18},{"not_picked":["Evaluate","ThirdEye"],"picked":"Prostrate","floor":19},{"not_picked":["ClearTheMind","Consecrate+1"],"picked":"Adaptation","floor":21},{"not_picked":["BattleHymn","Evaluate"],"picked":"ClearTheMind","floor":22},{"not_picked":["PathToVictory","MentalFortress"],"picked":"Devotion","floor":24},{"not_picked":["Protect","EmptyFist+1"],"picked":"SignatureMove","floor":28},{"not_picked":["LessonLearned","ConjureBlade"],"picked":"DeusExMachina","floor":33},{"not_picked":["ThirdEye","DeceiveReality+1"],"picked":"CutThroughFate+1","floor":35},{"not_picked":["Indignation","SashWhip"],"picked":"WheelKick+1","floor":36},{"not_picked":["FlyingSleeves","Sanctity"],"picked":"TalkToTheHand","floor":37},{"not_picked":["Alpha","Prostrate+1"],"picked":"FearNoEvil","floor":41},{"not_picked":["FlurryOfBlows","EmptyBody"],"picked":"LikeWater","floor":42},{"not_picked":["ThirdEye","BowlingBash+1"],"picked":"CrushJoints+1","floor":44},{"not_picked":["Evaluate","EmptyBody","Worship"],"picked":"SKIP","floor":45},{"not_picked":["Halt","DeceiveReality"],"picked":"Crescendo+1","floor":46}],"player_experience":3283501,"relics_obtained":[{"floor":9,"key":"Sundial"},{"floor":12,"key":"Mummified Hand"},{"floor":24,"key":"Blood Vial"},{"floor":26,"key":"Boot"},{"floor":28,"key":"Lizard Tail"},{"floor":41,"key":"GoldenEye"},{"floor":43,"key":"Molten Egg 2"},{"floor":45,"key":"Regal Pillow"}],"event_choices":[{"damage_healed":0,"gold_gain":0,"player_choice":"Got Potions","damage_taken":0,"max_hp_gain":0,"max_hp_loss":0,"event_name":"Lab","floor":3,"gold_loss":0},{"damage_healed":0,"gold_gain":0,"player_choice":"Obtained Relic","damage_taken":0,"relics_obtained":["CloakClasp"],"max_hp_gain":0,"max_hp_loss":0,"event_name":"Addict","floor":29,"gold_loss":85},{"cards_removed":["Omniscience"],"damage_healed":41,"gold_gain":0,"player_choice":"Offered Rare","damage_taken":0,"max_hp_gain":10,"max_hp_loss":0,"event_name":"Bonfire Elementals","floor":31,"gold_loss":0},{"cards_removed":["Strike_P"],"damage_healed":0,"gold_gain":0,"player_choice":"Card Removal","damage_taken":0,"max_hp_gain":0,"max_hp_loss":0,"event_name":"Wheel of Change","floor":38,"gold_loss":0},{"damage_healed":0,"gold_gain":0,"player_choice":"Paid","damage_taken":0,"relics_obtained":["Red Mask"],"max_hp_gain":0,"max_hp_loss":0,"event_name":"Tomb of Lord Red Mask","floor":48,"gold_loss":190}],"is_beta":false,"boss_relics":[{"not_picked":["Black Star","Velvet Choker"],"picked":"Empty Cage"},{"not_picked":["Calling Bell","HolyWater"],"picked":"Fusion Hammer"}],"items_purged_floors":[20],"is_endless":false,"potions_floor_spawned":[2,7,10,12,14,18,35,44,45,46],"ascension_level":12}}