{"host":"y3h3n3f7seyagppx","time":1611085103,"event":{"mods":["AlwaysNeverKeys","BaseMod","Better Vampires","Colored Powertips","DeckTracker","Emptier Cage","Minty Spire (QoL Compilation)","Permanent Neow","Quick Restart","Rare Cards Sparkle","Relic Sorter","Relic Stats","StSLib","Transform Curses"],"gold_per_floor":[256,19,19,169,190,214,214,255,255,255,3,17,33,72,147,147,240,240,254,254,275,275,34,67,83,123,149,183,308,40,78,97,97,193,193,216,216,516,99,112,148,148,198,210,260,297,323,335,347,359,371,383,395,407,4,38,38],"floor_reached":57,"language":"ENG","playtime":21621,"items_purged":["Doubt","Bash"],"score":3277,"play_id":"c0a73b02-8da6-4f20-9078-59511762b834","local_time":"20210119143823","is_ascension_mode":true,"campfire_choices":[{"data":"Carnage","floor":6.0,"key":"SMITH"},{"data":"Fiend Fire","floor":8.0,"key":"SMITH"},{"data":"Feed","floor":15.0,"key":"SMITH"},{"floor":32.0,"key":"DIG"},{"floor":41.0,"key":"DIG"},{"floor":47.0,"key":"DIG"},{"floor":49,"key":"DIG"},{"floor":53,"key":"DIG"}],"circlet_count":0,"master_deck":["AscendersBane","Defend_R","Defend_R","Defend_R","Defend_R","Dropkick","Carnage+1","Shockwave","Fiend Fire+1","Feed+1","Flame Barrier+1","Havoc+1","Entrench+1","Corruption","Bite","Bite","Bite","Bite","Bite","True Grit+1","Fiend Fire","Second Wind+1","True Grit+1","Shrug It Off+1","Armaments+1","Shrug It Off+1","Reaper","Power Through+1","Body Slam","Burning Pact+1","Shrug It Off+1","Sentinel+1","Feel No Pain","Shrug It Off+1","Warcry+1","Shockwave+1"],"relics":["Burning Blood","Torii","Red Skull","Ginger","Golden Idol","Dead Branch","Toxic Egg 2","Lantern","Gremlin Horn","Coffee Dripper","Medical Kit","Kunai","Boot","Potion Belt","Vajra","Shovel","HornCleat","Bag of Marbles","Smiling Mask","Happy Flower","SlaversCollar","Magic Flower","Ornamental Fan","MawBank","Toy Ornithopter","The Courier","Juzu Bracelet","White Beast Statue","Membership Card","Bottled Tornado","Paper Frog","Mercury Hourglass"],"acts_visited":["Exordium","TheCity","TheBeyond","TheEnding"],"potions_floor_usage":[56],"damage_taken":[{"damage":13.0,"enemies":"Small Slimes","floor":1.0,"turns":5.0},{"damage":14.0,"enemies":"Jaw Worm","floor":4.0,"turns":4.0},{"damage":5.0,"enemies":"2 Louse","floor":5.0,"turns":3.0},{"damage":20.0,"enemies":"3 Sentries","floor":7.0,"turns":6.0},{"damage":7.0,"enemies":"Large Slime","floor":11.0,"turns":5.0},{"damage":0.0,"enemies":"3 Louse","floor":12.0,"turns":3.0},{"damage":15.0,"enemies":"Lagavulin","floor":13.0,"turns":3.0},{"damage":25.0,"enemies":"Hexaghost","floor":16.0,"turns":8.0},{"damage":0.0,"enemies":"3 Byrds","floor":18.0,"turns":1.0},{"damage":21.0,"enemies":"Shell Parasite","floor":20.0,"turns":3.0},{"damage":24.0,"enemies":"Gremlin Leader","floor":23.0,"turns":6.0},{"damage":0.0,"enemies":"Snecko","floor":24.0,"turns":4.0},{"damage":7.0,"enemies":"Book of Stabbing","floor":25.0,"turns":5.0},{"damage":7.0,"enemies":"Gremlin Leader","floor":27.0,"turns":5.0},{"damage":0.0,"enemies":"Colosseum Slavers","floor":28.0,"turns":5.0},{"damage":10.0,"enemies":"Colosseum Nobs","floor":28.0,"turns":6.0},{"damage":7.0,"enemies":"Book of Stabbing","floor":30.0,"turns":4.0},{"damage":0.0,"enemies":"3 Cultists","floor":31.0,"turns":2.0},{"damage":0.0,"enemies":"Collector","floor":33.0,"turns":6.0},{"damage":17.0,"enemies":"3 Darklings","floor":35.0,"turns":5.0},{"damage":0.0,"enemies":"3 Shapes","floor":39.0,"turns":10.0},{"damage":6.0,"enemies":"Nemesis","floor":40.0,"turns":7.0},{"damage":0.0,"enemies":"Reptomancer","floor":42.0,"turns":7.0},{"damage":0.0,"enemies":"Giant Head","floor":44.0,"turns":4.0},{"damage":0.0,"enemies":"Sphere and 2 Shapes","floor":45.0,"turns":8.0},{"damage":0.0,"enemies":"3 Darklings","floor":46.0,"turns":1.0},{"damage":6,"enemies":"Time Eater","floor":50,"turns":14},{"damage":12,"enemies":"Donu and Deca","floor":51,"turns":7},{"damage":0,"enemies":"Shield and Spear","floor":55,"turns":5},{"damage":8,"enemies":"The Heart","floor":56,"turns":6}],"seed_played":"1268524305577492995","potions_obtained":[{"floor":4.0,"key":"Strength Potion"},{"floor":5.0,"key":"CultistPotion"},{"floor":12.0,"key":"FearPotion"},{"floor":13.0,"key":"Energy Potion"},{"floor":20.0,"key":"BloodPotion"},{"floor":21.0,"key":"DuplicationPotion"},{"floor":21.0,"key":"HeartOfIron"},{"floor":27.0,"key":"Swift Potion"},{"floor":30.0,"key":"ElixirPotion"},{"floor":31.0,"key":"EntropicBrew"},{"floor":35.0,"key":"CultistPotion"},{"floor":40.0,"key":"FearPotion"}],"is_trial":false,"path_per_floor":["M","?","?","M","M","R","E","R","T","$","M","M","E","?","R","B",null,"M","?","M","?","$","E","M","E","T","E","?","$","E","M","R","B",null,"M","?","?","$","M","E","R","E","T","E","M","M","R","?","R","B","B",null,"R","$","E","B",null],"character_chosen":"IRONCLAD","items_purchased":["Lantern","Feed","Medical Kit","Bag of Marbles","Magic Flower","Power Through+1","Body Slam","Membership Card","Feel No Pain","Bottled Tornado","Paper Frog","Shrug It Off+1","Warcry+1"],"campfire_rested":0,"item_purchase_floors":[10,10,22,29,38,38,38,54,54,54,54,54,54],"current_hp_per_floor":[20,61,61,61,53,54,54,40,40,40,40,42,51,42,31,31,12,59,65,51,46,55,55,45,59,60,60,67,71,71,75,75,75,75,75,79,75,75,75,83,83,83,87,87,91,91,95,95,81,81,99,103,103,103,103,103,103],"gold":38,"neow_bonus":"ONE_RARE_RELIC","is_daily":false,"chose_seed":false,"campfire_upgraded":3,"win_rate":0.0,"timestamp":1611085103,"path_taken":["M","?","?","M","M","R","E","R","T","$","M","?","E","?","R","BOSS","M","?","M","?","$","E","?","E","T","E","?","$","E","M","R","BOSS","M","?","?","$","?","E","R","E","T","E","M","M","R","?","R","BOSS","BOSS","R","$","E","BOSS"],"items_purchased_type":["Relic","Card","Relic","Relic","Relic","Card","Card","Relic","Card","Relic","Relic","Card","Card"],"build_version":"2020-12-22","purchased_purges":2,"victory":true,"max_hp_per_floor":[105,75,68,68,68,68,68,68,68,68,68,71,74,74,74,74,74,74,74,51,55,55,55,59,63,63,63,67,71,71,75,75,75,75,75,79,75,75,75,83,83,83,87,87,91,91,95,95,95,95,99,103,103,103,103,103,103],"relic_stats":{"Torii":8,"Gremlin Horn":[36,38],"Happy Flower":[26],"counters":[30,158],"Golden Idol":240,"Dead Branch":[576],"Magic Flower":[15],"Juzu Bracelet":0,"Ginger":[25],"Medical Kit":[39],"Boot":[17],"Smiling Mask":0,"MawBank":156,"Burning Blood":88,"Mercury Hourglass":[18],"Shovel":5,"Ornamental Fan":[52],"Kunai":[27],"obtain_stats":[{"Lantern":10,"Gremlin Horn":13,"Torii":49,"Vajra":27,"Magic Flower":38,"Juzu Bracelet":44,"Ginger":0,"Bottled Tornado":54,"Boot":25,"Smiling Mask":30,"Burning Blood":0,"Shovel":28,"HornCleat":28,"Kunai":23,"Toxic Egg 2":9,"Red Skull":47,"Paper Frog":54,"Potion Belt":26,"Happy Flower":32,"Golden Idol":2,"Dead Branch":7,"The Courier":43,"Medical Kit":22,"MawBank":41,"White Beast Statue":53,"Mercury Hourglass":55,"SlaversCollar":34,"Ornamental Fan":40,"Coffee Dripper":17,"Bag of Marbles":29,"Membership Card":54,"Toy Ornithopter":42},{"Lantern":4,"Gremlin Horn":7,"Torii":26,"Vajra":14,"Magic Flower":20,"Juzu Bracelet":24,"Ginger":0,"Bottled Tornado":28,"Boot":13,"Smiling Mask":17,"Burning Blood":0,"Shovel":16,"HornCleat":16,"Kunai":11,"Toxic Egg 2":4,"Red Skull":26,"Paper Frog":28,"Potion Belt":13,"Happy Flower":18,"Golden Idol":1,"Dead Branch":4,"The Courier":23,"Medical Kit":10,"MawBank":22,"White Beast Statue":28,"Mercury Hourglass":29,"SlaversCollar":19,"Ornamental Fan":22,"Coffee Dripper":8,"Bag of Marbles":16,"Membership Card":28,"Toy Ornithopter":23},{"Lantern":18,"Gremlin Horn":29,"Torii":126,"Vajra":61,"Magic Flower":89,"Juzu Bracelet":117,"Ginger":0,"Bottled Tornado":147,"Boot":56,"Smiling Mask":76,"Burning Blood":0,"Shovel":72,"HornCleat":72,"Kunai":47,"Toxic Egg 2":18,"Red Skull":126,"Paper Frog":147,"Potion Belt":56,"Happy Flower":78,"Golden Idol":5,"Dead Branch":18,"The Courier":113,"Medical Kit":41,"MawBank":106,"White Beast Statue":147,"Mercury Hourglass":152,"SlaversCollar":84,"Ornamental Fan":106,"Coffee Dripper":37,"Bag of Marbles":72,"Membership Card":147,"Toy Ornithopter":113}],"Toy Ornithopter":0},"card_choices":[{"not_picked":["Clash","Disarm"],"picked":"Dropkick","floor":1.0},{"not_picked":["Dropkick","Flex"],"picked":"Carnage","floor":4.0},{"not_picked":["Headbutt","Pommel Strike"],"picked":"Shockwave","floor":5.0},{"not_picked":["Havoc","Cleave"],"picked":"Fiend Fire","floor":7.0},{"not_picked":["Warcry+1","Heavy Blade"],"picked":"Flame Barrier+1","floor":11.0},{"not_picked":["Wild Strike","Rampage"],"picked":"Havoc+1","floor":12.0},{"not_picked":["Bloodletting+1","Clothesline"],"picked":"Entrench+1","floor":13.0},{"not_picked":["Reaper","Exhume+1"],"picked":"Corruption","floor":16.0},{"not_picked":["Sword Boomerang","Clash","Anger"],"picked":"SKIP","floor":18.0},{"not_picked":["Perfected Strike+1","Reckless Charge"],"picked":"True Grit+1","floor":20.0},{"not_picked":["Sword Boomerang","Iron Wave"],"picked":"Fiend Fire","floor":23.0},{"not_picked":["Iron Wave","Dropkick","Flex+1"],"picked":"SKIP","floor":24.0},{"not_picked":["Flex+1","Fire Breathing"],"picked":"Second Wind+1","floor":25.0},{"not_picked":["Searing Blow","Infernal Blade+1"],"picked":"True Grit+1","floor":27.0},{"not_picked":["Burning Pact+1","Clothesline"],"picked":"Shrug It Off+1","floor":28.0},{"not_picked":["Wild Strike","Searing Blow"],"picked":"Armaments+1","floor":30.0},{"not_picked":["Iron Wave","Clash+1"],"picked":"Shrug It Off+1","floor":31.0},{"not_picked":["Immolate","Double Tap+1"],"picked":"Reaper","floor":33.0},{"not_picked":["Havoc+1","Flex+1","Clothesline"],"picked":"SKIP","floor":35.0},{"not_picked":["True Grit+1","Heavy Blade+1"],"picked":"Burning Pact+1","floor":39.0},{"not_picked":["Double Tap+1","Bloodletting+1","Hemokinesis+1"],"picked":"SKIP","floor":40.0},{"not_picked":["Double Tap+1","Bloodletting+1","Hemokinesis+1"],"picked":"SKIP","floor":40.0},{"not_picked":["Double Tap+1","Bloodletting+1","Hemokinesis+1"],"picked":"SKIP","floor":40.0},{"not_picked":["Inflame","Wild Strike"],"picked":"Shrug It Off+1","floor":42.0},{"not_picked":["Wild Strike","Cleave","Sever Soul+1"],"picked":"SKIP","floor":44.0},{"not_picked":["Thunderclap+1","Flex+1"],"picked":"Sentinel+1","floor":45.0},{"not_picked":["Headbutt","Anger","Flex+1"],"picked":"SKIP","floor":46.0},{"not_picked":["Reckless Charge","Headbutt+1"],"picked":"Shockwave+1","floor":55}],"player_experience":21350792,"relics_obtained":[{"floor":7.0,"key":"Dead Branch"},{"floor":9.0,"key":"Toxic Egg 2"},{"floor":13.0,"key":"Gremlin Horn"},{"floor":23.0,"key":"Kunai"},{"floor":25.0,"key":"Boot"},{"floor":26.0,"key":"Potion Belt"},{"floor":27.0,"key":"Vajra"},{"floor":28.0,"key":"Shovel"},{"floor":28.0,"key":"HornCleat"},{"floor":30.0,"key":"Smiling Mask"},{"floor":32.0,"key":"Happy Flower"},{"floor":40.0,"key":"Ornamental Fan"},{"floor":41.0,"key":"MawBank"},{"floor":42.0,"key":"Toy Ornithopter"},{"floor":43.0,"key":"The Courier"},{"floor":44.0,"key":"Juzu Bracelet"},{"floor":47.0,"key":"Red Skull"},{"floor":49,"key":"Torii"},{"floor":53,"key":"White Beast Statue"},{"floor":55,"key":"Mercury Hourglass"}],"event_choices":[{"damage_healed":0.0,"max_hp_gain":0.0,"max_hp_loss":7.0,"gold_gain":0.0,"event_name":"Golden Idol","player_choice":"Lose Max HP","floor":2.0,"gold_loss":0.0,"damage_taken":0.0,"relics_obtained":["Golden Idol"]},{"damage_healed":0.0,"max_hp_gain":0.0,"max_hp_loss":0.0,"gold_gain":150.0,"event_name":"Liars Game","player_choice":"AGREE","floor":3.0,"gold_loss":0.0,"damage_taken":0.0,"cards_obtained":["Doubt"]},{"damage_healed":0.0,"max_hp_gain":0.0,"max_hp_loss":0.0,"gold_gain":75.0,"event_name":"World of Goop","player_choice":"Gather Gold","floor":14.0,"gold_loss":0.0,"damage_taken":11.0},{"damage_healed":0.0,"max_hp_gain":0.0,"max_hp_loss":23.0,"gold_gain":0.0,"event_name":"Vampires","player_choice":"Became a vampire","floor":19.0,"gold_loss":0.0,"damage_taken":0.0,"cards_obtained":["Bite","Bite","Bite","Bite","Bite"]},{"damage_healed":0.0,"max_hp_gain":0.0,"max_hp_loss":0.0,"gold_gain":0.0,"event_name":"Lab","player_choice":"Got Potions","floor":21.0,"gold_loss":0.0,"damage_taken":0.0},{"damage_healed":0.0,"max_hp_gain":0.0,"max_hp_loss":0.0,"gold_gain":0.0,"event_name":"Colosseum","player_choice":"Fight","floor":28.0,"gold_loss":0.0,"damage_taken":0.0},{"damage_healed":0.0,"max_hp_gain":0.0,"max_hp_loss":0.0,"gold_gain":0.0,"event_name":"Colosseum","player_choice":"Fought Nobs","floor":28.0,"gold_loss":0.0,"damage_taken":0.0},{"damage_healed":0.0,"max_hp_gain":0.0,"max_hp_loss":4.0,"gold_gain":0.0,"event_name":"Winding Halls","player_choice":"Max HP","floor":36.0,"gold_loss":0.0,"damage_taken":0.0},{"damage_healed":0.0,"max_hp_gain":0.0,"max_hp_loss":0.0,"gold_gain":300.0,"event_name":"Wheel of Change","player_choice":"Gold","floor":37.0,"gold_loss":0.0,"damage_taken":0.0},{"damage_healed":0,"gold_gain":0,"player_choice":"Damaged","damage_taken":14,"max_hp_gain":0,"max_hp_loss":0,"event_name":"Wheel of Change","floor":48,"gold_loss":0}],"is_beta":false,"boss_relics":[{"not_picked":["Calling Bell","Fusion Hammer"],"picked":"Coffee Dripper"},{"not_picked":["Cursed Key","Mark of Pain"],"picked":"SlaversCollar"}],"items_purged_floors":[22,29],"is_endless":false,"potions_floor_spawned":[4,5,12,13,20,23,27,28,30,31,35,40,55],"ascension_level":20}}