{"host":"Teixeira","time":1611084410,"event":{"mods":["2.2 Compatiblity","AchievementEnabler","Aspiration","BaseMod","Better Match","Better Note","Better Sensory Stone","Better Skull","Better Third Choice","Colored Map","Colored Powertips","Downfall","Hermit","Hubris","Infinite Spire","Minty Spire (QoL Compilation)","Permanent Neow","Quick Restart","Rare Cards Sparkle","Relic Filter","Spicy Shops","StS++","StSLib","SuperFastMode"],"gold_per_floor":[199,218,218,232,248,273,273,317,217,237,261,285,306,70,90,211,211,211,226,226,226,68,91,91,125,125,250,271,271,171,48,73,202,202,202,202,218,218,238,251,251,251,351,371,402,426,426,445,469,469],"floor_reached":51,"language":"ENG","playtime":5649,"items_purged":["champ:Strike"],"score":805,"play_id":"0b500ef3-9acc-4d04-8155-2e28116ac036","local_time":"20210119162650","is_ascension_mode":false,"campfire_choices":[{"data":"champ:Taunt","floor":1.0,"key":"SMITH"},{"data":"champ:FanOfKnives","floor":9.0,"key":"SMITH"},{"data":"champ:Improvising","floor":18.0,"key":"SMITH"},{"data":"champ:LastStand","floor":30.0,"key":"SMITH"},{"data":"champ:UltimateStance","floor":35.0,"key":"SMITH"},{"data":"champ:MurderStrike","floor":42.0,"key":"SMITH"},{"data":"champ:PreciseThrust","floor":47,"key":"SMITH"}],"circlet_count":0,"master_deck":["champ:Strike","champ:Strike","champ:Strike","champ:Defend","champ:Defend","champ:Defend","champ:Defend","champ:Execute","champ:Taunt+1","champ:Haymaker","champ:RapidStrikes","champ:FanOfKnives+1","champ:FocusedBerserking","champ:AdrenalArmor","champ:BerserkersShout","champ:Improvising+1","champ:StanceDance","champ:LastStand+1","champ:Duel","champ:PreciseThrust+1","champ:AdrenalArmor+1","champ:FanOfKnives+1","champ:PreciseThrust+1","hubris:Fate","champ:UltimateStance+1","champ:MurderStrike+1","hubris:DuctTapeCard"],"relics":["champ:ChampionCrownUpgraded","Golden Idol","aspiration:AnachronicSnailShell","downfall:HeartBlessingBlue","Pen Nib","aspiration:Nostalgia","Ring of the Snake","Orichalcum","Meat on the Bone","StSpp:BrokenTotem","Nloth\u0027s Gift","downfall:GremlinWheel","downfall:HeartBlessingGreen","Dead Branch","HandDrill","expansioncontent:StudyCardRelic","FossilizedHelix","hubris:DuctTape"],"acts_visited":["Exordium","TheCity","TheBeyond"],"potions_floor_usage":[50],"damage_taken":[{"damage":12.0,"enemies":"Small Slimes","floor":2.0,"turns":4.0},{"damage":10.0,"enemies":"Cultist","floor":4.0,"turns":4.0},{"damage":5.0,"enemies":"2 Louse","floor":5.0,"turns":2.0},{"damage":4.0,"enemies":"2 Fungi Beasts","floor":6.0,"turns":3.0},{"damage":38.0,"enemies":"Lagavulin","floor":8.0,"turns":3.0},{"damage":21.0,"enemies":"Exordium Wildlife","floor":10.0,"turns":4.0},{"damage":10.0,"enemies":"2 Fungi Beasts","floor":11.0,"turns":2.0},{"damage":44.0,"enemies":"Large Slime","floor":12.0,"turns":3.0},{"damage":35.0,"enemies":"Exordium Thugs","floor":13.0,"turns":3.0},{"damage":40.0,"enemies":"downfall:FleeingMerchant","floor":14.0,"turns":4.0},{"damage":12.0,"enemies":"Red Slaver","floor":15.0,"turns":2.0},{"damage":56.0,"enemies":"IC_STATUS_ARCHETYPE","floor":16.0,"turns":5.0},{"damage":20.0,"enemies":"Spheric Guardian","floor":19.0,"turns":2.0},{"damage":40.0,"enemies":"downfall:FleeingMerchant","floor":22.0,"turns":4.0},{"damage":24.0,"enemies":"Centurion and Healer","floor":23.0,"turns":3.0},{"damage":70.0,"enemies":"Slavers","floor":25.0,"turns":4.0},{"damage":40.0,"enemies":"Slavers","floor":27.0,"turns":2.0},{"damage":65.0,"enemies":"Sentry and Sphere","floor":28.0,"turns":3.0},{"damage":44.0,"enemies":"downfall:FleeingMerchant","floor":31.0,"turns":3.0},{"damage":40.0,"enemies":"Cultist and Chosen","floor":32.0,"turns":2.0},{"damage":113.0,"enemies":"DF_ARCHETYPE_CLAW","floor":33.0,"turns":5.0},{"damage":42.0,"enemies":"Orb Walker","floor":37.0,"turns":3.0},{"damage":25.0,"enemies":"3 Darklings","floor":39.0,"turns":2.0},{"damage":45.0,"enemies":"4 Shapes","floor":40.0,"turns":2.0},{"damage":41.0,"enemies":"Writhing Mass","floor":44.0,"turns":3.0},{"damage":35.0,"enemies":"Reptomancer","floor":45.0,"turns":2.0},{"damage":20.0,"enemies":"Spire Growth","floor":46.0,"turns":2.0},{"damage":99,"enemies":"Transient","floor":48,"turns":4},{"damage":35,"enemies":"Sphere and 2 Shapes","floor":49,"turns":2},{"damage":80,"enemies":"WA_ARCHETYPE_DIVINITY","floor":50,"turns":5}],"seed_played":"7767084805186929310","potions_obtained":[{"floor":2.0,"key":"Explosive Potion"},{"floor":5.0,"key":"AttackPotion"},{"floor":6.0,"key":"SteroidPotion"},{"floor":8.0,"key":"CultistPotion"},{"floor":13.0,"key":"StSpp:InhibitionPotion"},{"floor":15.0,"key":"DistilledChaos"},{"floor":19.0,"key":"StSpp:ScatteredPotion"},{"floor":23.0,"key":"Dexterity Potion"},{"floor":33.0,"key":"DuplicationPotion"},{"floor":37.0,"key":"FairyPotion"},{"floor":39.0,"key":"SpeedPotion"}],"is_trial":false,"path_per_floor":["R","M","?","M","M","M","T","E","R","M","M","M","M","$","M","B",null,"R","M","AVR","?","$","M","T","E","?","?","M","?","R","$","M","B",null,"R","?","M","?","M","M","T","R","?","M","E","M","R","M","M","B",null],"character_chosen":"THE_CHAMP","items_purchased":["Pen Nib","aspiration:Nostalgia","Orichalcum","Dead Branch","HandDrill"],"campfire_rested":0,"item_purchase_floors":[14,14,22,31,31],"current_hp_per_floor":[90,88,73,68,68,64,64,56,66,55,55,51,41,41,34,26,100,100,100,100,85,75,71,71,65,65,65,65,40,40,52,64,61,100,100,100,98,98,98,68,68,68,68,84,100,100,100,100,100,100],"gold":469,"neow_bonus":"HUNDRED_GOLD","is_daily":false,"chose_seed":false,"campfire_upgraded":7,"win_rate":0.0,"timestamp":1611084410,"path_taken":["R","M","?","M","?","M","T","E","R","M","M","M","M","$","M","BOSS","R","M","AVR","?","$","M","T","E","?","?","M","?","R","?","M","BOSS","R","?","?","?","?","M","T","R","?","M","E","M","R","M","M","BOSS"],"items_purchased_type":["Relic","Relic","Relic","Relic","Relic"],"build_version":"2020-11-17","purchased_purges":1,"victory":true,"max_hp_per_floor":[90,90,90,90,90,90,90,90,100,100,100,100,100,100,100,100,100,100,100,100,100,100,100,100,100,100,100,100,100,100,100,100,100,100,100,100,100,100,100,100,100,100,100,100,100,100,100,100,100,100],"card_choices":[{"not_picked":["champ:Parry","champ:ShieldWall"],"picked":"champ:Haymaker","floor":2.0},{"not_picked":["champ:DefensiveShout","champ:EnGarde"],"picked":"champ:RapidStrikes","floor":4.0},{"not_picked":["champ:PreciseThrust","champ:FocusedDefense"],"picked":"champ:FanOfKnives","floor":5.0},{"not_picked":["champ:DefensiveShout","champ:Encircle"],"picked":"champ:FocusedBerserking","floor":6.0},{"not_picked":["champ:BladeFlurry","champ:CrownThrow","champ:DefensiveShout"],"picked":"SKIP","floor":8.0},{"not_picked":["champ:HeartStrike","champ:Haymaker"],"picked":"champ:AdrenalArmor","floor":10.0},{"not_picked":["champ:TornadoPunch","champ:DefensiveShout"],"picked":"champ:BerserkersShout","floor":11.0},{"not_picked":["champ:DefensiveShout","champ:EnragedBash"],"picked":"champ:Improvising","floor":12.0},{"not_picked":["champ:PerfectedStrike","champ:Shatter","champ:Circumvent"],"picked":"SKIP","floor":13.0},{"not_picked":["champ:BladeFlurry","champ:HeartStrike","champ:FaceSlap"],"picked":"SKIP","floor":14.0},{"not_picked":["champ:CalledShot","champ:Encircle"],"picked":"champ:StanceDance","floor":15.0},{"not_picked":["champ:Devastate","champ:SteelEdge"],"picked":"champ:LastStand","floor":16.0},{"not_picked":["champ:AdrenalArmor","champ:FocusedDefense"],"picked":"champ:Duel","floor":19.0},{"not_picked":["champ:BerserkersShout","champ:ShieldWall","champ:FanOfKnives","champ:DancingMaster"],"picked":"champ:PreciseThrust","floor":22.0},{"not_picked":["champ:SetATrap","champ:IronFortress","champ:ShieldSlam","champ:BladeFlurry"],"picked":"champ:AdrenalArmor+1","floor":23.0},{"not_picked":["champ:Shatter","champ:FlashCut","champ:HoldFirm","champ:Duel"],"picked":"champ:FanOfKnives+1","floor":25.0},{"not_picked":["champ:FlashCut","champ:ShieldSlam"],"picked":"champ:PreciseThrust+1","floor":28.0},{"not_picked":["hubris:InfiniteBlow","infinitespire:Fortify"],"picked":"hubris:Fate","floor":29.0},{"not_picked":["champ:ShieldWall","champ:Circumvent"],"picked":"champ:ArenaPreparation+1","floor":31.0},{"not_picked":["champ:PreemptiveStrike","champ:SkillfulDodge","champ:FocusedBerserking"],"picked":"SKIP","floor":32.0},{"not_picked":["champ:ShieldThrow","champ:StrikeOfGenius"],"picked":"champ:UltimateStance","floor":33.0},{"not_picked":["champ:AdrenalArmor+1","champ:EnragedBash","champ:Haymaker+1"],"picked":"SKIP","floor":37.0},{"not_picked":["champ:FanOfKnives","champ:Circumvent+1","champ:TornadoPunch+1"],"picked":"SKIP","floor":39.0},{"not_picked":["champ:StanceDance","champ:TornadoPunch+1","champ:EnGarde"],"picked":"SKIP","floor":40.0},{"not_picked":["champ:EnGarde+1","champ:SkillfulDodge+1","champ:StanceDance"],"picked":"SKIP","floor":44.0},{"not_picked":["champ:SkillfulDodge","champ:FlashCut","champ:CheapShot"],"picked":"SKIP","floor":45.0},{"not_picked":["champ:GladiatorStyle+1","champ:FanOfKnives+1","champ:DefensiveShout"],"picked":"SKIP","floor":46.0},{"not_picked":["champ:PreciseThrust","champ:RecklessLeap+1","champ:ShieldThrow"],"picked":"SKIP","floor":48},{"not_picked":["champ:SetATrap+1","champ:FanOfKnives+1","champ:SkillfulDodge"],"picked":"SKIP","floor":49}],"player_experience":136228,"relics_obtained":[{"floor":8.0,"key":"aspiration:AnachronicSnailShell"},{"floor":24.0,"key":"Meat on the Bone"},{"floor":25.0,"key":"StSpp:BrokenTotem"},{"floor":27.0,"key":"downfall:GremlinWheel"},{"floor":41.0,"key":"FossilizedHelix"},{"floor":45.0,"key":"hubris:DuctTape"}],"event_choices":[{"damage_healed":0.0,"max_hp_gain":0.0,"max_hp_loss":0.0,"gold_gain":0.0,"event_name":"Accursed Blacksmith","player_choice":"Forge","floor":38.0,"gold_loss":0.0,"damage_taken":0.0,"cards_upgraded":["infinitespire:FutureSight"]}],"is_beta":true,"boss_relics":[{"not_picked":["hubris:ScarierMask","aspiration:WatcherSkillbook"],"picked":"champ:ChampionCrownUpgraded"},{"not_picked":["SlaversCollar","aspiration:RandomNobGenerator"],"picked":"expansioncontent:StudyCardRelic"}],"items_purged_floors":[20],"is_endless":false,"potions_floor_spawned":[2,5,6,8,13,15,19,23,33,37,39],"ascension_level":0}}