{"host":"8efry9zhj4tjp5kw","time":1611074817,"event":{"mods":["Act Like it!","Aspiration","Bard","BaseMod","Beaked The Cultist","Colored Map","Colored Powertips","Conspire","Downfall","Glutton Mod","Halation","Hallownest","Hermit","Highlight Path","Hubris","Infinite Spire","Jedi Mod","Jorbs\u0027s Wanderer Trilogy","Koishi","Mad Scientist","Marisa????????","Mimic Mod","Minty Spire (QoL Compilation)","Reworked Bosses","Shop Mod","StSLib","The Administrix","The Construct","The Disciple","The Elementalist","The Factory","The Jungle","The Mystic","The Necromancer","The Runesmith","The Servant 0.9.4","Unceasing Turn Reminder"],"gold_per_floor":[99,110,124,140,140,169,196,196,209,241,73,84,69,69,86,185,185,185,196,207,307,319,336,384,409,446,458,570,582,609,621,650,765,777,789,812,72,91,91,91,115,115,134,144,144,179,189,206,220,220],"floor_reached":51,"language":"ENG","playtime":3757,"items_purged":["bronze:Strike"],"score":983,"play_id":"45529803-3d16-4d91-b3cd-b4d175d133c8","local_time":"20210119174657","is_ascension_mode":true,"campfire_choices":[{"data":"bronze:Replicate","floor":1,"key":"SMITH"},{"data":"bronze:FollowUp","floor":8,"key":"SMITH"},{"data":"bronze:Terminator","floor":18,"key":"SMITH"},{"data":"bronze:MaxOutput","floor":27,"key":"SMITH"},{"data":"bronze:DecaBeam","floor":29,"key":"SMITH"},{"data":"bronze:HardenedForm","floor":35,"key":"SMITH"},{"data":"bronze:Assembly","floor":42,"key":"SMITH"},{"data":"bronze:Branch","floor":45,"key":"SMITH"}],"circlet_count":0,"master_deck":["bronze:Strike","bronze:Strike","bronze:Strike","bronze:Defend","bronze:Defend","bronze:Defend","bronze:Defend","bronze:Replicate+1","bronze:Goto+1","bronze:FollowUp+1","bronze:Iterate","bronze:DigitalCarnage","bronze:Repair","bronze:BronzeArmor","bronze:Terminator+1","bronze:Repair","bronze:MaxOutput+1","bronze:HardenedForm+1","bronze:Branch+1","bronze:DecaBeam+1","bronze:Assembly+1"],"relics":["bronze:BronzeCore","halation:SelfBoilingWater","hubris:Reverence","hubris:SlimyHat","halation:PromiseList","Orrery","Busted Crown","Potion Belt","hubris:BottledRain","aspiration:PoetsPen_weak","aspiration:KaomsHeart"],"acts_visited":["Exordium","TheCity","TheBeyond"],"potions_floor_usage":[10,16,16,26,33,50,50],"damage_taken":[{"damage":0,"enemies":"Small Slimes","floor":2,"turns":3},{"damage":2,"enemies":"Jaw Worm","floor":3,"turns":4},{"damage":0,"enemies":"2 Louse","floor":4,"turns":3},{"damage":1,"enemies":"3 Sentries","floor":6,"turns":6},{"damage":5,"enemies":"Exordium Thugs","floor":9,"turns":3},{"damage":8,"enemies":"Lagavulin","floor":10,"turns":4},{"damage":0,"enemies":"downfall:FleeingMerchant","floor":11,"turns":4},{"damage":0,"enemies":"Blue Slaver","floor":12,"turns":1},{"damage":15,"enemies":"downfall:FleeingMerchant","floor":13,"turns":4},{"damage":0,"enemies":"2 Fungi Beasts","floor":15,"turns":2},{"damage":33,"enemies":"SI_SHIV_ARCHETYPE","floor":16,"turns":10},{"damage":0,"enemies":"3 Byrds","floor":19,"turns":3},{"damage":6,"enemies":"conspire:FuzzyDice","floor":20,"turns":4},{"damage":22,"enemies":"downfall:LadyInBlue","floor":21,"turns":11},{"damage":13,"enemies":"Shelled Parasite and Fungi","floor":22,"turns":5},{"damage":0,"enemies":"Snake Plant","floor":23,"turns":4},{"damage":8,"enemies":"Sentry and Sphere","floor":25,"turns":4},{"damage":11,"enemies":"Slavers","floor":26,"turns":9},{"damage":0,"enemies":"Slavers","floor":28,"turns":3},{"damage":10,"enemies":"3 Cultists","floor":30,"turns":6},{"damage":0,"enemies":"Snecko","floor":32,"turns":4},{"damage":49,"enemies":"DF_ARCHETYPE_CLAW","floor":33,"turns":11},{"damage":32,"enemies":"3 Shapes","floor":36,"turns":5},{"damage":0,"enemies":"downfall:FleeingMerchant","floor":37,"turns":4},{"damage":0,"enemies":"Orb Walker","floor":38,"turns":2},{"damage":14,"enemies":"3 Darklings","floor":43,"turns":3},{"damage":0,"enemies":"Transient","floor":44,"turns":5},{"damage":58,"enemies":"Reptomancer","floor":46,"turns":9},{"damage":0,"enemies":"4 Shapes","floor":47,"turns":4},{"damage":0,"enemies":"3 Darklings","floor":48,"turns":3},{"damage":15,"enemies":"Jaw Worm Horde","floor":49,"turns":3},{"damage":94,"enemies":"IC_BLOCK_ARCHETYPE","floor":50,"turns":7}],"seed_played":"2305716095223645732","potions_obtained":[{"floor":2,"key":"ColorlessPotion"},{"floor":3,"key":"FearPotion"},{"floor":6,"key":"bronze:BurnAndBuffPotion"},{"floor":9,"key":"Guardian:BlockOnCardUsePotion"},{"floor":10,"key":"Strength Potion"},{"floor":15,"key":"infinitespire:BlackPotion"},{"floor":20,"key":"construct:ShiftPotion"},{"floor":21,"key":"Strength Potion"},{"floor":21,"key":"conspire:TimeTravelPotion"},{"floor":23,"key":"SpeedPotion"},{"floor":25,"key":"SpeedPotion"},{"floor":26,"key":"Block Potion"},{"floor":30,"key":"SteroidPotion"},{"floor":36,"key":"jedi:wingpotion"},{"floor":43,"key":"jedi:holywater"}],"is_trial":false,"path_per_floor":["R","M","M","M","?","E","T","R","M","E","$","M","$","?","M","B",null,"R","M","M","?","M","M","T","M","E","R","?","R","M","?","M","B",null,"R","M","$","M","?","?","T","R","M","M","R","E","M","M","M","B",null],"character_chosen":"THE_AUTOMATON","items_purchased":["Orrery","aspiration:KaomsHeart"],"campfire_rested":0,"item_purchase_floors":[11,37],"current_hp_per_floor":[70,70,68,68,43,42,42,42,37,29,29,29,21,21,28,9,70,70,70,70,55,56,70,70,62,65,65,70,70,70,70,70,23,70,70,44,158,165,168,168,168,168,168,173,173,126,133,147,146,128],"gold":220,"neow_bonus":"UPGRADE_CARD","is_daily":false,"chose_seed":false,"campfire_upgraded":8,"win_rate":0.0,"timestamp":1611074817,"path_taken":["R","M","M","M","?","E","T","R","M","E","$","M","$","?","M","BOSS","R","M","M","?","M","M","T","?","E","R","?","R","M","?","M","BOSS","R","M","$","M","?","?","T","R","?","M","R","E","M","M","M","BOSS"],"items_purchased_type":["Relic","Relic"],"build_version":"2020-12-22","purchased_purges":1,"victory":true,"max_hp_per_floor":[70,70,70,70,70,70,70,70,70,70,70,70,70,70,70,70,70,70,70,70,70,70,70,70,70,70,70,70,70,70,70,70,70,70,70,70,170,170,173,173,173,173,173,173,173,173,173,173,173,173],"card_choices":[{"not_picked":["bronze:Iterate","bronze:Frontload"],"picked":"bronze:FollowUp","floor":2},{"not_picked":["bronze:Boost","bronze:BitShift"],"picked":"bronze:Iterate","floor":3},{"not_picked":["bronze:Invalidate","bronze:Backtrace","bronze:BitShift"],"picked":"SKIP","floor":4},{"not_picked":["bronze:Invalidate","bronze:Backtrace","bronze:BitShift"],"picked":"SKIP","floor":4},{"not_picked":["bronze:FineTuning","bronze:DelayedSlice"],"picked":"bronze:DigitalCarnage","floor":6},{"not_picked":["bronze:ItsAFeature","bronze:WildBeam","bronze:Overheat"],"picked":"SKIP","floor":9},{"not_picked":["bronze:Turbo","bronze:ChildClass"],"picked":"bronze:Repair","floor":10},{"not_picked":["bronze:Overheat","bronze:Flail"],"picked":"bronze:BronzeArmor","floor":11},{"not_picked":["bronze:Turbo","bronze:CloningBeam"],"picked":"bronze:Terminator","floor":11},{"not_picked":["bronze:Turbo","bronze:Safeguard","bronze:Overheat"],"picked":"SKIP","floor":12},{"not_picked":["bronze:WildBeam","bronze:Constructor"],"picked":"bronze:Repair","floor":13},{"not_picked":["bronze:Backtrace","bronze:BugBarrage"],"picked":"bronze:MaxOutput","floor":15},{"not_picked":["bronze:AlphaBuild","bronze:ThunderWave"],"picked":"bronze:HardenedForm","floor":16},{"not_picked":["bronze:CutThrough+1"],"picked":"SKIP","floor":19},{"not_picked":["bronze:Separator"],"picked":"SKIP","floor":20},{"not_picked":[],"picked":"bronze:Branch","floor":21},{"not_picked":["bronze:SpaghettiCode"],"picked":"SKIP","floor":22},{"not_picked":["bronze:DelayedSlice"],"picked":"SKIP","floor":23},{"not_picked":["bronze:Constructor"],"picked":"SKIP","floor":25},{"not_picked":["bronze:WildBeam+1"],"picked":"SKIP","floor":26},{"not_picked":[],"picked":"bronze:DecaBeam","floor":28},{"not_picked":["bronze:ForLoop"],"picked":"SKIP","floor":30},{"not_picked":["bronze:DelayedSlice"],"picked":"SKIP","floor":32},{"not_picked":["bronze:Allocate"],"picked":"SKIP","floor":36},{"not_picked":["bronze:Constructor+1"],"picked":"SKIP","floor":37},{"not_picked":["bronze:DarkDash"],"picked":"SKIP","floor":38},{"not_picked":["bronze:DarkDash"],"picked":"SKIP","floor":38},{"not_picked":["bronze:DarkDash"],"picked":"SKIP","floor":38},{"not_picked":["bronze:Iterate"],"picked":"SKIP","floor":43},{"not_picked":["bronze:ClassDefault+1"],"picked":"SKIP","floor":44},{"not_picked":["bronze:ClassDefault+1"],"picked":"SKIP","floor":44},{"not_picked":["bronze:Return+1"],"picked":"SKIP","floor":46},{"not_picked":["bronze:BuggyMess+1"],"picked":"SKIP","floor":47},{"not_picked":["bronze:CutThrough"],"picked":"SKIP","floor":48},{"not_picked":["bronze:ItsAFeature+1"],"picked":"SKIP","floor":49}],"player_experience":1075471,"relics_obtained":[{"floor":6,"key":"hubris:Reverence"},{"floor":7,"key":"hubris:SlimyHat"},{"floor":10,"key":"halation:PromiseList"},{"floor":21,"key":"Potion Belt"},{"floor":24,"key":"MawBank"},{"floor":26,"key":"hubris:BottledRain"},{"floor":41,"key":"aspiration:KMNothing"},{"floor":46,"key":"aspiration:KMNothing"}],"event_choices":[{"damage_healed":0,"gold_gain":0,"player_choice":"Success","damage_taken":25,"relics_obtained":["halation:SelfBoilingWater"],"max_hp_gain":0,"max_hp_loss":0,"event_name":"Scrap Ooze","floor":5,"gold_loss":0}],"is_beta":false,"boss_relics":[{"not_picked":["halation:SmartPhone","aspiration:SecretTechniqueScroll"],"picked":"Busted Crown"},{"not_picked":["Fusion Hammer","halation:Prosthetics"],"picked":"aspiration:PoetsPen_weak"}],"items_purged_floors":[37],"is_endless":false,"potions_floor_spawned":[2,3,6,9,10,15,20,23,25,26,30,32,36,43,47,48],"ascension_level":1}}