{"host":"yuhy0i501zzmn1iz","time":1611080612,"event":{"mods":["AchievementEnabler","AlwaysNeverKeys","BaseMod","Bestiary","Better Match","Better Third Choice","Curses Come First","Downfall","Minty Spire (QoL Compilation)","StSLib","slay the spire mod where everything is the same but ironclad has a cowboy hat"],"gold_per_floor":[115,115,40,40,58,83,108,149,186,212,236,259,271,293,305,414,426,457,469,23,43,53,53,15,15,15],"floor_reached":25,"language":"ENG","playtime":983,"items_purged":["Burn","Pain"],"score":300,"play_id":"a1c341a5-b6bc-4da5-afe2-bd8be22c921d","local_time":"20210119132332","is_ascension_mode":true,"campfire_choices":[{"data":"Crippling Poison","floor":13,"key":"SMITH"},{"floor":15,"key":"REST"},{"data":"Footwork","floor":23,"key":"SMITH"}],"circlet_count":0,"master_deck":["Strike_G","Strike_G","Strike_G","Strike_G","Strike_G","Defend_G","Defend_G","Defend_G","Defend_G","Defend_G","Survivor","Neutralize","Slice","Noxious Fumes","Crippling Poison+1","Blade Dance","Dodge and Roll","PiercingWail","Skewer","Footwork+1","Tools of the Trade","CurseOfTheBell","Slice+1","Finisher+1","Dagger Spray+1","Backstab+1","Eviscerate+1","Well Laid Plans"],"relics":["Ring of the Snake","NeowsBlessing","FaceOfCleric","MawBank","Toy Ornithopter","Anchor","Calling Bell","Lantern","Molten Egg 2","FossilizedHelix","WarpedTongs","Kunai"],"acts_visited":["Exordium","TheCity"],"potions_floor_usage":[12,16,22,25,25],"damage_taken":[{"damage":0,"enemies":"Jaw Worm","floor":1,"turns":1},{"damage":0,"enemies":"Small Slimes","floor":5,"turns":1},{"damage":0,"enemies":"Gremlin Nob","floor":6,"turns":1},{"damage":0,"enemies":"Cultist","floor":7,"turns":3},{"damage":21,"enemies":"3 Sentries","floor":8,"turns":6},{"damage":7,"enemies":"Lots of Slimes","floor":10,"turns":4},{"damage":27,"enemies":"Exordium Thugs","floor":11,"turns":7},{"damage":1,"enemies":"2 Fungi Beasts","floor":12,"turns":3},{"damage":5,"enemies":"Blue Slaver","floor":14,"turns":3},{"damage":41,"enemies":"Hexaghost","floor":16,"turns":10},{"damage":17,"enemies":"Chosen","floor":18,"turns":6},{"damage":6,"enemies":"Shell Parasite","floor":21,"turns":7},{"damage":19,"enemies":"Centurion and Healer","floor":22,"turns":4},{"damage":42,"enemies":"Slavers","floor":25,"turns":7}],"seed_played":"-3468036977602803868","potions_obtained":[{"floor":10,"key":"Weak Potion"},{"floor":11,"key":"Fire Potion"},{"floor":12,"key":"SneckoOil"},{"floor":14,"key":"SteroidPotion"},{"floor":16,"key":"Poison Potion"}],"is_trial":false,"path_per_floor":["M","?","$","?","M","E","M","E","T","M","M","M","R","M","R","B",null,"M","?","$","M","M","R","$","E"],"character_chosen":"THE_SILENT","items_purchased":["Finisher+1","Kunai","Dagger Spray+1","Well Laid Plans"],"campfire_rested":1,"item_purchase_floors":[20,20,20,24],"current_hp_per_floor":[70,70,70,70,71,72,73,53,53,47,21,26,26,22,45,10,62,46,46,46,41,28,28,28,0,0],"gold":15,"neow_bonus":"THREE_ENEMY_KILL","is_daily":false,"chose_seed":false,"campfire_upgraded":2,"win_rate":0.0,"timestamp":1611080612,"path_taken":["M","?","$","?","?","E","M","E","T","M","M","?","R","M","R","BOSS","M","?","$","M","M","R","?","E"],"items_purchased_type":["Card","Relic","Card","Card"],"build_version":"2020-12-22","purchased_purges":2,"victory":false,"max_hp_per_floor":[70,70,70,70,71,72,73,74,74,75,76,77,77,78,78,79,79,80,80,80,81,82,82,82,82,82],"card_choices":[{"not_picked":["Deflect","Expertise"],"picked":"Slice","floor":1},{"not_picked":["Poisoned Stab","Dagger Throw"],"picked":"Noxious Fumes","floor":5},{"not_picked":["Dodge and Roll","Grand Finale"],"picked":"Crippling Poison","floor":6},{"not_picked":["Dash","Leg Sweep"],"picked":"Blade Dance","floor":7},{"not_picked":["Concentrate","Outmaneuver","Underhanded Strike"],"picked":"SKIP","floor":8},{"not_picked":["Dagger Spray","Underhanded Strike"],"picked":"Dodge and Roll","floor":10},{"not_picked":["Deflect","Reflex"],"picked":"PiercingWail","floor":11},{"not_picked":["Prepared","Quick Slash"],"picked":"Skewer","floor":12},{"not_picked":["Dagger Spray","Blade Dance"],"picked":"Footwork","floor":14},{"not_picked":["Unload","Bullet Time"],"picked":"Tools of the Trade","floor":16},{"not_picked":["Deflect+1","Underhanded Strike+1"],"picked":"Slice+1","floor":18},{"not_picked":["Tactician+1","Concentrate"],"picked":"Backstab+1","floor":21},{"not_picked":["Underhanded Strike+1","Slice+1"],"picked":"Eviscerate+1","floor":22}],"player_experience":307137,"relics_obtained":[{"floor":6,"key":"MawBank"},{"floor":8,"key":"Toy Ornithopter"},{"floor":9,"key":"Anchor"},{"floor":17,"key":"Lantern"},{"floor":17,"key":"Molten Egg 2"},{"floor":17,"key":"FossilizedHelix"}],"event_choices":[{"damage_healed":70,"gold_gain":0,"player_choice":"Embrace Burn","damage_taken":0,"max_hp_gain":0,"max_hp_loss":70,"event_name":"betterThird:BetterShining","floor":2,"gold_loss":0},{"damage_healed":0,"gold_gain":0,"player_choice":"Trade","damage_taken":0,"relics_obtained":["FaceOfCleric"],"max_hp_gain":0,"max_hp_loss":0,"event_name":"FaceTrader","floor":4,"gold_loss":0},{"damage_healed":0,"gold_gain":0,"player_choice":"Rummage","damage_taken":0,"relics_obtained":["WarpedTongs"],"max_hp_gain":0,"max_hp_loss":0,"event_name":"Accursed Blacksmith","floor":19,"gold_loss":0,"cards_obtained":["Pain"]}],"is_beta":false,"boss_relics":[{"not_picked":["Busted Crown","Philosopher\u0027s Stone"],"picked":"Calling Bell"}],"items_purged_floors":[3,20],"is_endless":false,"potions_floor_spawned":[10,11,12,14,16],"killed_by":"Slavers","ascension_level":5}}