{"host":"obplhmlw33xb91v8","time":1611100583,"event":{"mods":["BaseMod","Block Reminder","Curses Come First","Dio Mod","Evolution","Friendly Minions","HololiveMod","Koishi","Minty Spire (QoL Compilation)","Quick Restart","Relic Stats","Shop Mod","Spicy Shops","StSLib","The IronCluck","The Servant 0.9.4","Uncapped","Waifu the Spire","Yakumo Yukari mod","Yohane!","Youmu??????","Yuyuko","egg"],"gold_per_floor":[118,133,145,23,40,40,52,65,65,82,94,104,124,143,143,143,143],"floor_reached":16,"language":"ENG","playtime":893,"items_purged":[],"score":102,"play_id":"cd5c7fa6-2c16-41b5-9c41-b203252a5e7f","local_time":"20210119185623","is_ascension_mode":false,"campfire_choices":[{"data":"dioMod:MudaMudaMuda","floor":6,"key":"SMITH"},{"floor":15,"key":"REST"}],"circlet_count":0,"master_deck":["dioMod:Strike","dioMod:Strike","dioMod:Strike","dioMod:Strike","Bite","dioMod:Defend","dioMod:Defend","dioMod:Defend","dioMod:Defend","dioMod:Freeze","dioMod:MudaMudaMuda+1","dioMod:DaggerToss","dioMod:LaserVision","dioMod:DarkRebirth","dioMod:BlendIn","dioMod:LaserVision","dioMod:Freeze","dioMod:VengefulMuda","dioMod:MudaMudaMuda","dioMod:DominatingPresence","dioMod:CoffinBath"],"relics":["dioMod:VampireBlood","EVO:Axolotl","NeowsBlessing","Dead Branch"],"acts_visited":["Exordium"],"potions_floor_usage":[5,5,10,11,16],"damage_taken":[{"damage":0,"enemies":"Small Slimes","floor":1,"turns":1},{"damage":0,"enemies":"Jaw Worm","floor":2,"turns":1},{"damage":0,"enemies":"2 Louse","floor":3,"turns":1},{"damage":31,"enemies":"Gremlin Gang","floor":5,"turns":4},{"damage":12,"enemies":"Lots of Slimes","floor":7,"turns":4},{"damage":26,"enemies":"Large Slime","floor":8,"turns":7},{"damage":6,"enemies":"3 Louse","floor":10,"turns":2},{"damage":14,"enemies":"Gremlin Gang","floor":11,"turns":5},{"damage":10,"enemies":"Exordium Thugs","floor":12,"turns":4},{"damage":19,"enemies":"Exordium Wildlife","floor":13,"turns":4},{"damage":18,"enemies":"3 Louse","floor":14,"turns":3},{"damage":86,"enemies":"Hexaghost","floor":16,"turns":12}],"seed_played":"6486152202711022633","potions_obtained":[{"floor":1,"key":"AttackPotion"},{"floor":3,"key":"AttackPotion"},{"floor":10,"key":"EntropicBrew"},{"floor":11,"key":"GamblersBrew"},{"floor":13,"key":"ColorlessPotion"}],"is_trial":false,"path_per_floor":["M","M","M","$","M","R","M","M","T","M","M","M","M","M","R","B"],"character_chosen":"THE_DEFAULT","items_purchased":["dioMod:LaserVision","dioMod:DarkRebirth"],"campfire_rested":1,"item_purchase_floors":[4,4],"current_hp_per_floor":[75,75,75,75,56,56,63,49,49,52,60,58,47,49,71,0,0],"gold":143,"neow_bonus":"THREE_ENEMY_KILL","is_daily":false,"chose_seed":false,"campfire_upgraded":1,"win_rate":0.0,"timestamp":1611100583,"path_taken":["M","M","M","$","M","R","M","M","T","M","M","M","M","M","R","BOSS"],"items_purchased_type":["Card","Card"],"build_version":"2020-12-22","purchased_purges":0,"victory":false,"max_hp_per_floor":[75,75,75,75,75,75,75,75,75,75,75,75,75,75,75,75,75],"relic_stats":{"counters":[12,48],"Dead Branch":[10],"obtain_stats":[{"NeowsBlessing":0,"dioMod:VampireBlood":0,"Dead Branch":9,"EVO:Axolotl":0},{"NeowsBlessing":0,"dioMod:VampireBlood":0,"Dead Branch":6,"EVO:Axolotl":0},{"NeowsBlessing":0,"dioMod:VampireBlood":0,"Dead Branch":18,"EVO:Axolotl":0}]},"card_choices":[{"not_picked":["dioMod:Diversion","dioMod:FlyAway"],"picked":"dioMod:Freeze","floor":1},{"not_picked":["dioMod:TripleThreat","dioMod:DisarmingVoice"],"picked":"dioMod:MudaMudaMuda","floor":2},{"not_picked":["dioMod:BloodSuck","dioMod:TripleThreat"],"picked":"dioMod:DaggerToss","floor":3},{"not_picked":["dioMod:Donut","dioMod:CutDeep"],"picked":"dioMod:BlendIn","floor":5},{"not_picked":["dioMod:DaggerToss","dioMod:SecretPlan","dioMod:TripleThreat"],"picked":"SKIP","floor":7},{"not_picked":["dioMod:UltimateSacrifice","dioMod:ComboFever"],"picked":"dioMod:LaserVision","floor":8},{"not_picked":["dioMod:Muda","dioMod:Hiss"],"picked":"dioMod:Freeze","floor":10},{"not_picked":["dioMod:WRYYY","dioMod:Roundabout"],"picked":"dioMod:VengefulMuda","floor":11},{"not_picked":["dioMod:BloodShield","dioMod:CutDeep"],"picked":"dioMod:MudaMudaMuda","floor":12},{"not_picked":["dioMod:DaggerToss","dioMod:Donut"],"picked":"dioMod:DominatingPresence","floor":13},{"not_picked":["dioMod:VengefulMuda","dioMod:BlendIn"],"picked":"dioMod:CoffinBath","floor":14}],"player_experience":223216,"relics_obtained":[{"floor":9,"key":"Dead Branch"}],"event_choices":[],"is_beta":false,"boss_relics":[],"items_purged_floors":[],"is_endless":false,"potions_floor_spawned":[1,3,10,11,13],"killed_by":"Hexaghost","ascension_level":0}}