{"host":"wjpbjfih10515nvu","time":1611029982,"event":{"mods":["BaseMod","Downfall","Minty Spire (QoL Compilation)","Quick Restart","StSLib","SuperFastMode"],"gold_per_floor":[99,116,127,142,292,292,316,316,226,238,238,259,259,289,311,414,414,414,414,90,90,90,104,127,143,143,170,192,214,242,261,280,398,398,398,416,448,215,240,240,267,299,335,377,389,460,460,505,205,205,205,254,114,114,114,114,114],"floor_reached":58,"language":"ZHS","playtime":5172,"items_purged":["downfall:Icky","hexamod:Strike","hexamod:InspiringFlames"],"score":1223,"play_id":"48f1a873-7e98-46b9-93ee-62a538b69c16","local_time":"20210119121942","is_ascension_mode":false,"campfire_choices":[{"data":"hexamod:Float","floor":1.0,"key":"SMITH"},{"data":"hexamod:SpectralAdrenaline","floor":11.0,"key":"SMITH"},{"data":"hexamod:Rewind","floor":18.0,"key":"SMITH"},{"data":"hexamod:RecurringNightmare","floor":26.0,"key":"SMITH"},{"floor":35.0,"key":"RECALL"},{"data":"expansioncontent:Chronoboost","floor":49.0,"key":"SMITH"},{"data":"Ghostly","floor":54.0,"key":"SMITH"}],"circlet_count":0,"master_deck":["hexamod:Sear","hexamod:Float+1","hexamod:ThermalTransfer+1","hexamod:Hexaguard","hexamod:SpectralAdrenaline+1","hexamod:SecondSeal","hexamod:RecurringNightmare+1","hexamod:Rewind+1","hexamod:FlameSwitch","hexamod:GhostLash+1","hexamod:ChargedBarrage","hexamod:CouncilsJustice","hexamod:CouncilsJustice","hexamod:CouncilsJustice","Ghostly+1","Ghostly+1","Ghostly+1","hexamod:DynamicBlow+1","hexamod:InspiringFlames+1","hexamod:GhostOfSpirePast","hexamod:NightmareStrike+1","hexamod:SecondSeal","hexamod:ExtraCrispy","hexamod:ParanormalForm","hexamod:PowerFromBeyond+1","hexamod:SwordOfDarkness+1","hexamod:BacktrackSmack+1","hexamod:TurnItUp","hexamod:FlamesFromBeyond+1","hexamod:GhostOfSpirePast+1","hexamod:FastForward+1","expansioncontent:Chronoboost+1","expansioncontent:AwakenDeath","expansioncontent:Chronoboost","hexamod:ApocalypticArmor"],"relics":["hexamod:UnbrokenSoul","Incense Burner","hexamod:MatchstickCase","Omamori","MutagenicStrength","Whetstone","Nilry\u0027s Codex","Vajra","Snecko Eye","Mango","War Paint","Oddly Smooth Stone","hexamod:InflammatoryLetter","Bag of Preparation","downfall:HeartBlessingRed","downfall:HeartBlessingGreen","downfall:HeartBlessingBlue","Letter Opener"],"acts_visited":["Exordium","TheCity","TheBeyond","TheEnding"],"potions_floor_usage":[57],"damage_taken":[{"damage":1.0,"enemies":"Cultist","floor":2.0,"turns":3.0},{"damage":6.0,"enemies":"Jaw Worm","floor":3.0,"turns":3.0},{"damage":5.0,"enemies":"Small Slimes","floor":4.0,"turns":4.0},{"damage":5.0,"enemies":"downfall:FleeingMerchant","floor":9.0,"turns":4.0},{"damage":0.0,"enemies":"3 Louse","floor":10.0,"turns":4.0},{"damage":0.0,"enemies":"Exordium Wildlife","floor":12.0,"turns":3.0},{"damage":18.0,"enemies":"3 Sentries","floor":14.0,"turns":9.0},{"damage":0.0,"enemies":"2 Fungi Beasts","floor":15.0,"turns":4.0},{"damage":19.0,"enemies":"WA_ARCHETYPE_RETAIN","floor":16.0,"turns":13.0},{"damage":6.0,"enemies":"downfall:FleeingMerchant","floor":20.0,"turns":4.0},{"damage":3.0,"enemies":"3 Byrds","floor":23.0,"turns":5.0},{"damage":0.0,"enemies":"Spheric Guardian","floor":25.0,"turns":2.0},{"damage":0.0,"enemies":"Centurion and Healer","floor":27.0,"turns":6.0},{"damage":0.0,"enemies":"Chosen and Byrds","floor":28.0,"turns":4.0},{"damage":0.0,"enemies":"Cultist and Chosen","floor":29.0,"turns":4.0},{"damage":0.0,"enemies":"Centurion and Healer","floor":30.0,"turns":5.0},{"damage":2.0,"enemies":"3 Cultists","floor":31.0,"turns":5.0},{"damage":16.0,"enemies":"Chosen and Byrds","floor":32.0,"turns":6.0},{"damage":11.0,"enemies":"SI_MIRROR_ARCHETYPE","floor":33.0,"turns":12.0},{"damage":0.0,"enemies":"Orb Walker","floor":36.0,"turns":3.0},{"damage":1.0,"enemies":"3 Shapes","floor":37.0,"turns":5.0},{"damage":0.0,"enemies":"downfall:FleeingMerchant","floor":38.0,"turns":5.0},{"damage":0.0,"enemies":"3 Darklings","floor":42.0,"turns":3.0},{"damage":1.0,"enemies":"Sphere and 2 Shapes","floor":43.0,"turns":6.0},{"damage":1.0,"enemies":"Reptomancer","floor":44.0,"turns":5.0},{"damage":1.0,"enemies":"Spire Growth","floor":45.0,"turns":5.0},{"damage":28.0,"enemies":"Nemesis","floor":48.0,"turns":7.0},{"damage":1.0,"enemies":"DF_ARCHETYPE_ORBS","floor":50.0,"turns":7.0},{"damage":8.0,"enemies":"downfall:CharBossMerchant","floor":52.0,"turns":8.0},{"damage":25.0,"enemies":"downfall:NeowBoss","floor":55.0,"turns":12.0},{"damage":20,"enemies":"downfall:NeowBoss","floor":56,"turns":11},{"damage":89,"enemies":"downfall:NeowBossFinal","floor":57,"turns":11}],"seed_played":"-6224550429665761723","potions_obtained":[{"floor":2.0,"key":"SteroidPotion"},{"floor":10.0,"key":"FairyPotion"},{"floor":14.0,"key":"SkillPotion"},{"floor":15.0,"key":"Dexterity Potion"},{"floor":25.0,"key":"Strength Potion"},{"floor":28.0,"key":"Ancient Potion"},{"floor":32.0,"key":"Weak Potion"},{"floor":33.0,"key":"LiquidMemories"},{"floor":36.0,"key":"SpeedPotion"},{"floor":37.0,"key":"BlessingOfTheForge"},{"floor":42.0,"key":"DuplicationPotion"}],"is_trial":false,"path_per_floor":["R","M","M","M","?","T","T","?","$","M","R","M","?","E","M","B",null,"R","?","$","?","?","M","T","M","R","M","M","M","M","M","M","B",null,"R","M","M","$","T","?","T","M","M","E","M","T","?","E","R","B",null,"E","$","R","B","B","B",null],"character_chosen":"THE_SPIRIT","items_purchased":["Whetstone","hexamod:ChargedBarrage","Mango","hexamod:TurnItUp","hexamod:ApocalypticArmor"],"campfire_rested":0,"item_purchase_floors":[20,20,38,38,53],"current_hp_per_floor":[77,76,70,65,65,65,65,65,60,60,60,60,60,42,42,23,77,77,77,71,55,38,35,35,35,35,35,35,35,35,33,17,59,38,38,38,37,51,51,51,51,51,50,49,48,48,38,10,62,62,62,62,62,62,62,62,62],"gold":114,"neow_bonus":"TEN_PERCENT_HP_BONUS","is_daily":false,"chose_seed":false,"campfire_upgraded":6,"win_rate":0.0,"timestamp":1611029982,"path_taken":["R","M","M","M","?","?","T","?","$","M","R","M","?","E","M","BOSS","R","?","$","?","?","M","T","M","R","M","?","M","M","M","M","BOSS","R","M","M","$","?","?","T","M","M","E","M","?","?","E","R","BOSS","E","$","R","BOSS","BOSS","BOSS"],"items_purchased_type":["Relic","Card","Relic","Card","Card"],"build_version":"2020-12-22","purchased_purges":3,"victory":true,"max_hp_per_floor":[77,77,77,77,77,77,77,77,77,77,77,77,77,77,77,77,77,77,77,77,77,38,38,38,38,38,38,38,38,38,38,38,38,38,38,38,38,52,52,52,52,52,52,52,52,52,52,52,62,62,62,62,62,62,62,62,62],"card_choices":[{"not_picked":["hexamod:FastForward","hexamod:SpectersWail"],"picked":"hexamod:InspiringFlames","floor":2.0},{"not_picked":["hexamod:NightmareStrike","hexamod:RainOfEmbers"],"picked":"hexamod:ThermalTransfer","floor":3.0},{"not_picked":["hexamod:SuperheatedStrike","hexamod:SpectersWail"],"picked":"hexamod:Hexaguard","floor":4.0},{"not_picked":["hexamod:Hexaguard","hexamod:RetreatToShadows"],"picked":"hexamod:SpectralAdrenaline","floor":9.0},{"not_picked":["hexamod:HauntingEcho","hexamod:GhostLash"],"picked":"hexamod:SecondSeal","floor":10.0},{"not_picked":["hexamod:FifthSeal","hexamod:Hexaguard"],"picked":"hexamod:RecurringNightmare","floor":12.0},{"not_picked":["hexamod:ShieldOfDarkness","hexamod:DynamicBlow","hexamod:SuperheatedStrike"],"picked":"SKIP","floor":14.0},{"not_picked":["hexamod:FlamesFromBeyond","hexamod:HeatCrush"],"picked":"hexamod:Rewind","floor":15.0},{"not_picked":["hexamod:Toasty","hexamod:ApocalypseNow"],"picked":"hexamod:FlameSwitch","floor":16.0},{"not_picked":["hexamod:RetreatToShadows","hexamod:Toasty"],"picked":"hexamod:GhostLash+1","floor":20.0},{"not_picked":["hexamod:RadiantFlame","hexamod:Hexaguard"],"picked":"hexamod:DynamicBlow+1","floor":23.0},{"not_picked":["hexamod:AdvancingGuard","hexamod:BurningTouch"],"picked":"hexamod:InspiringFlames+1","floor":25.0},{"not_picked":["hexamod:GhostLash","hexamod:PhantomFireball","hexamod:AdvancingGuard"],"picked":"SKIP","floor":27.0},{"not_picked":["hexamod:NightmareGuise","hexamod:ShieldOfDarkness"],"picked":"hexamod:GhostOfSpirePast","floor":28.0},{"not_picked":["hexamod:TurnItUp","hexamod:InspiringFlames","hexamod:RainOfEmbers"],"picked":"SKIP","floor":29.0},{"not_picked":["hexamod:TurnItUp","hexamod:InspiringFlames","hexamod:RainOfEmbers"],"picked":"SKIP","floor":29.0},{"not_picked":["hexamod:SpectersWail+1","hexamod:SwordOfDarkness"],"picked":"hexamod:NightmareStrike+1","floor":30.0},{"not_picked":["hexamod:SkipABeat","hexamod:BurningTouch"],"picked":"hexamod:SecondSeal","floor":31.0},{"not_picked":["hexamod:NightmareStrike+1","hexamod:ChargedBarrage"],"picked":"hexamod:ExtraCrispy","floor":32.0},{"not_picked":["hexamod:SearingWound","hexamod:GhostflameInferno"],"picked":"hexamod:ParanormalForm","floor":33.0},{"not_picked":["hexamod:InspiringFlames+1","hexamod:ShieldOfDarkness"],"picked":"hexamod:PowerFromBeyond+1","floor":36.0},{"not_picked":["hexamod:SuperheatedStrike","hexamod:ShieldOfDarkness+1"],"picked":"hexamod:SwordOfDarkness+1","floor":37.0},{"not_picked":["hexamod:RainOfEmbers+1","hexamod:FirstSeal"],"picked":"hexamod:BacktrackSmack+1","floor":38.0},{"not_picked":["hexamod:SwordOfDarkness","hexamod:ShieldOfDarkness"],"picked":"hexamod:FlamesFromBeyond+1","floor":42.0},{"not_picked":["hexamod:ExtraCrispy+1","hexamod:ShieldOfDarkness+1"],"picked":"hexamod:GhostOfSpirePast+1","floor":43.0},{"not_picked":["hexamod:AdvancingGuard","hexamod:SuperheatedStrike","hexamod:HeatShield"],"picked":"SKIP","floor":44.0},{"not_picked":["hexamod:NecessarySacrifice","hexamod:HeatCrush"],"picked":"hexamod:FastForward+1","floor":45.0},{"not_picked":["expansioncontent:LastStand","expansioncontent:HyperBeam"],"picked":"expansioncontent:Chronoboost","floor":47.0},{"not_picked":["expansioncontent:YouAreMine","expansioncontent:PrepareCrush"],"picked":"expansioncontent:AwakenDeath","floor":47.0},{"not_picked":["expansioncontent:PolyBeam","expansioncontent:GuardianWhirl"],"picked":"expansioncontent:Chronoboost","floor":47.0},{"not_picked":["hexamod:Incineration+1","hexamod:GhostShield+1","hexamod:HeatCrush"],"picked":"SKIP","floor":48.0},{"not_picked":["hexamod:Firestarter","hexamod:NightmareGuise","hexamod:PhantomFireball"],"picked":"SKIP","floor":52.0}],"player_experience":246273,"relics_obtained":[{"floor":6.0,"key":"Incense Burner"},{"floor":7.0,"key":"hexamod:MatchstickCase"},{"floor":14.0,"key":"Omamori"},{"floor":21.0,"key":"Nilry\u0027s Codex"},{"floor":24.0,"key":"Vajra"},{"floor":41.0,"key":"War Paint"},{"floor":44.0,"key":"Oddly Smooth Stone"},{"floor":46.0,"key":"hexamod:InflammatoryLetter"},{"floor":48.0,"key":"Bag of Preparation"},{"floor":52.0,"key":"Letter Opener"}],"event_choices":[{"cards_removed":["hexamod:Defend"],"damage_healed":0.0,"max_hp_gain":0.0,"max_hp_loss":0.0,"gold_gain":0.0,"event_name":"Living Wall","player_choice":"Forget","floor":13.0,"gold_loss":0.0,"damage_taken":0.0},{"damage_healed":0.0,"max_hp_gain":0.0,"max_hp_loss":0.0,"gold_gain":0.0,"event_name":"Drug Dealer","player_choice":"Inject Mutagens","floor":19.0,"gold_loss":0.0,"damage_taken":0.0,"relics_obtained":["MutagenicStrength"]}],"is_beta":false,"boss_relics":[{"not_picked":["Calling Bell","Coffee Dripper"],"picked":"hexamod:UnbrokenSoul"},{"not_picked":["bronze:MakeshiftBattery","Philosopher\u0027s Stone"],"picked":"Snecko Eye"}],"items_purged_floors":[9,20,38],"is_endless":false,"potions_floor_spawned":[2,10,14,15,25,28,32,33,36,37,42,43],"ascension_level":0}}