{"host":"oi6p1guiqfwwvxym","time":1611014943,"event":{"mods":["BaseMod","Colored Map","Minty Spire (QoL Compilation)"],"gold_per_floor":[113,113,124,143,159,159,194,205,257,257,267,283,309,309,309,388,388,408,45,55,55,55,90,90,116,141,188,200,237,264,276,288,300,300],"floor_reached":33,"language":"ENG","playtime":2743,"items_purged":["Perfected Strike+1"],"score":620,"play_id":"8d037128-1407-4d28-90e2-ed60c1905d5d","local_time":"20210118160903","is_ascension_mode":true,"campfire_choices":[{"data":"Perfected Strike","floor":6,"key":"SMITH"},{"floor":10,"key":"REST"},{"floor":15,"key":"REST"},{"floor":24,"key":"REST"},{"floor":28,"key":"REST"},{"floor":32,"key":"REST"}],"circlet_count":0,"master_deck":["AscendersBane","Strike_R+1","Strike_R+1","Defend_R+1","Defend_R+1","Defend_R+1","Defend_R+1","Bash","Twin Strike","Shrug It Off","Intimidate","Reaper","Inflame","Disarm+1","Feel No Pain","Offering","Ghostly Armor+1","Headbutt+1","Warcry+1","True Grit","Metallicize","Trip","Carnage","Whirlwind","Rage"],"relics":["Runic Pyramid","White Beast Statue","Regal Pillow","Mummified Hand","Astrolabe","InkBottle","Art of War","Blue Candle","MawBank","Letter Opener","Lantern"],"acts_visited":["Exordium","TheCity"],"potions_floor_usage":[13,16,18,23,23,27,27,29,30,31],"damage_taken":[{"damage":4,"enemies":"2 Louse","floor":1,"turns":4},{"damage":6,"enemies":"Cultist","floor":3,"turns":4},{"damage":1,"enemies":"Small Slimes","floor":4,"turns":4},{"damage":3,"enemies":"Exordium Wildlife","floor":5,"turns":4},{"damage":9,"enemies":"3 Sentries","floor":7,"turns":7},{"damage":12,"enemies":"Blue Slaver","floor":8,"turns":6},{"damage":14,"enemies":"Looter","floor":11,"turns":4},{"damage":13,"enemies":"Large Slime","floor":12,"turns":5},{"damage":30,"enemies":"Gremlin Nob","floor":13,"turns":4},{"damage":25,"enemies":"Hexaghost","floor":16,"turns":10},{"damage":25,"enemies":"Shell Parasite","floor":18,"turns":6},{"damage":21,"enemies":"Spheric Guardian","floor":20,"turns":7},{"damage":19,"enemies":"Gremlin Leader","floor":23,"turns":9},{"damage":41,"enemies":"Book of Stabbing","floor":25,"turns":9},{"damage":38,"enemies":"Gremlin Leader","floor":27,"turns":7},{"damage":50,"enemies":"Slavers","floor":29,"turns":5},{"damage":18,"enemies":"Snake Plant","floor":30,"turns":6},{"damage":11,"enemies":"Colosseum Slavers","floor":31,"turns":7},{"damage":80,"enemies":"Champ","floor":33,"turns":15}],"seed_played":"5028266894849170200","potions_obtained":[{"floor":2,"key":"EssenceOfSteel"},{"floor":2,"key":"Swift Potion"},{"floor":5,"key":"PowerPotion"},{"floor":8,"key":"FearPotion"},{"floor":13,"key":"Block Potion"},{"floor":16,"key":"EssenceOfSteel"},{"floor":18,"key":"Fruit Juice"},{"floor":23,"key":"SpeedPotion"},{"floor":25,"key":"AttackPotion"},{"floor":27,"key":"LiquidBronze"},{"floor":29,"key":"Regen Potion"},{"floor":30,"key":"DuplicationPotion"}],"is_trial":false,"path_per_floor":["M","?","M","M","M","R","E","M","T","R","M","M","E","?","R","B",null,"M","$","M","?","T","E","R","E","T","E","R","E","M","?","R","B"],"character_chosen":"IRONCLAD","items_purchased":["True Grit","Metallicize","PowerPotion","Trip"],"campfire_rested":5,"item_purchase_floors":[19,19,19,19],"current_hp_per_floor":[64,64,58,57,54,54,45,36,36,73,68,64,43,20,57,41,67,56,56,41,41,41,37,76,41,41,24,63,19,22,23,62,0,0],"gold":300,"neow_bonus":"BOSS_RELIC","is_daily":false,"chose_seed":false,"campfire_upgraded":1,"win_rate":0.0,"timestamp":1611014943,"path_taken":["M","?","?","M","M","R","E","M","T","R","M","M","E","?","R","BOSS","M","$","M","?","?","E","R","E","T","E","R","E","M","?","R","BOSS"],"items_purchased_type":["Card","Card","Potion","Card"],"build_version":"2020-12-22","purchased_purges":1,"victory":false,"max_hp_per_floor":[75,75,75,75,75,75,75,75,75,75,75,75,75,75,75,75,75,80,80,80,80,80,80,80,80,80,80,80,80,80,80,80,80,80],"card_choices":[{"not_picked":["Dual Wield","Body Slam"],"picked":"Twin Strike","floor":1},{"not_picked":["Warcry","Evolve"],"picked":"Shrug It Off","floor":3},{"not_picked":["Seeing Red","Wild Strike"],"picked":"Intimidate","floor":4},{"not_picked":["Iron Wave","Flex"],"picked":"Perfected Strike","floor":5},{"not_picked":["Spot Weakness","Shrug It Off"],"picked":"Reaper","floor":7},{"not_picked":["True Grit","Pommel Strike"],"picked":"Inflame","floor":8},{"not_picked":["Flame Barrier","Power Through"],"picked":"Disarm","floor":11},{"not_picked":["Headbutt","Body Slam","Clash"],"picked":"SKIP","floor":12},{"not_picked":["Headbutt","Seeing Red"],"picked":"Feel No Pain","floor":13},{"not_picked":["Berserk","Exhume"],"picked":"Offering","floor":16},{"not_picked":["Rupture","Thunderclap","Clash"],"picked":"SKIP","floor":18},{"not_picked":["Shrug It Off+1","Perfected Strike"],"picked":"Carnage","floor":20},{"not_picked":["Power Through","Wild Strike"],"picked":"Whirlwind","floor":23},{"not_picked":["Sentinel","Pommel Strike","Seeing Red"],"picked":"SKIP","floor":25},{"not_picked":["Bludgeon","True Grit","Intimidate+1"],"picked":"SKIP","floor":27},{"not_picked":["Wild Strike","Anger","Cleave"],"picked":"SKIP","floor":29},{"not_picked":["Perfected Strike","Searing Blow"],"picked":"Rage","floor":30}],"player_experience":367505,"relics_obtained":[{"floor":7,"key":"White Beast Statue"},{"floor":9,"key":"Regal Pillow"},{"floor":13,"key":"Mummified Hand"},{"floor":22,"key":"InkBottle"},{"floor":23,"key":"Art of War"},{"floor":25,"key":"Blue Candle"},{"floor":26,"key":"MawBank"},{"floor":27,"key":"Letter Opener"},{"floor":29,"key":"Lantern"}],"event_choices":[{"damage_healed":0,"gold_gain":0,"player_choice":"Got Potions","damage_taken":0,"max_hp_gain":0,"max_hp_loss":0,"event_name":"Lab","floor":2,"gold_loss":0},{"damage_healed":0,"gold_gain":0,"player_choice":"Entered Light","damage_taken":23,"max_hp_gain":0,"max_hp_loss":0,"event_name":"Shining Light","floor":14,"gold_loss":0,"cards_upgraded":["Disarm","Strike_R"]},{"damage_healed":0,"gold_gain":0,"player_choice":"Simplicity","damage_taken":0,"max_hp_gain":0,"max_hp_loss":0,"event_name":"Back to Basics","floor":21,"gold_loss":0,"cards_upgraded":["Strike_R","Defend_R","Defend_R","Defend_R","Defend_R"]},{"damage_healed":0,"gold_gain":0,"player_choice":"Fight","damage_taken":0,"max_hp_gain":0,"max_hp_loss":0,"event_name":"Colosseum","floor":31,"gold_loss":0},{"damage_healed":0,"gold_gain":0,"player_choice":"Fled From Nobs","damage_taken":0,"max_hp_gain":0,"max_hp_loss":0,"event_name":"Colosseum","floor":31,"gold_loss":0}],"is_beta":false,"boss_relics":[{"not_picked":["Empty Cage","Philosopher\u0027s Stone"],"picked":"Astrolabe"}],"items_purged_floors":[19],"is_endless":false,"potions_floor_spawned":[5,8,11,12,13,16,18,20,23,25,27,29,30,31],"killed_by":"Champ","ascension_level":17}}