{"host":"0bf1j2iyw2812bby","time":1611081486,"event":{"mods":["BaseMod","Colored Map","Downfall","Highlight Path","Minty Spire (QoL Compilation)","StSLib"],"gold_per_floor":[99,119,136,155,255,155,155,185,185,202,202,214,114,141,157,252,252,152,168,183,196,210,120,120,120,120,120,120,120,133,145,145,145],"floor_reached":32,"language":"ENG","playtime":1377,"items_purged":["bronze:Strike"],"score":254,"play_id":"9cce363b-a131-4ed5-a4c5-815f0f419ec9","local_time":"20210119133806","is_ascension_mode":false,"campfire_choices":[{"floor":1,"key":"RECALL"},{"data":"bronze:Branch","floor":6,"key":"SMITH"},{"data":"bronze:Boost","floor":13,"key":"SMITH"},{"data":"bronze:AlphaBuild","floor":18,"key":"SMITH"},{"data":"bronze:Strike","floor":25,"key":"PURGE"},{"data":"bronze:HardenedForm","floor":28,"key":"SMITH"}],"circlet_count":0,"master_deck":["bronze:Strike+1","bronze:Defend+1","bronze:Defend+1","bronze:Defend+1","bronze:Defend+1","bronze:Replicate","bronze:Goto","bronze:Branch+1","bronze:OilSpill","bronze:DelayedGuard","bronze:CloningBeam","bronze:OilSpill","bronze:Boost+1","bronze:HardenedForm+1","bronze:ItsAFeature","bronze:AlphaBuild+1","bronze:Boost","bronze:BuggyMess","bronze:Turbo+1","bronze:BronzeOrb","bronze:Frontload+1","bronze:Overload"],"relics":["Coffee Dripper","downfall:HeartBlessingRed","bronze:SilverBullet","Pen Nib","downfall:HeartBlessingBlue","Peace Pipe","Philosopher\u0027s Stone","downfall:HeartBlessingGreen","Potion Belt"],"acts_visited":["Exordium","TheCity"],"potions_floor_usage":[8,10,16,23,30],"damage_taken":[{"damage":6,"enemies":"Jaw Worm","floor":2,"turns":3},{"damage":0,"enemies":"Small Slimes","floor":3,"turns":3},{"damage":0,"enemies":"2 Louse","floor":4,"turns":2},{"damage":2,"enemies":"Gremlin Nob","floor":8,"turns":3},{"damage":0,"enemies":"Large Slime","floor":10,"turns":5},{"damage":17,"enemies":"Exordium Thugs","floor":12,"turns":4},{"damage":5,"enemies":"3 Sentries","floor":14,"turns":5},{"damage":0,"enemies":"3 Louse","floor":15,"turns":1},{"damage":36,"enemies":"DF_ARCHETYPE_STREAMLINE","floor":16,"turns":9},{"damage":13,"enemies":"3 Byrds","floor":19,"turns":7},{"damage":15,"enemies":"Spheric Guardian","floor":20,"turns":5},{"damage":3,"enemies":"Cultist and Chosen","floor":21,"turns":6},{"damage":24,"enemies":"Snake Plant","floor":22,"turns":2},{"damage":15,"enemies":"downfall:FleeingMerchant","floor":23,"turns":4},{"damage":6,"enemies":"Chosen and Byrds","floor":30,"turns":6},{"damage":3,"enemies":"3 Cultists","floor":31,"turns":5},{"damage":2,"enemies":"Sentry and Sphere","floor":32,"turns":3}],"seed_played":"-2138829368026538149","potions_obtained":[{"floor":4,"key":"Block Potion"},{"floor":8,"key":"EntropicBrew"},{"floor":12,"key":"Block Potion"},{"floor":21,"key":"Swift Potion"},{"floor":31,"key":"DuplicationPotion"}],"is_trial":false,"path_per_floor":["R","M","M","M","?","R","T","E","?","M","?","M","R","E","M","B",null,"R","M","M","M","M","$","T","R","?","?","R","?","M","M","M"],"character_chosen":"THE_AUTOMATON","items_purchased":[],"campfire_rested":0,"item_purchase_floors":[],"current_hp_per_floor":[70,64,64,64,64,64,64,62,62,62,55,38,48,43,43,7,80,80,67,52,49,25,10,10,10,10,10,10,10,4,1,0,0],"gold":145,"neow_bonus":"BOSS_RELIC","is_daily":false,"chose_seed":false,"campfire_upgraded":4,"win_rate":0.0,"timestamp":1611081486,"path_taken":["R","M","M","M","?","R","T","E","?","M","?","M","R","E","M","BOSS","R","M","M","M","M","$","T","R","?","?","R","?","?","M","M"],"items_purchased_type":[],"build_version":"2020-12-13","purchased_purges":1,"victory":false,"max_hp_per_floor":[70,70,70,70,70,70,70,70,70,70,70,70,80,80,80,80,80,80,80,80,80,80,80,80,80,80,80,80,80,80,80,80,80],"card_choices":[{"not_picked":["bronze:WhirlingStrike","bronze:Backtrace"],"picked":"bronze:Branch","floor":2},{"not_picked":["bronze:ForceShield","bronze:Branch"],"picked":"bronze:OilSpill","floor":3},{"not_picked":["bronze:BuggyMess","bronze:BitShift"],"picked":"bronze:DelayedGuard","floor":4},{"not_picked":["bronze:DelayedGuard","bronze:BuggyMess"],"picked":"bronze:CloningBeam","floor":8},{"not_picked":["bronze:Turbo","bronze:WildBeam"],"picked":"bronze:OilSpill","floor":10},{"not_picked":["bronze:RecursiveStrike","bronze:BitShift"],"picked":"bronze:Boost","floor":12},{"not_picked":["bronze:GetLatest","bronze:FindAndReplace"],"picked":"bronze:HardenedForm","floor":14},{"not_picked":["bronze:BitShift","bronze:DelayedGuard"],"picked":"bronze:ItsAFeature","floor":15},{"not_picked":["bronze:BurnOut","bronze:Break"],"picked":"bronze:AlphaBuild","floor":16},{"not_picked":["bronze:Branch+1","bronze:Shield"],"picked":"bronze:Boost","floor":19},{"not_picked":["bronze:BugBarrage","bronze:DelayedSlice+1"],"picked":"bronze:BuggyMess","floor":20},{"not_picked":["bronze:ItsAFeature","bronze:BronzeArmor","bronze:Invalidate"],"picked":"SKIP","floor":21},{"not_picked":["bronze:CutThrough","bronze:BurnOut"],"picked":"bronze:Turbo+1","floor":22},{"not_picked":["bronze:MaxOutput","bronze:HyperBeam"],"picked":"bronze:BronzeOrb","floor":23},{"not_picked":["bronze:GetLatest+1","bronze:Flail"],"picked":"bronze:Frontload+1","floor":30},{"not_picked":["bronze:Shield","bronze:Frontload+1"],"picked":"bronze:Overload","floor":31}],"player_experience":342277,"relics_obtained":[{"floor":8,"key":"bronze:SilverBullet"},{"floor":14,"key":"Peace Pipe"},{"floor":24,"key":"Potion Belt"}],"event_choices":[{"damage_healed":0,"gold_gain":0,"player_choice":"Success","damage_taken":7,"relics_obtained":["Pen Nib"],"max_hp_gain":0,"max_hp_loss":0,"event_name":"Scrap Ooze","floor":11,"gold_loss":0},{"cards_removed":["bronze:Strike"],"damage_healed":0,"gold_gain":0,"player_choice":"Offered Basic","damage_taken":0,"max_hp_gain":0,"max_hp_loss":0,"event_name":"Bonfire Elementals","floor":29,"gold_loss":0}],"is_beta":false,"boss_relics":[{"not_picked":["Velvet Choker","Pandora\u0027s Box"],"picked":"Philosopher\u0027s Stone"}],"items_purged_floors":[23],"is_endless":false,"potions_floor_spawned":[4,8,12,21,22,31],"killed_by":"Sentry and Sphere","ascension_level":0}}