{"host":"5tnmlfm2arf82kze","time":1611050793,"event":{"mods":["Act Like it!","Arknights The Spire","BaseMod","CapriCore","Colored Powertips","Gensokyo","Minty Spire (QoL Compilation)","MostiFishMod","Remilia（蕾米莉亚）","Replay The Spire","RumiaBox-露米娅的神秘盒子","Shop Mod","Spicy Shops","StSLib","Waifu the Spire","Yuyuko","【功能Mod】聪明的最终Boss"],"gold_per_floor":[119,136,147,163,53,87,87,87,87,113,123,133,152,169,169,270,270,287,373,387,387,401,433,443,443,443,443,460,477,504,504,504,601,601,611,623,635,151,151,151],"floor_reached":39,"language":"ZHS","playtime":3667,"items_purged":[],"score":464,"play_id":"b2b5f03e-f8c9-4e2f-81f8-34f7b60607dc","local_time":"20210119180633","is_ascension_mode":false,"campfire_choices":[{"data":"ats:Emotion Absorption","floor":8.0,"key":"SMITH"},{"data":"ats:Counter Healing Mode","floor":25,"key":"SMITH"},{"data":"ats:Dogmatic Field","floor":32,"key":"SMITH"},{"data":"ats:Soul Rend","floor":32,"key":"SMITH"}],"circlet_count":0,"master_deck":["ats:Strike C","ats:Strike G","ats:Strike S","ats:Strike V","ats:Armor Crushing Shot","ats:Defend","ats:Defend","ats:Defend","ats:Defend","ats:Emotion Absorption+1","ats:Neurotoxin","ats:Support Order","ats:Overload","ats:Neurotoxin","ats:Shell Defense+1","ats:Automatic Cover","ats:Counter Healing Mode+1","ats:Consecutive Shot Auto","ats:Encircling Forest","ats:Steam Pump","ats:Soul Rend+1","ats:Curse Doll","ats:Overload+1","ats:Apocalypse","ats:Burning Ground","ats:Calcification+1","ats:Shell Defense+1","ats:Burning Ground+1","ats:Explosion Area Strengthen+1","Pain","ats:Blood Oath+1","ats:Thermite Blade+1","ats:Dogmatic Field+1","ats:Dogmatic Field","ats:Shadow Raid+1","ats:Collapsing Strike+1","ats:Soul Rend","Gensokyo:Shovel","Gensokyo:BlemishedSteel","Gensokyo:DepletedGenerator"],"relics":["ats:Sanity","DaveBox","HollowDreamFlower","ats:Originium","Art of War","ats:Lavender","LastBattle","EasyGame_NEW","Toy Ornithopter","SentryEyes","WarpedTongs","Replay:Arrowhead","ChiXiaoBlade","Civilization","ChiLing","Chi","Ling"],"acts_visited":["Exordium","TheCity","Gensokyo:Gensokyoest"],"potions_floor_usage":[28,30,39],"damage_taken":[{"damage":8.0,"enemies":"Cultist","floor":1.0,"turns":6.0},{"damage":6.0,"enemies":"Jaw Worm","floor":2.0,"turns":4.0},{"damage":7.0,"enemies":"Small Slimes","floor":3.0,"turns":5.0},{"damage":11.0,"enemies":"Exordium Thugs","floor":4.0,"turns":5.0},{"damage":16.0,"enemies":"Gremlin Nob","floor":6.0,"turns":4.0},{"damage":21.0,"enemies":"Lagavulin","floor":10.0,"turns":7.0},{"damage":0.0,"enemies":"Blue Slaver","floor":11.0,"turns":3.0},{"damage":1.0,"enemies":"2 Fungi Beasts","floor":12.0,"turns":3.0},{"damage":0.0,"enemies":"Gremlin Gang","floor":13.0,"turns":4.0},{"damage":8.0,"enemies":"Large Slime","floor":14.0,"turns":6.0},{"damage":38.0,"enemies":"Slime Boss","floor":16.0,"turns":11.0},{"damage":24.0,"enemies":"2 Thieves","floor":18.0,"turns":4.0},{"damage":18.0,"enemies":"Spheric Guardian","floor":20.0,"turns":5.0},{"damage":26.0,"enemies":"Snake Plant","floor":22.0,"turns":3.0},{"damage":13.0,"enemies":"Slavers","floor":23.0,"turns":4.0},{"damage":44.0,"enemies":"Snecko","floor":24.0,"turns":7.0},{"damage":13,"enemies":"Cultist and Chosen","floor":28,"turns":4},{"damage":15,"enemies":"3 Cultists","floor":29,"turns":3},{"damage":6,"enemies":"Book of Stabbing","floor":30,"turns":4},{"damage":71,"enemies":"Automaton","floor":33,"turns":8},{"damage":17,"enemies":"Gensokyo:3_Bats","floor":35,"turns":3},{"damage":7,"enemies":"Gensokyo:3_Boulders","floor":36,"turns":3},{"damage":66,"enemies":"Gensokyo:AtlasGolem","floor":37,"turns":5},{"damage":64,"enemies":"Gensokyo:Rafflesia","floor":39,"turns":6}],"seed_played":"-8967665380439996803","potions_obtained":[{"floor":1.0,"key":"ats:Top Emergency Sanity Potion"},{"floor":2.0,"key":"ats:Emergency Sanity Potion"},{"floor":4.0,"key":"EntropicBrew"},{"floor":12.0,"key":"Strength Potion"},{"floor":16.0,"key":"Dexterity Potion"},{"floor":20.0,"key":"Flashbang"},{"floor":36,"key":"AttackPotion"},{"floor":37,"key":"ColorlessPotion"}],"is_trial":false,"path_per_floor":["M","M","M","M","$","E","?","R","T","E","M","M","M","M","R","B",null,"M","?","M","?","M","E","M","R","T","?","M","M","E","?","R","B",null,"M","M","M","COS","M"],"character_chosen":"DOCTOR_CLASS","items_purchased":["ats:Neurotoxin"],"campfire_rested":0,"item_purchase_floors":[5],"current_hp_per_floor":[71,69,66,59,59,47,79,79,79,66,76,79,79,76,79,54,79,59,59,57,57,40,38,13,13,13,13,21,21,38,38,38,46,79,74,75,36,36,0,0],"gold":151,"neow_bonus":"TEN_PERCENT_HP_BONUS","is_daily":false,"chose_seed":false,"campfire_upgraded":4,"win_rate":0.0,"timestamp":1611050793,"path_taken":["M","M","?","M","$","E","?","R","T","E","M","?","M","M","R","BOSS","M","?","M","?","M","E","?","R","T","?","?","M","E","?","R","BOSS","M","M","M","COS","M"],"items_purchased_type":["Card"],"build_version":"2020-12-22","purchased_purges":0,"victory":false,"max_hp_per_floor":[79,79,79,79,79,79,79,79,79,79,79,79,79,79,79,79,79,79,79,79,79,79,79,79,79,79,79,79,79,79,79,79,79,79,79,79,79,79,79,79],"card_choices":[{"not_picked":["ats:Soul Absorption","ats:Assault Order"],"picked":"ats:Neurotoxin","floor":1.0},{"not_picked":["ats:Curse Doll","ats:Apocalypse"],"picked":"ats:Magnetic Hammer","floor":2.0},{"not_picked":["ats:Hammer On","ats:Childhood Dance"],"picked":"ats:Support Order","floor":3.0},{"not_picked":["ats:Hammer On","ats:Neurotoxin"],"picked":"ats:Overload","floor":4.0},{"not_picked":["ats:Poison Spread","ats:Revitalization"],"picked":"ats:Shell Defense","floor":6.0},{"not_picked":["ats:Overload","ats:Support Order"],"picked":"ats:Automatic Cover","floor":10.0},{"not_picked":["ats:Shell Defense","ats:Magnetic Hammer"],"picked":"ats:Counter Healing Mode","floor":11.0},{"not_picked":["ats:Childhood Dance","ats:Cat Scratch"],"picked":"ats:Consecutive Shot Auto","floor":12.0},{"not_picked":["ats:Powerful Strike","ats:Explosion Area Strengthen"],"picked":"ats:Encircling Forest","floor":13.0},{"not_picked":["ats:Poison Spread","ats:Curse Doll"],"picked":"ats:Steam Pump","floor":14.0},{"not_picked":["ats:Roar Of Ursus","ats:Calcification"],"picked":"ats:Soul Rend","floor":16.0},{"not_picked":["ats:Consecutive Shot Auto","ats:Leaping Hammer"],"picked":"ats:Curse Doll","floor":18.0},{"not_picked":["ats:Collapsing Strike+1","ats:Very Hot Blade"],"picked":"ats:Overload+1","floor":19.0},{"not_picked":["ats:Hammer On","ats:Revitalization"],"picked":"ats:Apocalypse","floor":19.0},{"not_picked":["ats:Defend Order","ats:Encircling Forest"],"picked":"ats:Burning Ground","floor":19.0},{"not_picked":["ats:Childhood Dance+1","ats:Mental Burst+1"],"picked":"ats:Calcification","floor":20.0},{"not_picked":["ats:Leaping Hammer","ats:Curse Doll+1"],"picked":"ats:Shell Defense+1","floor":22.0},{"not_picked":["ats:Blood Oath","ats:Closed Bolt Burst Fire"],"picked":"ats:Burning Ground+1","floor":23.0},{"not_picked":["ats:Apocalypse","ats:Sunburst"],"picked":"ats:Explosion Area Strengthen+1","floor":24},{"not_picked":["ats:Counter Healing Mode+1","ats:Composite Medical Shells"],"picked":"ats:Blood Oath+1","floor":28},{"not_picked":["ats:Guardian Obelisk","ats:Magnetic Hammer"],"picked":"ats:Thermite Blade+1","floor":29},{"not_picked":["ats:Childhood Dance","ats:Thorns"],"picked":"ats:Dogmatic Field","floor":30},{"not_picked":["ats:Wolf Pack","ats:True Silver Slash"],"picked":"ats:Dogmatic Field","floor":33},{"not_picked":["ats:Ignite+1","ats:Sunburst"],"picked":"ats:Shadow Raid+1","floor":35},{"not_picked":["ats:Flexible Camouflage","ats:Poison Spread"],"picked":"ats:Collapsing Strike+1","floor":36},{"not_picked":["ats:Song Of Battle","ats:Childhood Dance+1"],"picked":"ats:Soul Rend","floor":37}],"player_experience":218609,"relics_obtained":[{"floor":6.0,"key":"ats:Originium"},{"floor":6.0,"key":"Art of War"},{"floor":9.0,"key":"ats:Lavender"},{"floor":10.0,"key":"ats:Originium"},{"floor":10.0,"key":"LastBattle"},{"floor":23.0,"key":"ats:Originium"},{"floor":23.0,"key":"Toy Ornithopter"},{"floor":26,"key":"SentryEyes"},{"floor":30,"key":"Replay:Arrowhead"}],"event_choices":[{"cards_removed":["ats:Magnetic Hammer"],"damage_healed":32.0,"max_hp_gain":0.0,"max_hp_loss":0.0,"gold_gain":0.0,"event_name":"Bonfire Elementals","player_choice":"Offered Uncommon","floor":7.0,"gold_loss":0.0,"damage_taken":0.0},{"damage_healed":0.0,"max_hp_gain":0.0,"max_hp_loss":0.0,"gold_gain":0.0,"event_name":"Upgrade Shrine","player_choice":"Upgraded","floor":21.0,"gold_loss":0.0,"damage_taken":0.0,"cards_upgraded":["ats:Calcification"]},{"damage_healed":0,"gold_gain":0,"player_choice":"Rummage","damage_taken":0,"relics_obtained":["WarpedTongs"],"max_hp_gain":0,"max_hp_loss":0,"event_name":"Accursed Blacksmith","floor":27,"gold_loss":0,"cards_obtained":["Pain"]},{"damage_healed":0,"gold_gain":0,"player_choice":"Ignored","damage_taken":0,"max_hp_gain":0,"max_hp_loss":0,"event_name":"Cursed Tome","floor":31,"gold_loss":0}],"is_beta":false,"boss_relics":[{"not_picked":["Ring of Chaos","TakeMeEscape"],"picked":"EasyGame_NEW"},{"not_picked":["Tiny House","Snecko Eye"],"picked":"ChiXiaoBlade"}],"items_purged_floors":[],"is_endless":false,"potions_floor_spawned":[1,2,4,12,14,16,18,20,22,24,36,37],"killed_by":"Gensokyo:Rafflesia","ascension_level":0}}