{"host":"vi6yeph7oxdwzn8s","time":1611021053,"event":{"mods":["Act Like it!","BaseMod","CapriCore","Colored Powertips","Gensokyo","GifTheSpireLib","Koishi","Lobotomy","LobotomyExtend","Marisa£®ÏF”Í°°ƒß¿Ì…≥£©","Minty Spire (QoL Compilation)","Reimu£®≤©¿ˆ¡È√Œ£©","Remilia£®¿Ÿ√◊¿Ú—«£©","StSLib","The Animator","The Immortal","WarShipGirlsR/’ΩΩ¢…Ÿ≈ÆR mod","Yakumo Yukari mod","Youmu£®ªÍ∆«—˝√Œ£©","Yuyuko"],"gold_per_floor":[113,113,73,73,47,47,76,76,76,76,76,93,109,128,128,223,223,237,237,237,252,270,301,301,316,316,351,364,380,414,374,374,479,479,494,56,8,8,8,33,33,33,33,68,68,100,112,130,130,130,130,130,5,36,36],"floor_reached":56,"language":"ZHS","playtime":3418,"items_purged":[],"score":1416,"play_id":"36a87cfb-da54-480f-a6c7-f6318547e8a5","local_time":"20210119095053","is_ascension_mode":false,"campfire_choices":[{"data":"ConstancyOfTheConventionalTruth","floor":6.0,"key":"SMITH"},{"data":"HellFireSword","floor":8.0,"key":"SMITH"},{"data":"SwordExtraction","floor":15.0,"key":"SMITH"},{"data":"HeavenSword","floor":24.0,"key":"SMITH"},{"floor":32.0,"key":"RECALL"},{"data":"HeavenGodSword","floor":41,"key":"SMITH"},{"data":"SwordExtraction","floor":49,"key":"SMITH"},{"data":"WheelOfPainOfLivingAndDead","floor":52,"key":"SMITH"}],"circlet_count":0,"master_deck":["Strike_YM","Strike_YM+1","Strike_YM","Strike_YM","Defend_YM","Defend_YM+1","Defend_YM","Defend_YM","SlashOfPresentWorld","WheelOfPainOfLivingAndDead+1","DispleasureOfTheSevenHakus+1","ConstancyOfTheConventionalTruth+1","HellFireSword+1","CrescentMoonSlash","HumanKnowledgeSword","SwordExtraction+1","ConstancyOfTheConventionalTruth+1","SwordExtraction+1","ThreeKonsSevenHakus+1","ConstancyOfTheConventionalTruth+1","SanzenSekai+1","Gensokyo:ImpossibleRequest","CrescentMoonSlash+1","ObsessionWithThePresentWorld+1","TenKingsRetributionOnThePreta+1","FlashingScatteredFlowers","HeavenGodSword+1","TransmigrationSlash+1","Gensokyo:BlemishedSteel","CrescentMoonSlash","Gensokyo:PrivateSquare","Pride","Gensokyo:EverlastingLife+1","Pain","SubcavityInstant:ReiMu+1","SuddenPhantomFormationSlashOfKarmicWind","ThreeKonsSevenHakus+1"],"relics":["HalfPhantom","LetterFromLob","PaintedHorse:ReiMu","ChestCloth","Lantern","Cursed Key","Gensokyo:ConquerorOfFear","Juzu Bracelet","Kunai","Boot","Black Star","Sling","PrismaticShard","Gensokyo:EmptyGrave","Toxic Egg 2","Mercury Hourglass","Shuriken","Potion Belt","MealTicket","Bottled Lightning","Ancient Tea Set","Pear","Anchor"],"acts_visited":["Exordium","Gensokyo:Gensokyoer","Gensokyo:Gensokyoest","TheEnding"],"potions_floor_usage":[40,50,55,55,55,55],"damage_taken":[{"damage":2.0,"enemies":"Jaw Worm","floor":1.0,"turns":4.0},{"damage":11.0,"enemies":"Gremlin Nob","floor":7.0,"turns":5.0},{"damage":0.0,"enemies":"2 Louse","floor":12.0,"turns":2.0},{"damage":0.0,"enemies":"Small Slimes","floor":13.0,"turns":2.0},{"damage":0.0,"enemies":"2 Fungi Beasts","floor":14.0,"turns":3.0},{"damage":0.0,"enemies":"The Guardian","floor":16.0,"turns":12.0},{"damage":5.0,"enemies":"Gensokyo:AngelMirror","floor":18.0,"turns":3.0},{"damage":0.0,"enemies":"Gensokyo:3_Dogs","floor":21.0,"turns":6.0},{"damage":0.0,"enemies":"Gensokyo:Slime_Group","floor":22.0,"turns":5.0},{"damage":26.0,"enemies":"Gensokyo:Reisen","floor":23.0,"turns":9.0},{"damage":5.0,"enemies":"Gensokyo:Wraith","floor":25.0,"turns":5.0},{"damage":0.0,"enemies":"Gensokyo:Koishi","floor":27.0,"turns":7.0},{"damage":0.0,"enemies":"Gensokyo:3_Gloops","floor":28.0,"turns":3.0},{"damage":0.0,"enemies":"Gensokyo:Chomper_and_Gloop","floor":29.0,"turns":4.0},{"damage":8.0,"enemies":"Gensokyo:Reisen","floor":30.0,"turns":6.0},{"damage":0.0,"enemies":"Gensokyo:Eiki","floor":33.0,"turns":7.0},{"damage":5,"enemies":"Gensokyo:3_Boulders","floor":35,"turns":5},{"damage":5,"enemies":"Gensokyo:Doremy","floor":40,"turns":6},{"damage":10,"enemies":"Gensokyo:Marisa","floor":44,"turns":4},{"damage":36,"enemies":"Gensokyo:Kasen","floor":46,"turns":8},{"damage":1,"enemies":"Gensokyo:3_Bats","floor":47,"turns":4},{"damage":2,"enemies":"Gensokyo:Sharpion","floor":48,"turns":4},{"damage":349,"enemies":"Gensokyo:Scarlet_Devils","floor":50,"turns":14},{"damage":90,"enemies":"Shield and Spear","floor":54,"turns":10},{"damage":127,"enemies":"The Heart","floor":55,"turns":14}],"seed_played":"-6094781038744535736","potions_obtained":[{"floor":7.0,"key":"CausticAgent"},{"floor":12.0,"key":"Fire Potion"},{"floor":14.0,"key":"Weak Potion"},{"floor":16.0,"key":"AttackPotion"},{"floor":22.0,"key":"ZuzhouPotion:ReiMu"},{"floor":25.0,"key":"SwordSoul"},{"floor":27.0,"key":"SkillPotion"},{"floor":29.0,"key":"Swift Potion"},{"floor":33.0,"key":"Regen Potion"},{"floor":40,"key":"CausticAgent"},{"floor":48,"key":"SteroidPotion"},{"floor":54,"key":"Explosive Potion"}],"is_trial":false,"path_per_floor":["M","?","?","?","$","R","E","R","T","?","?","M","M","M","R","B",null,"M","?","?","M","M","E","R","M","T","E","M","M","E","?","R","B",null,"M","COS","$","?","?","E","R","$","T","E","?","E","M","M","R","B",null,"R","$","E","B",null],"character_chosen":"YOUMU","items_purchased":["ConstancyOfTheConventionalTruth","CrescentMoonSlash","SuddenPhantomFormationSlashOfKarmicWind","ThreeKonsSevenHakus+1"],"campfire_rested":0,"item_purchase_floors":[5,37,53,53],"current_hp_per_floor":[73,73,73,58,58,58,47,47,47,52,52,52,52,52,52,52,80,75,75,75,75,75,80,80,75,75,75,75,75,67,67,67,67,80,75,75,75,74,74,74,74,74,74,64,64,40,73,71,71,52,74,74,74,84,80],"gold":36,"neow_bonus":"","is_daily":false,"chose_seed":false,"campfire_upgraded":7,"win_rate":0.0,"timestamp":1611021053,"path_taken":["M","?","?","?","$","R","E","R","T","?","?","M","?","M","R","BOSS","M","?","?","M","M","E","R","M","T","E","M","M","E","?","R","BOSS","M","COS","?","?","?","E","R","$","T","E","?","E","M","M","R","BOSS","R","$","E","BOSS"],"items_purchased_type":["Card","Card","Card","Card"],"build_version":"2020-12-22","purchased_purges":0,"victory":true,"max_hp_per_floor":[75,75,75,75,75,75,75,75,75,80,80,80,80,80,80,80,80,80,80,80,80,80,80,80,80,80,80,80,80,80,80,80,80,80,80,80,80,74,74,74,74,74,74,74,74,74,74,74,74,74,74,74,74,84,84],"card_choices":[{"not_picked":["SpiritCuttingSword","CrescentMoonSlash"],"picked":"DispleasureOfTheSevenHakus","floor":1.0},{"not_picked":["HumanKnowledgeSword","SlashOfAscensionToBuddhahood"],"picked":"HellFireSword","floor":7.0},{"not_picked":["CherryBlossomFlashing","SwordOfBindingDesires"],"picked":"CrescentMoonSlash","floor":12.0},{"not_picked":["LifeCuttingSword","SpiderLilyBurial"],"picked":"HumanKnowledgeSword","floor":13.0},{"not_picked":["SlashOfTheEternalFuture","SlashOfMeditation"],"picked":"SwordExtraction","floor":14.0},{"not_picked":["ReincarnationSword","GreatEnlightenmentAppearingAndDisappearing"],"picked":"HeavenSword","floor":16.0},{"not_picked":["LowerRealmReflectionSlash","TwoHundredYojanaInOneSlash"],"picked":"ConstancyOfTheConventionalTruth+1","floor":18.0},{"not_picked":["SwordOfBindingDesires","HeavenlyHaloSlash"],"picked":"SwordExtraction","floor":21.0},{"not_picked":["SanzenSekai+1","TenKingsRetributionOnThePreta"],"picked":"ThreeKonsSevenHakus+1","floor":22.0},{"not_picked":["LifeCuttingSword","PhosphoricSlash"],"picked":"ConstancyOfTheConventionalTruth","floor":23.0},{"not_picked":["LowerRealmReflectionSlash","TwoHundredYojanaInOneSlash"],"picked":"SanzenSekai+1","floor":25.0},{"not_picked":["LotusPostureSlash","ThreeKonsSevenHakus"],"picked":"CrescentMoonSlash+1","floor":27.0},{"not_picked":["SpiderLilyBurial+1","SlashOfDepartureFromHesitation"],"picked":"ObsessionWithThePresentWorld+1","floor":28.0},{"not_picked":["DispleasureOfTheSevenHakus","AsuraSword"],"picked":"TenKingsRetributionOnThePreta+1","floor":29.0},{"not_picked":["SanzenSekai","HumanKnowledgeSword+1"],"picked":"FlashingScatteredFlowers","floor":30.0},{"not_picked":["GreatEnlightenmentAppearingAndDisappearing","HellRealmSword"],"picked":"HeavenGodSword","floor":33.0},{"not_picked":["KarmicPunishmentOfTheIdleAndUnfocused","BloodOfAsura+1"],"picked":"TransmigrationSlash+1","floor":35},{"not_picked":["TwoHundredYojanaInOneSlash+1","Distraction+1"],"picked":"Gensokyo:EverlastingLife+1","floor":40},{"not_picked":["Koishi:DreadfulBlow","animator:Archer+1","Dagger Spray"],"picked":"SKIP","floor":44},{"not_picked":["Mirror_FormAndEmptin_purple+1","animator:FielNirvalen+1"],"picked":"SubcavityInstant:ReiMu+1","floor":46},{"not_picked":["animator:Hakurou+1","Machine Learning","rmod:steelsupply+1"],"picked":"SKIP","floor":46},{"not_picked":["EmptyFist","Regret_ego","PrepareRite:ReiMu+1"],"picked":"SKIP","floor":47},{"not_picked":["MokouMod:Scorch+1","rmod:steelsupply+1","Reinforced Body+1"],"picked":"SKIP","floor":48},{"not_picked":["rmod:aluminumsupply+1","Chill+1","VampirishNight+1"],"picked":"SKIP","floor":54}],"player_experience":0,"relics_obtained":[{"floor":1.0,"key":"LetterFromLob"},{"floor":7.0,"key":"ChestCloth"},{"floor":9.0,"key":"Lantern"},{"floor":21.0,"key":"Gensokyo:ConquerorOfFear"},{"floor":23.0,"key":"Juzu Bracelet"},{"floor":27.0,"key":"Kunai"},{"floor":30.0,"key":"Boot"},{"floor":40,"key":"Toxic Egg 2"},{"floor":40,"key":"Mercury Hourglass"},{"floor":43,"key":"Shuriken"},{"floor":44,"key":"Potion Belt"},{"floor":44,"key":"MealTicket"},{"floor":46,"key":"Bottled Lightning"},{"floor":46,"key":"Ancient Tea Set"},{"floor":54,"key":"Pear"},{"floor":54,"key":"Anchor"}],"event_choices":[{"damage_healed":0.0,"max_hp_gain":0.0,"max_hp_loss":0.0,"gold_gain":0.0,"event_name":"Living Wall","player_choice":"Grow","floor":2.0,"gold_loss":0.0,"damage_taken":0.0,"cards_upgraded":["DispleasureOfTheSevenHakus"]},{"damage_healed":0.0,"max_hp_gain":0.0,"max_hp_loss":0.0,"gold_gain":0.0,"event_name":"yidonshenshe","player_choice":"»˚«Æ","floor":3.0,"gold_loss":40.0,"damage_taken":0.0,"relics_obtained":["PaintedHorse:ReiMu"]},{"damage_healed":0.0,"max_hp_gain":0.0,"max_hp_loss":0.0,"gold_gain":0.0,"event_name":"Shining Light","player_choice":"Entered Light","floor":4.0,"gold_loss":0.0,"damage_taken":15.0,"cards_upgraded":["Defend_YM","Strike_YM"]},{"damage_healed":0.0,"max_hp_gain":5.0,"max_hp_loss":0.0,"gold_gain":0.0,"event_name":"Big Fish","player_choice":"Donut","floor":10.0,"gold_loss":0.0,"damage_taken":0.0}],"is_beta":false,"boss_relics":[{"not_picked":["Velvet Choker","Fusion Hammer"],"picked":"Cursed Key"},{"not_picked":["SacredBark","Sozu"],"picked":"Black Star"}],"items_purged_floors":[],"is_endless":false,"potions_floor_spawned":[7,12,14,16,22,25,27,29,33,35,40,48,54],"ascension_level":0}}