{"host":"obplhmlw33xb91v8","time":1611081858,"event":{"mods":["BaseMod","Block Reminder","Curses Come First","Evolution","Minty Spire (QoL Compilation)","Quick Restart","Relic Stats","Spicy Shops","StSLib","Uncapped","Waifu the Spire","slay the spire mod where everything is the same but ironclad has a cowboy hat"],"gold_per_floor":[110,27,39,58,58,83,100,100,100],"floor_reached":8,"language":"ENG","playtime":369,"items_purged":[],"score":73,"play_id":"73612f57-7d69-429c-8890-4ffcc6ebf58b","local_time":"20210119134418","is_ascension_mode":true,"campfire_choices":[],"circlet_count":0,"master_deck":["Strike_G","Strike_G","Strike_G","Strike_G","Strike_G","Defend_G","Defend_G","Defend_G","Defend_G","Defend_G","Survivor","Neutralize","Outmaneuver","Crippling Poison","Underhanded Strike","Distraction","Flying Knee","Backflip","Noxious Fumes"],"relics":["EVO:Axolotl","Philosopher\u0027s Stone","Meat on the Bone","Bag of Marbles"],"acts_visited":["Exordium"],"potions_floor_usage":[],"damage_taken":[{"damage":5,"enemies":"Cultist","floor":1,"turns":5},{"damage":3,"enemies":"Jaw Worm","floor":3,"turns":4},{"damage":0,"enemies":"2 Louse","floor":4,"turns":2},{"damage":43,"enemies":"3 Sentries","floor":6,"turns":12},{"damage":11,"enemies":"Exordium Wildlife","floor":7,"turns":4},{"damage":38,"enemies":"Lagavulin","floor":8,"turns":6}],"seed_played":"8799978303735463616","potions_obtained":[{"floor":4,"key":"SpeedPotion"},{"floor":7,"key":"Ancient Potion"}],"is_trial":false,"path_per_floor":["M","$","M","M","?","E","M","E"],"character_chosen":"THE_SILENT","items_purchased":["Crippling Poison","Underhanded Strike"],"campfire_rested":0,"item_purchase_floors":[2,2],"current_hp_per_floor":[65,65,62,62,62,31,32,0,0],"gold":100,"neow_bonus":"BOSS_RELIC","is_daily":false,"chose_seed":false,"campfire_upgraded":0,"win_rate":0.0,"timestamp":1611081858,"path_taken":["M","?","?","M","?","E","M","E"],"items_purchased_type":["Card","Card"],"build_version":"2020-12-22","purchased_purges":0,"victory":false,"max_hp_per_floor":[70,70,70,70,70,70,70,70,70],"relic_stats":{"counters":[6,33],"obtain_stats":[{"Philosopher\u0027s Stone":0,"Bag of Marbles":6,"EVO:Axolotl":0,"Ring of the Snake":0,"Meat on the Bone":5},{"Philosopher\u0027s Stone":0,"Bag of Marbles":4,"EVO:Axolotl":0,"Ring of the Snake":0,"Meat on the Bone":3},{"Philosopher\u0027s Stone":0,"Bag of Marbles":23,"EVO:Axolotl":0,"Ring of the Snake":0,"Meat on the Bone":11}],"Meat on the Bone":24},"card_choices":[{"not_picked":["Dodge and Roll","Blur"],"picked":"Outmaneuver","floor":1},{"not_picked":["Acrobatics","Bouncing Flask"],"picked":"Distraction","floor":3},{"not_picked":["Quick Slash","Finisher"],"picked":"Flying Knee","floor":4},{"not_picked":["Deflect","Skewer"],"picked":"Backflip","floor":6},{"not_picked":["Flying Knee","Finisher"],"picked":"Noxious Fumes","floor":7}],"player_experience":207642,"relics_obtained":[{"floor":6,"key":"Bag of Marbles"}],"event_choices":[{"damage_healed":0,"gold_gain":0,"player_choice":"Gave Potion","damage_taken":0,"relics_obtained":["Meat on the Bone"],"max_hp_gain":0,"max_hp_loss":0,"event_name":"WeMeetAgain","floor":5,"gold_loss":0}],"is_beta":false,"boss_relics":[],"items_purged_floors":[],"is_endless":false,"potions_floor_spawned":[4,7],"killed_by":"Lagavulin","ascension_level":5}}