{"host":"e6sgj53qqwx3piqv","time":1611081588,"event":{"mods":["AchievementEnabler","Aspiration","BaseMod","BetterRewards","Colored Powertips","Downfall","Hermit","Hubris","Infinite Spire","Minty Spire (QoL Compilation)","Quick Restart","Rare Cards Sparkle","Shop Mod","StSLib","The Cursed","The Disciple","The Jungle","The Runesmith"],"gold_per_floor":[112,187,187,187,201,236,254,269,269,287,287,34,34,46,46,142,142,162,178,6,21,38,38,54,54,133,133,133],"floor_reached":27,"language":"ENG","playtime":3553,"items_purged":[],"score":242,"play_id":"435e69f3-aab1-41ef-8b38-2243b0f03718","local_time":"20210119133948","is_ascension_mode":false,"campfire_choices":[{"data":"Dramatic Entrance","floor":15,"key":"SMITH"},{"floor":23,"key":"REST"}],"circlet_count":0,"master_deck":["Strike_P","Strike_P","Strike_P","Strike_P","Defend_P","Defend_P","Defend_P","Defend_P","Eruption","Vigilance+1","ClearTheMind+1","Prostrate","Halt","FollowUp","FollowUp","EmptyBody","Dramatic Entrance+1","Indignation","Evaluate","CarveReality","Adaptation","Wish","Pray","ForeignInfluence+1","Alpha","Crescendo","BattleHymn","Wallop","PathToVictory+1","Decay"],"relics":["PureWater","NeowsBlessing","War Paint","infinitespire:BottledMercury","hubris:BlackHole","infinitespire:Bottled Soul"],"acts_visited":["Exordium","TheCity"],"potions_floor_usage":[16,21],"damage_taken":[{"damage":0,"enemies":"Small Slimes","floor":1,"turns":1},{"damage":0,"enemies":"Cultist","floor":5,"turns":1},{"damage":0,"enemies":"Gremlin Nob","floor":6,"turns":1},{"damage":0,"enemies":"2 Louse","floor":7,"turns":5},{"damage":0,"enemies":"Large Slime","floor":8,"turns":3},{"damage":0,"enemies":"Gremlin Gang","floor":10,"turns":3},{"damage":7,"enemies":"Blue Slaver","floor":14,"turns":3},{"damage":31,"enemies":"The Guardian","floor":16,"turns":12},{"damage":4,"enemies":"Spheric Guardian","floor":18,"turns":3},{"damage":7,"enemies":"Shell Parasite","floor":19,"turns":3},{"damage":34,"enemies":"Sentry and Sphere","floor":21,"turns":5},{"damage":13,"enemies":"3 Cultists","floor":22,"turns":5},{"damage":24,"enemies":"Centurion and Healer","floor":24,"turns":2},{"damage":11,"enemies":"Shelled Parasite and Fungi","floor":27,"turns":1}],"seed_played":"-2163751890502427556","potions_obtained":[{"floor":1,"key":"bronze:BurnAndBuffPotion"},{"floor":5,"key":"AttackPotion"},{"floor":8,"key":"GamblersBrew"},{"floor":10,"key":"hexamod:SoulburnPotion"},{"floor":16,"key":"GamblersBrew"},{"floor":19,"key":"Fire Potion"}],"is_trial":false,"path_per_floor":["M","?","?","?","M","E","M","M","T","M","?","$","?","M","R","B",null,"M","M","$","M","M","R","M","?","T","M"],"character_chosen":"WATCHER","items_purchased":["Dramatic Entrance","Indignation","Evaluate","CarveReality","Alpha","Crescendo"],"campfire_rested":1,"item_purchase_floors":[12,12,12,12,20,20],"current_hp_per_floor":[72,61,61,72,72,72,72,72,72,72,72,72,72,65,65,34,72,68,61,61,27,14,35,11,11,11,0,0],"gold":133,"neow_bonus":"THREE_ENEMY_KILL","is_daily":false,"chose_seed":false,"campfire_upgraded":1,"win_rate":0.0,"timestamp":1611081588,"path_taken":["M","?","?","?","M","E","M","M","T","?","?","$","?","M","R","BOSS","M","M","$","M","?","R","M","?","T","M"],"items_purchased_type":["Card","Card","Card","Card","Card","Card"],"build_version":"2020-12-22","purchased_purges":0,"victory":false,"max_hp_per_floor":[72,72,72,72,72,72,72,72,72,72,72,72,72,72,72,72,72,72,72,72,72,72,72,72,72,72,72,72],"card_choices":[{"not_picked":["Wallop","SashWhip"],"picked":"ClearTheMind","floor":1},{"not_picked":["Consecrate","FollowUp"],"picked":"Prostrate","floor":5},{"not_picked":["CrushJoints","WindmillStrike"],"picked":"Halt","floor":6},{"not_picked":["Pray","Protect"],"picked":"FollowUp","floor":7},{"not_picked":["Sanctity","SandsOfTime"],"picked":"FollowUp","floor":8},{"not_picked":["MentalFortress","BowlingBash"],"picked":"EmptyBody","floor":10},{"not_picked":["FlyingSleeves","Protect"],"picked":"Adaptation","floor":14},{"not_picked":["Omniscience","Brilliance"],"picked":"Wish","floor":16},{"not_picked":["Indignation","Nirvana"],"picked":"Pray","floor":18},{"not_picked":["SashWhip","EmptyFist"],"picked":"ForeignInfluence+1","floor":19},{"not_picked":["Halt","FlurryOfBlows+1"],"picked":"BattleHymn","floor":21},{"not_picked":["JustLucky","FlurryOfBlows"],"picked":"Wallop","floor":22},{"not_picked":["SashWhip","ForeignInfluence+1"],"picked":"PathToVictory+1","floor":24}],"player_experience":177476,"relics_obtained":[{"floor":6,"key":"War Paint"},{"floor":9,"key":"infinitespire:BottledMercury"},{"floor":26,"key":"infinitespire:Bottled Soul"}],"event_choices":[{"damage_healed":0,"gold_gain":75,"player_choice":"Gather Gold","damage_taken":11,"max_hp_gain":0,"max_hp_loss":0,"event_name":"World of Goop","floor":2,"gold_loss":0},{"damage_healed":0,"gold_gain":0,"player_choice":"Ignored","damage_taken":0,"max_hp_gain":0,"max_hp_loss":0,"event_name":"Liars Game","floor":3,"gold_loss":0},{"damage_healed":11,"gold_gain":0,"player_choice":"Full Heal","damage_taken":0,"max_hp_gain":0,"max_hp_loss":0,"event_name":"Wheel of Change","floor":4,"gold_loss":0},{"damage_healed":0,"gold_gain":0,"player_choice":"Ignored","damage_taken":0,"max_hp_gain":0,"max_hp_loss":0,"event_name":"Golden Wing","floor":11,"gold_loss":0},{"damage_healed":0,"gold_gain":0,"player_choice":"Ignored","damage_taken":0,"max_hp_gain":0,"max_hp_loss":0,"event_name":"Transmorgrifier","floor":13,"gold_loss":0},{"damage_healed":0,"gold_gain":0,"player_choice":"Smashed Altar","damage_taken":0,"max_hp_gain":0,"max_hp_loss":0,"event_name":"Forgotten Altar","floor":25,"gold_loss":0,"cards_obtained":["Decay"]}],"is_beta":false,"boss_relics":[{"not_picked":["Astrolabe","aspiration:RitualDagger"],"picked":"hubris:BlackHole"}],"items_purged_floors":[],"is_endless":false,"potions_floor_spawned":[1,5,8,10,16,19],"killed_by":"Shelled Parasite and Fungi","ascension_level":0}}