{"host":"irrizrmw64do51k7","time":1611068461,"event":{"mods":["AchievementEnabler","BaseMod","BetterRewards","Colored Map","Colored Powertips","Curses Come First","Minty Spire (QoL Compilation)","Shop Mod","StSLib"],"gold_per_floor":[112,132,212,231,242,242,272,272,272,272,302,302,302,315,315,414,414,428,6,24,35,48,48,60,60,84,84,96,96,96,96],"floor_reached":30,"language":"ENG","playtime":1461,"items_purged":[],"score":351,"play_id":"337adc84-c8a9-49ff-8100-d840608b0dba","local_time":"20210119070101","is_ascension_mode":true,"campfire_choices":[{"floor":6,"key":"REST"},{"data":"Biased Cognition","floor":8,"key":"SMITH"},{"floor":10,"key":"REST"},{"floor":12,"key":"REST"},{"data":"1","floor":15,"key":"LIFT"},{"floor":23,"key":"REST"},{"floor":25,"key":"REST"},{"data":"2","floor":27,"key":"LIFT"}],"circlet_count":0,"master_deck":["Strike_B","Strike_B","Strike_B","Strike_B","Defend_B","Defend_B","Defend_B","Defend_B","Zap","Dualcast","Biased Cognition+1","Leap","Streamline","Coolheaded","Coolheaded","Reboot","Cold Snap","Sweeping Beam","Seek","Barrage","Capacitor","Steam Power","White Noise","Ball Lightning","Redo+1","Coolheaded","Writhe"],"relics":["Cracked Core","Torii","Gambling Chip","Girya","Black Star","Symbiotic Virus","MerchantsRug","Regal Pillow","The Courier"],"acts_visited":["Exordium","TheCity"],"potions_floor_usage":[5,16,16,18,22,30],"damage_taken":[{"damage":7,"enemies":"Jaw Worm","floor":1,"turns":2},{"damage":11,"enemies":"Small Slimes","floor":2,"turns":3},{"damage":1,"enemies":"Cultist","floor":4,"turns":3},{"damage":6,"enemies":"Lots of Slimes","floor":5,"turns":3},{"damage":22,"enemies":"3 Sentries","floor":7,"turns":10},{"damage":25,"enemies":"Gremlin Nob","floor":11,"turns":4},{"damage":1,"enemies":"Gremlin Gang","floor":14,"turns":8},{"damage":43,"enemies":"Hexaghost","floor":16,"turns":16},{"damage":7,"enemies":"Chosen","floor":18,"turns":4},{"damage":26,"enemies":"3 Byrds","floor":20,"turns":6},{"damage":17,"enemies":"Cultist and Chosen","floor":21,"turns":6},{"damage":14,"enemies":"Snake Plant","floor":22,"turns":4},{"damage":23,"enemies":"Sentry and Sphere","floor":24,"turns":5},{"damage":27,"enemies":"Chosen and Byrds","floor":28,"turns":5},{"damage":23,"enemies":"Colosseum Slavers","floor":30,"turns":1}],"seed_played":"-4468895731023258143","potions_obtained":[{"floor":2,"key":"AttackPotion"},{"floor":13,"key":"Block Potion"},{"floor":13,"key":"LiquidMemories"},{"floor":13,"key":"FairyPotion"},{"floor":16,"key":"AttackPotion"},{"floor":20,"key":"Weak Potion"},{"floor":22,"key":"SteroidPotion"}],"is_trial":false,"path_per_floor":["M","M","?","M","M","R","E","R","T","R","E","R","?","M","R","B",null,"M","$","M","M","M","R","M","R","T","R","M","?","?"],"character_chosen":"DEFECT","items_purchased":["Capacitor","Symbiotic Virus","MerchantsRug"],"campfire_rested":5,"item_purchase_floors":[19,19,19],"current_hp_per_floor":[61,50,50,49,43,65,43,43,43,65,40,62,62,61,61,18,61,54,54,28,11,22,44,21,43,43,43,16,16,0,0],"gold":96,"neow_bonus":"ONE_RANDOM_RARE_CARD","is_daily":false,"chose_seed":false,"campfire_upgraded":1,"win_rate":0.0,"timestamp":1611068461,"path_taken":["M","M","?","M","M","R","E","R","T","R","E","R","?","?","R","BOSS","M","$","M","?","M","R","?","R","T","R","M","?","?"],"items_purchased_type":["Card","Relic","Relic"],"build_version":"2020-12-22","purchased_purges":0,"victory":false,"max_hp_per_floor":[75,75,75,75,75,75,75,75,75,75,75,75,75,75,75,75,75,75,75,75,75,75,75,75,75,75,75,75,75,75,75],"card_choices":[{"not_picked":["Steam","Stack"],"picked":"Leap","floor":1},{"not_picked":["Blizzard","Recycle"],"picked":"Streamline","floor":2},{"not_picked":["Consume","Go for the Eyes"],"picked":"Coolheaded","floor":4},{"not_picked":["Consume","Go for the Eyes"],"picked":"Coolheaded","floor":5},{"not_picked":["Hello World","Meteor Strike"],"picked":"Reboot","floor":7},{"not_picked":["Hologram","Turbo"],"picked":"Cold Snap","floor":11},{"not_picked":["Doom and Gloom","Ball Lightning"],"picked":"Sweeping Beam","floor":14},{"not_picked":["Thunder Strike","Multi-Cast"],"picked":"Seek","floor":16},{"not_picked":["FTL+1","Rebound"],"picked":"Barrage","floor":18},{"not_picked":["Force Field+1","Scrape"],"picked":"Steam Power","floor":20},{"not_picked":["Stack+1","Fusion"],"picked":"White Noise","floor":21},{"not_picked":["Meteor Strike","Turbo"],"picked":"Ball Lightning","floor":22},{"not_picked":["Go for the Eyes","Compile Driver"],"picked":"Redo+1","floor":24},{"not_picked":["Go for the Eyes+1","Aggregate"],"picked":"Coolheaded","floor":28}],"player_experience":439291,"relics_obtained":[{"floor":7,"key":"Torii"},{"floor":9,"key":"Gambling Chip"},{"floor":11,"key":"Girya"},{"floor":26,"key":"Regal Pillow"}],"event_choices":[{"damage_healed":0,"gold_gain":80,"player_choice":"Gained Gold","damage_taken":0,"max_hp_gain":0,"max_hp_loss":0,"event_name":"Golden Wing","floor":3,"gold_loss":0},{"damage_healed":0,"gold_gain":0,"player_choice":"Got Potions","damage_taken":0,"max_hp_gain":0,"max_hp_loss":0,"event_name":"Lab","floor":13,"gold_loss":0},{"damage_healed":0,"gold_gain":0,"player_choice":"Opened","damage_taken":0,"relics_obtained":["The Courier"],"max_hp_gain":0,"max_hp_loss":0,"event_name":"The Mausoleum","floor":29,"gold_loss":0,"cards_obtained":["Writhe"]},{"damage_healed":0,"gold_gain":0,"player_choice":"Fight","damage_taken":0,"max_hp_gain":0,"max_hp_loss":0,"event_name":"Colosseum","floor":30,"gold_loss":0}],"is_beta":false,"boss_relics":[{"not_picked":["Philosopher\u0027s Stone","Busted Crown"],"picked":"Black Star"}],"items_purged_floors":[],"is_endless":false,"potions_floor_spawned":[2,14,16,20,22],"killed_by":"Colosseum Slavers","ascension_level":9}}