{"host":"e1zuqie93klo2ncl","time":1611024339,"event":{"mods":["AchievementEnabler","BaseMod","Minty Spire (QoL Compilation)","Relic Stats","StSLib"],"gold_per_floor":[113,113,127,176,186,186,211,227,227,254,273,288,15,15,15,86,86,105,131,207,207,217,217,236,236,262,288,308,319,332,332,332,332,332],"floor_reached":33,"language":"ENG","playtime":2391,"items_purged":[],"score":541,"play_id":"49f4040f-a96a-465e-bc30-b13e60b9c82d","local_time":"20210119024539","is_ascension_mode":true,"campfire_choices":[{"data":"Zap","floor":6,"key":"SMITH"},{"floor":15,"key":"REST"},{"data":"Turbo","floor":23,"key":"SMITH"},{"data":"J.A.X.","floor":25,"key":"SMITH"},{"floor":32,"key":"REST"}],"circlet_count":0,"master_deck":["AscendersBane","Zap+1","Dualcast","Coolheaded","Gash","Echo Form","Rebound","Cold Snap","Steam","Go for the Eyes","Coolheaded","Machine Learning","Compile Driver","Scrape","Beam Cell","Darkness","Beam Cell","Streamline","Compile Driver","Turbo","Sweeping Beam","J.A.X.+1","Turbo+1","Chill","Conserve Battery","Recycle+1","Coolheaded","Writhe"],"relics":["Cracked Core","Orichalcum","Darkstone Periapt","Ice Cream","Blood Vial","Shuriken","Strawberry","Pandora\u0027s Box","Red Mask","Letter Opener","Art of War","Singing Bowl","Peace Pipe"],"acts_visited":["Exordium","TheCity"],"potions_floor_usage":[10,11,18,19,28,33],"damage_taken":[{"damage":1,"enemies":"Cultist","floor":1,"turns":3},{"damage":5,"enemies":"Jaw Worm","floor":3,"turns":3},{"damage":0,"enemies":"2 Louse","floor":5,"turns":2},{"damage":16,"enemies":"3 Sentries","floor":7,"turns":8},{"damage":9,"enemies":"Exordium Wildlife","floor":8,"turns":5},{"damage":7,"enemies":"Lagavulin","floor":10,"turns":5},{"damage":8,"enemies":"3 Louse","floor":11,"turns":3},{"damage":4,"enemies":"Blue Slaver","floor":12,"turns":3},{"damage":12,"enemies":"The Guardian","floor":16,"turns":11},{"damage":3,"enemies":"2 Thieves","floor":18,"turns":3},{"damage":4,"enemies":"Masked Bandits","floor":19,"turns":3},{"damage":17,"enemies":"Spheric Guardian","floor":22,"turns":4},{"damage":0,"enemies":"Centurion and Healer","floor":24,"turns":4},{"damage":12,"enemies":"Slavers","floor":27,"turns":4},{"damage":20,"enemies":"Snake Plant","floor":28,"turns":3},{"damage":6,"enemies":"Chosen and Byrds","floor":29,"turns":6},{"damage":11,"enemies":"Snecko","floor":30,"turns":6},{"damage":83,"enemies":"Automaton","floor":33,"turns":6}],"seed_played":"2083262479849116212","potions_obtained":[{"floor":7,"key":"FocusPotion"},{"floor":8,"key":"Dexterity Potion"},{"floor":10,"key":"DistilledChaos"},{"floor":16,"key":"DistilledChaos"},{"floor":18,"key":"DistilledChaos"},{"floor":27,"key":"BlessingOfTheForge"},{"floor":30,"key":"Fruit Juice"}],"is_trial":false,"path_per_floor":["M","?","M","T","M","R","E","M","T","E","M","M","$","?","R","B",null,"M","?","T","?","M","R","M","R","T","E","M","M","M","?","R","B"],"character_chosen":"DEFECT","items_purchased":["Shuriken"],"campfire_rested":2,"item_purchase_floors":[13],"current_hp_per_floor":[70,63,58,58,58,58,42,33,33,26,20,18,18,14,39,29,71,70,68,68,68,53,53,55,55,55,45,27,23,16,22,49,0,0],"gold":332,"neow_bonus":"TEN_PERCENT_HP_BONUS","is_daily":false,"chose_seed":false,"campfire_upgraded":3,"win_rate":0.0,"timestamp":1611024339,"path_taken":["M","?","M","?","M","R","E","?","T","E","M","M","?","?","R","BOSS","M","?","?","?","M","R","M","R","T","E","M","M","?","?","R","BOSS"],"items_purchased_type":["Relic"],"build_version":"2020-12-22","purchased_purges":0,"victory":false,"max_hp_per_floor":[78,78,78,78,78,78,78,78,78,78,78,78,78,85,85,85,85,85,85,85,85,85,85,85,85,85,85,85,85,87,93,93,98,98],"relic_stats":{"Darkstone Periapt":6,"Blood Vial":24,"Peace Pipe":0,"Singing Bowl":2,"counters":[18,82],"Shuriken":[31],"Pandora\u0027s Box":["Compile Driver","Scrape","Beam Cell","Darkness","Beam Cell","Streamline","Compile Driver"],"Art of War":[1],"Letter Opener":[73],"Orichalcum":[186],"obtain_stats":[{"Darkstone Periapt":7,"Ice Cream":9,"Singing Bowl":27,"Letter Opener":20,"Orichalcum":4,"Blood Vial":10,"Peace Pipe":31,"Shuriken":13,"Strawberry":14,"Pandora\u0027s Box":17,"Red Mask":19,"Art of War":26,"Cracked Core":0},{"Darkstone Periapt":4,"Ice Cream":5,"Singing Bowl":14,"Letter Opener":11,"Orichalcum":2,"Blood Vial":6,"Peace Pipe":17,"Shuriken":8,"Strawberry":8,"Pandora\u0027s Box":9,"Red Mask":11,"Art of War":13,"Cracked Core":0},{"Darkstone Periapt":16,"Ice Cream":21,"Singing Bowl":61,"Letter Opener":49,"Orichalcum":6,"Blood Vial":26,"Peace Pipe":76,"Shuriken":32,"Strawberry":32,"Pandora\u0027s Box":43,"Red Mask":49,"Art of War":57,"Cracked Core":0}]},"card_choices":[{"not_picked":["Conserve Battery","Leap"],"picked":"Coolheaded","floor":1},{"not_picked":["Redo","Stack"],"picked":"Gash","floor":3},{"not_picked":["Coolheaded","Scrape"],"picked":"Echo Form","floor":5},{"not_picked":["Double Energy","Chill"],"picked":"Rebound","floor":7},{"not_picked":["Compile Driver","Go for the Eyes"],"picked":"Cold Snap","floor":8},{"not_picked":["Streamline","Stack"],"picked":"Steam","floor":10},{"not_picked":["White Noise","Barrage"],"picked":"Go for the Eyes","floor":11},{"not_picked":["Rebound","Go for the Eyes"],"picked":"Coolheaded","floor":12},{"not_picked":["Buffer","Creative AI"],"picked":"Machine Learning","floor":16},{"not_picked":["Rebound+1","White Noise+1"],"picked":"Turbo","floor":18},{"not_picked":["Steam Power+1","Leap+1"],"picked":"Sweeping Beam","floor":19},{"not_picked":["Compile Driver","Redo"],"picked":"Turbo","floor":22},{"not_picked":["Darkness","Capacitor"],"picked":"Chill","floor":24},{"not_picked":["Steam+1","Redo"],"picked":"Conserve Battery","floor":27},{"not_picked":["Beam Cell","Hologram"],"picked":"Recycle+1","floor":28},{"not_picked":["Sweeping Beam","Rip and Tear"],"picked":"Coolheaded","floor":29},{"not_picked":["Electrodynamics","Static Discharge","Capacitor"],"picked":"Singing Bowl","floor":30}],"player_experience":831223,"relics_obtained":[{"floor":4,"key":"Orichalcum"},{"floor":7,"key":"Darkstone Periapt"},{"floor":9,"key":"Ice Cream"},{"floor":10,"key":"Blood Vial"},{"floor":19,"key":"Red Mask"},{"floor":20,"key":"Letter Opener"},{"floor":26,"key":"Art of War"},{"floor":27,"key":"Singing Bowl"}],"event_choices":[{"cards_removed":["Defend_B"],"damage_healed":0,"gold_gain":0,"player_choice":"Card Removal","damage_taken":7,"max_hp_gain":0,"max_hp_loss":0,"event_name":"Golden Wing","floor":2,"gold_loss":0},{"damage_healed":0,"gold_gain":0,"player_choice":"Success","damage_taken":11,"relics_obtained":["Strawberry"],"max_hp_gain":0,"max_hp_loss":0,"event_name":"Scrap Ooze","floor":14,"gold_loss":0},{"damage_healed":0,"gold_gain":0,"player_choice":"Fought Bandits","damage_taken":0,"max_hp_gain":0,"max_hp_loss":0,"event_name":"Masked Bandits","floor":19,"gold_loss":0},{"damage_healed":0,"gold_gain":0,"player_choice":"Obtain J.A.X.","damage_taken":0,"max_hp_gain":0,"max_hp_loss":0,"event_name":"Drug Dealer","floor":21,"gold_loss":0,"cards_obtained":["J.A.X."]},{"damage_healed":0,"gold_gain":0,"player_choice":"Opened","damage_taken":0,"relics_obtained":["Peace Pipe"],"max_hp_gain":0,"max_hp_loss":0,"event_name":"The Mausoleum","floor":31,"gold_loss":0,"cards_obtained":["Writhe"]}],"is_beta":false,"boss_relics":[{"not_picked":["Inserter","SacredBark"],"picked":"Pandora\u0027s Box"}],"items_purged_floors":[],"is_endless":false,"potions_floor_spawned":[7,8,10,16,18,27,30],"killed_by":"Automaton","ascension_level":17}}