{"host":"oc9z8cublggqyfxu","time":1611045456,"event":{"mods":["AchievementEnabler","Act Like it!","Aspiration","BaseMod","Colored Map","Colored Powertips","Dota2Spire","Friendly Minions","Gensokyo","GifTheSpireLib","Hallownest","Hermit","Highlight Path","KinomotoSakuraMod(木之本樱)","Koishi","Lobotomy","LobotomyExtend","Marisa（F雨　魔理沙）","Minty Spire (QoL Compilation)","Quick Restart","Rare Cards Sparkle","Relic Stats","Remilia（蕾米莉亚）","Replay The Spire","RumiaBox-露米娅的神秘盒子","Spicy Shops","StSLib","The Administrix","The Animator","The Blackbeard","The Bug Knight","The Cursed","The Hierophant","The Mystic","The Runesmith","The Servant 0.9.4","Yakumo Yukari mod","Youmu（魂魄妖梦）","Yuyuko","vexMod","【功能Mod】混沌之环修复补丁","【功能Mod】聪明的最终Boss"],"gold_per_floor":[110,110,123,48,149,149,163,178,201,201,201,236,236,253,253,253,253],"floor_reached":16,"language":"ZHS","playtime":561,"items_purged":["Strike_R"],"score":141,"play_id":"115adece-9557-41f2-b3b8-4b018547539f","local_time":"20210119163736","is_ascension_mode":true,"campfire_choices":[{"data":"Fire Breathing","floor":6.0,"key":"SMITH"},{"floor":11.0,"key":"REST"},{"data":"Inflame","floor":13.0,"key":"SMITH"},{"floor":15.0,"key":"REST"}],"circlet_count":0,"master_deck":["Strike_R","Strike_R","Strike_R","Strike_R","Defend_R","Defend_R","Defend_R","Defend_R","Bash","Fire Breathing+1","ReplayTheSpireMod:Splinters","Writhe","Inflame+1","Evolve"],"relics":["Burning Blood","RabbitCall","LetterFromLob","Hallownest:DreamNailRelic","King of Hearts","Dota2Spire:ArcaneBoots","Dota2Spire:PowerTreads"],"acts_visited":["Hallownest:Greenpath"],"potions_floor_usage":[16],"damage_taken":[{"damage":19.0,"enemies":"2_ Uuma","floor":1.0,"turns":6.0},{"damage":12.0,"enemies":"Hallownest:monsterHuskWarrior","floor":3.0,"turns":5.0},{"damage":25.0,"enemies":"Hallownest:monsterHuskGuard","floor":7.0,"turns":4.0},{"damage":7.0,"enemies":"Hallownest:1_Baldur_1_Crawlid_1_Warrior","floor":8.0,"turns":4.0},{"damage":25.0,"enemies":"Hallownest:eliteCrystalGuardian","floor":12.0,"turns":5.0},{"damage":32.0,"enemies":"Hallownest:Guard_and_Warrior","floor":14.0,"turns":7.0},{"damage":106,"enemies":"Hallownest:BossHornet","floor":16,"turns":9}],"seed_played":"-2675806559900866145","potions_obtained":[{"floor":1.0,"key":"SteroidPotion"},{"floor":3.0,"key":"Adrenaline Potion"}],"is_trial":false,"path_per_floor":["M","?","M","$","?","R","M","M","T","?","R","E","R","M","R","B"],"character_chosen":"IRONCLAD","items_purchased":[],"campfire_rested":2,"item_purchase_floors":[],"current_hp_per_floor":[59,59,53,53,53,53,34,33,33,43,70,51,51,25,52,0,0],"gold":253,"neow_bonus":"","is_daily":false,"chose_seed":false,"campfire_upgraded":2,"win_rate":0.0,"timestamp":1611045456,"path_taken":["M","?","?","$","?","R","M","M","T","?","R","E","R","M","R","BOSS"],"items_purchased_type":[],"build_version":"2020-12-22","purchased_purges":1,"victory":false,"max_hp_per_floor":[80,80,80,80,80,80,80,80,80,90,90,90,90,90,90,90,90],"relic_stats":{"counters":[7,40],"obtain_stats":[{"RabbitCall":0,"CogitoBucket":0,"Dota2Spire:PowerTreads":12,"King of Hearts":5,"LetterFromLob":1,"Hallownest:DreamNailRelic":2,"Dota2Spire:ArcaneBoots":9,"Burning Blood":0},{"RabbitCall":0,"CogitoBucket":0,"Dota2Spire:PowerTreads":5,"King of Hearts":2,"LetterFromLob":1,"Hallownest:DreamNailRelic":1,"Dota2Spire:ArcaneBoots":4,"Burning Blood":0},{"RabbitCall":0,"CogitoBucket":0,"Dota2Spire:PowerTreads":24,"King of Hearts":11,"LetterFromLob":6,"Hallownest:DreamNailRelic":6,"Dota2Spire:ArcaneBoots":19,"Burning Blood":0}],"Burning Blood":36},"card_choices":[{"not_picked":["Dropkick","Iron Wave"],"picked":"Fire Breathing","floor":1.0},{"not_picked":["ReplayTheSpireMod:Strike From Hell","Warcry","Carnage"],"picked":"SKIP","floor":3.0},{"not_picked":["Thunderclap","Shrug It Off","Pummel"],"picked":"SKIP","floor":7.0},{"not_picked":["Defy Death","Sword Boomerang","Body Slam"],"picked":"SKIP","floor":8.0},{"not_picked":["Sword Boomerang","Clash"],"picked":"Inflame","floor":12.0},{"not_picked":["Fiend Fire","Clothesline"],"picked":"Evolve","floor":14.0}],"player_experience":326938,"relics_obtained":[{"floor":1.0,"key":"LetterFromLob"},{"floor":5.0,"key":"King of Hearts"},{"floor":9.0,"key":"Dota2Spire:ArcaneBoots"},{"floor":12.0,"key":"Dota2Spire:PowerTreads"}],"event_choices":[],"is_beta":false,"boss_relics":[],"items_purged_floors":[4],"is_endless":false,"potions_floor_spawned":[1,3],"killed_by":"Hallownest:BossHornet","ascension_level":9}}