{"host":"28bpuzdckreop5i0","time":1611070442,"event":{"mods":["Aspiration","BaseMod","Challenge The Spire","Defuse TimeMaze Blight","Downfall","Energized Spire","GifTheSpireLib","Googly Eyes","Minty Spire (QoL Compilation)","Relic Stats","Shop Mod","Spicy Shops","StSLib","Stuff the Spire","The Awakened One except there are too many feathers","The IronCluck","Transform Curses","slay the spire mod where everything is the same but ironclad has a cowboy hat"],"gold_per_floor":[99,99,99,99,49,149,223,238,338,353,138,138,138,154,173,272,272,272,286,299,319,14,29,52,52,65,140,240,240,258,271,282,384,384,384,403,403,403,403,42,69,130,144,144,158,158,158,158,171,171],"floor_reached":51,"language":"ENG","playtime":4435,"items_purged":["bronze:Strike"],"score":714,"play_id":"cc61a981-2768-4836-83ae-e2d8bafd8405","local_time":"20210119093402","is_ascension_mode":false,"campfire_choices":[{"data":"bronze:Replicate","floor":1,"key":"SMITH"},{"floor":13,"key":"REST"},{"data":"bronze:Iterate","floor":18,"key":"SMITH"},{"data":"bronze:SpaghettiCode","floor":35,"key":"SMITH"},{"data":"bronze:Boost","floor":44,"key":"SMITH"},{"data":"bronze:Boost","floor":48,"key":"SMITH"}],"circlet_count":0,"master_deck":["bronze:Defend","bronze:Defend","bronze:Defend","bronze:Defend","bronze:Replicate+1","bronze:Goto","bronze:Boost+1","bronze:ChosenStrike","bronze:Iterate+1","bronze:ChildClass","bronze:Boost+1","bronze:WhirlingStrike+1","bronze:DelayedGuard","bronze:FollowUp","bronze:HardenedForm","bronze:MaxOutput+1","StuffTheSpire:PlasmaPulse","bronze:Iterate+1","bronze:Iterate","bronze:SpaghettiCode+1","StuffTheSpire:Rapture","Flash of Steel","expansioncontent:AwakenDeath","bronze:Iterate+1"],"relics":["bronze:BronzeCore","White Beast Statue","Question Card","Membership Card","energizedSpire:SpiderWeb","Shuriken","Gremlin Horn","Nloth\u0027s Gift","hexamod:CandleOfCauterizing","Empty Cage","MealTicket","StuffTheSpire:Experiment12","Frozen Eye","Pear","HandDrill","Whetstone","bronze:SilverBullet","aspiration:ChemicalBlood","aspiration:KaomsHeart"],"acts_visited":["Exordium","TheCity","TheBeyond"],"potions_floor_usage":[10,11,16,16,22,29,29,31,32,33,33,49,50,50,50,50,50,50],"damage_taken":[{"damage":0,"enemies":"Small Slimes","floor":2,"turns":1},{"damage":0,"enemies":"Cultist","floor":4,"turns":1},{"damage":0,"enemies":"downfall:FleeingMerchant","floor":5,"turns":1},{"damage":36,"enemies":"downfall:LadyInBlue","floor":6,"turns":11},{"damage":1,"enemies":"Jaw Worm","floor":8,"turns":2},{"damage":0,"enemies":"Lots of Slimes","floor":10,"turns":3},{"damage":0,"enemies":"downfall:FleeingMerchant","floor":11,"turns":4},{"damage":0,"enemies":"2 Fungi Beasts","floor":14,"turns":2},{"damage":1,"enemies":"Large Slime","floor":15,"turns":4},{"damage":24,"enemies":"IC_STATUS_ARCHETYPE","floor":16,"turns":5},{"damage":6,"enemies":"3 Byrds","floor":19,"turns":5},{"damage":7,"enemies":"Centurion and Healer","floor":20,"turns":4},{"damage":14,"enemies":"Snecko","floor":21,"turns":5},{"damage":5,"enemies":"downfall:FleeingMerchant","floor":22,"turns":4},{"damage":0,"enemies":"Sentry and Sphere","floor":23,"turns":3},{"damage":8,"enemies":"Chosen and Byrds","floor":26,"turns":6},{"damage":0,"enemies":"Shelled Parasite and Fungi","floor":29,"turns":1},{"damage":7,"enemies":"Snake Plant","floor":30,"turns":4},{"damage":1,"enemies":"Centurion and Healer","floor":31,"turns":4},{"damage":2,"enemies":"Cultist and Chosen","floor":32,"turns":5},{"damage":12,"enemies":"SI_MIRROR_ARCHETYPE","floor":33,"turns":6},{"damage":12,"enemies":"Orb Walker","floor":36,"turns":4},{"damage":0,"enemies":"downfall:FleeingMerchant","floor":40,"turns":4},{"damage":0,"enemies":"downfall:FleeingMerchant","floor":42,"turns":3},{"damage":4,"enemies":"3 Darklings","floor":43,"turns":3},{"damage":11,"enemies":"Writhing Mass","floor":45,"turns":4},{"damage":30,"enemies":"Jaw Worm Horde","floor":49,"turns":3},{"damage":21,"enemies":"DF_ARCHETYPE_ORBS","floor":50,"turns":5}],"seed_played":"-1027152421005580368","potions_obtained":[{"floor":6,"key":"Strength Potion"},{"floor":6,"key":"FairyPotion"},{"floor":6,"key":"Strength Potion"},{"floor":10,"key":"LiquidBronze"},{"floor":11,"key":"Strength Potion"},{"floor":16,"key":"PowerPotion"},{"floor":19,"key":"SkillPotion"},{"floor":22,"key":"Energy Potion"},{"floor":23,"key":"SmokeBomb"},{"floor":26,"key":"champ:CounterPotion"},{"floor":30,"key":"Block Potion"},{"floor":31,"key":"FearPotion"},{"floor":32,"key":"Swift Potion"},{"floor":33,"key":"FearPotion"},{"floor":36,"key":"Strength Potion"},{"floor":40,"key":"hexamod:SoulburnPotion"},{"floor":42,"key":"PowerPotion"},{"floor":49,"key":"EntropicBrew"}],"is_trial":false,"path_per_floor":["R","M","?","M","$","?","T","M","?","M","$","?","R","M","M","B",null,"R","M","M","M","$","M","T","?","M","T","?","M","M","M","M","B",null,"R","M","T","?","?","?","T","$","M","R","M","?","?","R","M","B",null],"character_chosen":"THE_AUTOMATON","items_purchased":["bronze:Iterate","Membership Card","bronze:WhirlingStrike","bronze:DelayedGuard","StuffTheSpire:PlasmaPulse","Shuriken","Gremlin Horn","StuffTheSpire:Experiment12","Frozen Eye","Pear","HandDrill","bronze:SilverBullet","aspiration:ChemicalBlood","aspiration:KaomsHeart","Flash of Steel"],"campfire_rested":1,"item_purchase_floors":[5,11,11,11,22,22,22,40,40,40,40,42,42,42,42],"current_hp_per_floor":[70,70,70,70,70,34,34,33,33,33,33,33,54,54,53,29,70,70,64,57,43,38,38,38,38,30,30,30,30,23,22,20,8,70,70,58,58,58,58,68,68,180,176,176,165,165,165,165,135,114],"gold":171,"neow_bonus":"THREE_ENEMY_KILL","is_daily":false,"chose_seed":false,"campfire_upgraded":5,"win_rate":0.0,"timestamp":1611070442,"path_taken":["R","M","?","M","?","?","T","?","?","?","$","?","R","M","M","BOSS","R","M","M","M","$","?","T","?","?","?","?","?","M","M","M","BOSS","R","M","?","?","?","?","T","$","?","R","M","?","?","R","M","BOSS"],"items_purchased_type":["Card","Relic","Card","Card","Card","Relic","Relic","Relic","Relic","Relic","Relic","Relic","Relic","Relic","Card"],"build_version":"2020-12-22","purchased_purges":1,"victory":true,"max_hp_per_floor":[70,70,70,70,70,70,70,70,70,70,70,70,70,70,70,70,70,70,70,70,70,70,70,70,70,70,70,70,70,70,70,70,70,70,70,70,70,70,70,80,80,180,180,180,180,180,180,180,180,180],"relic_stats":{"Gremlin Horn":[11,11],"counters":[28,104],"Shuriken":[14],"MealTicket":12,"Nloth\u0027s Gift":3,"HandDrill":[18],"Whetstone":["bronze:WhirlingStrike","bronze:Iterate"],"Question Card":25,"obtain_stats":[{"Potion Belt":24,"hexamod:CandleOfCauterizing":27,"bronze:BronzeCore":0,"Pear":40,"Gremlin Horn":22,"downfall:HeartsMalice":0,"Whetstone":41,"energizedSpire:SpiderWeb":17,"Question Card":7,"Empty Cage":34,"White Beast Statue":6,"StuffTheSpire:Experiment12":40,"Frozen Eye":40,"Shuriken":22,"MealTicket":37,"aspiration:KaomsHeart":42,"Nloth\u0027s Gift":25,"HandDrill":40,"Membership Card":11,"bronze:SilverBullet":42,"aspiration:ChemicalBlood":42},{"Potion Belt":15,"hexamod:CandleOfCauterizing":16,"bronze:BronzeCore":0,"Pear":23,"Gremlin Horn":14,"downfall:HeartsMalice":0,"Whetstone":23,"energizedSpire:SpiderWeb":10,"Question Card":4,"Empty Cage":21,"White Beast Statue":4,"StuffTheSpire:Experiment12":23,"Frozen Eye":23,"Shuriken":14,"MealTicket":22,"aspiration:KaomsHeart":24,"Nloth\u0027s Gift":15,"HandDrill":23,"Membership Card":7,"bronze:SilverBullet":24,"aspiration:ChemicalBlood":24},{"Potion Belt":52,"hexamod:CandleOfCauterizing":58,"bronze:BronzeCore":0,"Pear":86,"Gremlin Horn":49,"downfall:HeartsMalice":0,"Whetstone":86,"energizedSpire:SpiderWeb":31,"Question Card":11,"Empty Cage":78,"White Beast Statue":11,"StuffTheSpire:Experiment12":86,"Frozen Eye":86,"Shuriken":49,"MealTicket":82,"aspiration:KaomsHeart":89,"Nloth\u0027s Gift":52,"HandDrill":86,"Membership Card":20,"bronze:SilverBullet":89,"aspiration:ChemicalBlood":89}]},"card_choices":[{"not_picked":["bronze:Overheat","bronze:WildBeam"],"picked":"bronze:DelayedSlice","floor":2},{"not_picked":["bronze:DelayedSlice","bronze:Frontload"],"picked":"bronze:Boost","floor":4},{"not_picked":["bronze:Boost","bronze:BugBarrage"],"picked":"bronze:ChosenStrike","floor":5},{"not_picked":["bronze:DelayedGuard","bronze:Constructor"],"picked":"bronze:ChildClass","floor":6},{"not_picked":["bronze:WhirlingStrike","bronze:Repulsor","bronze:Shield","bronze:Turbo"],"picked":"SKIP","floor":8},{"not_picked":["bronze:Repair","bronze:ClassDefault","bronze:Overload","bronze:Overheat"],"picked":"SKIP","floor":10},{"not_picked":["bronze:Assembly","bronze:Repulsor","bronze:Allocate"],"picked":"bronze:Boost","floor":11},{"not_picked":["bronze:DelayedSlice","bronze:Deprecate","bronze:WildBeam"],"picked":"bronze:FollowUp","floor":14},{"not_picked":["bronze:Branch","bronze:Repulsor","bronze:ForLoop","bronze:BitShift"],"picked":"SKIP","floor":15},{"not_picked":["bronze:Format","bronze:FindAndReplace","bronze:CleanCode"],"picked":"bronze:HardenedForm","floor":16},{"not_picked":["bronze:BronzeArmor","bronze:ItsAFeature","bronze:Branch","bronze:BugBarrage+1"],"picked":"SKIP","floor":19},{"not_picked":["bronze:DelayedSlice","bronze:Terminator","bronze:Turbo+1"],"picked":"bronze:MaxOutput+1","floor":20},{"not_picked":["bronze:Shield","bronze:FineTuning","bronze:Branch","bronze:Turbo"],"picked":"SKIP","floor":21},{"not_picked":["bronze:BitShift+1","bronze:Shield","bronze:ChildClass+1","bronze:FollowUp"],"picked":"SKIP","floor":22},{"not_picked":["bronze:BitShift+1","bronze:Constructor","bronze:Branch","bronze:Separator"],"picked":"SKIP","floor":23},{"not_picked":["bronze:ClassDefault","bronze:Separator","bronze:ItsAFeature+1","bronze:Mutator"],"picked":"SKIP","floor":26},{"not_picked":["bronze:BitShift","bronze:Turbo","bronze:WhirlingStrike"],"picked":"bronze:Iterate","floor":30},{"not_picked":["bronze:Allocate","bronze:Terminator","bronze:Shield+1","bronze:CutThrough"],"picked":"SKIP","floor":31},{"not_picked":["bronze:Deprecate","bronze:BugBarrage","bronze:Turbo+1"],"picked":"bronze:Iterate","floor":32},{"not_picked":["bronze:ShipIt","bronze:RecursiveStrike","bronze:HardenedForm"],"picked":"bronze:SpaghettiCode","floor":33},{"not_picked":["bronze:WhirlingStrike+1","bronze:Frontload+1","bronze:Turbo+1","bronze:Optimize+1"],"picked":"SKIP","floor":36},{"not_picked":["StuffTheSpire:BrainWave","StuffTheSpire:Innocence","StuffTheSpire:Perfection"],"picked":"StuffTheSpire:Rapture","floor":38},{"not_picked":["bronze:Constructor+1","bronze:Shield+1","bronze:Separator","bronze:Invalidate"],"picked":"SKIP","floor":40},{"not_picked":["bronze:ChildClass","bronze:ShipIt","bronze:WildBeam+1","bronze:WhirlingStrike"],"picked":"SKIP","floor":42},{"not_picked":["bronze:CutThrough+1","bronze:Return+1","bronze:BugBarrage","bronze:WhirlingStrike"],"picked":"SKIP","floor":43},{"not_picked":["bronze:Constructor","bronze:Assembly","bronze:CutThrough+1","bronze:Branch"],"picked":"SKIP","floor":45},{"not_picked":["expansioncontent:PrepareCrush","expansioncontent:Hexaburn","expansioncontent:LastStand"],"picked":"expansioncontent:AwakenDeath","floor":47},{"not_picked":["bronze:BronzeArmor+1","bronze:Frontload","bronze:ChildClass"],"picked":"bronze:Iterate+1","floor":49}],"player_experience":900572,"relics_obtained":[{"floor":6,"key":"White Beast Statue"},{"floor":7,"key":"Question Card"},{"floor":24,"key":"Potion Belt"},{"floor":27,"key":"hexamod:CandleOfCauterizing"},{"floor":37,"key":"MealTicket"},{"floor":41,"key":"Whetstone"}],"event_choices":[{"cards_removed":["bronze:Strike"],"damage_healed":0,"gold_gain":0,"player_choice":"Offered Basic","damage_taken":0,"max_hp_gain":0,"max_hp_loss":0,"event_name":"Bonfire Elementals","floor":12,"gold_loss":0},{"cards_removed":["bronze:DelayedSlice"],"damage_healed":0,"gold_gain":0,"player_choice":"Removed Attack","damage_taken":0,"max_hp_gain":0,"max_hp_loss":0,"event_name":"Falling","floor":39,"gold_loss":0}],"is_beta":false,"boss_relics":[{"not_picked":["aspiration:FutureDiary","Fusion Hammer"],"picked":"energizedSpire:SpiderWeb"},{"not_picked":["Cursed Key","StuffTheSpire:ModemDavis"],"picked":"Empty Cage"}],"items_purged_floors":[40],"is_endless":false,"potions_floor_spawned":[6,8,10,11,14,15,16,19,20,21,22,23,26,29,30,31,32,33,36,40,42,43,45,49],"ascension_level":0}}