{"host":"9d9dhukr2jywmy0f","time":1611038767,"event":{"mods":["2.2 Compatiblity","Alarm Clock","BaseMod","Bestiary","Block Reminder","Colored Map","Colored Powertips","Curses Come First","DeckTracker","Highlight Path","Key Reminder","Minty Spire (QoL Compilation)","Quick Restart","Rare Cards Sparkle","Relic Sorter","Relic Stats","Spire Birthday Party","StSLib","SuperFastMode","Synergy Search","TestMod","Unceasing Turn Reminder","Unknown Chances"],"gold_per_floor":[116,116,127,127,52,52,77,95,95,107,121,121,131,164,164,241,241,255,270,284,244,261,261,277,277,328,152,186,186,61,111,111,187,187,198,198,198,210,237,237,272,272,272,283,111,137,153,203,203,203,203,203,203,70,100,100],"floor_reached":57,"language":"ZHS","playtime":4987,"items_purged":["Defend_P","Defend_P","Defend_P"],"score":2830,"play_id":"0fefa568-d749-4d02-99ff-14b83fa0cb5e","local_time":"20210119144607","is_ascension_mode":true,"campfire_choices":[{"data":"Eruption","floor":6.0,"key":"SMITH"},{"data":"Wallop","floor":12.0,"key":"SMITH"},{"floor":15.0,"key":"RECALL"},{"data":"TalkToTheHand","floor":23.0,"key":"SMITH"},{"data":"EmptyMind","floor":25.0,"key":"SMITH"},{"data":"MentalFortress","floor":32.0,"key":"SMITH"},{"data":"MentalFortress","floor":40.0,"key":"SMITH"},{"data":"CutThroughFate","floor":42.0,"key":"SMITH"},{"data":"Prostrate","floor":49.0,"key":"SMITH"},{"data":"Prostrate","floor":53.0,"key":"SMITH"}],"circlet_count":0,"master_deck":["AscendersBane","Strike_P","Strike_P","Strike_P","Eruption+1","Vigilance","Wallop+1","EmptyMind+1","FlurryOfBlows","Sanctity","Prostrate+1","ClearTheMind","FlurryOfBlows","MasterReality","CutThroughFate+1","Prostrate+1","Halt","TalkToTheHand+1","FollowUp+1","MentalFortress+1","Evaluate","MentalFortress+1","Brilliance","Crescendo","Evaluate","Evaluate","Scrawl","Study"],"relics":["PureWater","testmod-TestBox","Yang","Meat on the Bone","Blood Vial","testmod-IncinerationGenerator","testmod-AssaultLearning","Akabeko","SacredBark","testmod-TestBox","Orichalcum","Mercury Hourglass","ClockworkSouvenir","testmod-Fortitude","StoneCalendar","Centennial Puzzle"],"acts_visited":["Exordium","TheCity","TheBeyond","TheEnding"],"potions_floor_usage":[56,56],"damage_taken":[{"damage":0.0,"enemies":"Cultist","floor":1.0,"turns":1.0},{"damage":0.0,"enemies":"Small Slimes","floor":3.0,"turns":1.0},{"damage":0.0,"enemies":"Gremlin Nob","floor":7.0,"turns":1.0},{"damage":0.0,"enemies":"2 Louse","floor":8.0,"turns":2.0},{"damage":0.0,"enemies":"Large Slime","floor":10.0,"turns":4.0},{"damage":0.0,"enemies":"Gremlin Gang","floor":11.0,"turns":3.0},{"damage":0.0,"enemies":"Exordium Thugs","floor":13.0,"turns":4.0},{"damage":0.0,"enemies":"Lagavulin","floor":14.0,"turns":6.0},{"damage":16.0,"enemies":"The Guardian","floor":16.0,"turns":10.0},{"damage":16.0,"enemies":"Spheric Guardian","floor":18.0,"turns":4.0},{"damage":0.0,"enemies":"3 Byrds","floor":19.0,"turns":5.0},{"damage":26.0,"enemies":"Shelled Parasite and Fungi","floor":20.0,"turns":6.0},{"damage":0.0,"enemies":"Snecko","floor":22.0,"turns":6.0},{"damage":8.0,"enemies":"3 Cultists","floor":24.0,"turns":6.0},{"damage":0.0,"enemies":"Slavers","floor":28.0,"turns":4.0},{"damage":23.0,"enemies":"Collector","floor":33.0,"turns":9.0},{"damage":10.0,"enemies":"3 Darklings","floor":35.0,"turns":7.0},{"damage":0.0,"enemies":"3 Shapes","floor":38.0,"turns":7.0},{"damage":0.0,"enemies":"Nemesis","floor":41.0,"turns":11.0},{"damage":6.0,"enemies":"3 Darklings","floor":44.0,"turns":4.0},{"damage":11.0,"enemies":"Reptomancer","floor":46.0,"turns":6.0},{"damage":2.0,"enemies":"4 Shapes","floor":47.0,"turns":5.0},{"damage":0.0,"enemies":"2 Orb Walkers","floor":48.0,"turns":4.0},{"damage":10.0,"enemies":"Donu and Deca","floor":50.0,"turns":10.0},{"damage":21.0,"enemies":"Awakened One","floor":51.0,"turns":12.0},{"damage":59.0,"enemies":"Shield and Spear","floor":55.0,"turns":12.0},{"damage":18,"enemies":"The Heart","floor":56,"turns":11}],"seed_played":"3773601965466242929","potions_obtained":[{"floor":1.0,"key":"StancePotion"},{"floor":3.0,"key":"Swift Potion"},{"floor":13.0,"key":"Ancient Potion"},{"floor":14.0,"key":"FearPotion"},{"floor":16.0,"key":"ColorlessPotion"},{"floor":19.0,"key":"FearPotion"},{"floor":21.0,"key":"testmod-SpacePotion"},{"floor":21.0,"key":"Fire Potion"},{"floor":21.0,"key":"Explosive Potion"},{"floor":24.0,"key":"testmod-EscapePotion"},{"floor":28.0,"key":"Block Potion"},{"floor":33.0,"key":"BottledMiracle"},{"floor":38.0,"key":"LiquidMemories"},{"floor":41.0,"key":"EntropicBrew"},{"floor":47.0,"key":"StancePotion"},{"floor":48.0,"key":"Dexterity Potion"},{"floor":55.0,"key":"testmod-SpacePotion"}],"is_trial":false,"path_per_floor":["M","?","M","?","$","R","E","M","T","M","M","R","M","E","R","B",null,"M","M","M","?","M","R","M","R","T","$","E","?","$","?","R","B",null,"M","?","?","M","T","R","E","R","T","M","$","E","M","?","R","B","B",null,"R","$","E","B",null],"character_chosen":"WATCHER","items_purchased":["MentalFortress","ClockworkSouvenir","ColorlessPotion","Regen Potion"],"campfire_rested":0,"item_purchase_floors":[27,45,54,54],"current_hp_per_floor":[61,61,61,51,51,51,51,51,51,51,51,51,51,51,51,37,60,46,48,36,36,38,38,44,44,44,44,46,46,46,46,46,37,60,52,52,52,54,54,54,56,56,56,52,52,43,43,45,45,37,30,59,59,59,54,38],"gold":100,"neow_bonus":"THREE_ENEMY_KILL","is_daily":false,"chose_seed":false,"campfire_upgraded":9,"win_rate":0.0,"timestamp":1611038767,"path_taken":["M","?","?","?","$","R","E","?","T","M","M","R","M","E","R","BOSS","M","M","M","?","?","R","M","R","T","$","E","?","?","?","R","BOSS","M","?","?","?","?","R","E","R","T","M","$","E","M","?","R","BOSS","BOSS","R","$","E","BOSS"],"items_purchased_type":["Card","Relic","Potion","Potion"],"build_version":"2020-11-30","purchased_purges":3,"victory":true,"max_hp_per_floor":[68,68,68,68,68,68,68,68,68,68,68,68,68,68,68,68,68,68,68,68,68,68,68,68,68,68,68,68,68,68,68,68,68,68,68,68,68,68,68,68,68,68,68,68,68,68,68,68,68,68,68,68,68,68,68,68],"relic_stats":{"Blood Vial":38,"Centennial Puzzle":[3],"counters":[27,161],"Yang":[489],"StoneCalendar":[146],"Orichalcum":[0],"obtain_stats":[{"testmod-TestBox":0,"NeowsBlessing":0,"SacredBark":34,"Yang":7,"testmod-IncinerationGenerator":17,"StoneCalendar":48,"Orichalcum":41,"Akabeko":28,"Mercury Hourglass":43,"ClockworkSouvenir":45,"Blood Vial":14,"keyreminder:keyreminder":15,"testmod-Fortitude":46,"Centennial Puzzle":55,"testmod-AssaultLearning":26,"PureWater":0,"Meat on the Bone":9},{"testmod-TestBox":0,"NeowsBlessing":0,"SacredBark":16,"Yang":3,"testmod-IncinerationGenerator":9,"StoneCalendar":23,"Orichalcum":19,"Akabeko":15,"Mercury Hourglass":19,"ClockworkSouvenir":20,"Blood Vial":8,"keyreminder:keyreminder":8,"testmod-Fortitude":21,"Centennial Puzzle":26,"testmod-AssaultLearning":14,"PureWater":0,"Meat on the Bone":4},{"testmod-TestBox":0,"NeowsBlessing":0,"SacredBark":72,"Yang":3,"testmod-IncinerationGenerator":32,"StoneCalendar":116,"Orichalcum":97,"Akabeko":63,"Mercury Hourglass":97,"ClockworkSouvenir":101,"Blood Vial":22,"keyreminder:keyreminder":22,"testmod-Fortitude":107,"Centennial Puzzle":150,"testmod-AssaultLearning":59,"PureWater":0,"Meat on the Bone":5}],"Meat on the Bone":48,"Mercury Hourglass":[236]},"card_choices":[{"not_picked":["Protect","ThirdEye"],"picked":"Wallop","floor":1.0},{"not_picked":["Crescendo","EmptyBody"],"picked":"EmptyMind","floor":3.0},{"not_picked":["LikeWater","Pray"],"picked":"FlurryOfBlows","floor":7.0},{"not_picked":["JustLucky","Study"],"picked":"Sanctity","floor":8.0},{"not_picked":["EmptyFist","ClearTheMind"],"picked":"Prostrate","floor":10.0},{"not_picked":["PathToVictory","EmptyMind","Ragnarok"],"picked":"SKIP","floor":11.0},{"not_picked":["FlyingSleeves","Evaluate"],"picked":"ClearTheMind","floor":13.0},{"not_picked":["Swivel","Study"],"picked":"FlurryOfBlows","floor":14.0},{"not_picked":["Devotion","Omniscience"],"picked":"MasterReality","floor":16.0},{"not_picked":["ThirdEye","Protect"],"picked":"CutThroughFate","floor":18.0},{"not_picked":["FlurryOfBlows+1","JustLucky"],"picked":"Prostrate","floor":19.0},{"not_picked":["PathToVictory","JustLucky"],"picked":"Halt","floor":20.0},{"not_picked":["Vengeance","Fasting2"],"picked":"TalkToTheHand","floor":22.0},{"not_picked":["EmptyBody","Swivel"],"picked":"FollowUp+1","floor":24.0},{"not_picked":["Halt","EmptyFist"],"picked":"Evaluate","floor":28.0},{"not_picked":["Devotion","Blasphemy"],"picked":"Brilliance","floor":33.0},{"not_picked":["EmptyBody","EmptyFist+1"],"picked":"Crescendo","floor":35.0},{"not_picked":["SashWhip+1","Study"],"picked":"Evaluate","floor":38.0},{"not_picked":["FollowUp+1","WreathOfFlame","BowlingBash+1"],"picked":"SKIP","floor":41.0},{"not_picked":["Vengeance","PathToVictory"],"picked":"Evaluate","floor":44.0},{"not_picked":["CrushJoints","Study"],"picked":"Scrawl","floor":46.0},{"not_picked":["Crescendo","BowlingBash","SashWhip"],"picked":"SKIP","floor":47.0},{"not_picked":["FlurryOfBlows+1","Prostrate"],"picked":"Study","floor":55.0}],"player_experience":836367,"relics_obtained":[{"floor":7.0,"key":"Yang"},{"floor":9.0,"key":"Meat on the Bone"},{"floor":14.0,"key":"Blood Vial"},{"floor":26.0,"key":"testmod-AssaultLearning"},{"floor":28.0,"key":"Akabeko"},{"floor":41.0,"key":"Orichalcum"},{"floor":43.0,"key":"Mercury Hourglass"},{"floor":46.0,"key":"testmod-Fortitude"},{"floor":48.0,"key":"StoneCalendar"},{"floor":55.0,"key":"Centennial Puzzle"}],"event_choices":[{"cards_removed":["Defend_P"],"damage_healed":0.0,"max_hp_gain":0.0,"max_hp_loss":0.0,"gold_gain":0.0,"event_name":"Purifier","player_choice":"Purged","floor":2.0,"gold_loss":0.0,"damage_taken":0.0},{"damage_healed":0.0,"max_hp_gain":0.0,"max_hp_loss":0.0,"gold_gain":0.0,"event_name":"Wheel of Change","player_choice":"Damaged","floor":4.0,"gold_loss":0.0,"damage_taken":10.0},{"damage_healed":0.0,"max_hp_gain":0.0,"max_hp_loss":0.0,"gold_gain":0.0,"event_name":"The Woman in Blue","player_choice":"Bought 3 Potions","floor":21.0,"gold_loss":0.0,"damage_taken":0.0},{"damage_healed":0.0,"max_hp_gain":0.0,"max_hp_loss":0.0,"gold_gain":0.0,"event_name":"Match and Keep!","player_choice":"1 cards matched","floor":29.0,"gold_loss":0.0,"damage_taken":0.0,"cards_obtained":["MentalFortress"]},{"damage_healed":0.0,"max_hp_gain":0.0,"max_hp_loss":0.0,"gold_gain":50.0,"event_name":"Nest","player_choice":"Stole From Cult","floor":31.0,"gold_loss":0.0,"damage_taken":0.0},{"damage_healed":0.0,"max_hp_gain":0.0,"max_hp_loss":0.0,"gold_gain":0.0,"event_name":"给自己的盒子","player_choice":"Swap Relic","floor":36.0,"relics_lost":["NeowsBlessing"],"gold_loss":0.0,"damage_taken":0.0,"relics_obtained":["testmod-TestBox"]},{"cards_removed":["Strike_P"],"damage_healed":0.0,"max_hp_gain":0.0,"max_hp_loss":0.0,"gold_gain":0.0,"event_name":"Bonfire Elementals","player_choice":"Offered Basic","floor":37.0,"gold_loss":0.0,"damage_taken":0.0},{"damage_healed":0.0,"max_hp_gain":0.0,"max_hp_loss":0.0,"gold_gain":0.0,"event_name":"Mysterious Sphere","player_choice":"Fight","floor":48.0,"gold_loss":0.0,"damage_taken":0.0}],"is_beta":false,"boss_relics":[{"not_picked":["testmod-Temperance","testmod-Prudence"],"picked":"testmod-IncinerationGenerator"},{"not_picked":["Sozu","Velvet Choker"],"picked":"SacredBark"}],"items_purged_floors":[5,27,30],"is_endless":false,"potions_floor_spawned":[1,3,13,14,16,19,24,28,33,38,41,47,48,55],"ascension_level":20}}