{"host":"pjgcdp3h1plnbocs","time":1611086851,"event":{"mods":["AchievementEnabler","BaseMod","Colored Map","Downfall","Highlight Path","Minty Spire (QoL Compilation)","StSLib"],"gold_per_floor":[99,114,133,143,143,168,194,50,80,80,90,90,25,25,42,42,42,42],"floor_reached":16,"language":"ENG","playtime":626,"items_purged":["hexamod:Strike","downfall:Malfunctioning"],"score":110,"play_id":"f82b663a-77f6-4d46-a384-041648f5c0a5","local_time":"20210119210731","is_ascension_mode":false,"campfire_choices":[{"data":"hexamod:Sear","floor":1,"key":"SMITH"},{"data":"hexamod:BurningTouch","floor":10,"key":"SMITH"}],"circlet_count":0,"master_deck":["hexamod:Strike","hexamod:Strike","hexamod:Strike+1","hexamod:Defend","hexamod:Defend","hexamod:Defend","hexamod:Defend","hexamod:Sear+1","hexamod:Float","hexamod:CatchUp+1","hexamod:Firestarter","hexamod:EmpoweredFlame+1","hexamod:HeatMetal","hexamod:BurningTouch+1","hexamod:RadiantFlame"],"relics":["hexamod:SpiritBrand","Pen Nib","Orichalcum","Smiling Mask","Torii"],"acts_visited":["Exordium"],"potions_floor_usage":[3,9,16],"damage_taken":[{"damage":0,"enemies":"2 Louse","floor":2,"turns":3},{"damage":0,"enemies":"Small Slimes","floor":3,"turns":3},{"damage":6,"enemies":"Jaw Worm","floor":4,"turns":3},{"damage":30,"enemies":"Gremlin Nob","floor":6,"turns":5},{"damage":0,"enemies":"downfall:FleeingMerchant","floor":8,"turns":4},{"damage":7,"enemies":"3 Sentries","floor":9,"turns":3},{"damage":8,"enemies":"Large Slime","floor":11,"turns":3},{"damage":2,"enemies":"downfall:FleeingMerchant","floor":13,"turns":4},{"damage":1,"enemies":"3 Louse","floor":15,"turns":4},{"damage":40,"enemies":"DF_ARCHETYPE_STREAMLINE","floor":16,"turns":6}],"seed_played":"-4770183375266735923","potions_obtained":[{"floor":2,"key":"Slimebound:ThreeZeroPotion"},{"floor":3,"key":"Fruit Juice"},{"floor":9,"key":"Weak Potion"},{"floor":15,"key":"Block Potion"}],"is_trial":false,"path_per_floor":["R","M","M","M","?","E","T","$","E","R","M","?","$","?","M","B"],"character_chosen":"THE_SPIRIT","items_purchased":["hexamod:RadiantFlame"],"campfire_rested":0,"item_purchase_floors":[8],"current_hp_per_floor":[70,70,75,69,74,44,44,44,37,37,29,29,27,27,26,0,0,0],"gold":42,"neow_bonus":"RANDOM_COMMON_RELIC","is_daily":false,"chose_seed":false,"campfire_upgraded":2,"win_rate":0.0,"timestamp":1611086851,"path_taken":["R","M","M","M","?","E","T","$","E","R","M","?","$","?","M","BOSS"],"items_purchased_type":["Card"],"build_version":"2020-12-22","purchased_purges":2,"victory":false,"max_hp_per_floor":[70,70,75,75,80,80,80,80,80,80,80,80,80,80,80,80,80,80],"card_choices":[{"not_picked":["hexamod:ChargedBarrage","hexamod:NightmareStrike"],"picked":"hexamod:CatchUp","floor":2},{"not_picked":["hexamod:GhostflameBarrier","hexamod:AdvancingGuard"],"picked":"hexamod:Firestarter","floor":3},{"not_picked":["hexamod:ChargedBarrage","hexamod:FirstSeal"],"picked":"hexamod:EmpoweredFlame","floor":4},{"not_picked":["hexamod:SpectersWail","hexamod:ChargedBarrage"],"picked":"hexamod:HeatMetal","floor":6},{"not_picked":["hexamod:SpectersWail","hexamod:HauntingEcho"],"picked":"hexamod:BurningTouch","floor":8},{"not_picked":["hexamod:BacktrackSmack","hexamod:SwordOfDarkness","hexamod:ThirdSeal"],"picked":"SKIP","floor":9},{"not_picked":["hexamod:FifthSeal","hexamod:SwordOfDarkness","hexamod:AdvancingGuard"],"picked":"SKIP","floor":11},{"not_picked":["hexamod:AdvancingGuard","hexamod:BacktrackSmack","hexamod:CatchUp"],"picked":"SKIP","floor":13},{"not_picked":["hexamod:GhostOfSpireFuture","hexamod:GhostflameInferno","hexamod:SpectersWail"],"picked":"SKIP","floor":15}],"player_experience":197505,"relics_obtained":[{"floor":6,"key":"Orichalcum"},{"floor":7,"key":"Smiling Mask"},{"floor":9,"key":"Torii"}],"event_choices":[{"damage_healed":0,"gold_gain":0,"player_choice":"Donut","damage_taken":0,"max_hp_gain":5,"max_hp_loss":0,"event_name":"Big Fish","floor":5,"gold_loss":0}],"is_beta":false,"boss_relics":[],"items_purged_floors":[8,13],"is_endless":false,"potions_floor_spawned":[2,3,9,15],"killed_by":"DF_ARCHETYPE_STREAMLINE","ascension_level":0}}