{"host":"ktg5lwritr12xyhv","time":1611053075,"event":{"mods":["ATMod(阿瑾Mod)","Act Like it!","Aspiration","BaseMod","Challenge The Spire","Conspire","Downfall","Gensokyo","Hermit","Koishi","KomeijiMod","Minty Spire (QoL Compilation)","Quick Restart","Relic Stats","Robot Space Explorer","RumiaBox-露米娅的神秘盒子","SIMod","Spicy Shops","StSLib","The Alterego","The Dragon Tamer","vexMod","篝火指南"],"gold_per_floor":[99,99,99,27,127,153,153,183,183,198,198,10,10,22,41,145,145,145,164,164,164,178,198,225,225,68,82,116,116,116],"floor_reached":29,"language":"ZHS","playtime":2746,"items_purged":["Strike_Komeiji"],"score":329,"play_id":"b30ff82b-a120-4d72-9fa2-3689136984d5","local_time":"20210119184435","is_ascension_mode":true,"campfire_choices":[{"data":"Dash_Komeiji","floor":1,"key":"SMITH"},{"data":"TerribleSouvenir","floor":9,"key":"SMITH"},{"data":"TenguhouSokujitsuken","floor":13,"key":"SMITH"},{"data":"ElementMix","floor":18,"key":"SMITH"},{"data":"GasuOrimono","floor":25,"key":"SMITH"}],"circlet_count":0,"master_deck":["Strike_Komeiji","Defend_Komeiji","Defend_Komeiji","Defend_Komeiji","Defend_Komeiji","Dash_Komeiji+1","AT_FamilyPortrait+1","Sabishigari+1","JyouchiJin+1","TenguhouSokujitsuken+1","KoKei+1","TerribleSouvenir+1","KinbakuJin+1","DochyakuKami+1","CS_Komachi","RikonNoKama+1","CondensedBubble+","GasuOrimono+1","YuumeiNoKurin","ElementMix+1","VanishingEverything+1","SpringWind+","HagoromoKu","CondensedBubble+","Mishyaguji+1"],"relics":["KomeijisEye","SpellCardsRule","MusicBox","AT_ATBox","downfall:HeartsMalice","vexMod:InvisibilityCloak","Pantograph","CrystalOfMemory","downfall:BrokenWingStatue","vexMod:CursedCompass","SpellExtend","Pen Nib"],"acts_visited":["Exordium","TheCity"],"potions_floor_usage":[12,12,27],"damage_taken":[{"damage":0,"enemies":"2 Louse","floor":2,"turns":1},{"damage":0,"enemies":"downfall:FleeingMerchant","floor":4,"turns":1},{"damage":0,"enemies":"downfall:Heads","floor":5,"turns":1},{"damage":2,"enemies":"Lagavulin","floor":6,"turns":10},{"damage":9,"enemies":"3 Sentries","floor":8,"turns":14},{"damage":0,"enemies":"Small Slimes","floor":10,"turns":4},{"damage":0,"enemies":"downfall:FleeingMerchant","floor":12,"turns":4},{"damage":6,"enemies":"Jaw Worm","floor":14,"turns":5},{"damage":9,"enemies":"2 Fungi Beasts","floor":15,"turns":6},{"damage":0,"enemies":"SI_SHIV_ARCHETYPE","floor":16,"turns":9},{"damage":3,"enemies":"Shell Parasite","floor":19,"turns":5},{"damage":2,"enemies":"conspire:FuzzyDice","floor":22,"turns":6},{"damage":3,"enemies":"Snake Plant","floor":23,"turns":4},{"damage":0,"enemies":"downfall:FleeingMerchant","floor":26,"turns":4},{"damage":25,"enemies":"Centurion and Healer","floor":27,"turns":8},{"damage":6,"enemies":"Gremlin Leader","floor":28,"turns":6},{"damage":0,"enemies":"Shelled Parasite and Fungi","floor":29,"turns":1}],"seed_played":"-6832963577683233493","potions_obtained":[{"floor":5,"key":"DistilledChaos"},{"floor":8,"key":"DistilledChaos"},{"floor":10,"key":"Weak Potion"},{"floor":15,"key":"Slimebound:ThreeZeroPotion"},{"floor":16,"key":"conspire:TimeTravelPotion"},{"floor":28,"key":"FearPotion"}],"is_trial":false,"path_per_floor":["R","M","?","$","?","E","T","E","R","M","?","$","R","M","M","B",null,"R","M","?","?","M","M","T","R","$","M","E","M"],"character_chosen":"KomeijiSatori","items_purchased":["TenguhouSokujitsuken","CondensedBubble+","SpringWind+","HagoromoKu"],"campfire_rested":0,"item_purchase_floors":[4,12,26,26],"current_hp_per_floor":[50,50,50,50,50,48,48,45,45,45,45,45,45,50,44,50,50,50,50,42,42,46,45,45,45,46,41,39,39,39],"gold":116,"neow_bonus":"THREE_ENEMY_KILL","is_daily":false,"chose_seed":false,"campfire_upgraded":5,"win_rate":0.0,"timestamp":1611053075,"path_taken":["R","M","?","$","?","E","T","E","R","M","?","$","R","?","M","BOSS","R","M","?","?","M","M","T","R","$","M","E","M"],"items_purchased_type":["Card","Undefined","Undefined","Card"],"build_version":"2020-12-22","purchased_purges":1,"victory":false,"max_hp_per_floor":[50,50,50,50,50,50,50,50,50,50,50,50,50,50,50,50,50,50,50,55,55,55,55,55,55,55,55,55,55,55],"relic_stats":{"counters":[17,85],"Pantograph":6,"Pen Nib":[0],"obtain_stats":[{"MusicBox":0,"vexMod:InvisibilityCloak":6,"CrystalOfMemory":8,"AT_ATBox":0,"downfall:BrokenWingStatue":11,"SpellExtend":24,"KomeijisEye":0,"Pantograph":7,"downfall:HeartsMalice":0,"Pen Nib":28,"vexMod:CursedCompass":17,"SpellCardsRule":0},{"MusicBox":0,"vexMod:InvisibilityCloak":4,"CrystalOfMemory":5,"AT_ATBox":0,"downfall:BrokenWingStatue":6,"SpellExtend":13,"KomeijisEye":0,"Pantograph":4,"downfall:HeartsMalice":0,"Pen Nib":16,"vexMod:CursedCompass":10,"SpellCardsRule":0},{"MusicBox":0,"vexMod:InvisibilityCloak":10,"CrystalOfMemory":23,"AT_ATBox":0,"downfall:BrokenWingStatue":27,"SpellExtend":66,"KomeijisEye":0,"Pantograph":10,"downfall:HeartsMalice":0,"Pen Nib":84,"vexMod:CursedCompass":51,"SpellCardsRule":0}]},"card_choices":[{"not_picked":["SummerRed+","HagoromoMizu"],"picked":"Sabishigari+1","floor":2},{"not_picked":["EmeraldCity+","HagoromoMizu"],"picked":"JyouchiJin+1","floor":4},{"not_picked":["FallThrasher+","ShyakuBuku"],"picked":"TerribleSouvenir","floor":5},{"not_picked":["MajikuruSanhai+1","Sabishigari+1"],"picked":"KinbakuJin+1","floor":6},{"not_picked":["YoukiSo+1","DemonsDinnerFork"],"picked":"DochyakuKami+1","floor":8},{"not_picked":["Agarareta+1","DemonsDinnerFork","MusuNoYume"],"picked":"RikonNoKama+1","floor":10},{"not_picked":["JyouchiJin+1","ShyakuBuku","NarrowSpark","Sabishigari+1"],"picked":"SKIP","floor":12},{"not_picked":["KeiseiJin+1","HisouNoKen","RoshinSou+1"],"picked":"GasuOrimono","floor":14},{"not_picked":["MusuNoYume","KouPou+1","FlashOfSpring+"],"picked":"YuumeiNoKurin","floor":15},{"not_picked":["TerribleSouvenir","WumiGaWareru","HisouTensoku"],"picked":"ElementMix","floor":16},{"not_picked":["JyouchiJin+1","CondensedBubble+","KinbakuJin+1","RikonNoKama+1"],"picked":"SKIP","floor":19},{"not_picked":["MusuNoYume","WinterElement+","RikonNoKama+1","MusouMyousyu"],"picked":"SKIP","floor":22},{"not_picked":["HenyouMirume","WipeMoisture+","InscribeRedSoul","DiamondHardness+"],"picked":"SKIP","floor":23},{"not_picked":["ShyakuBuku","SatsujinDooru+1","CondensedBubble+","AutumnEdge+"],"picked":"SKIP","floor":26},{"not_picked":["MakuraSeki+1","YuumeiNoKurin","SummerFlame+"],"picked":"CondensedBubble+","floor":27},{"not_picked":["DemonsDinnerFork","SuitokuNoKyoryu","SummerRed+"],"picked":"Mishyaguji+1","floor":28}],"player_experience":330209,"relics_obtained":[{"floor":6,"key":"vexMod:InvisibilityCloak"},{"floor":7,"key":"Pantograph"},{"floor":8,"key":"CrystalOfMemory"},{"floor":24,"key":"SpellExtend"},{"floor":28,"key":"Pen Nib"}],"event_choices":[],"is_beta":false,"boss_relics":[{"not_picked":["vexMod:ImprovementManual","bronze:MakeshiftBattery"],"picked":"vexMod:CursedCompass"}],"items_purged_floors":[12],"is_endless":false,"potions_floor_spawned":[5,8,10,15,16,22,23,28],"killed_by":"Shelled Parasite and Fungi","ascension_level":2}}