{"host":"o7j6aatxjwpw1421","time":1611064648,"event":{"mods":["2.2 Compatiblity","AchievementEnabler","BaseMod","Colored Map","DeckTracker","Highlight Path","Keyboard Shortcuts","Minty Spire (QoL Compilation)","Permanent Neow","Quick Restart","StSLib","SuperFastMode","everything is the same but u backflip on backflip"],"gold_per_floor":[19,30,44,55,75,75,108,120,120,148,148,165,165,183,183,257,257,277,295,295,310,324,324,359,359,359,359,359,377,262,262,262,336,336,353,373,388,133,148,173,48,74,74,93,107,133,133,150,150,150],"floor_reached":51,"language":"KOR","playtime":3602,"items_purged":["Strike_P","Weave","Pray"],"score":1411,"play_id":"86cd1309-552b-4f48-b5ca-19f36e3ee156","local_time":"20210119225728","is_ascension_mode":true,"campfire_choices":[{"data":"Eruption","floor":6.0,"key":"SMITH"},{"data":"Scrawl","floor":11.0,"key":"SMITH"},{"floor":13.0,"key":"REST"},{"data":"PathToVictory","floor":15.0,"key":"SMITH"},{"floor":23.0,"key":"REST"},{"floor":25.0,"key":"REST"},{"floor":27.0,"key":"REST"},{"floor":32.0,"key":"REST"},{"floor":47,"key":"REST"},{"floor":49,"key":"REST"}],"circlet_count":0,"master_deck":["AscendersBane","Eruption+1","Vigilance+1","PathToVictory+1","Scrawl+1","InnerPeace+1","Study+1","LessonLearned+1","Adaptation+1","Vault+1","SpiritShield+1","CutThroughFate+1","PathToVictory+1"],"relics":["PureWater","Art of War","PreservedInsect","Bottled Lightning","Fusion Hammer","Red Mask","Gremlin Horn","Enchiridion","Pandora\u0027s Box","Lantern","Omamori","Blue Candle","Potion Belt","Shuriken"],"acts_visited":["Exordium","TheCity","TheBeyond"],"potions_floor_usage":[],"damage_taken":[{"damage":0.0,"enemies":"Cultist","floor":1.0,"turns":3.0},{"damage":3.0,"enemies":"Jaw Worm","floor":2.0,"turns":4.0},{"damage":2.0,"enemies":"2 Louse","floor":3.0,"turns":3.0},{"damage":2.0,"enemies":"2 Fungi Beasts","floor":4.0,"turns":3.0},{"damage":8.0,"enemies":"Large Slime","floor":5.0,"turns":5.0},{"damage":29.0,"enemies":"3 Sentries","floor":7.0,"turns":15.0},{"damage":20.0,"enemies":"Lots of Slimes","floor":8.0,"turns":3.0},{"damage":0.0,"enemies":"Gremlin Nob","floor":10.0,"turns":2.0},{"damage":0.0,"enemies":"2 Fungi Beasts","floor":12.0,"turns":4.0},{"damage":5.0,"enemies":"Exordium Thugs","floor":14.0,"turns":5.0},{"damage":6.0,"enemies":"The Guardian","floor":16.0,"turns":9.0},{"damage":14.0,"enemies":"3 Byrds","floor":18.0,"turns":5.0},{"damage":3.0,"enemies":"Spheric Guardian","floor":19.0,"turns":3.0},{"damage":20.0,"enemies":"Shelled Parasite and Fungi","floor":21.0,"turns":4.0},{"damage":2.0,"enemies":"3 Cultists","floor":22.0,"turns":5.0},{"damage":0.0,"enemies":"Masked Bandits","floor":24.0,"turns":3.0},{"damage":0.0,"enemies":"Centurion and Healer","floor":29.0,"turns":4.0},{"damage":9.0,"enemies":"Collector","floor":33.0,"turns":5.0},{"damage":4,"enemies":"3 Shapes","floor":35,"turns":3},{"damage":0,"enemies":"Orb Walker","floor":36,"turns":3},{"damage":18,"enemies":"Spire Growth","floor":37,"turns":5},{"damage":0,"enemies":"Writhing Mass","floor":39,"turns":3},{"damage":1,"enemies":"Giant Head","floor":40,"turns":5},{"damage":3,"enemies":"Nemesis","floor":42,"turns":3},{"damage":0,"enemies":"Sphere and 2 Shapes","floor":44,"turns":3},{"damage":0,"enemies":"3 Darklings","floor":45,"turns":3},{"damage":0,"enemies":"Giant Head","floor":46,"turns":3},{"damage":0,"enemies":"4 Shapes","floor":48,"turns":2},{"damage":0,"enemies":"Donu and Deca","floor":50,"turns":4}],"seed_played":"-312302205798380974","potions_obtained":[{"floor":1.0,"key":"FairyPotion"},{"floor":4.0,"key":"Dexterity Potion"},{"floor":14.0,"key":"Weak Potion"},{"floor":19.0,"key":"Strength Potion"},{"floor":22.0,"key":"SteroidPotion"},{"floor":33.0,"key":"LiquidMemories"},{"floor":45,"key":"Weak Potion"},{"floor":46,"key":"AttackPotion"}],"is_trial":false,"path_per_floor":["M","M","M","M","M","R","E","M","T","E","R","M","R","M","R","B",null,"M","M","?","M","M","R","?","R","T","R","?","M","$","?","R","B",null,"M","M","M","$","M","E","$","E","T","M","M","E","R","M","R","B",null],"character_chosen":"WATCHER","items_purchased":["Adaptation","Lantern"],"campfire_rested":7,"item_purchase_floors":[30,38],"current_hp_per_floor":[61,58,56,54,46,46,17,20,20,20,20,20,40,35,35,29,58,44,41,41,21,19,39,39,59,59,68,52,52,52,52,68,59,66,62,62,44,44,44,43,43,40,40,40,40,40,60,60,68,68],"gold":150,"neow_bonus":"REMOVE_TWO","is_daily":false,"chose_seed":false,"campfire_upgraded":3,"win_rate":0.0,"timestamp":1611064648,"path_taken":["M","M","M","M","M","R","E","M","T","E","R","?","R","M","R","BOSS","M","M","?","?","M","R","?","R","T","R","?","M","$","?","R","BOSS","M","?","M","$","M","E","$","E","T","M","M","E","R","M","R","BOSS"],"items_purchased_type":["Card","Relic"],"build_version":"2020-12-22","purchased_purges":3,"victory":true,"max_hp_per_floor":[68,68,68,68,68,68,68,68,68,68,68,68,68,68,68,68,68,68,68,68,68,68,68,68,68,68,68,68,68,68,68,68,68,68,68,68,68,68,68,68,68,68,68,68,68,68,68,68,68,68],"card_choices":[{"not_picked":["Worship","CrushJoints","SandsOfTime"],"picked":"SKIP","floor":1.0},{"not_picked":["CutThroughFate","Prostrate","Meditate"],"picked":"SKIP","floor":2.0},{"not_picked":["Crescendo","SignatureMove","WheelKick"],"picked":"SKIP","floor":3.0},{"not_picked":["WaveOfTheHand","ThirdEye"],"picked":"PathToVictory","floor":4.0},{"not_picked":["Evaluate","BattleHymn","CutThroughFate"],"picked":"SKIP","floor":5.0},{"not_picked":["FollowUp","Prostrate"],"picked":"Scrawl","floor":7.0},{"not_picked":["Worship","WreathOfFlame","Crescendo"],"picked":"SKIP","floor":8.0},{"not_picked":["Vengeance","Halt"],"picked":"InnerPeace","floor":10.0},{"not_picked":["Swivel","TalkToTheHand","EmptyFist"],"picked":"SKIP","floor":12.0},{"not_picked":["Wireheading","Protect"],"picked":"Study","floor":14.0},{"not_picked":["Ragnarok","Judgement"],"picked":"LessonLearned","floor":16.0},{"not_picked":["Wallop","FlurryOfBlows","SashWhip"],"picked":"SKIP","floor":18.0},{"not_picked":["Worship","BowlingBash","ThirdEye"],"picked":"SKIP","floor":19.0},{"not_picked":["BattleHymn","FollowUp","Meditate"],"picked":"SKIP","floor":21.0},{"not_picked":["Judgement","Vengeance","FlyingSleeves"],"picked":"SKIP","floor":22.0},{"not_picked":["ClearTheMind","Perseverance","JustLucky"],"picked":"SKIP","floor":29.0},{"not_picked":["Wish","Blasphemy"],"picked":"Vault","floor":33.0},{"not_picked":["SashWhip","SandsOfTime","InnerPeace"],"picked":"SKIP","floor":35},{"not_picked":["Crescendo","WindmillStrike","Prostrate+1"],"picked":"SKIP","floor":36},{"not_picked":["EmptyBody","ThirdEye"],"picked":"PathToVictory","floor":37},{"not_picked":["JustLucky","Crescendo+1","FollowUp"],"picked":"SKIP","floor":39},{"not_picked":["CarveReality+1","TalkToTheHand","ThirdEye"],"picked":"SKIP","floor":40},{"not_picked":["EmptyBody","Meditate","Prostrate"],"picked":"SKIP","floor":42},{"not_picked":["FollowUp","FlyingSleeves+1","Protect"],"picked":"SKIP","floor":44},{"not_picked":["CrushJoints","SashWhip+1","ConjureBlade"],"picked":"SKIP","floor":45},{"not_picked":["ThirdEye","EmptyFist","WaveOfTheHand+1"],"picked":"SKIP","floor":46},{"not_picked":["ClearTheMind","FlurryOfBlows","Worship+1"],"picked":"SKIP","floor":48}],"player_experience":579155,"relics_obtained":[{"floor":7.0,"key":"Art of War"},{"floor":9.0,"key":"PreservedInsect"},{"floor":10.0,"key":"Bottled Lightning"},{"floor":24.0,"key":"Red Mask"},{"floor":26.0,"key":"Gremlin Horn"},{"floor":28.0,"key":"Enchiridion"},{"floor":40,"key":"Omamori"},{"floor":42,"key":"Blue Candle"},{"floor":43,"key":"Potion Belt"},{"floor":46,"key":"Shuriken"}],"event_choices":[{"damage_healed":0.0,"max_hp_gain":0.0,"max_hp_loss":0.0,"gold_gain":0.0,"event_name":"Accursed Blacksmith","player_choice":"Forge","floor":20.0,"gold_loss":0.0,"damage_taken":0.0,"cards_upgraded":["Study"]},{"damage_healed":0.0,"max_hp_gain":0.0,"max_hp_loss":0.0,"gold_gain":0.0,"event_name":"Masked Bandits","player_choice":"Fought Bandits","floor":24.0,"gold_loss":0.0,"damage_taken":0.0},{"damage_healed":0.0,"max_hp_gain":0.0,"max_hp_loss":0.0,"gold_gain":0.0,"event_name":"Cursed Tome","player_choice":"Obtained Book","floor":28.0,"gold_loss":0.0,"damage_taken":16.0},{"cards_removed":["Defend_P"],"damage_healed":0.0,"max_hp_gain":0.0,"max_hp_loss":0.0,"gold_gain":0.0,"event_name":"Purifier","player_choice":"Purged","floor":31.0,"gold_loss":0.0,"damage_taken":0.0}],"is_beta":false,"boss_relics":[{"not_picked":["Ectoplasm","Velvet Choker"],"picked":"Fusion Hammer"},{"not_picked":["Snecko Eye","SlaversCollar"],"picked":"Pandora\u0027s Box"}],"items_purged_floors":[30,38,41],"is_endless":false,"potions_floor_spawned":[1,4,5,14,19,22,33,35,36,40,42,45,46],"ascension_level":14}}