{"host":"dpbezu80jg8zk7un","time":1611060633,"event":{"mods":["BaseMod","Colored Map","Colored Powertips","Custom Start","DeckTracker","Minty Spire (QoL Compilation)","Quick Restart","StSLib","SuperFastMode"],"gold_per_floor":[12,24,24,35,46,46,96,124,177,206,92,109,124,149,149,223,223,242,292,312,340,186,186,214,214,288,288,307,182,192,224,224,295,295,309,309,334,63,63,91,104,135,135,183,183,183,216,234,234,234,234,234,234,84,113,113],"floor_reached":57,"language":"KOR","playtime":5451,"items_purged":["Strike_P","Strike_P","Defend_P","EmptyBody"],"score":3217,"play_id":"63eff055-9780-4532-beb0-9dca0b8c7e8c","local_time":"20210119215033","is_ascension_mode":true,"campfire_choices":[{"data":"Eruption","floor":6.0,"key":"SMITH"},{"data":"EmptyMind","floor":15.0,"key":"SMITH"},{"data":"Scrawl","floor":23.0,"key":"SMITH"},{"data":"MentalFortress","floor":27.0,"key":"SMITH"},{"floor":32.0,"key":"RECALL"},{"data":"DeusExMachina","floor":45,"key":"SMITH"},{"data":"Tantrum","floor":49,"key":"SMITH"},{"data":"LikeWater","floor":53,"key":"SMITH"}],"circlet_count":0,"master_deck":["AscendersBane","Eruption+1","Vigilance","Panache","Tantrum+1","EmptyBody","DeusExMachina+1","EmptyMind+1","Scrawl+1","FlurryOfBlows+1","MentalFortress+1","Crescendo","LikeWater+1","Flash of Steel","Flash of Steel","MentalFortress+1","FearNoEvil"],"relics":["PureWater","StrikeDummy","Toy Ornithopter","Strawberry","Lantern","Coffee Dripper","Red Mask","Ornamental Fan","Mummified Hand","Bottled Lightning","Pandora\u0027s Box","StoneCalendar","Shuriken","Bronze Scales","Bag of Preparation","CaptainsWheel","Question Card","Omamori","Pantograph"],"acts_visited":["Exordium","TheCity","TheBeyond","TheEnding"],"potions_floor_usage":[42,56,56],"damage_taken":[{"damage":4.0,"enemies":"2 Louse","floor":1.0,"turns":3.0},{"damage":4.0,"enemies":"Jaw Worm","floor":2.0,"turns":3.0},{"damage":0.0,"enemies":"Cultist","floor":4.0,"turns":2.0},{"damage":1.0,"enemies":"Looter","floor":5.0,"turns":3.0},{"damage":18.0,"enemies":"Lagavulin","floor":8.0,"turns":6.0},{"damage":3.0,"enemies":"Gremlin Nob","floor":10.0,"turns":3.0},{"damage":3.0,"enemies":"Large Slime","floor":12.0,"turns":3.0},{"damage":6.0,"enemies":"Blue Slaver","floor":13.0,"turns":3.0},{"damage":18.0,"enemies":"3 Sentries","floor":14.0,"turns":4.0},{"damage":12.0,"enemies":"Slime Boss","floor":16.0,"turns":7.0},{"damage":2.0,"enemies":"2 Thieves","floor":18.0,"turns":3.0},{"damage":15.0,"enemies":"Shell Parasite","floor":20.0,"turns":4.0},{"damage":0.0,"enemies":"Masked Bandits","floor":21.0,"turns":2.0},{"damage":0.0,"enemies":"Book of Stabbing","floor":24.0,"turns":2.0},{"damage":0.0,"enemies":"3 Cultists","floor":28.0,"turns":3.0},{"damage":0.0,"enemies":"Centurion and Healer","floor":30.0,"turns":2.0},{"damage":0.0,"enemies":"Gremlin Leader","floor":31.0,"turns":3.0},{"damage":11.0,"enemies":"Collector","floor":33.0,"turns":5.0},{"damage":0.0,"enemies":"3 Darklings","floor":35.0,"turns":1.0},{"damage":4.0,"enemies":"Mind Bloom Boss Battle","floor":37.0,"turns":6.0},{"damage":0,"enemies":"Reptomancer","floor":40,"turns":1},{"damage":0,"enemies":"Orb Walker","floor":41,"turns":1},{"damage":19,"enemies":"Nemesis","floor":42,"turns":5},{"damage":0,"enemies":"2 Orb Walkers","floor":44,"turns":2},{"damage":0,"enemies":"Giant Head","floor":47,"turns":2},{"damage":0,"enemies":"Spire Growth","floor":48,"turns":2},{"damage":0,"enemies":"Donu and Deca","floor":50,"turns":4},{"damage":0,"enemies":"Awakened One","floor":51,"turns":5},{"damage":0,"enemies":"Shield and Spear","floor":55,"turns":2},{"damage":70,"enemies":"The Heart","floor":56,"turns":7}],"seed_played":"-3395693282981757967","potions_obtained":[{"floor":1.0,"key":"StancePotion"},{"floor":4.0,"key":"Fire Potion"},{"floor":12.0,"key":"LiquidMemories"},{"floor":14.0,"key":"Weak Potion"},{"floor":21.0,"key":"Fire Potion"},{"floor":47,"key":"Strength Potion"}],"is_trial":false,"path_per_floor":["M","M","?","M","M","R","?","E","T","E","$","M","M","E","R","B",null,"M","?","M","?","$","R","E","?","T","R","M","$","M","E","R","B",null,"M","?","?","$","?","E","M","E","T","?","R","T","E","M","R","B","B",null,"R","$","E","B",null],"character_chosen":"WATCHER","items_purchased":["EmptyMind","Block Potion","Shuriken"],"campfire_rested":0,"item_purchase_floors":[11,22,38],"current_hp_per_floor":[57,53,53,53,52,52,52,34,34,43,43,40,34,21,21,9,59,62,62,47,47,47,47,47,47,47,47,47,47,47,47,47,36,65,65,65,61,61,51,51,51,37,37,37,37,37,37,37,37,37,37,66,66,66,66,10],"gold":113,"neow_bonus":"RANDOM_COLORLESS_2","is_daily":false,"chose_seed":false,"campfire_upgraded":7,"win_rate":0.0,"timestamp":1611060633,"path_taken":["M","M","?","M","M","R","?","E","T","E","$","M","M","E","R","BOSS","M","?","M","?","$","R","E","?","T","R","M","?","?","E","R","BOSS","M","?","?","$","?","E","M","E","T","?","R","?","E","M","R","BOSS","BOSS","R","$","E","BOSS"],"items_purchased_type":["Card","Potion","Relic"],"build_version":"2020-12-22","purchased_purges":4,"victory":true,"max_hp_per_floor":[68,68,68,68,68,68,68,68,68,75,75,75,75,75,75,75,75,75,75,75,75,75,75,75,75,75,75,75,75,75,75,75,75,75,75,75,75,75,75,75,75,75,75,75,75,75,75,75,75,75,75,75,75,75,75,75],"card_choices":[{"not_picked":["Mayhem","Secret Weapon"],"picked":"Panache","floor":0.0},{"not_picked":["Protect","CrushJoints"],"picked":"Tantrum","floor":1.0},{"not_picked":["Protect","Indignation"],"picked":"EmptyBody","floor":2.0},{"not_picked":["Prostrate","Swivel","CutThroughFate"],"picked":"SKIP","floor":4.0},{"not_picked":["CutThroughFate","SashWhip","Fasting2"],"picked":"SKIP","floor":5.0},{"not_picked":["Tantrum","CutThroughFate","Worship"],"picked":"SKIP","floor":8.0},{"not_picked":["DeusExMachina","Halt","PathToVictory"],"picked":"SKIP","floor":10.0},{"not_picked":["Evaluate","FlyingSleeves","Sanctity"],"picked":"SKIP","floor":12.0},{"not_picked":["FollowUp","ReachHeaven","Nirvana"],"picked":"SKIP","floor":13.0},{"not_picked":["EmptyMind","Protect","PathToVictory"],"picked":"SKIP","floor":14.0},{"not_picked":["DeusExMachina","ConjureBlade"],"picked":"Scrawl","floor":16.0},{"not_picked":["Pray","CutThroughFate","FlyingSleeves"],"picked":"SKIP","floor":18.0},{"not_picked":["FlyingSleeves","Prostrate"],"picked":"FlurryOfBlows+1","floor":20.0},{"not_picked":["BattleHymn","Blasphemy","FlurryOfBlows"],"picked":"SKIP","floor":24.0},{"not_picked":["LikeWater","FlurryOfBlows","EmptyBody"],"picked":"SKIP","floor":28.0},{"not_picked":["Consecrate","WreathOfFlame+1","FlyingSleeves+1"],"picked":"SKIP","floor":30.0},{"not_picked":["Crescendo","Weave+1","DevaForm"],"picked":"SKIP","floor":31.0},{"not_picked":["ThirdEye","BowlingBash","Pray+1"],"picked":"SKIP","floor":35.0},{"not_picked":["Dark Shackles","Transmutation"],"picked":"Flash of Steel","floor":39},{"not_picked":["Jack Of All Trades","Dramatic Entrance"],"picked":"Flash of Steel","floor":39},{"not_picked":["EmptyBody","ConjureBlade"],"picked":"MentalFortress+1","floor":40},{"not_picked":["Sanctity","EmptyFist","BattleHymn"],"picked":"SKIP","floor":41},{"not_picked":["FlurryOfBlows","WreathOfFlame+1","CutThroughFate"],"picked":"SKIP","floor":42},{"not_picked":["DevaForm","SignatureMove+1","Meditate","Worship"],"picked":"SKIP","floor":47},{"not_picked":["PathToVictory","EmptyFist","BattleHymn","SashWhip+1"],"picked":"SKIP","floor":48},{"not_picked":["BattleHymn+1","EmptyMind","Nirvana"],"picked":"FearNoEvil","floor":55}],"player_experience":2896681,"relics_obtained":[{"floor":8.0,"key":"StrikeDummy"},{"floor":9.0,"key":"Toy Ornithopter"},{"floor":10.0,"key":"Strawberry"},{"floor":14.0,"key":"Lantern"},{"floor":21.0,"key":"Red Mask"},{"floor":24.0,"key":"Ornamental Fan"},{"floor":26.0,"key":"Mummified Hand"},{"floor":31.0,"key":"Bottled Lightning"},{"floor":37.0,"key":"StoneCalendar"},{"floor":40,"key":"Bronze Scales"},{"floor":42,"key":"Bag of Preparation"},{"floor":44,"key":"CaptainsWheel"},{"floor":46,"key":"Question Card"},{"floor":47,"key":"Omamori"},{"floor":55,"key":"Pantograph"}],"event_choices":[{"damage_healed":0.0,"max_hp_gain":0.0,"max_hp_loss":0.0,"gold_gain":0.0,"cards_transformed":["Defend_P"],"event_name":"Living Wall","player_choice":"Change","floor":3.0,"gold_loss":0.0,"damage_taken":0.0,"cards_obtained":["DeusExMachina"]},{"damage_healed":0.0,"max_hp_gain":0.0,"max_hp_loss":0.0,"gold_gain":50.0,"event_name":"Golden Shrine","player_choice":"Pray","floor":7.0,"gold_loss":0.0,"damage_taken":0.0},{"damage_healed":0.0,"max_hp_gain":0.0,"max_hp_loss":0.0,"gold_gain":50.0,"event_name":"Nest","player_choice":"Stole From Cult","floor":19.0,"gold_loss":0.0,"damage_taken":0.0},{"damage_healed":0.0,"max_hp_gain":0.0,"max_hp_loss":0.0,"gold_gain":0.0,"event_name":"Masked Bandits","player_choice":"Fought Bandits","floor":21.0,"gold_loss":0.0,"damage_taken":0.0},{"damage_healed":0.0,"max_hp_gain":0.0,"max_hp_loss":0.0,"gold_gain":0.0,"event_name":"The Library","player_choice":"Read","floor":25.0,"gold_loss":0.0,"damage_taken":0.0,"cards_obtained":["MentalFortress"]},{"cards_removed":["Consecrate"],"damage_healed":0.0,"max_hp_gain":0.0,"max_hp_loss":0.0,"gold_gain":0.0,"event_name":"Falling","player_choice":"Removed Attack","floor":36.0,"gold_loss":0.0,"damage_taken":0.0},{"damage_healed":0.0,"max_hp_gain":0.0,"max_hp_loss":0.0,"gold_gain":0.0,"event_name":"MindBloom","player_choice":"Fight","floor":37.0,"gold_loss":0.0,"damage_taken":0.0},{"damage_healed":0,"gold_gain":0,"player_choice":"Memory 3","damage_taken":10,"max_hp_gain":0,"max_hp_loss":0,"event_name":"SensoryStone","floor":39,"gold_loss":0},{"damage_healed":0,"gold_gain":0,"player_choice":"Fight","damage_taken":0,"max_hp_gain":0,"max_hp_loss":0,"event_name":"Mysterious Sphere","floor":44,"gold_loss":0}],"is_beta":false,"boss_relics":[{"not_picked":["Snecko Eye","Ectoplasm"],"picked":"Coffee Dripper"},{"not_picked":["Velvet Choker","Black Star"],"picked":"Pandora\u0027s Box"}],"items_purged_floors":[11,22,29,54],"is_endless":false,"potions_floor_spawned":[1,4,12,14,21,24,28,33,37,40,41,47,48],"ascension_level":20}}