{"host":"7eytxr1oawi6r5nr","time":1611073184,"event":{"mods":["BaseMod","Better Third Choice","Curses Come First","Dark Map","Hermit","Hubris","Minty Spire (QoL Compilation)","Permanent Neow","Quick Restart","Rare Cards Sparkle","Replay The Spire","Robot Space Explorer","StSLib","The Cursed","The Disciple","The Forsaken","The Marked","The Mystic","The Runesmith"],"gold_per_floor":[115,125,142,142,155,155,181,181,181,51,51,51,51,51,51,148,148,138,153,153,78,88,118,58,58,58,58,58,58,58,22,22,34,34,133,133,144,261,61,61,76,76,196,196,220,220,220,239,259,269,269,269],"floor_reached":53,"language":"ENG","playtime":4187,"items_purged":["theForsaken:PlagueCurse"],"score":627,"play_id":"b4c8b676-2e0d-453a-8eda-f2f383040a40","local_time":"20210119161944","is_ascension_mode":false,"campfire_choices":[{"data":"TheCursedMod:CursedWand","floor":6,"key":"SMITH"},{"floor":8,"key":"REST"},{"data":"TheCursedMod:VoidForm","floor":11,"key":"SMITH"},{"floor":15,"key":"REST"},{"data":"TheCursedMod:SpitefulPlan","floor":25,"key":"SMITH"},{"data":"TheCursedMod:Stretching","floor":29,"key":"SMITH"},{"floor":34,"key":"REST"},{"data":"TheCursedMod:CircleOfAbyss","floor":42,"key":"SMITH"},{"data":"TheCursedMod:HellfireBreathing","floor":44,"key":"SMITH"},{"floor":51,"key":"REST"}],"circlet_count":0,"master_deck":["TheCursedMod:Strike_TheCursed","TheCursedMod:Defend_TheCursed+1","TheCursedMod:Defend_TheCursed+1","TheCursedMod:Defend_TheCursed+1","TheCursedMod:CursedWand+1","TheCursedMod:CleanUpWorkshop","TheCursedMod:Dregs","TheCursedMod:VoidForm+1","TheCursedMod:WearCloak","TheCursedMod:RavingStaff","TheCursedMod:CursedShiv","TheCursedMod:CircleOfBlood","TheCursedMod:SpitefulPlan+1","TheCursedMod:CursedMace","TheCursedMod:CircleOfAbyss+1","TheCursedMod:CursedSpellbook","TheCursedMod:SmokeScreen","CommonCold","TheCursedMod:SpitefulStrike","TheCursedMod:Stretching+1","TheCursedMod:LuckyCharm","TheCursedMod:HellfireBreathing+1","TheCursedMod:AntiAging","TheCursedMod:CircleOfCorruption","TheCursedMod:HellfireBreathing","TheCursedMod:ManaBullet","TheCursedMod:SoulReap","TheCursedMod:RapidMovement+1"],"relics":["TheCursedMod:BlackMagic101","Mirror","Replay:Bottled Eggs","hubris:Icosahedron","theForsaken:PlagueMask","ChewingGum","Ring of Fury","Ring of Hypnosis","Gremlin Horn","Meat on the Bone","Philosopher\u0027s Stone","BargainBundle","Orichalcum"],"acts_visited":["Exordium","TheCity","TheBeyond"],"potions_floor_usage":[5,33,38,49,52,52],"damage_taken":[{"damage":0,"enemies":"Jaw Worm","floor":1,"turns":5},{"damage":1,"enemies":"Cultist","floor":2,"turns":4},{"damage":2,"enemies":"Small Slimes","floor":3,"turns":4},{"damage":0,"enemies":"Looter","floor":5,"turns":3},{"damage":20,"enemies":"Gremlin Nob","floor":7,"turns":4},{"damage":27,"enemies":"The Guardian","floor":16,"turns":4},{"damage":7,"enemies":"2 Thieves","floor":18,"turns":4},{"damage":3,"enemies":"Spheric Guardian","floor":19,"turns":3},{"damage":28,"enemies":"Cultist and Chosen","floor":22,"turns":5},{"damage":15,"enemies":"Gremlin Leader","floor":23,"turns":6},{"damage":7,"enemies":"3 Cultists","floor":31,"turns":4},{"damage":16,"enemies":"Centurion and Healer","floor":33,"turns":4},{"damage":28,"enemies":"Champ","floor":35,"turns":8},{"damage":9,"enemies":"3 Shapes","floor":37,"turns":6},{"damage":5,"enemies":"Orb Walker","floor":38,"turns":4},{"damage":19,"enemies":"Maw","floor":41,"turns":8},{"damage":32,"enemies":"3 Darklings","floor":43,"turns":4},{"damage":2,"enemies":"Transient","floor":48,"turns":5},{"damage":2,"enemies":"Writhing Mass","floor":49,"turns":4},{"damage":7,"enemies":"4 Shapes","floor":50,"turns":3},{"damage":50,"enemies":"Awakened One","floor":52,"turns":8}],"seed_played":"2875514374359908444","potions_obtained":[{"floor":2,"key":"Adrenaline Potion"},{"floor":7,"key":"FearPotion"},{"floor":18,"key":"Weak Potion"},{"floor":35,"key":"Energy Potion"},{"floor":41,"key":"Explosive Potion"},{"floor":43,"key":"SkillPotion"},{"floor":49,"key":"Dexterity Potion"}],"is_trial":false,"path_per_floor":["M","M","M","?","M","R","E","R","T","$","R","?","?","?","R","B",null,"M","M","?","?","M","E","?","R","T","PTL","PTL","R","$","M","$","M","R","B",null,"M","M","$","?","M","R","M","R","T","?","?","M","M","M","R","B",null],"character_chosen":"THE_CURSED","items_purchased":["TheCursedMod:SpitefulPlan","TheCursedMod:CursedMace","BargainBundle","TheCursedMod:CircleOfCorruption","TheCursedMod:HellfireBreathing"],"campfire_rested":4,"item_purchase_floors":[10,10,39,39,39],"current_hp_per_floor":[54,53,51,44,44,44,24,46,46,46,46,46,46,46,68,41,75,70,69,69,69,45,32,32,32,32,32,32,32,32,39,39,35,57,41,75,68,65,65,65,52,52,42,42,42,42,42,49,47,52,76,77],"gold":269,"neow_bonus":"THREE_RARE_CARDS","is_daily":false,"chose_seed":false,"campfire_upgraded":6,"win_rate":0.0,"timestamp":1611073184,"path_taken":["M","M","M","?","?","R","E","R","T","$","R","?","?","?","R","BOSS","M","M","?","?","M","E","?","R","T","PTL","PTL","R","$","M","$","M","R","BOSS","M","M","$","?","?","R","M","R","T","?","?","?","M","M","R","BOSS"],"items_purchased_type":["Card","Card","Relic","Card","Card"],"build_version":"2020-12-22","purchased_purges":1,"victory":true,"max_hp_per_floor":[75,75,75,75,75,75,75,75,75,75,75,75,75,75,75,75,75,75,75,75,75,75,75,75,75,75,75,75,75,75,75,75,75,75,75,75,77,79,79,79,81,81,83,83,83,83,83,83,83,83,83,83],"card_choices":[{"not_picked":["TheCursedMod:ParallelWorld","TheCursedMod:DemonicPact"],"picked":"TheCursedMod:VoidForm","floor":0},{"not_picked":["TheCursedMod:SpitefulPray","TheCursedMod:TacticalStrike"],"picked":"TheCursedMod:WearCloak","floor":1},{"not_picked":["TheCursedMod:Mangle","TheCursedMod:CircleOfFlame"],"picked":"TheCursedMod:RavingStaff","floor":2},{"not_picked":["TheCursedMod:CircleOfWindfury","TheCursedMod:EmpowerCircles","TheCursedMod:VitalStrike"],"picked":"SKIP","floor":3},{"not_picked":["TheCursedMod:DemonicPact","TheCursedMod:SaltUponWound"],"picked":"TheCursedMod:CursedShiv","floor":5},{"not_picked":["TheCursedMod:SpitefulPray","TheCursedMod:VitalStrike"],"picked":"TheCursedMod:CircleOfBlood","floor":7},{"not_picked":["TheCursedMod:NeowsMight","TheCursedMod:UltimatePain"],"picked":"TheCursedMod:CircleOfAbyss","floor":16},{"not_picked":["TheCursedMod:Stretching","TheCursedMod:CursedMace"],"picked":"TheCursedMod:CursedSpellbook","floor":18},{"not_picked":["TheCursedMod:Obscuration","TheCursedMod:CursedBoomerang"],"picked":"TheCursedMod:SmokeScreen","floor":19},{"not_picked":["TheCursedMod:SurpriseAttack+1","TheCursedMod:SpreadPlague"],"picked":"TheCursedMod:SpitefulStrike","floor":22},{"not_picked":["TheCursedMod:Stigma","TheCursedMod:CursedAmulet"],"picked":"TheCursedMod:Stretching","floor":23},{"not_picked":["TheCursedMod:BloodBarrier","TheCursedMod:VitalStrike"],"picked":"TheCursedMod:LuckyCharm","floor":31},{"not_picked":["TheCursedMod:ShockAndAwe","TheCursedMod:Wield"],"picked":"TheCursedMod:HellfireBreathing","floor":33},{"not_picked":["TheCursedMod:ShockAndAwe","TheCursedMod:VoidForm"],"picked":"TheCursedMod:AntiAging","floor":35},{"not_picked":["TheCursedMod:PrepareRite+1","TheCursedMod:StingEye+1","TheCursedMod:CursedMace+1"],"picked":"SKIP","floor":37},{"not_picked":["TheCursedMod:Mangle+1","TheCursedMod:CursedMace","TheCursedMod:CursedBoomerang"],"picked":"SKIP","floor":38},{"not_picked":["TheCursedMod:Stretching+1","TheCursedMod:CursedAmulet"],"picked":"TheCursedMod:ManaBullet","floor":41},{"not_picked":["TheCursedMod:SurpriseAttack","TheCursedMod:RavingStaff"],"picked":"TheCursedMod:SoulReap","floor":43},{"not_picked":["TheCursedMod:WearCloak+1","TheCursedMod:CircleOfAmplification+1"],"picked":"TheCursedMod:RapidMovement+1","floor":48},{"not_picked":["TheCursedMod:RavingStaff+1","TheCursedMod:Obscuration+1","TheCursedMod:ReleasedStrength"],"picked":"SKIP","floor":49},{"not_picked":["TheCursedMod:ReleasedStrength","TheCursedMod:VitalStrike+1","TheCursedMod:Obscuration"],"picked":"SKIP","floor":50}],"player_experience":164981,"relics_obtained":[{"floor":7,"key":"Mirror"},{"floor":9,"key":"Replay:Bottled Eggs"},{"floor":20,"key":"Ring of Fury"},{"floor":20,"key":"Ring of Hypnosis"},{"floor":23,"key":"Gremlin Horn"},{"floor":26,"key":"Meat on the Bone"},{"floor":45,"key":"Orichalcum"}],"event_choices":[{"damage_healed":0,"gold_gain":0,"player_choice":"Damaged","damage_taken":7,"max_hp_gain":0,"max_hp_loss":0,"event_name":"Wheel of Change","floor":4,"gold_loss":0},{"damage_healed":0,"gold_gain":0,"player_choice":"Obtain Plague Curse","damage_taken":0,"max_hp_gain":0,"max_hp_loss":0,"event_name":"Plague Doctor","floor":14,"gold_loss":0,"cards_obtained":["theForsaken:PlagueCurse"]},{"cards_removed":["TheCursedMod:Strike_TheCursed"],"damage_healed":0,"gold_gain":0,"player_choice":"Gave Gold","damage_taken":0,"max_hp_gain":0,"max_hp_loss":0,"event_name":"Beggar","floor":21,"gold_loss":75},{"damage_healed":0,"gold_gain":0,"player_choice":"Ignored","damage_taken":0,"max_hp_gain":0,"max_hp_loss":0,"event_name":"Fountain of Cleansing","floor":40,"gold_loss":0},{"cards_removed":["TheCursedMod:Defend_TheCursed"],"damage_healed":0,"gold_gain":0,"player_choice":"Removed Skill","damage_taken":0,"max_hp_gain":0,"max_hp_loss":0,"event_name":"Falling","floor":46,"gold_loss":0},{"cards_removed":["TheCursedMod:Strike_TheCursed"],"damage_healed":0,"gold_gain":0,"player_choice":"Purged","damage_taken":0,"max_hp_gain":0,"max_hp_loss":0,"event_name":"Purifier","floor":47,"gold_loss":0}],"is_beta":false,"boss_relics":[{"not_picked":["hubris:CrackedHourglass","Busted Crown"],"picked":"ChewingGum"},{"not_picked":["TheCursedMod:BlackMagicAdvanced","Runesmith:UraniumAnvil"],"picked":"Philosopher\u0027s Stone"}],"items_purged_floors":[39],"is_endless":false,"potions_floor_spawned":[2,7,18,35,41,43,49],"ascension_level":0}}