{"host":"sc0o2qwpf9j16a4i","time":1611071578,"event":{"mods":["AchievementEnabler","BaseMod","BetterRewards","Block Reminder","Colored Map","Colored Powertips","Custom Start","Highlight Path","Minty Spire (QoL Compilation)","Relic Stats"],"gold_per_floor":[114,114,129,144,16,16,46,46,46,46,79,79,1,34,34,113,113,124,124,134,145,165,165,197,197,197,197,26,37,18,36,36,110,110,125,125,125,125,138,138,19,53,53,67,67,100,100,125,125,125,125,125,125,10,44,44],"floor_reached":57,"language":"ENG","playtime":2926,"items_purged":["Strike_R","Strike_R"],"score":3423,"play_id":"294a9d5c-3e30-40be-87dd-d02ec114afd4","local_time":"20210119175258","is_ascension_mode":true,"campfire_choices":[{"floor":6.0,"key":"REST"},{"data":"Apotheosis","floor":8.0,"key":"SMITH"},{"floor":10.0,"key":"REST"},{"floor":15.0,"key":"REST"},{"data":"Disarm","floor":23.0,"key":"SMITH"},{"data":"Feel No Pain","floor":27.0,"key":"SMITH"},{"data":"Demon Form","floor":32.0,"key":"SMITH"},{"floor":40,"key":"RECALL"},{"floor":49,"key":"REST"},{"data":"Warcry","floor":53,"key":"SMITH"}],"circlet_count":0,"master_deck":["AscendersBane","Defend_R","Defend_R","Defend_R","Defend_R","Bash","Inflame","Shrug It Off","Shrug It Off","Sentinel","Bash","Headbutt","Spot Weakness","Apotheosis+1","Shockwave","Disarm+1","Shrug It Off","Reaper","Demon Form+1","Carnage","Blood for Blood","Second Wind","Metallicize","Warcry+1","Feel No Pain+1","Exhume","Disarm","Dark Embrace","Barricade","Flame Barrier","Feel No Pain","Injury","Exhume","Impervious"],"relics":["Burning Blood","Membership Card","Pen Nib","Letter Opener","Magic Flower","Champion Belt","Gambling Chip","Bronze Scales","Runic Pyramid","Sundial","PreservedInsect","Cursed Key","ClockworkSouvenir","Singing Bowl","Ginger","MealTicket","Incense Burner","Anchor","Centennial Puzzle"],"acts_visited":["Exordium","TheCity","TheBeyond","TheEnding"],"potions_floor_usage":[42,42,48,48,56,56],"damage_taken":[{"damage":9.0,"enemies":"2 Louse","floor":1.0,"turns":4.0},{"damage":3.0,"enemies":"Cultist","floor":3.0,"turns":4.0},{"damage":6.0,"enemies":"Jaw Worm","floor":4.0,"turns":6.0},{"damage":18.0,"enemies":"3 Sentries","floor":7.0,"turns":8.0},{"damage":58.0,"enemies":"Gremlin Nob","floor":11.0,"turns":5.0},{"damage":5.0,"enemies":"3 Sentries","floor":14.0,"turns":8.0},{"damage":36.0,"enemies":"The Guardian","floor":16.0,"turns":17.0},{"damage":28.0,"enemies":"Spheric Guardian","floor":18.0,"turns":8.0},{"damage":5.0,"enemies":"Chosen","floor":20.0,"turns":6.0},{"damage":29.0,"enemies":"Sentry and Sphere","floor":21.0,"turns":8.0},{"damage":6.0,"enemies":"Snake Plant","floor":22.0,"turns":5.0},{"damage":1.0,"enemies":"Book of Stabbing","floor":24.0,"turns":7.0},{"damage":17.0,"enemies":"Shelled Parasite and Fungi","floor":29.0,"turns":7.0},{"damage":3.0,"enemies":"Snecko","floor":31.0,"turns":7.0},{"damage":21.0,"enemies":"Automaton","floor":33.0,"turns":9.0},{"damage":8.0,"enemies":"3 Darklings","floor":35.0,"turns":7.0},{"damage":9,"enemies":"Orb Walker","floor":39,"turns":4},{"damage":67,"enemies":"Reptomancer","floor":42,"turns":8},{"damage":0,"enemies":"Spire Growth","floor":44,"turns":9},{"damage":20,"enemies":"Giant Head","floor":46,"turns":9},{"damage":49,"enemies":"Reptomancer","floor":48,"turns":8},{"damage":22,"enemies":"Time Eater","floor":50,"turns":17},{"damage":42,"enemies":"Awakened One","floor":51,"turns":17},{"damage":33,"enemies":"Shield and Spear","floor":55,"turns":11},{"damage":0,"enemies":"The Heart","floor":56,"turns":12}],"seed_played":"2201627359444611003","potions_obtained":[{"floor":3.0,"key":"CultistPotion"},{"floor":16.0,"key":"DuplicationPotion"},{"floor":24.0,"key":"BlessingOfTheForge"},{"floor":35.0,"key":"FearPotion"},{"floor":42,"key":"Swift Potion"},{"floor":46,"key":"DistilledChaos"},{"floor":55,"key":"LiquidBronze"}],"is_trial":false,"path_per_floor":["M","?","M","M","$","R","E","R","T","R","E","?","$","E","R","B",null,"M","?","M","M","M","R","E","?","T","R","$","M","$","M","R","B",null,"M","?","?","T","M","R","$","E","T","M","T","E","?","E","R","B","B",null,"R","$","E","B",null],"character_chosen":"IRONCLAD","items_purchased":["Membership Card","Pen Nib","Letter Opener","Magic Flower","Inflame","Shrug It Off","Apotheosis","Strength Potion","Shrug It Off","PreservedInsect","Exhume","Dark Embrace","ClockworkSouvenir","Feel No Pain","Anchor","Block Potion"],"campfire_rested":4,"item_purchase_floors":[0,0,0,0,0,0,5,5,13,28,28,30,41,41,54,54],"current_hp_per_floor":[36,36,42,45,45,67,58,58,58,75,26,26,26,30,52,37,66,75,75,75,75,75,75,75,75,75,75,75,75,75,75,75,75,75,75,71,71,71,71,71,71,73,73,75,75,75,75,47,69,75,75,75,75,75,77,77],"gold":44,"neow_bonus":"","is_daily":false,"chose_seed":false,"campfire_upgraded":5,"win_rate":0.0,"timestamp":1611071578,"path_taken":["M","?","M","M","?","R","E","R","T","R","E","?","$","E","R","BOSS","M","?","M","M","M","R","E","?","T","R","?","?","$","M","R","BOSS","M","?","?","?","?","R","?","E","T","M","?","E","?","E","R","BOSS","BOSS","R","$","E","BOSS"],"items_purchased_type":["Relic","Relic","Relic","Relic","Card","Card","Card","Potion","Card","Relic","Card","Card","Relic","Card","Relic","Potion"],"build_version":"2020-12-22","purchased_purges":2,"victory":true,"max_hp_per_floor":[75,75,75,75,75,75,75,75,75,75,75,75,75,75,75,75,75,75,75,75,75,75,75,75,75,75,75,75,75,75,75,75,75,75,75,71,71,71,71,71,71,73,73,75,75,75,75,75,75,75,75,75,75,75,77,77],"relic_stats":{"Singing Bowl":6,"counters":[145,893],"Magic Flower":[53],"Pen Nib":[15],"PreservedInsect":473,"Letter Opener":[327],"Ginger":[9],"Cursed Key":1,"Burning Blood":650,"Centennial Puzzle":[42],"Sundial":[18],"Gambling Chip":[69],"Bronze Scales":[796],"MealTicket":30,"Champion Belt":[61],"obtain_stats":[{"Ice Cream":9,"Tiny House":0,"Gremlin Horn":0,"Nilry\u0027s Codex":19,"CeramicFish":23,"Whetstone":26,"Ginger":44,"Bottled Tornado":53,"Sling":0,"Blood Vial":24,"Centennial Puzzle":8,"DollysMirror":20,"Sundial":7,"Strawberry":0,"MealTicket":40,"Fusion Hammer":17,"Happy Flower":0,"Blue Candle":0,"Dead Branch":47,"Velvet Choker":17,"Oddly Smooth Stone":0,"Eternal Feather":12,"Charon\u0027s Ashes":10,"Pen Nib":31,"Letter Opener":0,"War Paint":30,"Question Card":0,"Akabeko":17,"OrangePellets":0,"SlaversCollar":17,"Bottled Flame":24,"Bronze Scales":12,"Molten Egg 2":0,"Mark of Pain":34,"CultistMask":2,"Nloth\u0027s Gift":31,"Unceasing Top":54,"Lantern":32,"Singing Bowl":25,"Torii":30,"Magic Flower":7,"Bag of Preparation":0,"Incense Burner":48,"Cursed Key":17,"Ancient Tea Set":24,"Burning Blood":0,"ClockworkSouvenir":54,"Frozen Eye":0,"Nunchaku":7,"Shovel":3,"Mummified Hand":22,"Gambling Chip":9,"Tiny Chest":23,"Red Mask":19,"Chemical X":0,"Red Skull":7,"InkBottle":9,"Runic Pyramid":34,"Paper Frog":17,"Potion Belt":0,"Self Forming Clay":9,"Golden Idol":4,"PreservedInsect":0,"Omamori":0,"Medical Kit":54,"Calling Bell":17,"Strange Spoon":30,"Anchor":6,"CaptainsWheel":28,"Bag of Marbles":14,"Art of War":3,"Membership Card":22,"Champion Belt":14,"Toy Ornithopter":0},{"Ice Cream":15,"Tiny House":0,"Gremlin Horn":64,"Nilry\u0027s Codex":20,"CeramicFish":116,"Whetstone":47,"Ginger":57,"Bottled Tornado":101,"Sling":103,"Blood Vial":47,"Centennial Puzzle":4,"DollysMirror":10,"Sundial":80,"Strawberry":64,"MealTicket":55,"Fusion Hammer":43,"Happy Flower":103,"Blue Candle":64,"Dead Branch":98,"Velvet Choker":8,"Oddly Smooth Stone":103,"Eternal Feather":6,"Charon\u0027s Ashes":81,"Pen Nib":119,"Letter Opener":64,"War Paint":49,"Question Card":64,"Akabeko":112,"OrangePellets":64,"SlaversCollar":72,"Bottled Flame":87,"Bronze Scales":16,"Molten Egg 2":32,"Mark of Pain":28,"CultistMask":77,"Nloth\u0027s Gift":90,"Unceasing Top":101,"Lantern":27,"Singing Bowl":23,"Torii":49,"Magic Flower":14,"Bag of Preparation":32,"Incense Burner":141,"Cursed Key":19,"Ancient Tea Set":22,"Burning Blood":0,"ClockworkSouvenir":63,"Frozen Eye":76,"Nunchaku":69,"Shovel":13,"Mummified Hand":115,"Gambling Chip":124,"Tiny Chest":22,"Red Mask":10,"Chemical X":11,"Red Skull":37,"InkBottle":38,"Runic Pyramid":51,"Paper Frog":112,"Potion Belt":64,"Self Forming Clay":4,"Golden Idol":13,"PreservedInsect":103,"Omamori":32,"Medical Kit":101,"Calling Bell":112,"Strange Spoon":49,"Anchor":3,"CaptainsWheel":24,"Bag of Marbles":18,"Art of War":34,"Membership Card":21,"Champion Belt":83,"Toy Ornithopter":103},{"Ice Cream":72,"Tiny House":0,"Gremlin Horn":344,"Nilry\u0027s Codex":93,"CeramicFish":645,"Whetstone":192,"Ginger":276,"Bottled Tornado":558,"Sling":574,"Blood Vial":192,"Centennial Puzzle":12,"DollysMirror":54,"Sundial":427,"Strawberry":344,"MealTicket":258,"Fusion Hammer":179,"Happy Flower":574,"Blue Candle":344,"Dead Branch":528,"Velvet Choker":41,"Oddly Smooth Stone":574,"Eternal Feather":21,"Charon\u0027s Ashes":429,"Pen Nib":664,"Letter Opener":344,"War Paint":201,"Question Card":344,"Akabeko":620,"OrangePellets":344,"SlaversCollar":392,"Bottled Flame":457,"Bronze Scales":76,"Molten Egg 2":147,"Mark of Pain":125,"CultistMask":413,"Nloth\u0027s Gift":472,"Unceasing Top":558,"Lantern":116,"Singing Bowl":102,"Torii":201,"Magic Flower":69,"Bag of Preparation":147,"Incense Burner":836,"Cursed Key":89,"Ancient Tea Set":97,"Burning Blood":0,"ClockworkSouvenir":333,"Frozen Eye":410,"Nunchaku":363,"Shovel":63,"Mummified Hand":639,"Gambling Chip":704,"Tiny Chest":97,"Red Mask":54,"Chemical X":59,"Red Skull":162,"InkBottle":165,"Runic Pyramid":225,"Paper Frog":620,"Potion Belt":344,"Self Forming Clay":12,"Golden Idol":63,"PreservedInsect":574,"Omamori":147,"Medical Kit":558,"Calling Bell":620,"Strange Spoon":201,"Anchor":9,"CaptainsWheel":107,"Bag of Marbles":84,"Art of War":153,"Membership Card":95,"Champion Belt":438,"Toy Ornithopter":574}]},"card_choices":[{"not_picked":["Havoc","Entrench"],"picked":"Shrug It Off","floor":1.0},{"not_picked":["Thunderclap","Iron Wave"],"picked":"Headbutt","floor":3.0},{"not_picked":["Heavy Blade","Reckless Charge"],"picked":"Spot Weakness","floor":4.0},{"not_picked":["Brutality","Iron Wave"],"picked":"Shockwave","floor":7.0},{"not_picked":["Iron Wave","Body Slam"],"picked":"Disarm","floor":11.0},{"not_picked":["Pommel Strike","Dark Embrace"],"picked":"Reaper","floor":14.0},{"not_picked":["Immolate","Brutality"],"picked":"Demon Form","floor":16.0},{"not_picked":["Clash+1","Wild Strike","Heavy Blade"],"picked":"SKIP","floor":18.0},{"not_picked":["Pommel Strike","Anger","Twin Strike+1"],"picked":"SKIP","floor":20.0},{"not_picked":["Bludgeon","Warcry"],"picked":"Second Wind","floor":21.0},{"not_picked":["Rupture","Sword Boomerang"],"picked":"Metallicize","floor":22.0},{"not_picked":["Armaments","Havoc"],"picked":"Warcry","floor":24.0},{"not_picked":["Pummel","Metallicize"],"picked":"Disarm","floor":29.0},{"not_picked":["Pommel Strike","Body Slam","Clash"],"picked":"SKIP","floor":31.0},{"not_picked":["Juggernaut","Brutality"],"picked":"Barricade","floor":33.0},{"not_picked":["Anger","Wild Strike+1","Heavy Blade+1"],"picked":"SKIP","floor":35.0},{"not_picked":["Perfected Strike","Iron Wave"],"picked":"Flame Barrier","floor":39},{"not_picked":["Pommel Strike","Bludgeon","Heavy Blade"],"picked":"Singing Bowl","floor":42},{"not_picked":["Heavy Blade","Anger+1","Headbutt+1"],"picked":"Singing Bowl","floor":44},{"not_picked":["Reckless Charge","Pommel Strike"],"picked":"Exhume","floor":46},{"not_picked":["Hemokinesis","Headbutt"],"picked":"Impervious","floor":48},{"not_picked":["Pummel","Dropkick","Anger"],"picked":"Singing Bowl","floor":55}],"player_experience":752898,"relics_obtained":[{"floor":7.0,"key":"Champion Belt"},{"floor":9.0,"key":"Gambling Chip"},{"floor":14.0,"key":"Bronze Scales"},{"floor":24.0,"key":"Sundial"},{"floor":42,"key":"Singing Bowl"},{"floor":43,"key":"Ginger"},{"floor":46,"key":"MealTicket"},{"floor":48,"key":"Incense Burner"},{"floor":55,"key":"Centennial Puzzle"}],"event_choices":[{"damage_healed":0.0,"max_hp_gain":0.0,"max_hp_loss":0.0,"gold_gain":0.0,"event_name":"Match and Keep!","player_choice":"2 cards matched","floor":2.0,"gold_loss":0.0,"damage_taken":0.0,"cards_obtained":["Sentinel","Bash"]},{"damage_healed":0.0,"max_hp_gain":0.0,"max_hp_loss":0.0,"gold_gain":0.0,"event_name":"Liars Game","player_choice":"Ignored","floor":12.0,"gold_loss":0.0,"damage_taken":0.0},{"damage_healed":0.0,"max_hp_gain":0.0,"max_hp_loss":0.0,"gold_gain":0.0,"cards_transformed":["Strike_R","Strike_R"],"event_name":"Drug Dealer","player_choice":"Became Test Subject","floor":19.0,"gold_loss":0.0,"damage_taken":0.0,"cards_obtained":["Carnage","Blood for Blood"]},{"damage_healed":0.0,"max_hp_gain":0.0,"max_hp_loss":0.0,"gold_gain":0.0,"event_name":"The Library","player_choice":"Read","floor":25.0,"gold_loss":0.0,"damage_taken":0.0,"cards_obtained":["Feel No Pain"]},{"damage_healed":0.0,"max_hp_gain":0.0,"max_hp_loss":4.0,"gold_gain":0.0,"event_name":"Winding Halls","player_choice":"Max HP","floor":36.0,"gold_loss":0.0,"damage_taken":0.0},{"damage_healed":0,"gold_gain":0,"player_choice":"Ignored","damage_taken":0,"max_hp_gain":0,"max_hp_loss":0,"event_name":"Mysterious Sphere","floor":37,"gold_loss":0},{"cards_removed":["Strike_R"],"damage_healed":0,"gold_gain":0,"player_choice":"Removed Attack","damage_taken":0,"max_hp_gain":0,"max_hp_loss":0,"event_name":"Falling","floor":47,"gold_loss":0}],"is_beta":false,"boss_relics":[{"not_picked":["Black Star","Ectoplasm"],"picked":"Runic Pyramid"},{"not_picked":["Coffee Dripper","Tiny House"],"picked":"Cursed Key"}],"items_purged_floors":[0,13],"is_endless":false,"potions_floor_spawned":[3,16,18,22,24,35,42,46,55],"ascension_level":20}}