{"host":"xkfvvb2eqyo6l3km","time":1611089614,"event":{"mods":["AchievementEnabler","AlwaysNeverKeys","BaseMod","Better Third Choice","BetterRewards","Card Forge","Colored Map","Colored Powertips","DeckTracker","Energized Spire","Force Act Four","Jorbs\u0027s Wanderer Trilogy","Minty Spire (QoL Compilation)","Permanent Neow","Replay The Spire","Spicy Shops","StSLib","The Blackbeard","The Blue Laboratory","The Disciple","The Hierophant","The Necromancer","The Sage","The Valiant","vexMod"],"gold_per_floor":[117,157,171,171,171,205,221,256,256,232,267,281,39,59,59,157,157,175,175,66,66,165,199,216,241,241,156,187,187,187,200,200,301,301,316,330,341,361,44,73,73,123,123,157,157,184,77,89,89,89,89,89,0,34,34,34],"floor_reached":55,"language":"ENG","playtime":2602,"items_purged":["Strike_B","Defend_B"],"score":1419,"play_id":"21090ee2-8b64-4852-91b2-445b46490650","local_time":"20210119185334","is_ascension_mode":true,"campfire_choices":[{"floor":15,"key":"DIG"},{"data":"Auto Shields","floor":30,"key":"SMITH"},{"data":"Glacier","floor":32,"key":"SMITH"},{"data":"Replay:Parry","floor":41,"key":"SMITH"},{"data":"Finesse","floor":45,"key":"SMITH"},{"data":"Streamline","floor":52,"key":"SMITH"}],"circlet_count":0,"master_deck":["Strike_B","Strike_B","Strike_B","Defend_B","Defend_B","Defend_B","Zap","Dualcast","Glacier+1","Melter","Gash","Auto Shields+1","All For One","Rebound","Gash","Beam Cell","All For One","All For One","Streamline","Machine Learning","Scrape+1","Cold Snap+1","Rebound","Gash","ReplayTheSpireMod:Faulty Equipment","Streamline+1","Machine Learning","Sweeping Beam","Skim+1","Finesse+1","Bandage Up","Replay:Parry+1","ReplayTheSpireMod:Calculation Training+1","Coolheaded","Coolheaded","Impatience"],"relics":["Cracked Core","Hammer of Thor","Seething Fire","Anvil of the Gods","vexMod:InvisibilityCloak","Blue Doll","Sling","Snack Pack","CaptainsWheel","Sundial","Bronze Scales","Divine Protection","Replay:PocketPolymizer","Oddly Smooth Stone","Strawberry","Busted Crown","Runic Capacitor","Nunchaku","Orichalcum","Bag of Marbles","Ice Cream","Onion Ring","Cursed Key","ReplayTheSpireMod:ShopPack","Pet Ghost","Dream Catcher","Replay:WaspNest","Happy Flower","Bottled Flame","Cables","sagemod:Red_Beast_Statue"],"acts_visited":["Exordium","TheCity","TheBeyond","TheEnding"],"potions_floor_usage":[18,28,55,55,55,55,55,55],"damage_taken":[{"damage":0,"enemies":"2 Louse","floor":1,"turns":3},{"damage":0,"enemies":"Jaw Worm","floor":3,"turns":4},{"damage":0,"enemies":"Lagavulin","floor":6,"turns":7},{"damage":0,"enemies":"Small Slimes","floor":7,"turns":2},{"damage":0,"enemies":"3 Sentries","floor":8,"turns":6},{"damage":0,"enemies":"Gremlin Nob","floor":11,"turns":4},{"damage":0,"enemies":"3 Louse","floor":12,"turns":3},{"damage":0,"enemies":"Exordium Thugs","floor":14,"turns":4},{"damage":6,"enemies":"The Guardian","floor":16,"turns":7},{"damage":0,"enemies":"2 Thieves","floor":18,"turns":4},{"damage":3,"enemies":"Book of Stabbing","floor":23,"turns":4},{"damage":0,"enemies":"3 Byrds","floor":24,"turns":3},{"damage":11,"enemies":"Slavers","floor":25,"turns":5},{"damage":0,"enemies":"Book of Stabbing","floor":28,"turns":3},{"damage":0,"enemies":"Cultist and Chosen","floor":31,"turns":3},{"damage":0,"enemies":"Pondfish","floor":33,"turns":9},{"damage":0,"enemies":"Orb Walker","floor":35,"turns":2},{"damage":0,"enemies":"3 Darklings","floor":36,"turns":1},{"damage":2,"enemies":"Spire Growth","floor":37,"turns":4},{"damage":0,"enemies":"Transient","floor":38,"turns":5},{"damage":0,"enemies":"R_Hoarder","floor":40,"turns":5},{"damage":0,"enemies":"Giant Head","floor":44,"turns":4},{"damage":6,"enemies":"Nemesis","floor":46,"turns":5},{"damage":12,"enemies":"Writhing Mass","floor":48,"turns":3},{"damage":32,"enemies":"Donu and Deca","floor":50,"turns":7},{"damage":34,"enemies":"Shield and Spear","floor":54,"turns":5},{"damage":78,"enemies":"The Heart","floor":55,"turns":5}],"seed_played":"-742991880064547260","potions_obtained":[{"floor":6,"key":"Swift Potion"},{"floor":7,"key":"blueLaboratory:BottledHope"},{"floor":12,"key":"Block Potion"},{"floor":14,"key":"BlessingOfTheForge"},{"floor":19,"key":"Doom Potion"},{"floor":23,"key":"sagemod:Wine"},{"floor":33,"key":"Explosive Potion"},{"floor":35,"key":"EntropicBrew"},{"floor":54,"key":"Adrenaline Potion"}],"is_trial":false,"path_per_floor":["M","?","M","?","?","E","M","E","T","?","E","M","$","M","R_BF","B",null,"M","?","$","T","?","E","M","E","T","?","E","?","R","M","R","B",null,"M","M","M","M","$","E","R","T","T","E","R","E","?","M","R_BF","B",null,"R","$","E","B"],"character_chosen":"DEFECT","items_purchased":["vexMod:InvisibilityCloak","Blue Doll","Glacier","Sling","Oddly Smooth Stone","All For One","Runic Capacitor","Cold Snap+1","ReplayTheSpireMod:ShopPack","Finesse","Impatience"],"campfire_rested":0,"item_purchase_floors":[0,0,0,0,13,13,20,20,39,39,53],"current_hp_per_floor":[51,33,33,26,33,35,35,37,37,37,39,39,39,43,50,54,82,82,82,82,88,88,86,88,83,83,83,87,87,87,88,88,88,88,88,88,86,88,88,88,88,88,88,88,88,84,84,78,78,70,88,88,88,66,0,0],"gold":34,"neow_bonus":"","is_daily":false,"chose_seed":false,"campfire_upgraded":5,"win_rate":0.0,"timestamp":1611089614,"path_taken":["M","?","M","?","?","E","M","E","T","?","E","M","$","M","R_BF","BOSS","M","?","$","?","?","E","M","E","T","?","E","?","R","M","R","BOSS","M","M","?","M","$","E","R","?","T","E","R","E","?","M","R_BF","BOSS","R","$","E","BOSS"],"items_purchased_type":["Relic","Relic","Card","Relic","Relic","Card","Relic","Card","Relic","Card","Card"],"build_version":"2020-12-22","purchased_purges":2,"victory":false,"max_hp_per_floor":[75,75,75,75,75,75,75,75,75,75,75,75,75,75,82,82,82,82,82,82,88,88,88,88,88,88,88,88,88,88,88,88,88,88,88,88,88,88,88,88,88,88,88,88,88,88,88,88,88,88,88,88,88,88,88,88],"card_choices":[{"not_picked":["Conserve Battery","Sweeping Beam"],"picked":"Melter","floor":1},{"not_picked":["Hello World","Stack"],"picked":"Gash","floor":2},{"not_picked":["Sweeping Beam","Coolheaded"],"picked":"Auto Shields","floor":2},{"not_picked":["Steam","Double Energy","Tempest"],"picked":"SKIP","floor":3},{"not_picked":["White Noise","Conserve Battery"],"picked":"All For One","floor":6},{"not_picked":["Compile Driver","Lockon"],"picked":"Rebound","floor":7},{"not_picked":["Aggregate","Lockon"],"picked":"Gash","floor":8},{"not_picked":["ReplaySolidLightProjector","Undo","Hologram"],"picked":"SKIP","floor":11},{"not_picked":["Conserve Battery","Steam"],"picked":"Beam Cell","floor":12},{"not_picked":["Scrape","ReplaySolidLightProjector"],"picked":"Streamline","floor":14},{"not_picked":["ReplayRNGCard","Fission"],"picked":"Machine Learning","floor":16},{"not_picked":[],"picked":"Scrape+1","floor":18},{"not_picked":[],"picked":"Rebound","floor":23},{"not_picked":["Recycle"],"picked":"SKIP","floor":24},{"not_picked":[],"picked":"Gash","floor":25},{"not_picked":["Stack"],"picked":"SKIP","floor":28},{"not_picked":[],"picked":"Streamline","floor":31},{"not_picked":[],"picked":"Machine Learning","floor":33},{"not_picked":[],"picked":"Sweeping Beam","floor":35},{"not_picked":[],"picked":"Skim+1","floor":36},{"not_picked":["Steam+1"],"picked":"SKIP","floor":37},{"not_picked":["Genetic Algorithm+1"],"picked":"SKIP","floor":38},{"not_picked":[],"picked":"Bandage Up","floor":39},{"not_picked":[],"picked":"Replay:Parry","floor":39},{"not_picked":[],"picked":"ReplayTheSpireMod:Calculation Training+1","floor":40},{"not_picked":[],"picked":"Coolheaded","floor":44},{"not_picked":["ReplayTheSpireMod:System Scan"],"picked":"SKIP","floor":46},{"not_picked":[],"picked":"Coolheaded","floor":48},{"not_picked":["Steam+1"],"picked":"SKIP","floor":54}],"player_experience":265061,"relics_obtained":[{"floor":2,"key":"Snack Pack"},{"floor":6,"key":"Sundial"},{"floor":8,"key":"Bronze Scales"},{"floor":9,"key":"Divine Protection"},{"floor":11,"key":"Replay:PocketPolymizer"},{"floor":15,"key":"Strawberry"},{"floor":21,"key":"vexMod:BerryBomb"},{"floor":23,"key":"Nunchaku"},{"floor":25,"key":"Orichalcum"},{"floor":26,"key":"Bag of Marbles"},{"floor":28,"key":"Onion Ring"},{"floor":40,"key":"Pet Ghost"},{"floor":42,"key":"Dream Catcher"},{"floor":43,"key":"Replay:WaspNest"},{"floor":44,"key":"Happy Flower"},{"floor":46,"key":"Bottled Flame"},{"floor":54,"key":"sagemod:Red_Beast_Statue"}],"event_choices":[{"damage_healed":0,"gold_gain":1,"player_choice":"Relic ","damage_taken":7,"max_hp_gain":0,"max_hp_loss":0,"event_name":"betterThird:BetterScrap","floor":4,"gold_loss":0,"cards_obtained":["Vengeance"]},{"damage_healed":0,"gold_gain":0,"player_choice":"Left","damage_taken":0,"max_hp_gain":0,"max_hp_loss":0,"event_name":"betterThird:BetterGoop","floor":10,"gold_loss":24},{"damage_healed":0,"gold_gain":0,"player_choice":"Got Potions","damage_taken":0,"max_hp_gain":0,"max_hp_loss":0,"event_name":"Lab","floor":19,"gold_loss":0},{"damage_healed":0,"gold_gain":99,"player_choice":"Steal","damage_taken":0,"max_hp_gain":0,"max_hp_loss":0,"event_name":"betterThird:BetterNest","floor":22,"gold_loss":0},{"damage_healed":0,"gold_gain":0,"player_choice":"Obtained Relic","damage_taken":0,"relics_obtained":["Ice Cream"],"max_hp_gain":0,"max_hp_loss":0,"event_name":"Addict","floor":27,"gold_loss":85},{"damage_healed":0,"gold_gain":0,"player_choice":"3 cards matched","damage_taken":0,"max_hp_gain":0,"max_hp_loss":0,"event_name":"Match and Keep!","floor":29,"gold_loss":0,"cards_obtained":["Zap","ReplayTheSpireMod:Faulty Equipment","Biased Cognition"]},{"damage_healed":0,"gold_gain":0,"player_choice":"Paid Gold","damage_taken":0,"relics_obtained":["Cables"],"max_hp_gain":0,"max_hp_loss":0,"event_name":"WeMeetAgain","floor":47,"gold_loss":107},{"damage_healed":0,"gold_gain":0,"player_choice":"Ignored","damage_taken":0,"max_hp_gain":0,"max_hp_loss":0,"event_name":"Transmorgrifier","floor":49,"gold_loss":0}],"is_beta":false,"boss_relics":[{"not_picked":["energizedSpire:HugeHouse","Calling Bell"],"picked":"Busted Crown"},{"not_picked":["vexMod:TanglingVine","Snecko Eye"],"picked":"Cursed Key"}],"items_purged_floors":[0,39],"is_endless":false,"potions_floor_spawned":[6,7,12,14,23,24,25,33,35,38,46,54],"killed_by":"The Heart","ascension_level":1}}