{"host":"y087t2reloz9bi43","time":1611016077,"event":{"mods":["2.2 Compatiblity","AchievementEnabler","Aspiration","BaseMod","Beaked The Cultist","Bestiary","Better Note","Better Vampires","BetterRewards","ChefMod","Colored Map","Colored Powertips","Conspire","Downfall","Ekko","Fireblade Mod","Friendly Minions","GifTheSpireLib","Gold Saver","Halation","Hermit","Hubris","Infinite Spire","Jedi Mod","JesterMod","Jorbs\u0027s Wanderer Trilogy","Mad Scientist","Marisa????????","Mimic Mod","Minty Spire (QoL Compilation)","Permanent Neow","Potionbrewer","Rare Cards Sparkle","Relic Stats","Robot Space Explorer","Shade Mod","Shop Mod","StSLib","The Alterego","The Blackbeard","The Bug Knight","The Construct","The Cursed","The Disciple","The Elementalist","The Hierophant","The Jungle","The Marked","The Mystic","The Necromancer","The Runesmith","The Servant 0.9.4","TheBandit","TheFirefly","TheHero","TheVacant","Transform Curses","Uncapped","everything is the same but u backflip on backflip","thorton","vexMod"],"gold_per_floor":[123,154,176,176,176,215,73,73,96,132,132,174,174,174,174,302,302,350,350,350,425,488,540,540,355,355,365,390,390,390],"floor_reached":28,"language":"ENG","playtime":2278,"items_purged":["Normality","thethorton:Strike"],"score":267,"play_id":"848a0ad5-5e6a-46a2-87b5-fdeae9c5d942","local_time":"20210119002757","is_ascension_mode":false,"campfire_choices":[{"data":"thethorton:BusinessBash","floor":11,"key":"SMITH"},{"floor":15,"key":"REST"}],"circlet_count":0,"master_deck":["thethorton:Strike","thethorton:Strike","thethorton:Strike","thethorton:Defend","thethorton:Defend","thethorton:Defend","thethorton:Defend","thethorton:Heckle","thethorton:CreditCard+1","thethorton:RunningKick","thethorton:RunningKick","thethorton:Crash","thethorton:RichRun","thethorton:BusinessBash+1","thethorton:SnowDay","thethorton:CashBash","thethorton:GemGun","thethorton:Fish","thethorton:CoffeeBlast","thethorton:BusinessBash","thethorton:CannonShot","Enlightenment","hubris:DuctTapeCard"],"relics":["thethorton:CouragePotion","halation:Toothbrush","aspiration:BabyByrd","White Beast Statue","elementalistmod:RedRibbon","Juzu Bracelet","Dream Catcher","jedi:archwizardhat","vexMod:DeviousBotling","Red Mask","hubris:Zylophone","hubris:DuctTape"],"acts_visited":["Exordium","TheCity"],"potions_floor_usage":[6,12,12,16,22,23,23,27],"damage_taken":[{"damage":3,"enemies":"Small Slimes","floor":1,"turns":5},{"damage":4,"enemies":"conspire:RoseBush","floor":2,"turns":3},{"damage":5,"enemies":"Jaw Worm","floor":3,"turns":5},{"damage":31,"enemies":"Lagavulin","floor":6,"turns":6},{"damage":10,"enemies":"2 Fungi Beasts","floor":10,"turns":5},{"damage":0,"enemies":"Gremlin Nob","floor":12,"turns":3},{"damage":12,"enemies":"Hexaghost","floor":16,"turns":9},{"damage":9,"enemies":"Chosen","floor":18,"turns":5},{"damage":53,"enemies":"Masked Bandits","floor":22,"turns":5},{"damage":8,"enemies":"conspire:Head Lice","floor":23,"turns":5},{"damage":0,"enemies":"Shell Parasite","floor":27,"turns":2},{"damage":10,"enemies":"Centurion and Healer","floor":28,"turns":3}],"seed_played":"2320495143776404018","potions_obtained":[{"floor":2,"key":"Weak Potion"},{"floor":3,"key":"Explosive Potion"},{"floor":10,"key":"Energy Potion"},{"floor":12,"key":"Block Potion"},{"floor":16,"key":"Swift Potion"},{"floor":18,"key":"BlessingOfTheForge"},{"floor":22,"key":"ColorlessPotion"},{"floor":23,"key":"SmokeBomb"}],"is_trial":false,"path_per_floor":["M","M","M","?","?","E","$","?","T","M","R","E","T","?","R","B",null,"M","?","?","?","?","E","R","$","T","M","M"],"character_chosen":"THE_THORT","items_purchased":["thethorton:RichRun","Enlightenment"],"campfire_rested":1,"item_purchase_floors":[7,25],"current_hp_per_floor":[65,61,56,49,49,18,21,21,21,11,11,11,11,11,32,20,71,62,62,69,62,9,4,4,7,7,7,0,0,0],"gold":390,"neow_bonus":"UPGRADE_CARD","is_daily":false,"chose_seed":false,"campfire_upgraded":1,"win_rate":0.0,"timestamp":1611016077,"path_taken":["M","M","M","?","?","E","$","?","T","M","R","E","?","?","R","BOSS","M","?","?","?","?","E","R","$","T","M","M"],"items_purchased_type":["Card","Card"],"build_version":"2020-12-22","purchased_purges":2,"victory":false,"max_hp_per_floor":[68,68,68,68,68,68,71,71,71,71,71,71,71,71,71,71,71,71,71,71,71,71,71,71,74,74,74,74,74,74],"relic_stats":{"Dream Catcher":1,"counters":[12,56],"Juzu Bracelet":2,"obtain_stats":[{"hubris:DuctTape":26,"Juzu Bracelet":9,"jedi:archwizardhat":13,"halation:StarCompass":14,"White Beast Statue":6,"elementalistmod:RedRibbon":8,"hubris:Zylophone":23,"Dream Catcher":12,"aspiration:BabyByrd":5,"halation:Toothbrush":4,"vexMod:DeviousBotling":17,"thethorton:CouragePotion":0,"Red Mask":22},{"hubris:DuctTape":10,"Juzu Bracelet":4,"jedi:archwizardhat":6,"halation:StarCompass":6,"White Beast Statue":4,"elementalistmod:RedRibbon":4,"hubris:Zylophone":10,"Dream Catcher":6,"aspiration:BabyByrd":3,"halation:Toothbrush":3,"vexMod:DeviousBotling":7,"thethorton:CouragePotion":0,"Red Mask":9},{"hubris:DuctTape":51,"Juzu Bracelet":19,"jedi:archwizardhat":27,"halation:StarCompass":27,"White Beast Statue":19,"elementalistmod:RedRibbon":19,"hubris:Zylophone":51,"Dream Catcher":27,"aspiration:BabyByrd":13,"halation:Toothbrush":13,"vexMod:DeviousBotling":36,"thethorton:CouragePotion":0,"Red Mask":46}]},"card_choices":[{"not_picked":["thethorton:FearfulRun","thethorton:LastDitchEffort"],"picked":"thethorton:RunningKick","floor":1},{"not_picked":["thethorton:DualBap","thethorton:ROI"],"picked":"thethorton:RunningKick","floor":2},{"not_picked":["thethorton:StumblingSlap","thethorton:StampSmack","thethorton:BattleTrash"],"picked":"SKIP","floor":3},{"not_picked":["thethorton:BoardroomBlast","thethorton:GoldBuffer"],"picked":"thethorton:Crash","floor":6},{"not_picked":["thethorton:WhirlingBriefcase","thethorton:CallIn"],"picked":"thethorton:BusinessBash","floor":10},{"not_picked":["thethorton:CannonShot","thethorton:Rebalance"],"picked":"thethorton:SnowDay","floor":12},{"not_picked":["thethorton:CrashingStocks","thethorton:BookBash"],"picked":"thethorton:GemGun","floor":15},{"not_picked":["thethorton:CallShop","thethorton:Hexaghostify"],"picked":"thethorton:Fish","floor":16},{"not_picked":["thethorton:FearfulRun","thethorton:GoldBuffer"],"picked":"thethorton:SicklyRun","floor":18},{"not_picked":["thethorton:SicklyRun","thethorton:Distance"],"picked":"thethorton:CoffeeBlast","floor":22},{"not_picked":["thethorton:PocketChange","thethorton:GoldenPetal"],"picked":"thethorton:BusinessBash","floor":23}],"player_experience":418065,"relics_obtained":[{"floor":6,"key":"White Beast Statue"},{"floor":9,"key":"Juzu Bracelet"},{"floor":12,"key":"Dream Catcher"},{"floor":13,"key":"jedi:archwizardhat"},{"floor":22,"key":"Red Mask"},{"floor":23,"key":"hubris:Zylophone"},{"floor":26,"key":"hubris:DuctTape"}],"event_choices":[{"damage_healed":0,"gold_gain":0,"player_choice":"Success","damage_taken":7,"relics_obtained":["halation:Toothbrush"],"max_hp_gain":0,"max_hp_loss":0,"event_name":"Scrap Ooze","floor":4,"gold_loss":0},{"cards_removed":["thethorton:Fish"],"damage_healed":0,"gold_gain":0,"player_choice":"Give","damage_taken":0,"max_hp_gain":0,"max_hp_loss":0,"event_name":"betterNote:BetterNote","floor":19,"gold_loss":0,"cards_obtained":["None"]},{"damage_healed":0,"gold_gain":75,"player_choice":"Touch","damage_taken":7,"max_hp_gain":0,"max_hp_loss":0,"event_name":"FaceTrader","floor":21,"gold_loss":0},{"damage_healed":0,"gold_gain":0,"player_choice":"Fought Bandits","damage_taken":0,"max_hp_gain":0,"max_hp_loss":0,"event_name":"Masked Bandits","floor":22,"gold_loss":0}],"is_beta":false,"boss_relics":[{"not_picked":["vexMod:NewClearReactor","vexMod:MegatonBomb"],"picked":"vexMod:DeviousBotling"}],"items_purged_floors":[7,25],"is_endless":false,"potions_floor_spawned":[2,3,10,12,16,18,22,23,27],"killed_by":"Centurion and Healer","ascension_level":0}}