{"host":"9jskdx4t2il7kdto","time":1611082624,"event":{"mods":["AchievementEnabler","Act Like it!","BaseMod","Card Forge","Colored Powertips","Highlight Path","Minty Spire (QoL Compilation)","Replay The Spire","StSLib","UnlockEverythingMod"],"gold_per_floor":[14,27,27,47,66,79,110,185,212,243,243,2,2,32,32,132,132,146,146,146,159,12,12,12],"floor_reached":23,"language":"ENG","playtime":940,"items_purged":[],"score":297,"play_id":"2e6f4046-d8cf-4a86-968f-e691caeee42d","local_time":"20210119125704","is_ascension_mode":true,"campfire_choices":[{"floor":13,"key":"REST"},{"floor":15,"key":"DIG"}],"circlet_count":0,"master_deck":["Defend_P","Defend_P","Defend_P","Eruption","Vigilance","DevaForm","WheelKick","ForeignInfluence","Steam","ThirdEye","Replay:ManipulateFuture","Tantrum","ConjureBlade","Vault","ThirdEye+1","Bite","Bite","Bite","Bite","Bite"],"relics":["PureWater","Hammer of Thor","Seething Fire","Anvil of the Gods","Pen Nib","Dream Catcher","Happy Flower","Replay:Bottled Snecko","Nunchaku","ReplayTheSpireMod:Lightbulb","Runic Pyramid","Shuriken","ClockworkSouvenir"],"acts_visited":["Exordium","TheCity"],"potions_floor_usage":[7,14,16,18,23],"damage_taken":[{"damage":0,"enemies":"2 Louse","floor":1,"turns":1},{"damage":5,"enemies":"Jaw Worm","floor":2,"turns":4},{"damage":0,"enemies":"Small Slimes","floor":4,"turns":2},{"damage":3,"enemies":"Blue Slaver","floor":5,"turns":4},{"damage":0,"enemies":"Red Slaver","floor":6,"turns":3},{"damage":9,"enemies":"Gremlin Nob","floor":7,"turns":5},{"damage":36,"enemies":"3 Sentries","floor":10,"turns":3},{"damage":29,"enemies":"Lagavulin","floor":14,"turns":4},{"damage":0,"enemies":"Fading Forest","floor":16,"turns":11},{"damage":0,"enemies":"Shell Parasite","floor":18,"turns":1},{"damage":2,"enemies":"Spheric Guardian","floor":21,"turns":4},{"damage":59,"enemies":"Slavers","floor":23,"turns":4}],"seed_played":"-6028721568696229818","potions_obtained":[{"floor":5,"key":"LifebloodPotion"},{"floor":6,"key":"Swift Potion"},{"floor":10,"key":"Elixir"},{"floor":16,"key":"AttackPotion"},{"floor":21,"key":"Explosive Potion"}],"is_trial":false,"path_per_floor":["M","M","?","M","M","M","E","?","T","E","?","$","R","E","R","B",null,"M","?","?","M","$","E"],"character_chosen":"WATCHER","items_purchased":["Replay:Bottled Snecko","ClockworkSouvenir"],"campfire_rested":1,"item_purchase_floors":[12,22],"current_hp_per_floor":[72,67,67,67,64,64,55,44,44,8,32,32,53,24,24,54,72,72,50,50,50,50,0,0],"gold":12,"neow_bonus":"THREE_RARE_CARDS","is_daily":false,"chose_seed":false,"campfire_upgraded":0,"win_rate":0.0,"timestamp":1611082624,"path_taken":["M","M","?","M","M","M","E","?","T","E","?","?","R","E","R","BOSS","M","?","?","M","$","E"],"items_purchased_type":["Relic","Relic"],"build_version":"2020-12-22","purchased_purges":0,"victory":false,"max_hp_per_floor":[72,72,72,72,72,72,72,72,72,72,72,72,72,72,72,72,72,72,50,50,50,50,50,50],"card_choices":[{"not_picked":["Alpha","Vault"],"picked":"DevaForm","floor":0},{"not_picked":["Crescendo","Prostrate","Replay:AtTheReady"],"picked":"SKIP","floor":1},{"not_picked":["CutThroughFate","Crescendo"],"picked":"WheelKick","floor":2},{"not_picked":["JustLucky","WheelKick","Replay:AllIn"],"picked":"SKIP","floor":4},{"not_picked":["EmptyFist","CutThroughFate"],"picked":"ThirdEye","floor":5},{"not_picked":["FollowUp","InnerPeace"],"picked":"Replay:ManipulateFuture","floor":6},{"not_picked":["Halt","Crescendo","Sanctity"],"picked":"SKIP","floor":7},{"not_picked":["Wireheading","Evaluate"],"picked":"Tantrum","floor":10},{"not_picked":["WheelKick","Prostrate"],"picked":"ConjureBlade","floor":14},{"not_picked":["Establishment","Scrawl"],"picked":"Vault","floor":16},{"not_picked":["WindmillStrike","InnerPeace"],"picked":"ThirdEye+1","floor":18},{"not_picked":["Protect+1","Prostrate","EmptyFist"],"picked":"SKIP","floor":21}],"player_experience":352725,"relics_obtained":[{"floor":7,"key":"Pen Nib"},{"floor":9,"key":"Dream Catcher"},{"floor":10,"key":"Happy Flower"},{"floor":14,"key":"Nunchaku"},{"floor":15,"key":"ReplayTheSpireMod:Lightbulb"}],"event_choices":[{"damage_healed":0,"gold_gain":75,"player_choice":"Gather Gold","damage_taken":11,"max_hp_gain":0,"max_hp_loss":0,"event_name":"World of Goop","floor":8,"gold_loss":0},{"damage_healed":24,"gold_gain":0,"player_choice":"Banana","damage_taken":0,"max_hp_gain":0,"max_hp_loss":0,"event_name":"Big Fish","floor":11,"gold_loss":0},{"damage_healed":0,"gold_gain":0,"player_choice":"Became a vampire","damage_taken":0,"max_hp_gain":0,"max_hp_loss":22,"event_name":"Vampires","floor":19,"gold_loss":0,"cards_obtained":["Bite","Bite","Bite","Bite","Bite"]}],"is_beta":false,"boss_relics":[{"not_picked":["Honey Jar","Replay:Drink Me"],"picked":"Runic Pyramid"}],"items_purged_floors":[],"is_endless":false,"potions_floor_spawned":[5,6,10,16,21],"killed_by":"Slavers","ascension_level":1}}