{"host":"bwf6jt0gyax88i3l","time":1611024769,"event":{"mods":["AchievementEnabler","BaseMod","Colored Map","Colored Powertips","Highlight Path","Infinite Spire","Minty Spire (QoL Compilation)","Quick Restart","Replay The Spire","Shop Mod","StSLib","The Animator","The Disciple","The Hierophant","The Runesmith","The Servant 0.9.4"],"gold_per_floor":[113,113,66,76,76,114,114,139,166,191,214,229,194,214,214,344,344,359,359],"floor_reached":18,"language":"ENG","playtime":621,"items_purged":[],"score":191,"play_id":"b110bf43-6b1c-4396-9779-d9c8ef19bf08","local_time":"20210118185249","is_ascension_mode":false,"campfire_choices":[],"circlet_count":0,"master_deck":["Runesmith:Strike_RS","Runesmith:Strike_RS","Runesmith:Strike_RS","Runesmith:Defend_RS","Runesmith:Defend_RS","Runesmith:Defend_RS","Runesmith:Defend_RS","Runesmith:CraftFirestone","Runesmith:Fortify","Runesmith:HeatedChisel","Runesmith:CraftMagma+1","Runesmith:BackupBattery","Injury","Runesmith:CraftMagma","Runesmith:MakeshiftArmor","Runesmith:DuctTape"],"relics":["Runesmith:BrokenRuby","NeowsBlessing","Golden Idol","Pet Ghost","infinitespire:Lucky Rock","Runesmith:UraniumAnvil"],"acts_visited":["Exordium","TheCity"],"potions_floor_usage":[14],"damage_taken":[{"damage":0,"enemies":"2 Louse","floor":1,"turns":1},{"damage":0,"enemies":"Cultist","floor":4,"turns":1},{"damage":0,"enemies":"Lagavulin","floor":6,"turns":1},{"damage":13,"enemies":"Small Slimes","floor":8,"turns":3},{"damage":6,"enemies":"Exordium Wildlife","floor":10,"turns":3},{"damage":20,"enemies":"2 Fungi Beasts","floor":11,"turns":4},{"damage":12,"enemies":"Red Slaver","floor":12,"turns":4},{"damage":7,"enemies":"Looter","floor":14,"turns":3},{"damage":28,"enemies":"Slime Boss","floor":16,"turns":9},{"damage":15,"enemies":"Spheric Guardian","floor":18,"turns":6}],"seed_played":"944904848112596011","potions_obtained":[{"floor":1,"key":"AttackPotion"},{"floor":8,"key":"SpeedPotion"},{"floor":18,"key":"Ancient Potion"}],"is_trial":false,"path_per_floor":["M","?","$","M","?","E","?","M","T","M","M","M","?","M","R_BF","B",null,"M"],"character_chosen":"RUNESMITH_CLASS","items_purchased":["Runesmith:CraftMagma"],"campfire_rested":0,"item_purchase_floors":[3],"current_hp_per_floor":[70,70,70,70,70,70,70,57,57,51,31,19,36,29,50,22,70,55,55],"gold":359,"neow_bonus":"THREE_ENEMY_KILL","is_daily":false,"chose_seed":false,"campfire_upgraded":0,"win_rate":0.0,"timestamp":1611024769,"path_taken":["M","?","?","M","?","E","?","M","T","M","M","?","?","M","R_BF","BOSS","M"],"items_purchased_type":["Card"],"build_version":"2020-12-22","purchased_purges":0,"victory":false,"max_hp_per_floor":[70,70,70,70,70,70,70,70,70,70,70,70,70,70,70,70,70,70,70],"card_choices":[{"not_picked":["Runesmith:Grindstone","Runesmith:BackupBattery"],"picked":"Runesmith:HeatedChisel","floor":1},{"not_picked":["Runesmith:HammerThrow","Runesmith:EarthShield"],"picked":"Runesmith:BackupBattery","floor":4},{"not_picked":["Runesmith:Reinforce","Runesmith:LastStand","Runesmith:Firestorm"],"picked":"SKIP","floor":6},{"not_picked":["Runesmith:Overpower","Runesmith:WhiteBalance","Runesmith:Discharge"],"picked":"SKIP","floor":8},{"not_picked":["Runesmith:HeatExchange","Runesmith:HammerThrow"],"picked":"Runesmith:CraftMagma","floor":10},{"not_picked":["Runesmith:Superposition","Runesmith:EnergizedChisel","Runesmith:ShiftingStrike"],"picked":"SKIP","floor":11},{"not_picked":["Runesmith:StaticCage","Runesmith:Refine","Runesmith:Grindstone"],"picked":"SKIP","floor":12},{"not_picked":["Runesmith:Repurpose","Runesmith:ShiftingStrike"],"picked":"Runesmith:MakeshiftArmor","floor":14},{"not_picked":["Runesmith:LastStand","Runesmith:Supernova"],"picked":"Runesmith:DuctTape","floor":16},{"not_picked":["Runesmith:HammerAndChisel","Runesmith:Augment","Runesmith:HeatedChisel"],"picked":"SKIP","floor":18}],"player_experience":34637,"relics_obtained":[{"floor":6,"key":"Pet Ghost"},{"floor":9,"key":"infinitespire:Lucky Rock"}],"event_choices":[{"cards_removed":["Runesmith:Strike_RS"],"damage_healed":0,"gold_gain":0,"player_choice":"Purged","damage_taken":0,"max_hp_gain":0,"max_hp_loss":0,"event_name":"Purifier","floor":2,"gold_loss":0},{"damage_healed":0,"gold_gain":0,"player_choice":"Take Wound","damage_taken":0,"relics_obtained":["Golden Idol"],"max_hp_gain":0,"max_hp_loss":0,"event_name":"Golden Idol","floor":5,"gold_loss":0,"cards_obtained":["Injury"]},{"damage_healed":0,"gold_gain":0,"player_choice":"Ignored","damage_taken":0,"max_hp_gain":0,"max_hp_loss":0,"event_name":"Golden Wing","floor":7,"gold_loss":0},{"damage_healed":17,"gold_gain":0,"player_choice":"Healed","damage_taken":0,"max_hp_gain":0,"max_hp_loss":0,"event_name":"The Cleric","floor":13,"gold_loss":35}],"is_beta":false,"boss_relics":[{"not_picked":["Runic Pyramid","Kintsugi"],"picked":"Runesmith:UraniumAnvil"}],"items_purged_floors":[],"is_endless":false,"potions_floor_spawned":[1,8,18],"killed_by":"Spheric Guardian","ascension_level":0}}