{"host":"8u7tvcybuv0u72fd","time":1611027755,"event":{"mods":["BaseMod","BetterRewards","Colored Map","Colored Powertips","Minty Spire (QoL Compilation)","Quick Restart","Shop Mod"],"gold_per_floor":[117,82,95,95,115,115,126,155,155,155,5,40,40,57,57,161,161,173,173,185,185,110,110,42,42,67,93,103,103,133,151,151,252,252,267,267,283,293,243,243,255,270,270,270,290,319,319,337,337,337,337,337,35,60,60],"floor_reached":56,"language":"ENG","playtime":2828,"items_purged":["Strike_R","Demon Form"],"score":1352,"play_id":"6d69cddb-8498-4009-9525-2fc903d5b3fd","local_time":"20210118224235","is_ascension_mode":false,"campfire_choices":[{"data":"Bash","floor":6.0,"key":"SMITH"},{"data":"Feed","floor":10.0,"key":"SMITH"},{"data":"Clash","floor":15.0,"key":"SMITH"},{"data":"Juggernaut","floor":23.0,"key":"SMITH"},{"data":"Uppercut","floor":25.0,"key":"SMITH"},{"data":"Iron Wave","floor":29.0,"key":"SMITH"},{"data":"Blood for Blood","floor":32.0,"key":"SMITH"},{"data":"Pommel Strike","floor":40.0,"key":"SMITH"},{"floor":44.0,"key":"RECALL"},{"floor":47.0,"key":"DIG"},{"data":"Defend_R","floor":49.0,"key":"SMITH"},{"floor":52.0,"key":"DIG"}],"circlet_count":0,"master_deck":["Strike_R","Strike_R","Defend_R+1","Defend_R","Defend_R+1","Defend_R+1","Bash+1","Pommel Strike+1","Clash+1","Feed+1","Iron Wave+1","Headbutt","Juggernaut+1","Uppercut+1","Cleave+1","Blood for Blood+1","Shrug It Off+1","Twin Strike+1"],"relics":["Burning Blood","Omamori","Gremlin Horn","Pantograph","Medical Kit","Vajra","Coffee Dripper","MutagenicStrength","Bag of Preparation","Gambling Chip","Busted Crown","Centennial Puzzle","Kunai","Membership Card","MerchantsRug","CaptainsWheel","Paper Frog","Sundial"],"acts_visited":["Exordium","TheCity","TheBeyond","TheEnding"],"potions_floor_usage":[55,55],"damage_taken":[{"damage":7.0,"enemies":"Small Slimes","floor":1.0,"turns":3.0},{"damage":1.0,"enemies":"Cultist","floor":3.0,"turns":3.0},{"damage":1.0,"enemies":"Jaw Worm","floor":5.0,"turns":3.0},{"damage":3.0,"enemies":"Red Slaver","floor":7.0,"turns":3.0},{"damage":21.0,"enemies":"Lagavulin","floor":8.0,"turns":5.0},{"damage":9.0,"enemies":"Gremlin Nob","floor":12.0,"turns":3.0},{"damage":12.0,"enemies":"Looter","floor":14.0,"turns":5.0},{"damage":69.0,"enemies":"The Guardian","floor":16.0,"turns":11.0},{"damage":20.0,"enemies":"2 Thieves","floor":18.0,"turns":4.0},{"damage":14.0,"enemies":"Shell Parasite","floor":20.0,"turns":4.0},{"damage":0.0,"enemies":"Gremlin Leader","floor":27.0,"turns":4.0},{"damage":5.0,"enemies":"3 Cultists","floor":28.0,"turns":3.0},{"damage":7.0,"enemies":"Slavers","floor":30.0,"turns":3.0},{"damage":15.0,"enemies":"Centurion and Healer","floor":31.0,"turns":3.0},{"damage":65.0,"enemies":"Automaton","floor":33.0,"turns":9.0},{"damage":6.0,"enemies":"3 Darklings","floor":35.0,"turns":3.0},{"damage":5.0,"enemies":"3 Shapes","floor":37.0,"turns":2.0},{"damage":21.0,"enemies":"Writhing Mass","floor":38.0,"turns":5.0},{"damage":16.0,"enemies":"Spire Growth","floor":41.0,"turns":3.0},{"damage":0.0,"enemies":"Maw","floor":42.0,"turns":6.0},{"damage":0.0,"enemies":"3 Darklings","floor":45.0,"turns":5.0},{"damage":2.0,"enemies":"Reptomancer","floor":46.0,"turns":5.0},{"damage":12.0,"enemies":"Spire Growth","floor":48.0,"turns":3.0},{"damage":91.0,"enemies":"Awakened One","floor":50.0,"turns":13.0},{"damage":16.0,"enemies":"Shield and Spear","floor":54.0,"turns":8.0},{"damage":103,"enemies":"The Heart","floor":55,"turns":11}],"seed_played":"3426920726209691409","potions_obtained":[{"floor":5.0,"key":"LiquidMemories"},{"floor":8.0,"key":"GamblersBrew"},{"floor":16.0,"key":"FearPotion"},{"floor":18.0,"key":"FearPotion"},{"floor":20.0,"key":"ColorlessPotion"},{"floor":33.0,"key":"SpeedPotion"},{"floor":35.0,"key":"LiquidMemories"}],"is_trial":false,"path_per_floor":["M","?","M","?","M","R","M","E","T","R","$","E","?","M","R","B",null,"M","?","M","?","?","R","$","R","T","E","M","R","E","M","R","B",null,"M","?","M","M","$","R","M","M","T","R","M","E","R","M","R","B",null,"R","$","E","B",null],"character_chosen":"IRONCLAD","items_purchased":["Omamori","Gremlin Horn","Fruit Juice","Medical Kit","Uppercut","Membership Card","MerchantsRug","CaptainsWheel","Paper Frog"],"campfire_rested":0,"item_purchase_floors":[0,0,0,11,24,53,53,53,53],"current_hp_per_floor":[62,86,91,88,93,93,99,87,87,93,93,94,109,107,113,54,117,107,107,103,103,103,109,109,118,118,128,133,133,136,131,140,86,145,149,149,153,138,138,147,137,143,143,152,157,157,157,151,157,76,161,161,161,151,64],"gold":60,"neow_bonus":"","is_daily":false,"chose_seed":false,"campfire_upgraded":9,"win_rate":0.0,"timestamp":1611027755,"path_taken":["M","?","M","?","M","R","M","E","T","R","$","E","?","?","R","BOSS","M","?","?","?","?","R","?","R","T","E","M","R","E","M","R","BOSS","M","?","?","M","$","R","M","M","T","R","M","E","R","M","R","BOSS","R","$","E","BOSS"],"items_purchased_type":["Relic","Relic","Potion","Relic","Card","Relic","Relic","Relic","Relic"],"build_version":"2020-12-22","purchased_purges":2,"victory":true,"max_hp_per_floor":[99,99,99,99,99,99,102,105,105,105,105,109,109,113,113,117,117,121,121,125,125,125,125,125,125,125,129,133,133,137,141,141,145,145,149,149,153,153,153,153,153,153,153,153,157,157,157,157,157,161,161,161,161,161,161],"card_choices":[{"not_picked":["Heavy Blade","Warcry"],"picked":"Pommel Strike","floor":1.0},{"not_picked":["Cleave","Dual Wield"],"picked":"Clash","floor":3.0},{"not_picked":["Searing Blow","Power Through"],"picked":"Feed","floor":5.0},{"not_picked":["Perfected Strike","Infernal Blade","Pommel Strike"],"picked":"SKIP","floor":7.0},{"not_picked":["Flame Barrier","Second Wind"],"picked":"Iron Wave","floor":8.0},{"not_picked":["Pommel Strike","Hemokinesis","Havoc"],"picked":"SKIP","floor":12.0},{"not_picked":["Clash","Rupture"],"picked":"Headbutt","floor":14.0},{"not_picked":["Berserk","Reaper"],"picked":"Juggernaut","floor":16.0},{"not_picked":["Clash","Armaments","Bloodletting"],"picked":"SKIP","floor":18.0},{"not_picked":["Perfected Strike","Whirlwind","Iron Wave+1"],"picked":"SKIP","floor":20.0},{"not_picked":["Cleave","Burning Pact","Twin Strike"],"picked":"SKIP","floor":27.0},{"not_picked":["Infernal Blade","Carnage"],"picked":"Cleave+1","floor":28.0},{"not_picked":["Warcry","Reaper","Whirlwind+1"],"picked":"SKIP","floor":30.0},{"not_picked":["Power Through","Seeing Red"],"picked":"Blood for Blood","floor":31.0},{"not_picked":["Clothesline"],"picked":"SKIP","floor":35.0},{"not_picked":["Havoc"],"picked":"SKIP","floor":37.0},{"not_picked":["Thunderclap"],"picked":"SKIP","floor":38.0},{"not_picked":[],"picked":"Shrug It Off+1","floor":41.0},{"not_picked":["Bloodletting+1"],"picked":"SKIP","floor":42.0},{"not_picked":["Clash"],"picked":"SKIP","floor":45.0},{"not_picked":[],"picked":"Twin Strike+1","floor":46.0},{"not_picked":["True Grit+1"],"picked":"SKIP","floor":48.0},{"not_picked":["Thunderclap"],"picked":"SKIP","floor":54.0}],"player_experience":1362802,"relics_obtained":[{"floor":8.0,"key":"Eternal Feather"},{"floor":9.0,"key":"Pantograph"},{"floor":12.0,"key":"Vajra"},{"floor":26.0,"key":"Bag of Preparation"},{"floor":27.0,"key":"Smiling Mask"},{"floor":30.0,"key":"Gambling Chip"},{"floor":46.0,"key":"Centennial Puzzle"},{"floor":47.0,"key":"War Paint"},{"floor":52.0,"key":"Kunai"},{"floor":54.0,"key":"Sundial"}],"event_choices":[{"damage_healed":24.0,"max_hp_gain":0.0,"max_hp_loss":0.0,"gold_gain":0.0,"event_name":"The Cleric","player_choice":"Healed","floor":2.0,"gold_loss":35.0,"damage_taken":0.0},{"damage_healed":0.0,"max_hp_gain":0.0,"max_hp_loss":0.0,"gold_gain":0.0,"event_name":"Scrap Ooze","player_choice":"Success","floor":4.0,"gold_loss":0.0,"damage_taken":3.0,"relics_obtained":["Shovel"]},{"damage_healed":15.0,"max_hp_gain":0.0,"max_hp_loss":0.0,"gold_gain":0.0,"event_name":"Wheel of Change","player_choice":"Full Heal","floor":13.0,"gold_loss":0.0,"damage_taken":0.0},{"damage_healed":0.0,"max_hp_gain":0.0,"max_hp_loss":0.0,"gold_gain":0.0,"event_name":"Duplicator","player_choice":"Ignored","floor":19.0,"gold_loss":0.0,"damage_taken":0.0},{"damage_healed":0.0,"max_hp_gain":0.0,"max_hp_loss":0.0,"gold_gain":0.0,"event_name":"Drug Dealer","player_choice":"Inject Mutagens","floor":21.0,"gold_loss":0.0,"damage_taken":0.0,"relics_obtained":["MutagenicStrength"]},{"cards_removed":["Strike_R"],"damage_healed":0.0,"max_hp_gain":0.0,"max_hp_loss":0.0,"gold_gain":0.0,"event_name":"Beggar","player_choice":"Gave Gold","floor":22.0,"gold_loss":75.0,"damage_taken":0.0},{"damage_healed":0.0,"max_hp_gain":0.0,"max_hp_loss":0.0,"gold_gain":0.0,"cards_transformed":["Strike_R"],"event_name":"Transmorgrifier","player_choice":"Transformed","floor":36.0,"gold_loss":0.0,"damage_taken":0.0,"cards_obtained":["Demon Form"]}],"is_beta":false,"boss_relics":[{"not_picked":["Calling Bell","Velvet Choker"],"picked":"Coffee Dripper"},{"not_picked":["Black Blood","Tiny House"],"picked":"Busted Crown"}],"items_purged_floors":[0,39],"is_endless":false,"potions_floor_spawned":[5,8,16,18,20,33,35,37,45,54],"ascension_level":0}}