{"host":"l4he167voxkef95j","time":1611054847,"event":{"mods":["BaseMod","Infinite Spire","Minty Spire (QoL Compilation)","Rare Cards Sparkle","StSLib"],"gold_per_floor":[115,115,115,133,143,143,143,143,143,143,143,154,188,198,198,302,302,317,25,40,49,49,49,81,99,99,99,123,151,151,199,199,309,336,356,433,453,462,462,483,483,533,560,560,560,614,643,678,678,791,850,856,856,856,863,258,281,281,278,356,356,382,442,451,460,460,553,562,560,566,575,575,180,159,175,175,175,253,253,253,265,266,266,358,358,361,361,321,330,333,333,342,349,404,381,406,426,426,420,420,481,481,493,503,520,470,24,24,24,24,24,24,34,53,53,77,89,206,218,236,264,276,288,323,335,446,460,472,89,89,115,115,145,145,239,239,245,245,255,264,306,306,13,13,72,97,117,142,151,169,169,128,128,128,78,91,144],"floor_reached":158,"language":"RUS","playtime":4872,"items_purged":["Normality","Regret"],"score":4344,"play_id":"6a6c13ec-8b77-4d30-9109-49fe364232fe","local_time":"20210119151407","is_ascension_mode":false,"campfire_choices":[{"data":"Armaments","floor":6,"key":"SMITH"},{"data":"Bash","floor":8,"key":"SMITH"},{"data":"Twin Strike","floor":10,"key":"SMITH"},{"data":"Shrug It Off","floor":15,"key":"SMITH"},{"floor":23,"key":"DIG"},{"floor":30,"key":"DIG"},{"floor":32,"key":"REST"},{"floor":41,"key":"DIG"},{"floor":44,"key":"DIG"},{"floor":49,"key":"REST"},{"data":"Barricade","floor":58,"key":"SMITH"},{"data":"infinitespire:UltimateForm","floor":61,"key":"SMITH"},{"floor":66,"key":"DIG"},{"data":"infinitespire:Menacing","floor":79,"key":"SMITH"},{"data":"Berserk","floor":83,"key":"SMITH"},{"floor":91,"key":"DIG"},{"floor":98,"key":"DIG"},{"floor":100,"key":"DIG"},{"floor":108,"key":"DIG"},{"floor":110,"key":"DIG"},{"floor":112,"key":"DIG"},{"floor":117,"key":"DIG"},{"floor":125,"key":"DIG"},{"floor":130,"key":"DIG"},{"floor":132,"key":"DIG"},{"floor":134,"key":"DIG"},{"floor":142,"key":"DIG"},{"floor":144,"key":"DIG"},{"floor":151,"key":"DIG"},{"floor":154,"key":"DIG"}],"circlet_count":0,"master_deck":["Strike_R+1","Strike_R+1","Defend_R+1","Defend_R+1","Defend_R+1","Defend_R+1","Bash+1","Twin Strike+1","Shrug It Off+1","Armaments+1","Cleave+1","Brutality","Ghostly Armor+1","Offering+1","CurseOfTheBell","Blood for Blood","Demon Form","infinitespire:Punishment+1","infinitespire:SevenWalls","infinitespire:Gouge","infinitespire:FinalStrike","infinitespire:Fortify+1","Pummel+1","Armaments+1","Bludgeon+1","Body Slam+1","Burning Pact+1","infinitespire:UltimateForm+1","Spot Weakness+1","Heavy Blade+1","Barricade+1","Corruption+1","Disarm+1","Dual Wield+1","Master of Strategy+1","Body Slam","Berserk+1","infinitespire:Menacing+1","Rupture","Warcry+1","infinitespire:OneForAll+1","Impervious","Reckless Charge+1","Sever Soul+1","Mind Blast","Madness","Madness","Exhume+1","Exhume","Pommel Strike+1","Armaments+1","Offering","Perfected Strike+1","Madness","Madness","Shame","Dark Embrace+1","Demon Form+1"],"relics":["Burning Blood","NeowsBlessing","infinitespire:BottledMercury","Mummified Hand","Ornamental Fan","Calling Bell","Tiny Chest","Pantograph","Shovel","Juzu Bracelet","SlaversCollar","CeramicFish","Happy Flower","StoneCalendar","Meat on the Bone","Shuriken","Omamori","Astrolabe","infinitespire:WardingShard","FossilizedHelix","Dead Branch","Toy Ornithopter","White Beast Statue","Pear","infinitespire:Joker Card","Ancient Tea Set","Tiny House","Mango","Vajra","Orichalcum","infinitespire:PuzzleCube","infinitespire:ShieldingShard","Regal Pillow","War Paint","Black Star","Akabeko","Sling","Sundial","infinitespire:Midas Blood","infinitespire:Lucky Rock","Art of War","infinitespire:Lychee Nut","Paper Frog","HornCleat","Pocketwatch","Bag of Marbles","Lantern","Strawberry","Nunchaku","Red Skull","infinitespire:EmpoweringShard","Eternal Feather","infinitespire:Burning Sword","Odd Mushroom","TheAbacus","Anchor","Pen Nib","Mercury Hourglass","Letter Opener","Champion Belt","infinitespire:Eraser","infinitespire:Beetle Shell","MawBank","PreservedInsect","infinitespire:Satchel","Cursed Key","Nloth\u0027s Gift","Potion Belt","Boot","Dream Catcher","Gremlin Horn","Whetstone","MealTicket","Smiling Mask","Bottled Lightning","Blood Vial","Darkstone Periapt","Bronze Scales","Oddly Smooth Stone","SacredBark","Blue Candle","Magic Flower","Centennial Puzzle","Singing Bowl","Bag of Preparation","Bottled Flame","Bottled Tornado","infinitespire:CheckeredPen","Self Forming Clay","Matryoshka","Frozen Egg 2","Molten Egg 2","StrikeDummy","Busted Crown","Question Card","Kunai","infinitespire:Bottled Soul"],"acts_visited":["Exordium","TheCity","TheBeyond","Exordium","TheCity","TheBeyond","Exordium","TheCity","TheBeyond","TheEnding"],"potions_floor_usage":[13,18,18,20,33,33,40,47,50,50,55,57,59,74,75,75,82,152],"damage_taken":[{"damage":0,"enemies":"2 Louse","floor":1,"turns":1},{"damage":0,"enemies":"Cultist","floor":4,"turns":1},{"damage":0,"enemies":"infinitespire:Voidling","floor":5,"turns":1},{"damage":5,"enemies":"Looter","floor":12,"turns":2},{"damage":6,"enemies":"Gremlin Nob","floor":13,"turns":3},{"damage":2,"enemies":"Exordium Wildlife","floor":14,"turns":3},{"damage":53,"enemies":"The Guardian","floor":16,"turns":11},{"damage":15,"enemies":"Chosen","floor":18,"turns":8},{"damage":9,"enemies":"Shell Parasite","floor":20,"turns":4},{"damage":18,"enemies":"Nightmare","floor":24,"turns":5},{"damage":18,"enemies":"Centurion and Healer","floor":25,"turns":4},{"damage":0,"enemies":"Snake Plant","floor":28,"turns":2},{"damage":12,"enemies":"Snecko","floor":29,"turns":4},{"damage":9,"enemies":"Champ","floor":33,"turns":6},{"damage":22,"enemies":"3 Shapes","floor":35,"turns":5},{"damage":6,"enemies":"Orb Walker","floor":37,"turns":3},{"damage":7,"enemies":"Maw","floor":40,"turns":5},{"damage":0,"enemies":"Mind Bloom Boss Battle","floor":42,"turns":5},{"damage":31,"enemies":"2 Orb Walkers","floor":46,"turns":5},{"damage":17,"enemies":"Transient","floor":47,"turns":5},{"damage":0,"enemies":"Giant Head","floor":48,"turns":6},{"damage":38,"enemies":"infinitespire:MassOfShapes","floor":50,"turns":7},{"damage":0,"enemies":"Small Slimes","floor":52,"turns":3},{"damage":0,"enemies":"Jaw Worm","floor":55,"turns":2},{"damage":0,"enemies":"Gremlin Nob","floor":57,"turns":2},{"damage":0,"enemies":"Cultist","floor":59,"turns":1},{"damage":0,"enemies":"Blue Slaver","floor":64,"turns":1},{"damage":59,"enemies":"Hexaghost","floor":67,"turns":4},{"damage":12,"enemies":"Shell Parasite","floor":69,"turns":2},{"damage":0,"enemies":"Chosen","floor":70,"turns":3},{"damage":35,"enemies":"Nightmare","floor":74,"turns":5},{"damage":18,"enemies":"Centurion and Healer","floor":75,"turns":5},{"damage":0,"enemies":"Snake Plant","floor":76,"turns":3},{"damage":0,"enemies":"Colosseum Slavers","floor":78,"turns":2},{"damage":1,"enemies":"Colosseum Nobs","floor":78,"turns":3},{"damage":0,"enemies":"Chosen and Byrds","floor":81,"turns":2},{"damage":0,"enemies":"Centurion and Healer","floor":82,"turns":3},{"damage":0,"enemies":"Automaton","floor":84,"turns":3},{"damage":0,"enemies":"3 Darklings","floor":86,"turns":3},{"damage":0,"enemies":"2 Orb Walkers","floor":89,"turns":1},{"damage":0,"enemies":"Orb Walker","floor":90,"turns":2},{"damage":0,"enemies":"Nightmare","floor":93,"turns":3},{"damage":0,"enemies":"3 Darklings","floor":95,"turns":5},{"damage":0,"enemies":"Maw","floor":99,"turns":4},{"damage":32,"enemies":"infinitespire:MassOfShapes","floor":101,"turns":6},{"damage":0,"enemies":"Small Slimes","floor":103,"turns":1},{"damage":0,"enemies":"The Mushroom Lair","floor":104,"turns":2},{"damage":0,"enemies":"Jaw Worm","floor":105,"turns":1},{"damage":0,"enemies":"2 Louse","floor":113,"turns":1},{"damage":0,"enemies":"Looter","floor":114,"turns":1},{"damage":0,"enemies":"Gremlin Nob","floor":116,"turns":1},{"damage":0,"enemies":"The Guardian","floor":118,"turns":1},{"damage":0,"enemies":"3 Byrds","floor":120,"turns":3},{"damage":0,"enemies":"Shell Parasite","floor":121,"turns":1},{"damage":0,"enemies":"Slavers","floor":131,"turns":1},{"damage":0,"enemies":"Gremlin Leader","floor":133,"turns":1},{"damage":0,"enemies":"Champ","floor":135,"turns":1},{"damage":0,"enemies":"3 Darklings","floor":137,"turns":1},{"damage":0,"enemies":"3 Shapes","floor":139,"turns":1},{"damage":0,"enemies":"2 Orb Walkers","floor":141,"turns":1},{"damage":0,"enemies":"Giant Head","floor":146,"turns":1},{"damage":0,"enemies":"Nemesis","floor":148,"turns":1},{"damage":0,"enemies":"3 Darklings","floor":150,"turns":1},{"damage":0,"enemies":"infinitespire:LordOfFortification","floor":152,"turns":11},{"damage":0,"enemies":"Shield and Spear","floor":156,"turns":1},{"damage":12,"enemies":"The Heart","floor":157,"turns":5}],"seed_played":"7257019958348271660","potions_obtained":[{"floor":4,"key":"AttackPotion"},{"floor":5,"key":"SpeedPotion"},{"floor":12,"key":"Weak Potion"},{"floor":14,"key":"FearPotion"},{"floor":18,"key":"Block Potion"},{"floor":20,"key":"PowerPotion"},{"floor":24,"key":"CultistPotion"},{"floor":28,"key":"SkillPotion"},{"floor":37,"key":"FairyPotion"},{"floor":46,"key":"Fire Potion"},{"floor":47,"key":"AttackPotion"},{"floor":48,"key":"PowerPotion"},{"floor":50,"key":"BloodPotion"},{"floor":51,"key":"SkillPotion"},{"floor":55,"key":"AttackPotion"},{"floor":57,"key":"SkillPotion"},{"floor":59,"key":"BloodPotion"},{"floor":74,"key":"SteroidPotion"},{"floor":75,"key":"SmokeBomb"},{"floor":76,"key":"EssenceOfSteel"},{"floor":78,"key":"Block Potion"},{"floor":81,"key":"Strength Potion"},{"floor":82,"key":"Fruit Juice"},{"floor":84,"key":"Regen Potion"},{"floor":89,"key":"SteroidPotion"},{"floor":113,"key":"DistilledChaos"},{"floor":133,"key":"Energy Potion"},{"floor":135,"key":"ElixirPotion"},{"floor":152,"key":"SpeedPotion"}],"is_trial":false,"path_per_floor":["M","?","$","M","M","R","$","R","T","R","$","M","E","M","R","B",null,"M","$","M","AVR","?","R","NM","M","T","?","M","M","R","T","R","B",null,"M","T","M","?","?","M","R","?","T","R","T","?","M","E","R","B",null,"M","?","?","M","$","E","R","M","T","R","T","?","M","?","R","B",null,"M","M","?","T","$","NM","M","M","T","?","R","?","M","M","R","B",null,"M","T","?","?","M","R","?","NM","T","M","T","?","R","M","R","B",null,"M","?","M","?","$","R","T","R","T","R","M","M","?","E","R","B",null,"M","M","?","?","T","R","?","?","T","$","R","E","R","E","R","B",null,"M","?","M","T","?","R","$","R","T","E","?","E","T","M","R","B",null,"R","$","E","B",null],"character_chosen":"IRONCLAD","items_purchased":["Juzu Bracelet","Demon Form","Vajra","Orichalcum","Master of Strategy","infinitespire:BlackPotion","Sling","Sundial","TheAbacus","Anchor","Pen Nib","Gremlin Horn","Whetstone","Singing Bowl"],"campfire_rested":2,"item_purchase_floors":[19,19,56,56,56,56,73,73,107,107,107,129,129,143],"current_hp_per_floor":[80,80,80,80,80,80,80,80,80,80,80,80,80,80,80,33,80,71,71,68,68,68,68,56,44,44,29,47,53,53,53,78,82,85,69,69,69,48,48,59,59,85,85,85,95,70,64,70,95,63,100,100,89,66,77,77,88,88,114,114,114,114,114,114,114,114,73,114,108,114,114,114,114,85,105,111,111,85,85,85,85,90,90,90,90,90,90,90,90,90,90,90,97,97,97,97,85,85,97,97,71,97,97,97,97,97,97,97,97,97,97,97,97,97,102,102,102,102,102,102,102,102,102,102,102,102,81,81,81,107,107,107,107,107,107,107,107,107,107,113,113,113,113,113,119,121,106,120,126,129,129,131,131,131,131,133,130],"gold":144,"neow_bonus":"THREE_ENEMY_KILL","is_daily":false,"chose_seed":false,"campfire_upgraded":8,"win_rate":0.0,"timestamp":1611054847,"path_taken":["M","?","?","?","M","R","$","R","T","R","$","M","E","M","R","BOSS","M","$","M","AVR","?","R","NM","M","T","?","M","M","R","?","R","BOSS","M","?","M","?","?","M","R","?","T","R","?","?","M","E","R","BOSS","M","?","?","M","$","E","R","M","T","R","?","?","M","?","R","BOSS","M","M","?","?","?","NM","M","M","T","?","R","?","M","M","R","BOSS","M","?","?","?","M","R","?","NM","T","M","?","?","R","M","R","BOSS","M","?","M","?","$","R","?","R","T","R","M","M","?","E","R","BOSS","M","M","?","?","?","R","?","?","T","$","R","E","R","E","R","BOSS","M","?","M","?","?","R","$","R","T","E","?","E","?","M","R","BOSS","R","$","E","BOSS"],"items_purchased_type":["Relic","Card","Relic","Relic","Card","Potion","Relic","Relic","Relic","Relic","Relic","Relic","Relic","Relic"],"build_version":"2020-12-22","purchased_purges":2,"victory":true,"max_hp_per_floor":[80,80,80,80,80,80,80,80,80,80,80,80,80,80,80,80,80,80,80,80,80,80,80,80,80,80,85,85,85,85,85,85,85,85,85,85,85,85,85,85,85,85,85,85,95,95,95,95,95,95,100,100,114,114,114,114,114,114,114,114,114,114,114,114,114,114,114,114,114,114,114,114,114,114,114,114,114,85,85,85,85,90,90,90,90,90,90,90,90,90,90,90,97,97,97,97,97,97,97,97,97,97,97,97,97,97,97,97,97,97,97,97,97,97,102,102,102,102,102,102,102,102,102,102,102,102,107,107,107,107,107,107,107,107,107,107,107,107,107,113,113,113,113,113,119,121,121,123,129,129,129,131,131,131,131,133,133],"card_choices":[{"not_picked":["Reckless Charge","Armaments"],"picked":"Twin Strike","floor":1},{"not_picked":["Pummel","Wild Strike"],"picked":"Shrug It Off","floor":4},{"not_picked":["Blood for Blood","Combust"],"picked":"Armaments","floor":5},{"not_picked":["Combust","Body Slam"],"picked":"Cleave","floor":12},{"not_picked":["Burning Pact","Dark Embrace"],"picked":"Brutality","floor":13},{"not_picked":["Evolve","Cleave"],"picked":"Ghostly Armor","floor":14},{"not_picked":["Fiend Fire","Feed"],"picked":"Offering","floor":16},{"not_picked":["Carnage","Shrug It Off+1"],"picked":"Blood for Blood","floor":18},{"not_picked":["Warcry","Cleave"],"picked":"Pummel","floor":20},{"not_picked":["Infernal Blade","Perfected Strike","Sentinel"],"picked":"SKIP","floor":24},{"not_picked":["Infernal Blade","Perfected Strike","Sentinel"],"picked":"SKIP","floor":24},{"not_picked":["Whirlwind","Sever Soul+1","Flex"],"picked":"SKIP","floor":25},{"not_picked":["Bloodletting","Clothesline"],"picked":"Pummel+1","floor":28},{"not_picked":["Rupture+1","Headbutt"],"picked":"Armaments+1","floor":29},{"not_picked":["Juggernaut","Brutality"],"picked":"Offering","floor":33},{"not_picked":["Armaments+1","Havoc","True Grit"],"picked":"SKIP","floor":35},{"not_picked":["Pummel","Flame Barrier+1","Metallicize+1"],"picked":"SKIP","floor":37},{"not_picked":["infinitespire:FinalStrike","infinitespire:FutureSight"],"picked":"infinitespire:UltimateForm","floor":38},{"not_picked":["Anger","Thunderclap"],"picked":"Spot Weakness+1","floor":40},{"not_picked":["Twin Strike","Disarm"],"picked":"Heavy Blade+1","floor":47},{"not_picked":["Cleave","Demon Form"],"picked":"Barricade","floor":48},{"not_picked":["Brutality","Fiend Fire"],"picked":"Corruption","floor":50},{"not_picked":["Combust+1","Anger"],"picked":"Disarm+1","floor":51},{"not_picked":["Body Slam","Evolve","Uppercut"],"picked":"SKIP","floor":52},{"not_picked":["Warcry","Rampage"],"picked":"Dual Wield","floor":55},{"not_picked":["Twin Strike","Whirlwind","Metallicize"],"picked":"SKIP","floor":57},{"not_picked":["Headbutt","Hemokinesis","Thunderclap"],"picked":"SKIP","floor":59},{"not_picked":["Perfected Strike","Ghostly Armor","Body Slam"],"picked":"SKIP","floor":64},{"not_picked":["Reaper","Fiend Fire"],"picked":"Berserk","floor":67},{"not_picked":["infinitespire:Execution","infinitespire:DeathsTouch"],"picked":"infinitespire:Menacing","floor":68},{"not_picked":["Twin Strike","Clothesline","Thunderclap"],"picked":"SKIP","floor":69},{"not_picked":["Sentinel","True Grit","Entrench"],"picked":"SKIP","floor":70},{"not_picked":["Sentinel","Flame Barrier+1","Reckless Charge"],"picked":"SKIP","floor":74},{"not_picked":["Warcry+1","True Grit","Feel No Pain+1"],"picked":"SKIP","floor":75},{"not_picked":["True Grit","Feel No Pain+1"],"picked":"Warcry+1","floor":75},{"not_picked":["Thunderclap","Immolate","Clash"],"picked":"SKIP","floor":76},{"not_picked":["Burning Pact","Cleave"],"picked":"infinitespire:OneForAll","floor":81},{"not_picked":["Uppercut","Carnage","Iron Wave"],"picked":"SKIP","floor":82},{"not_picked":["Barricade","Brutality"],"picked":"Impervious","floor":84},{"not_picked":["Armaments","Perfected Strike"],"picked":"Reckless Charge+1","floor":86},{"not_picked":["Combust+1","Cleave+1"],"picked":"Sever Soul+1","floor":90},{"not_picked":["Swift Strike","Deep Breath"],"picked":"Mind Blast","floor":92},{"not_picked":["Shrug It Off","Feel No Pain","Perfected Strike"],"picked":"SKIP","floor":93},{"not_picked":["Iron Wave+1","Clash+1","Perfected Strike"],"picked":"SKIP","floor":95},{"not_picked":["Iron Wave+1","Clash+1","Perfected Strike"],"picked":"SKIP","floor":95},{"not_picked":["Searing Blow+1","True Grit","Combust"],"picked":"SKIP","floor":99},{"not_picked":["Barricade","Fiend Fire"],"picked":"Exhume","floor":101},{"not_picked":["Body Slam","Headbutt","Clothesline"],"picked":"SKIP","floor":103},{"not_picked":["Fire Breathing","Pommel Strike","Clothesline"],"picked":"SKIP","floor":105},{"not_picked":["Headbutt","Battle Trance","Sword Boomerang"],"picked":"SKIP","floor":113},{"not_picked":["Sever Soul","Dual Wield","Headbutt"],"picked":"SKIP","floor":114},{"not_picked":["Thunderclap","Perfected Strike","Dual Wield"],"picked":"SKIP","floor":116},{"not_picked":["Fiend Fire","Brutality"],"picked":"Exhume","floor":118},{"not_picked":["Iron Wave+1","Cleave"],"picked":"Pommel Strike+1","floor":120},{"not_picked":["Anger","Cleave+1"],"picked":"Armaments+1","floor":121},{"not_picked":["Sentinel","Rampage","Flame Barrier"],"picked":"SKIP","floor":131},{"not_picked":["Warcry","Brutality","Bludgeon"],"picked":"SKIP","floor":133},{"not_picked":["Berserk","Barricade"],"picked":"Offering","floor":135},{"not_picked":["Sword Boomerang","Second Wind","Dark Embrace"],"picked":"SKIP","floor":137},{"not_picked":["Carnage","Uppercut+1","Thunderclap+1"],"picked":"SKIP","floor":139},{"not_picked":["Entrench+1","Anger+1"],"picked":"Perfected Strike+1","floor":141},{"not_picked":["Barricade","Reckless Charge+1","Seeing Red"],"picked":"Singing Bowl","floor":146},{"not_picked":["Flame Barrier","True Grit","Shrug It Off+1"],"picked":"Singing Bowl","floor":148},{"not_picked":["Wild Strike+1","Second Wind"],"picked":"Dark Embrace+1","floor":150},{"not_picked":["Double Tap","Bludgeon+1","Juggernaut+1"],"picked":"Singing Bowl","floor":152},{"not_picked":["Body Slam+1","Clash+1"],"picked":"Singing Bowl","floor":156},{"not_picked":["Berserk+1"],"picked":"Demon Form+1","floor":157}],"player_experience":179440,"relics_obtained":[{"floor":2,"key":"infinitespire:BottledMercury"},{"floor":9,"key":"Mummified Hand"},{"floor":13,"key":"Ornamental Fan"},{"floor":17,"key":"Tiny Chest"},{"floor":17,"key":"Pantograph"},{"floor":17,"key":"Shovel"},{"floor":23,"key":"Happy Flower"},{"floor":24,"key":"StoneCalendar"},{"floor":26,"key":"Meat on the Bone"},{"floor":30,"key":"Shuriken"},{"floor":31,"key":"Omamori"},{"floor":36,"key":"infinitespire:WardingShard"},{"floor":41,"key":"FossilizedHelix"},{"floor":42,"key":"Dead Branch"},{"floor":43,"key":"Toy Ornithopter"},{"floor":44,"key":"White Beast Statue"},{"floor":45,"key":"Pear"},{"floor":46,"key":"infinitespire:Joker Card"},{"floor":48,"key":"Ancient Tea Set"},{"floor":57,"key":"infinitespire:PuzzleCube"},{"floor":60,"key":"infinitespire:ShieldingShard"},{"floor":62,"key":"Regal Pillow"},{"floor":66,"key":"War Paint"},{"floor":72,"key":"Akabeko"},{"floor":74,"key":"infinitespire:Midas Blood"},{"floor":74,"key":"infinitespire:Lucky Rock"},{"floor":77,"key":"Art of War"},{"floor":78,"key":"infinitespire:Lychee Nut"},{"floor":78,"key":"Paper Frog"},{"floor":87,"key":"HornCleat"},{"floor":89,"key":"Pocketwatch"},{"floor":91,"key":"Bag of Marbles"},{"floor":93,"key":"Lantern"},{"floor":93,"key":"Strawberry"},{"floor":94,"key":"Nunchaku"},{"floor":96,"key":"Red Skull"},{"floor":98,"key":"infinitespire:EmpoweringShard"},{"floor":100,"key":"Eternal Feather"},{"floor":104,"key":"Odd Mushroom"},{"floor":108,"key":"Mercury Hourglass"},{"floor":109,"key":"Letter Opener"},{"floor":110,"key":"Champion Belt"},{"floor":111,"key":"infinitespire:Eraser"},{"floor":112,"key":"infinitespire:Beetle Shell"},{"floor":116,"key":"MawBank"},{"floor":116,"key":"PreservedInsect"},{"floor":117,"key":"infinitespire:Satchel"},{"floor":124,"key":"Potion Belt"},{"floor":125,"key":"Boot"},{"floor":128,"key":"Dream Catcher"},{"floor":130,"key":"MealTicket"},{"floor":131,"key":"Smiling Mask"},{"floor":131,"key":"Bottled Lightning"},{"floor":132,"key":"Blood Vial"},{"floor":133,"key":"Darkstone Periapt"},{"floor":133,"key":"Bronze Scales"},{"floor":134,"key":"Oddly Smooth Stone"},{"floor":140,"key":"Blue Candle"},{"floor":141,"key":"Magic Flower"},{"floor":142,"key":"Centennial Puzzle"},{"floor":144,"key":"Bag of Preparation"},{"floor":145,"key":"Bottled Flame"},{"floor":146,"key":"Bottled Tornado"},{"floor":146,"key":"infinitespire:CheckeredPen"},{"floor":148,"key":"Self Forming Clay"},{"floor":148,"key":"Matryoshka"},{"floor":149,"key":"Frozen Egg 2"},{"floor":149,"key":"Molten Egg 2"},{"floor":151,"key":"StrikeDummy"},{"floor":154,"key":"Question Card"},{"floor":156,"key":"Kunai"},{"floor":156,"key":"infinitespire:Bottled Soul"}],"event_choices":[{"damage_healed":0,"gold_gain":0,"player_choice":"Simplicity","damage_taken":0,"max_hp_gain":0,"max_hp_loss":0,"event_name":"Back to Basics","floor":22,"gold_loss":0,"cards_upgraded":["Strike_R","Strike_R","Strike_R","Strike_R","Strike_R","Defend_R","Defend_R","Defend_R","Defend_R"]},{"damage_healed":0,"gold_gain":0,"player_choice":"Shed Blood","damage_taken":20,"max_hp_gain":5,"max_hp_loss":0,"event_name":"Forgotten Altar","floor":27,"gold_loss":0},{"damage_healed":0,"gold_gain":0,"player_choice":"Ignored","damage_taken":0,"max_hp_gain":0,"max_hp_loss":0,"event_name":"Tomb of Lord Red Mask","floor":39,"gold_loss":0},{"damage_healed":0,"gold_gain":0,"player_choice":"Fight","damage_taken":0,"max_hp_gain":0,"max_hp_loss":0,"event_name":"MindBloom","floor":42,"gold_loss":0},{"damage_healed":0,"gold_gain":0,"player_choice":"Fight","damage_taken":0,"max_hp_gain":0,"max_hp_loss":0,"event_name":"Mysterious Sphere","floor":46,"gold_loss":0},{"damage_healed":0,"gold_gain":0,"player_choice":"Success","damage_taken":25,"relics_obtained":["Mango"],"max_hp_gain":0,"max_hp_loss":0,"event_name":"Scrap Ooze","floor":53,"gold_loss":0},{"damage_healed":0,"gold_gain":0,"player_choice":"Entered Light","damage_taken":23,"max_hp_gain":0,"max_hp_loss":0,"event_name":"Shining Light","floor":54,"gold_loss":0,"cards_upgraded":["Corruption","Offering"]},{"damage_healed":0,"gold_gain":60,"player_choice":"Gained Gold","damage_taken":0,"max_hp_gain":0,"max_hp_loss":0,"event_name":"Golden Wing","floor":63,"gold_loss":0},{"damage_healed":0,"gold_gain":0,"cards_transformed":["Strike_R"],"player_choice":"Transformed","damage_taken":0,"max_hp_gain":0,"max_hp_loss":0,"event_name":"Transmorgrifier","floor":65,"gold_loss":0,"cards_obtained":["Body Slam"]},{"damage_healed":0,"gold_gain":0,"player_choice":"Read","damage_taken":0,"max_hp_gain":0,"max_hp_loss":0,"event_name":"The Library","floor":71,"gold_loss":0,"cards_obtained":["Rupture"]},{"damage_healed":0,"gold_gain":0,"player_choice":"Fight","damage_taken":0,"max_hp_gain":0,"max_hp_loss":0,"event_name":"Colosseum","floor":78,"gold_loss":0},{"damage_healed":0,"gold_gain":0,"player_choice":"Fought Nobs","damage_taken":0,"max_hp_gain":0,"max_hp_loss":0,"event_name":"Colosseum","floor":78,"gold_loss":0},{"damage_healed":0,"gold_gain":0,"player_choice":"Ignored","damage_taken":0,"max_hp_gain":0,"max_hp_loss":0,"event_name":"Vampires","floor":80,"gold_loss":0},{"damage_healed":0,"gold_gain":0,"player_choice":"Upgraded Two","damage_taken":0,"max_hp_gain":0,"max_hp_loss":0,"event_name":"Designer","floor":88,"gold_loss":40,"cards_upgraded":["Dual Wield","infinitespire:Punishment"]},{"damage_healed":0,"gold_gain":0,"player_choice":"Fight","damage_taken":0,"max_hp_gain":0,"max_hp_loss":0,"event_name":"Mysterious Sphere","floor":89,"gold_loss":0},{"damage_healed":0,"gold_gain":0,"player_choice":"Memory 1","damage_taken":0,"max_hp_gain":0,"max_hp_loss":0,"event_name":"SensoryStone","floor":92,"gold_loss":0},{"damage_healed":0,"gold_gain":0,"player_choice":"Embrace Madness","damage_taken":12,"max_hp_gain":0,"max_hp_loss":0,"event_name":"Winding Halls","floor":97,"gold_loss":0,"cards_obtained":["Madness","Madness"]},{"damage_healed":0,"gold_gain":0,"player_choice":"Fought Mushrooms","damage_taken":0,"max_hp_gain":0,"max_hp_loss":0,"event_name":"Mushrooms","floor":104,"gold_loss":0},{"cards_removed":["Strike_R"],"damage_healed":0,"gold_gain":0,"player_choice":"Card Removal","damage_taken":0,"max_hp_gain":0,"max_hp_loss":0,"event_name":"The Cleric","floor":106,"gold_loss":50},{"damage_healed":0,"gold_gain":0,"player_choice":"Donut","damage_taken":0,"max_hp_gain":5,"max_hp_loss":0,"event_name":"Big Fish","floor":115,"gold_loss":0},{"damage_healed":0,"gold_gain":0,"player_choice":"Upgraded","damage_taken":0,"max_hp_gain":0,"max_hp_loss":0,"event_name":"Upgrade Shrine","floor":122,"gold_loss":0,"cards_upgraded":["Exhume"]},{"damage_healed":0,"gold_gain":0,"player_choice":"Traded Relic","damage_taken":0,"relics_obtained":["Nloth\u0027s Gift"],"max_hp_gain":0,"max_hp_loss":0,"event_name":"N\u0027loth","floor":123,"relics_lost":["Mark of Pain"],"gold_loss":0},{"damage_healed":0,"gold_gain":99,"player_choice":"Stole From Cult","damage_taken":0,"max_hp_gain":0,"max_hp_loss":0,"event_name":"Nest","floor":126,"gold_loss":0},{"damage_healed":0,"gold_gain":0,"player_choice":"Shed Blood","damage_taken":26,"max_hp_gain":5,"max_hp_loss":0,"event_name":"Forgotten Altar","floor":127,"gold_loss":0},{"damage_healed":0,"gold_gain":0,"player_choice":"Ignored","damage_taken":0,"max_hp_gain":0,"max_hp_loss":0,"event_name":"Tomb of Lord Red Mask","floor":138,"gold_loss":0},{"damage_healed":0,"gold_gain":0,"player_choice":"Fight","damage_taken":0,"max_hp_gain":0,"max_hp_loss":0,"event_name":"Mysterious Sphere","floor":141,"gold_loss":0},{"damage_healed":0,"gold_gain":0,"player_choice":"Embrace Madness","damage_taken":15,"max_hp_gain":0,"max_hp_loss":0,"event_name":"Winding Halls","floor":147,"gold_loss":0,"cards_obtained":["Madness","Madness"]}],"is_beta":false,"boss_relics":[{"not_picked":["Mark of Pain","Philosopher\u0027s Stone"],"picked":"Calling Bell"},{"not_picked":["Snecko Eye","Fusion Hammer"],"picked":"Astrolabe"},{"not_picked":["Runic Cube","Runic Pyramid"],"picked":"Tiny House"},{"not_picked":["Fusion Hammer","Cursed Key"],"picked":"Black Star"},{"not_picked":["infinitespire:Cupcake","SacredBark"],"picked":"Mark of Pain"},{"not_picked":["Black Blood","Runic Dome"],"picked":"infinitespire:Burning Sword"},{"not_picked":["Velvet Choker","Coffee Dripper"],"picked":"Cursed Key"},{"not_picked":["infinitespire:Cupcake","Pandora\u0027s Box"],"picked":"SacredBark"},{"not_picked":["Empty Cage","Sozu"],"picked":"Busted Crown"}],"items_purged_floors":[143,155],"is_endless":true,"potions_floor_spawned":[4,5,12,14,18,20,24,28,37,46,47,48,50,52,55,57,59,64,67,69,70,74,75,76,78,78,81,82,84,86,89,90,93,95,99,101,103,104,105,113,114,116,118,120,121,131,133,135,137,139,141,146,148,150,152,156,157],"ascension_level":0}}