{"host":"uv231blk40vjdojr","time":1611062150,"event":{"mods":["AchievementEnabler","BaseMod","Bestiary","Minty Spire (QoL Compilation)","Relic Stats"],"gold_per_floor":[362,377,377,44,56,56,56,80,126,126,126,155,155,173,173,249,249,268,287,1,21,37,37,37,37],"floor_reached":24,"language":"ENG","playtime":666,"items_purged":[],"score":392,"play_id":"16eb4d03-1cb6-4766-b7f1-482352ebf9cd","local_time":"20210119141550","is_ascension_mode":true,"campfire_choices":[{"data":"Zap","floor":6,"key":"SMITH"},{"data":"Melter","floor":11,"key":"SMITH"},{"data":"Biased Cognition","floor":13,"key":"SMITH"},{"data":"Lockon","floor":15,"key":"SMITH"},{"data":"Reinforced Body","floor":23,"key":"SMITH"}],"circlet_count":0,"master_deck":["AscendersBane","Strike_B+1","Strike_B","Strike_B","Strike_B","Defend_B","Defend_B","Defend_B","Defend_B","Zap+1","Dualcast+1","Compile Driver+1","Melter+1","Biased Cognition+1","Lockon+1","Reboot","Reinforced Body+1","Compile Driver+1","Self Repair"],"relics":["Cracked Core","CaptainsWheel","Bird Faced Urn","Whetstone","Bag of Preparation","Meat on the Bone","Inserter","HornCleat"],"acts_visited":["Exordium","TheCity"],"potions_floor_usage":[18,24,24],"damage_taken":[{"damage":4,"enemies":"Jaw Worm","floor":1,"turns":3},{"damage":10,"enemies":"Small Slimes","floor":2,"turns":3},{"damage":0,"enemies":"2 Louse","floor":5,"turns":1},{"damage":11,"enemies":"Gremlin Nob","floor":12,"turns":3},{"damage":5,"enemies":"Gremlin Gang","floor":14,"turns":3},{"damage":32,"enemies":"The Guardian","floor":16,"turns":8},{"damage":0,"enemies":"Spheric Guardian","floor":18,"turns":1},{"damage":22,"enemies":"Shell Parasite","floor":19,"turns":4},{"damage":6,"enemies":"Cultist and Chosen","floor":21,"turns":6},{"damage":0,"enemies":"Sentry and Sphere","floor":22,"turns":2},{"damage":43,"enemies":"Book of Stabbing","floor":24,"turns":4}],"seed_played":"-3870500592694805846","potions_obtained":[{"floor":5,"key":"AttackPotion"},{"floor":18,"key":"Fruit Juice"},{"floor":21,"key":"Dexterity Potion"}],"is_trial":false,"path_per_floor":["M","M","?","$","M","R","?","T","T","?","R","E","R","M","R","B",null,"M","M","$","M","M","R","E"],"character_chosen":"DEFECT","items_purchased":["Bird Faced Urn","HornCleat"],"campfire_rested":0,"item_purchase_floors":[4,20],"current_hp_per_floor":[60,50,24,24,24,24,45,45,45,45,45,34,34,43,43,25,54,59,39,39,35,37,37,0,0],"gold":37,"neow_bonus":"TWO_FIFTY_GOLD","is_daily":false,"chose_seed":false,"campfire_upgraded":5,"win_rate":0.0,"timestamp":1611062150,"path_taken":["M","M","?","$","M","R","?","?","T","?","R","E","R","M","R","BOSS","M","M","$","M","M","R","E"],"items_purchased_type":["Relic","Relic"],"build_version":"2020-12-22","purchased_purges":0,"victory":false,"max_hp_per_floor":[64,64,64,64,64,64,64,64,64,64,64,64,64,64,64,64,64,69,69,69,69,69,69,69,69],"relic_stats":{"Inserter":[8],"counters":[11,38],"Bird Faced Urn":[14],"Bag of Preparation":[16],"Whetstone":["Compile Driver","Strike_B"],"obtain_stats":[{"CaptainsWheel":3,"Inserter":17,"HornCleat":20,"Bird Faced Urn":4,"Bag of Preparation":9,"Whetstone":8,"Cracked Core":0,"Meat on the Bone":12},{"CaptainsWheel":2,"Inserter":6,"HornCleat":8,"Bird Faced Urn":2,"Bag of Preparation":3,"Whetstone":3,"Cracked Core":0,"Meat on the Bone":4},{"CaptainsWheel":6,"Inserter":21,"HornCleat":26,"Bird Faced Urn":6,"Bag of Preparation":7,"Whetstone":7,"Cracked Core":0,"Meat on the Bone":10}],"Meat on the Bone":24},"card_choices":[{"not_picked":["Leap","Consume"],"picked":"Compile Driver","floor":1},{"not_picked":["Consume","Coolheaded"],"picked":"Melter","floor":2},{"not_picked":["Skim","Hologram","Steam"],"picked":"SKIP","floor":5},{"not_picked":["Double Energy","Genetic Algorithm"],"picked":"Biased Cognition","floor":12},{"not_picked":["Rebound","Stack"],"picked":"Lockon","floor":14},{"not_picked":["Hyperbeam","Thunder Strike"],"picked":"Reboot","floor":16},{"not_picked":["Beam Cell","Gash"],"picked":"Reinforced Body","floor":18},{"not_picked":["Beam Cell","Streamline","Force Field"],"picked":"SKIP","floor":19},{"not_picked":["Melter","Redo+1"],"picked":"Compile Driver+1","floor":21},{"not_picked":["Turbo+1","Go for the Eyes"],"picked":"Self Repair","floor":22}],"player_experience":703036,"relics_obtained":[{"floor":8,"key":"Whetstone"},{"floor":9,"key":"Bag of Preparation"},{"floor":12,"key":"Meat on the Bone"}],"event_choices":[{"damage_healed":0,"gold_gain":0,"player_choice":"Success","damage_taken":26,"relics_obtained":["CaptainsWheel"],"max_hp_gain":0,"max_hp_loss":0,"event_name":"Scrap Ooze","floor":3,"gold_loss":0},{"damage_healed":21,"gold_gain":0,"player_choice":"Banana","damage_taken":0,"max_hp_gain":0,"max_hp_loss":0,"event_name":"Big Fish","floor":7,"gold_loss":0},{"damage_healed":0,"gold_gain":0,"player_choice":"Grow","damage_taken":0,"max_hp_gain":0,"max_hp_loss":0,"event_name":"Living Wall","floor":10,"gold_loss":0,"cards_upgraded":["Dualcast"]}],"is_beta":false,"boss_relics":[{"not_picked":["Coffee Dripper","Nuclear Battery"],"picked":"Inserter"}],"items_purged_floors":[],"is_endless":false,"potions_floor_spawned":[5,18,21],"killed_by":"Book of Stabbing","ascension_level":20}}