{"host":"mg3e76uznu9x14du","time":1611086239,"event":{"mods":["BaseMod","Colored Map","Downfall","Minty Spire (QoL Compilation)","Permanent Neow","Relic Stats","StSLib","everything is the same but u backflip on backflip"],"gold_per_floor":[199,216,229,249,349,13,13,13,33,66,78,178,213,230,241,336,336,336,354,368,388,388,184,184,205,241,4,4,13,42,70,98,208,208,8,28,86,113,107,107,132,159,59,79,79,148,148,148,170,170,170,211,8,8,8,8,8,8],"floor_reached":56,"language":"ENG","playtime":7209,"items_purged":["champ:Strike"],"score":1069,"play_id":"c30dfedb-68ac-413f-adca-7f03194d12b3","local_time":"20210119145719","is_ascension_mode":true,"campfire_choices":[{"data":"champ:Taunt","floor":1,"key":"SMITH"},{"data":"champ:UltimateStance","floor":18,"key":"SMITH"},{"floor":28,"key":"REST"},{"floor":35,"key":"RECALL"},{"data":"champ:StrikeOfGenius","floor":43,"key":"SMITH"},{"data":"champ:FanOfKnives","floor":45,"key":"SMITH"},{"data":"champ:Lariat","floor":47,"key":"SMITH"},{"floor":54,"key":"REST"}],"circlet_count":0,"master_deck":["champ:Strike","champ:Strike","champ:Strike","champ:Defend","champ:Defend","champ:Defend","champ:Defend","champ:Execute","champ:Taunt+1","champ:FancyFootwork","champ:TornadoPunch","champ:AdrenalArmor","champ:DefensiveShout","champ:FanOfKnives+1","champ:FaceSlap","champ:ShieldWall","champ:ViciousMockery","champ:GutPunch","champ:Shatter","champ:CrookedStrike","champ:ShieldWall","champ:BringItOn","champ:UltimateStance+1","champ:EnGarde","champ:IronFortress","champ:Backstep+1","champ:EnchantSword","champ:PreemptiveStrike","champ:RisingSlash+1","champ:EnchantSword","champ:PreciseThrust+1","Pride","champ:ShieldWall","champ:Lariat+1","champ:DefensiveShout+1","champ:StrikeOfGenius+1","champ:BringItOn+1","champ:RageSigil+1","champ:CrownThrow+1","champ:StanceDance+1","champ:VampiricStrike","champ:PreciseThrust+1","champ:FalseCounter","champ:SetATrap","champ:FlashCut","champ:AdrenalArmor","hexamod:EtherealExpedition+1","champ:Backstep+1","champ:DefensiveStyle"],"relics":["champ:ChampionCrown","Champion Belt","Membership Card","Matryoshka","Strawberry","bronze:MakeshiftBattery","downfall:RedIOU","Guardian:PocketSentry","CeramicFish","Mummified Hand","Pantograph","Orichalcum","Ice Cream","expansioncontent:StudyCardRelic","downfall:HeartBlessingGreen","downfall:HeartBlessingBlue","Unceasing Top","Bronze Scales","Bag of Marbles","downfall:HeartBlessingRed","PrismaticShard","Bag of Preparation","Blood Vial","Ornamental Fan","sneckomod:BlankCard","Frozen Eye"],"acts_visited":["Exordium","TheCity","TheBeyond","TheEnding"],"potions_floor_usage":[5,5,11,15,16,23,26,26,30,32,37,39,46,50,55,55,56],"damage_taken":[{"damage":18,"enemies":"Small Slimes","floor":2,"turns":3},{"damage":33,"enemies":"Jaw Worm","floor":3,"turns":5},{"damage":10,"enemies":"2 Louse","floor":4,"turns":3},{"damage":53,"enemies":"2 Louse","floor":5,"turns":5},{"damage":30,"enemies":"downfall:FleeingMerchant","floor":6,"turns":4},{"damage":19,"enemies":"Exordium Wildlife","floor":9,"turns":3},{"damage":40,"enemies":"Lagavulin","floor":10,"turns":7},{"damage":12,"enemies":"Lots of Slimes","floor":11,"turns":3},{"damage":24,"enemies":"Gremlin Nob","floor":13,"turns":3},{"damage":11,"enemies":"Blue Slaver","floor":14,"turns":4},{"damage":7,"enemies":"Exordium Thugs","floor":15,"turns":2},{"damage":40,"enemies":"SI_SHIV_ARCHETYPE","floor":16,"turns":6},{"damage":10,"enemies":"Spheric Guardian","floor":19,"turns":2},{"damage":44,"enemies":"Shell Parasite","floor":20,"turns":4},{"damage":63,"enemies":"Shelled Parasite and Fungi","floor":21,"turns":7},{"damage":15,"enemies":"downfall:FleeingMerchant","floor":23,"turns":4},{"damage":45,"enemies":"3 Cultists","floor":25,"turns":5},{"damage":24,"enemies":"Book of Stabbing","floor":26,"turns":5},{"damage":18,"enemies":"downfall:FleeingMerchant","floor":27,"turns":4},{"damage":21,"enemies":"Snecko","floor":30,"turns":5},{"damage":16,"enemies":"Cultist and Chosen","floor":31,"turns":6},{"damage":30,"enemies":"Chosen and Byrds","floor":32,"turns":7},{"damage":67,"enemies":"WA_ARCHETYPE_CALM","floor":33,"turns":10},{"damage":32,"enemies":"3 Shapes","floor":36,"turns":4},{"damage":26,"enemies":"2 Orb Walkers","floor":37,"turns":4},{"damage":15,"enemies":"Orb Walker","floor":38,"turns":2},{"damage":40,"enemies":"downfall:FleeingMerchant","floor":39,"turns":4},{"damage":15,"enemies":"3 Darklings","floor":42,"turns":4},{"damage":10,"enemies":"4 Shapes","floor":44,"turns":4},{"damage":0,"enemies":"downfall:FleeingMerchant","floor":46,"turns":1},{"damage":15,"enemies":"Writhing Mass","floor":49,"turns":3},{"damage":111,"enemies":"DF_ARCHETYPE_ORBS","floor":50,"turns":7},{"damage":114,"enemies":"downfall:CharBossMerchant","floor":52,"turns":8},{"damage":97,"enemies":"downfall:NeowBoss","floor":55,"turns":14},{"damage":125,"enemies":"downfall:NeowBossFinal","floor":56,"turns":5}],"seed_played":"7676258969195408129","potions_obtained":[{"floor":2,"key":"BlessingOfTheForge"},{"floor":4,"key":"FearPotion"},{"floor":10,"key":"bronze:BurnAndBuffPotion"},{"floor":11,"key":"Block Potion"},{"floor":15,"key":"CultistPotion"},{"floor":20,"key":"Swift Potion"},{"floor":26,"key":"Swift Potion"},{"floor":30,"key":"Fire Potion"},{"floor":31,"key":"Block Potion"},{"floor":33,"key":"PowerPotion"},{"floor":40,"key":"hexamod:SoulburnPotion"},{"floor":40,"key":"Fire Potion"},{"floor":40,"key":"CultistPotion"}],"is_trial":false,"path_per_floor":["R","M","M","M","?","$","T","?","M","E","M","?","E","M","M","B",null,"R","M","M","M","?","$","T","M","E","$","R","?","M","M","M","B",null,"R","M","?","M","$","?","T","M","R","M","R","$","R","?","M","B",null,"E","$","R","B","B"],"character_chosen":"THE_CHAMP","items_purchased":["Membership Card","champ:FaceSlap","champ:SkillfulDodge","champ:ShieldWall","Slimebound:ThreeZeroPotion","Fire Potion","champ:EnchantSword","Guardian:PocketSentry","champ:PreemptiveStrike","Pantograph","Orichalcum","LiquidBronze","PrismaticShard","Bag of Preparation","Blood Vial","Ancient Potion","champ:SetATrap","champ:FlashCut","champ:AdrenalArmor","sneckomod:BlankCard","Frozen Eye","champ:DefensiveStyle","BlessingOfTheForge"],"campfire_rested":2,"item_purchase_floors":[6,6,6,6,6,6,23,23,23,27,27,27,46,46,46,46,46,46,46,53,53,53,53],"current_hp_per_floor":[90,82,69,69,36,36,36,66,57,42,40,40,43,37,30,15,97,97,97,73,45,45,45,45,25,19,19,48,48,37,31,31,54,97,107,90,74,74,74,74,74,69,69,69,69,69,69,69,71,57,107,68,68,100,75,0,0,0],"gold":8,"neow_bonus":"HUNDRED_GOLD","is_daily":false,"chose_seed":false,"campfire_upgraded":5,"win_rate":0.0,"timestamp":1611086239,"path_taken":["R","M","M","M","?","$","T","?","M","E","M","?","E","M","M","BOSS","R","M","M","M","?","$","T","M","E","$","R","?","M","M","M","BOSS","R","M","?","M","$","?","T","?","R","M","R","$","R","?","M","BOSS","E","$","R","BOSS","BOSS"],"items_purchased_type":["Relic","Card","Card","Card","Potion","Potion","Card","Relic","Card","Relic","Relic","Potion","Relic","Relic","Relic","Potion","Card","Card","Card","Relic","Relic","Card","Potion"],"build_version":"2020-12-22","purchased_purges":1,"victory":false,"max_hp_per_floor":[90,90,90,90,90,90,90,90,90,90,90,90,97,97,97,97,97,97,97,97,97,97,97,97,97,97,97,97,97,97,97,97,97,97,107,107,107,107,107,107,107,107,107,107,107,107,107,107,107,107,107,107,107,107,107,107,107,107],"relic_stats":{"Blood Vial":8,"counters":[35,167],"Mummified Hand":[74],"Ornamental Fan":[44],"CeramicFish":189,"Pantograph":80,"Bronze Scales":[101],"Bag of Preparation":[10],"Champion Belt":[32],"Orichalcum":[42],"obtain_stats":[{"Ice Cream":29,"CeramicFish":24,"sneckomod:BlankCard":53,"champ:ChampionCrown":0,"downfall:HeartBlessingGreen":35,"expansioncontent:StudyCardRelic":34,"Bag of Preparation":46,"PrismaticShard":46,"Blood Vial":46,"Frozen Eye":53,"Matryoshka":7,"Mummified Hand":26,"downfall:HeartBlessingBlue":35,"Strawberry":13,"Pantograph":27,"downfall:RedIOU":22,"downfall:HeartBlessingRed":43,"Oddly Smooth Stone":10,"Guardian:PocketSentry":23,"Orichalcum":27,"Ornamental Fan":52,"Bronze Scales":41,"Bag of Marbles":41,"Champion Belt":5,"Membership Card":6,"bronze:MakeshiftBattery":17,"Unceasing Top":37},{"Ice Cream":19,"CeramicFish":16,"sneckomod:BlankCard":33,"champ:ChampionCrown":0,"downfall:HeartBlessingGreen":23,"expansioncontent:StudyCardRelic":23,"Bag of Preparation":30,"PrismaticShard":30,"Blood Vial":30,"Frozen Eye":33,"Matryoshka":5,"Mummified Hand":18,"downfall:HeartBlessingBlue":23,"Strawberry":9,"Pantograph":19,"downfall:RedIOU":15,"downfall:HeartBlessingRed":28,"Oddly Smooth Stone":7,"Guardian:PocketSentry":16,"Orichalcum":19,"Ornamental Fan":33,"Bronze Scales":27,"Bag of Marbles":27,"Champion Belt":4,"Membership Card":5,"bronze:MakeshiftBattery":12,"Unceasing Top":25},{"Ice Cream":79,"CeramicFish":65,"sneckomod:BlankCard":148,"champ:ChampionCrown":0,"downfall:HeartBlessingGreen":107,"expansioncontent:StudyCardRelic":107,"Bag of Preparation":130,"PrismaticShard":130,"Blood Vial":130,"Frozen Eye":148,"Matryoshka":20,"Mummified Hand":75,"downfall:HeartBlessingBlue":107,"Strawberry":36,"Pantograph":79,"downfall:RedIOU":61,"downfall:HeartBlessingRed":125,"Oddly Smooth Stone":30,"Guardian:PocketSentry":65,"Orichalcum":79,"Ornamental Fan":148,"Bronze Scales":121,"Bag of Marbles":121,"Champion Belt":16,"Membership Card":20,"bronze:MakeshiftBattery":48,"Unceasing Top":115}],"Unceasing Top":[19]},"card_choices":[{"not_picked":["champ:PreciseThrust","champ:SkillfulDodge"],"picked":"champ:FancyFootwork","floor":2},{"not_picked":["champ:CrownThrow","champ:DefensiveShout"],"picked":"champ:TornadoPunch","floor":3},{"not_picked":["champ:DefensiveShout","champ:PreciseThrust"],"picked":"champ:AdrenalArmor","floor":4},{"not_picked":["champ:SteelEdge","champ:ShieldSlam"],"picked":"champ:DefensiveShout","floor":5},{"not_picked":["champ:RisingSlash","champ:BerserkersShout"],"picked":"champ:FanOfKnives","floor":6},{"not_picked":["champ:BerserkersShout","champ:BerserkerStyle"],"picked":"champ:ViciousMockery","floor":9},{"not_picked":["champ:IronFortress","champ:VampiricStrike"],"picked":"champ:GutPunch","floor":10},{"not_picked":["champ:Circumvent","champ:ShieldSigil"],"picked":"champ:Shatter","floor":11},{"not_picked":["champ:GladiatorStyle","champ:Devastate"],"picked":"champ:CrookedStrike","floor":13},{"not_picked":["champ:Backstep","champ:Endure"],"picked":"champ:ShieldWall","floor":14},{"not_picked":["champ:BladeFlurry","champ:Shatter"],"picked":"champ:BringItOn","floor":15},{"not_picked":["champ:EnchantShield","champ:VampiricStrike"],"picked":"champ:UltimateStance","floor":16},{"not_picked":["champ:FaceSlap","champ:BringItOn","champ:DefensiveShout"],"picked":"SKIP","floor":19},{"not_picked":["champ:DefensiveStyle","champ:Backstep"],"picked":"champ:EnGarde","floor":20},{"not_picked":["champ:BerserkerStyle+1","champ:BerserkersShout"],"picked":"champ:IronFortress","floor":21},{"not_picked":["champ:ShieldSigil","champ:Endure+1"],"picked":"champ:Backstep+1","floor":23},{"not_picked":["champ:CrookedStrike+1","champ:ShieldSigil"],"picked":"champ:RisingSlash+1","floor":25},{"not_picked":["champ:FlashCut","champ:Duel"],"picked":"champ:EnchantSword","floor":26},{"not_picked":["champ:FancyFootwork+1","champ:DeathBlow"],"picked":"champ:PreciseThrust+1","floor":27},{"not_picked":["champ:GladiatorStyle","champ:IronFortress"],"picked":"champ:ShieldWall","floor":30},{"not_picked":["champ:EnragedBash","champ:GutPunch"],"picked":"champ:Lariat","floor":31},{"not_picked":["champ:RisingSlash+1","champ:HeartStrike+1"],"picked":"champ:DefensiveShout+1","floor":32},{"not_picked":["champ:VampiricStrike","champ:SteelEdge"],"picked":"champ:StrikeOfGenius","floor":33},{"not_picked":["champ:TornadoPunch","champ:EnGarde+1"],"picked":"champ:BringItOn+1","floor":36},{"not_picked":["champ:AdrenalArmor+1","champ:BladeFlurry+1"],"picked":"champ:RageSigil+1","floor":37},{"not_picked":["champ:AdrenalArmor","champ:GutPunch"],"picked":"champ:CrownThrow+1","floor":38},{"not_picked":["champ:CrownThrow+1","champ:RageSigil"],"picked":"champ:StanceDance+1","floor":39},{"not_picked":["champ:GutPunch","champ:Circumvent+1"],"picked":"champ:VampiricStrike","floor":42},{"not_picked":["champ:FocusedDefense","champ:Haymaker+1"],"picked":"champ:PreciseThrust+1","floor":44},{"not_picked":["champ:DefensiveShout","champ:GutPunch"],"picked":"champ:FalseCounter","floor":46},{"not_picked":["bronze:Iterate","Slimebound:MegaLick"],"picked":"hexamod:EtherealExpedition+1","floor":49},{"not_picked":["Protect+1","champ:Circumvent+1"],"picked":"champ:Backstep+1","floor":52}],"player_experience":446483,"relics_obtained":[{"floor":5,"key":"Champion Belt"},{"floor":7,"key":"Matryoshka"},{"floor":10,"key":"Oddly Smooth Stone"},{"floor":13,"key":"Strawberry"},{"floor":24,"key":"CeramicFish"},{"floor":26,"key":"Mummified Hand"},{"floor":37,"key":"Unceasing Top"},{"floor":41,"key":"Bronze Scales"},{"floor":41,"key":"Bag of Marbles"},{"floor":52,"key":"Ornamental Fan"}],"event_choices":[{"damage_healed":30,"gold_gain":0,"player_choice":"Banana","damage_taken":0,"max_hp_gain":0,"max_hp_loss":0,"event_name":"Big Fish","floor":8,"gold_loss":0},{"damage_healed":0,"gold_gain":0,"player_choice":"Stole Relic","damage_taken":0,"relics_obtained":["Ice Cream"],"max_hp_gain":0,"max_hp_loss":0,"event_name":"Addict","floor":29,"gold_loss":0,"cards_obtained":["Pride"]},{"damage_healed":0,"gold_gain":0,"player_choice":"Fight","damage_taken":0,"max_hp_gain":0,"max_hp_loss":0,"event_name":"Mysterious Sphere","floor":37,"gold_loss":0},{"damage_healed":0,"gold_gain":0,"player_choice":"Got Potions","damage_taken":0,"max_hp_gain":0,"max_hp_loss":0,"event_name":"Lab","floor":40,"gold_loss":0},{"cards_removed":["champ:SkillfulDodge"],"damage_healed":0,"gold_gain":0,"player_choice":"Removed Skill","damage_taken":0,"max_hp_gain":0,"max_hp_loss":0,"event_name":"Falling","floor":48,"gold_loss":0}],"is_beta":false,"boss_relics":[{"not_picked":["Empty Cage","Fusion Hammer"],"picked":"bronze:MakeshiftBattery"},{"not_picked":["Snecko Eye","Astrolabe"],"picked":"expansioncontent:StudyCardRelic"}],"items_purged_floors":[23],"is_endless":false,"potions_floor_spawned":[2,4,10,11,15,20,26,30,31,33,36,44,49],"killed_by":"downfall:NeowBossFinal","ascension_level":2}}