{"host":"jyuuog6ydc2s7nd8","time":1611064966,"event":{"mods":["BaseMod","Better Vampires","Minty Spire (QoL Compilation)","Shop Mod","StSLib","The Hierophant","The Servant 0.9.4","TheBandit","[IsaacMod]ÒÔÈö¼âËþ"],"gold_per_floor":[117,42,53,128,128,157,157,182,182,200,219,219,219,252,252,326,326,339,349,349,139,157,188,103,103,103,121,221,221,158,188,188,265,265,283,347,357,371,288,288,320,320,320,355,355,372,372,452,452,452,459,459,459,459,486,493],"floor_reached":57,"language":"ZHS","playtime":1660,"items_purged":["Strike_G","Defend_G","Defend_G","Defend_G","EpicFetus+1","Strike_G","Defend_G"],"score":3638,"play_id":"71573d07-c80b-4941-ba81-de67767068f6","local_time":"20210119220246","is_ascension_mode":true,"campfire_choices":[{"data":"EpicFetus","floor":7.0,"key":"SMITH"},{"data":"Neutralize","floor":12.0,"key":"SMITH"},{"data":"Tactician","floor":15.0,"key":"SMITH"},{"data":"Expertise","floor":29,"key":"SMITH"},{"data":"Prepared","floor":32,"key":"SMITH"},{"data":"Underhanded Strike","floor":40,"key":"SMITH"},{"data":"Masterful Stab","floor":42,"key":"SMITH"},{"data":"Finisher","floor":47,"key":"SMITH"},{"floor":49,"key":"RECALL"},{"data":"Dagger Throw","floor":53,"key":"SMITH"}],"circlet_count":0,"master_deck":["AscendersBane","Strike_G","Defend_G+1","Survivor+1","Neutralize+1","Masterful Stab+1","Dagger Throw+1","Underhanded Strike+1","Tactician+1","Expertise+1","Prepared+1","Finisher+1","Eviscerate"],"relics":["Ring of the Snake","HushsDoor","BookOfRevelations","DeathBook","War Paint","BookofShadows","CaptainsWheel","MagicMushroom","SatanicBible","JudasShadow","Membership Card","Anchor","Kunai","Shovel","Calipers","Busted Crown","Succubus","GuppysHead","SteamSale","SalivaCoin","Void","Juzu Bracelet","Omamori","Smiling Mask","DoctorsRemote","Centennial Puzzle","TheBible"],"acts_visited":["Exordium","TheCity","TheBeyond","TheEnding"],"potions_floor_usage":[23,56,56],"damage_taken":[{"damage":0.0,"enemies":"Cultist","floor":1.0,"turns":4.0},{"damage":0.0,"enemies":"2 Louse","floor":3.0,"turns":6.0},{"damage":30.0,"enemies":"3 Sentries","floor":6.0,"turns":7.0},{"damage":6.0,"enemies":"Gremlin Nob","floor":8.0,"turns":3.0},{"damage":0.0,"enemies":"Small Slimes","floor":10.0,"turns":2.0},{"damage":0.0,"enemies":"2 Fungi Beasts","floor":11.0,"turns":2.0},{"damage":2.0,"enemies":"3 Sentries","floor":14.0,"turns":8.0},{"damage":0.0,"enemies":"Hexaghost","floor":16.0,"turns":6.0},{"damage":0,"enemies":"Chosen","floor":18,"turns":3},{"damage":0,"enemies":"2 Thieves","floor":19,"turns":1},{"damage":0,"enemies":"Snake Plant","floor":22,"turns":3},{"damage":0,"enemies":"Slavers","floor":23,"turns":3},{"damage":0,"enemies":"Cultist and Chosen","floor":27,"turns":3},{"damage":0,"enemies":"Colosseum Slavers","floor":28,"turns":2},{"damage":0,"enemies":"Colosseum Nobs","floor":28,"turns":2},{"damage":0,"enemies":"Book of Stabbing","floor":31,"turns":2},{"damage":0,"enemies":"Champ","floor":33,"turns":4},{"damage":0,"enemies":"3 Darklings","floor":35,"turns":2},{"damage":0,"enemies":"Orb Walker","floor":37,"turns":1},{"damage":0,"enemies":"Maw","floor":38,"turns":4},{"damage":0,"enemies":"Nemesis","floor":41,"turns":2},{"damage":0,"enemies":"Reptomancer","floor":44,"turns":2},{"damage":0,"enemies":"3 Darklings","floor":46,"turns":1},{"damage":9,"enemies":"Nemesis","floor":48,"turns":5},{"damage":0,"enemies":"Awakened One","floor":50,"turns":2},{"damage":0,"enemies":"Donu and Deca","floor":51,"turns":1},{"damage":0,"enemies":"Shield and Spear","floor":55,"turns":2},{"damage":0,"enemies":"The Heart","floor":56,"turns":4}],"seed_played":"-2777898104565226397","potions_obtained":[{"floor":8.0,"key":"Energy Potion"},{"floor":10.0,"key":"LiquidBronze"},{"floor":14.0,"key":"SteroidPotion"},{"floor":23,"key":"SneckoOil"},{"floor":27,"key":"FairyPotion"},{"floor":35,"key":"EssenceOfSteel"},{"floor":37,"key":"BlessingOfTheForge"}],"is_trial":false,"path_per_floor":["M","$","M","?","?","E","R","E","T","M","M","R","?","E","R","B",null,"M","M","?","$","M","E","?","?","T","M","?","R","$","E","R","B",null,"M","?","M","M","$","R","E","R","T","E","?","M","R","E","R","B","B",null,"R","$","E","B",null],"character_chosen":"THE_SILENT","items_purchased":["SatanicBible","JudasShadow","Membership Card","Succubus","GuppysHead","SteamSale","SalivaCoin","Void","DoctorsRemote","Centennial Puzzle","DistilledChaos","GamblersBrew"],"campfire_rested":0,"item_purchase_floors":[17,17,21,34,34,39,39,39,54,54,54,54],"current_hp_per_floor":[59,59,59,48,48,18,18,12,12,12,12,12,5,3,3,3,36,37,37,26,26,27,28,28,28,28,29,31,31,31,32,32,33,18,18,3,3,4,4,4,5,5,5,6,6,6,6,1,1,1,1,1,1,1,1,1],"gold":493,"neow_bonus":"REMOVE_CARD","is_daily":false,"chose_seed":false,"campfire_upgraded":9,"win_rate":0.0,"timestamp":1611064966,"path_taken":["M","$","M","?","?","E","R","E","T","M","M","R","?","E","R","BOSS","M","M","?","$","M","E","?","?","T","?","?","R","?","E","R","BOSS","M","?","M","?","?","R","E","R","T","E","?","M","R","E","R","BOSS","BOSS","R","$","E","BOSS"],"items_purchased_type":["Relic","Relic","Relic","Relic","Relic","Relic","Relic","Card","Relic","Relic","Potion","Potion"],"build_version":"2020-12-22","purchased_purges":7,"victory":true,"max_hp_per_floor":[66,66,66,66,66,66,66,66,66,66,66,66,66,66,66,66,45,45,45,50,50,50,50,50,50,50,50,50,50,50,50,50,50,18,18,18,18,18,18,18,18,18,18,18,18,18,18,1,1,1,1,1,1,1,1,1],"card_choices":[{"not_picked":[],"picked":"EpicFetus","floor":0.0},{"not_picked":["Bane","Accuracy","Blade Dance"],"picked":"SKIP","floor":1.0},{"not_picked":["Dagger Throw","Skewer"],"picked":"Masterful Stab","floor":3.0},{"not_picked":["Predator","Dodge and Roll"],"picked":"Dagger Throw","floor":6.0},{"not_picked":["Wraith Form v2","Bane"],"picked":"Underhanded Strike","floor":8.0},{"not_picked":["Dagger Throw","Quick Slash","Catalyst"],"picked":"SKIP","floor":10.0},{"not_picked":["Cloak And Dagger","PiercingWail","Endless Agony"],"picked":"SKIP","floor":11.0},{"not_picked":["Storm of Steel","Dodge and Roll"],"picked":"Tactician","floor":14.0},{"not_picked":["Outmaneuver","Quick Slash","Deadly Poison"],"picked":"SKIP","floor":18},{"not_picked":["Distraction","Deflect"],"picked":"Expertise","floor":19},{"not_picked":["Slice","Flechettes","Masterful Stab+1"],"picked":"SKIP","floor":22},{"not_picked":["Slice","Quick Slash"],"picked":"Prepared","floor":23},{"not_picked":["Crippling Poison","Slice","Distraction"],"picked":"SKIP","floor":27},{"not_picked":["Bullet Time","Well Laid Plans","Cloak And Dagger"],"picked":"SKIP","floor":31},{"not_picked":["Dodge and Roll+1"],"picked":"SKIP","floor":35},{"not_picked":["Poisoned Stab"],"picked":"SKIP","floor":37},{"not_picked":["Poisoned Stab"],"picked":"SKIP","floor":37},{"not_picked":["Cloak And Dagger"],"picked":"SKIP","floor":38},{"not_picked":["Distraction"],"picked":"SKIP","floor":41},{"not_picked":[],"picked":"Finisher","floor":44},{"not_picked":["Blade Dance"],"picked":"SKIP","floor":46},{"not_picked":["Outmaneuver"],"picked":"SKIP","floor":48},{"not_picked":[],"picked":"Eviscerate","floor":55}],"player_experience":1849005,"relics_obtained":[{"floor":6.0,"key":"DeathBook"},{"floor":8.0,"key":"War Paint"},{"floor":9.0,"key":"BookofShadows"},{"floor":14.0,"key":"CaptainsWheel"},{"floor":23,"key":"Anchor"},{"floor":26,"key":"Kunai"},{"floor":28,"key":"Shovel"},{"floor":28,"key":"Darkstone Periapt"},{"floor":31,"key":"Calipers"},{"floor":41,"key":"Juzu Bracelet"},{"floor":44,"key":"Omamori"},{"floor":48,"key":"Smiling Mask"},{"floor":55,"key":"TheBible"}],"event_choices":[{"damage_healed":0.0,"max_hp_gain":0.0,"max_hp_loss":0.0,"gold_gain":75.0,"event_name":"World of Goop","player_choice":"Gather Gold","floor":4.0,"gold_loss":0.0,"damage_taken":11.0},{"damage_healed":0.0,"max_hp_gain":0.0,"max_hp_loss":0.0,"gold_gain":0.0,"event_name":"Shining Light","player_choice":"Ignored","floor":5.0,"gold_loss":0.0,"damage_taken":0.0},{"cards_removed":["Strike_G"],"damage_healed":0.0,"max_hp_gain":0.0,"max_hp_loss":0.0,"gold_gain":0.0,"event_name":"Golden Wing","player_choice":"Card Removal","floor":13.0,"gold_loss":0.0,"damage_taken":7.0},{"damage_healed":0,"gold_gain":0,"player_choice":"Shed Blood","damage_taken":16,"max_hp_gain":5,"max_hp_loss":0,"event_name":"Forgotten Altar","floor":20,"gold_loss":0},{"damage_healed":0,"gold_gain":0,"player_choice":"Obtained Relic","damage_taken":0,"relics_obtained":["SharpPlug"],"max_hp_gain":0,"max_hp_loss":0,"event_name":"Addict","floor":24,"gold_loss":85},{"damage_healed":0,"gold_gain":0,"player_choice":"Ignored","damage_taken":0,"max_hp_gain":0,"max_hp_loss":0,"event_name":"Ghosts","floor":25,"gold_loss":0},{"damage_healed":0,"gold_gain":0,"player_choice":"Fight","damage_taken":0,"max_hp_gain":0,"max_hp_loss":0,"event_name":"Colosseum","floor":28,"gold_loss":0},{"damage_healed":0,"gold_gain":0,"player_choice":"Fought Nobs","damage_taken":0,"max_hp_gain":0,"max_hp_loss":0,"event_name":"Colosseum","floor":28,"gold_loss":0},{"damage_healed":0,"gold_gain":0,"player_choice":"Ignored","damage_taken":0,"max_hp_gain":0,"max_hp_loss":0,"event_name":"Duplicator","floor":45,"gold_loss":0}],"is_beta":false,"boss_relics":[{"not_picked":["WristBlade","Ring of the Serpent"],"picked":"MagicMushroom"},{"not_picked":[]},{"not_picked":["Velvet Choker","Cursed Key"],"picked":"Busted Crown"},{"not_picked":[]}],"items_purged_floors":[2,17,21,30,34,39,54],"is_endless":false,"potions_floor_spawned":[8,10,11,14,23,27,28,35,37,41],"ascension_level":20}}