{"host":"ix2a18c4ohfsrslv","time":1611078561,"event":{"mods":["BaseMod","Better Third Choice","Downfall","Minty Spire (QoL Compilation)","StSLib"],"gold_per_floor":[99,109,109,109,109,119,143,162,178,178,193,193,206,223,236,332,332,332,348,359,29,47,47,47,62,62,80,180,211,211,223,237,342,342,342,342,342,342],"floor_reached":36,"language":"ENG","playtime":2653,"items_purged":["bronze:Strike"],"score":630,"play_id":"8a838267-dc5e-4b74-8d77-8abc711aaad9","local_time":"20210119094921","is_ascension_mode":false,"campfire_choices":[{"data":"bronze:Replicate","floor":1.0,"key":"SMITH"},{"data":"bronze:MaxOutput","floor":12.0,"key":"SMITH"},{"data":"bronze:GetLatest","floor":18.0,"key":"SMITH"},{"data":"bronze:Branch","floor":23.0,"key":"SMITH"},{"data":"bronze:MaxOutput","floor":26.0,"key":"SMITH"},{"floor":30.0,"key":"REST"},{"data":"bronze:AlphaBuild","floor":35,"key":"SMITH"}],"circlet_count":0,"master_deck":["bronze:Defend","bronze:Defend","bronze:Defend","bronze:Defend","bronze:Replicate+1","bronze:Goto","bronze:ClassDefault","bronze:GetLatest+1","bronze:DelayedGuard","bronze:DelayedSlice","bronze:MaxOutput+1","bronze:CutThrough","bronze:WhirlingStrike","bronze:Backtrace","bronze:HardenedForm","bronze:BronzeOrb","bronze:Optimize","bronze:Branch+1","bronze:Flail","bronze:DelayedSlice","bronze:Deprecate","bronze:Allocate","bronze:OilSpill","bronze:MaxOutput+1","bronze:Branch+1","bronze:Repulsor","bronze:ForceShield","bronze:AlphaBuild+1"],"relics":["bronze:BronzeCore","bronze:BottledCode","Pantograph","bronze:SilverBullet","Empty Cage","Pear","Bottled Lightning","SlaversCollar"],"acts_visited":["Exordium","TheCity","TheBeyond"],"potions_floor_usage":[36],"damage_taken":[{"damage":5.0,"enemies":"Small Slimes","floor":2.0,"turns":3.0},{"damage":2.0,"enemies":"2 Louse","floor":6.0,"turns":3.0},{"damage":1.0,"enemies":"Jaw Worm","floor":8.0,"turns":2.0},{"damage":11.0,"enemies":"Lots of Slimes","floor":9.0,"turns":3.0},{"damage":3.0,"enemies":"Exordium Thugs","floor":11.0,"turns":3.0},{"damage":9.0,"enemies":"Gremlin Gang","floor":13.0,"turns":2.0},{"damage":0.0,"enemies":"Blue Slaver","floor":14.0,"turns":1.0},{"damage":0.0,"enemies":"3 Louse","floor":15.0,"turns":1.0},{"damage":52.0,"enemies":"DF_ARCHETYPE_STREAMLINE","floor":16.0,"turns":9.0},{"damage":6.0,"enemies":"Shell Parasite","floor":19.0,"turns":4.0},{"damage":11.0,"enemies":"Shelled Parasite and Fungi","floor":20.0,"turns":4.0},{"damage":0.0,"enemies":"downfall:FleeingMerchant","floor":21.0,"turns":4.0},{"damage":0.0,"enemies":"Cultist and Chosen","floor":22.0,"turns":3.0},{"damage":15.0,"enemies":"Snake Plant","floor":25.0,"turns":4.0},{"damage":12.0,"enemies":"Centurion and Healer","floor":27.0,"turns":3.0},{"damage":9.0,"enemies":"Book of Stabbing","floor":29.0,"turns":5.0},{"damage":14.0,"enemies":"Snecko","floor":31.0,"turns":5.0},{"damage":0.0,"enemies":"Snake Plant","floor":32.0,"turns":4.0},{"damage":0.0,"enemies":"SI_MIRROR_ARCHETYPE","floor":33.0,"turns":10.0},{"damage":5,"enemies":"3 Darklings","floor":36,"turns":3}],"seed_played":"-8891972604341752623","potions_obtained":[{"floor":2.0,"key":"SteroidPotion"},{"floor":6.0,"key":"sneckomod:MuddlingPotion"},{"floor":13.0,"key":"Swift Potion"},{"floor":20.0,"key":"EssenceOfSteel"},{"floor":22.0,"key":"LiquidBronze"},{"floor":29.0,"key":"AttackPotion"}],"is_trial":false,"path_per_floor":["R","M","?","?","?","M","T","M","M","?","M","R","M","M","M","B",null,"R","M","M","$","M","R","T","M","R","M","?","E","R","M","M","B",null,"R","M"],"character_chosen":"THE_AUTOMATON","items_purchased":["bronze:Flail","bronze:DelayedSlice","bronze:Deprecate","bronze:Allocate"],"campfire_rested":1,"item_purchase_floors":[21,21,21,21],"current_hp_per_floor":[77,72,67,60,60,58,58,57,46,46,43,43,34,34,34,7,67,67,61,50,50,50,50,60,45,45,33,33,24,47,33,33,58,77,77,72,72,72],"gold":342,"neow_bonus":"TEN_PERCENT_HP_BONUS","is_daily":false,"chose_seed":false,"campfire_upgraded":6,"win_rate":0.0,"timestamp":1611078561,"path_taken":["R","M","?","?","?","M","T","M","M","?","?","R","M","M","M","BOSS","R","?","M","$","M","R","T","M","R","M","?","E","R","M","M","BOSS","R","M"],"items_purchased_type":["Card","Card","Card","Card"],"build_version":"2020-12-22","purchased_purges":1,"victory":false,"max_hp_per_floor":[77,77,67,67,67,67,67,67,67,67,67,67,67,67,67,67,67,67,67,67,67,67,67,77,77,77,77,77,77,77,77,77,77,77,77,77,77,77],"card_choices":[{"not_picked":["bronze:NullPointer","bronze:BitShift"],"picked":"bronze:ClassDefault","floor":2.0},{"not_picked":["bronze:Overheat","bronze:Shell"],"picked":"bronze:GetLatest","floor":6.0},{"not_picked":["bronze:Frontload","bronze:Overload"],"picked":"bronze:DelayedGuard","floor":8.0},{"not_picked":["bronze:BitShift","bronze:BugBarrage"],"picked":"bronze:DelayedSlice","floor":9.0},{"not_picked":["bronze:Repulsor","bronze:ItsAFeature"],"picked":"bronze:MaxOutput","floor":11.0},{"not_picked":["bronze:WildBeam","bronze:ForceShield"],"picked":"bronze:CutThrough","floor":13.0},{"not_picked":["bronze:DarkDash","bronze:BurnOut"],"picked":"bronze:WhirlingStrike","floor":14.0},{"not_picked":["bronze:CutThrough","bronze:Allocate"],"picked":"bronze:Backtrace","floor":15.0},{"not_picked":["bronze:ShipIt","bronze:BurnOut"],"picked":"bronze:HardenedForm","floor":16.0},{"not_picked":["bronze:Backtrace","bronze:Frontload+1"],"picked":"bronze:BronzeOrb","floor":19.0},{"not_picked":["bronze:WhirlingStrike+1","bronze:Deprecate"],"picked":"bronze:Optimize","floor":20.0},{"not_picked":["bronze:ForceShield","bronze:DelayedGuard+1"],"picked":"bronze:Branch","floor":21.0},{"not_picked":["bronze:BugBarrage","bronze:FindAndReplace"],"picked":"bronze:OilSpill","floor":22.0},{"not_picked":["bronze:Fortify","bronze:CutThrough"],"picked":"bronze:MaxOutput","floor":25.0},{"not_picked":["bronze:Safeguard","bronze:Repair"],"picked":"bronze:Branch+1","floor":27.0},{"not_picked":["bronze:CutThrough+1","bronze:Philosophize"],"picked":"bronze:Repulsor","floor":29.0},{"not_picked":["bronze:Overheat","bronze:Branch","bronze:Deprecate"],"picked":"SKIP","floor":31.0},{"not_picked":["bronze:Overheat","bronze:BitShift+1"],"picked":"bronze:ForceShield","floor":32.0},{"not_picked":["bronze:ThunderWave","bronze:Virus"],"picked":"bronze:AlphaBuild","floor":33.0}],"player_experience":169451,"relics_obtained":[{"floor":7.0,"key":"bronze:SilverBullet"},{"floor":24.0,"key":"Pear"},{"floor":29.0,"key":"Bottled Lightning"}],"event_choices":[{"damage_healed":0.0,"max_hp_gain":0.0,"max_hp_loss":0.0,"gold_gain":0.0,"event_name":"betterThird:BetterScrap","player_choice":"Relic ","floor":4.0,"gold_loss":0.0,"damage_taken":7.0,"cards_obtained":["Endless Agony"]}],"is_beta":false,"boss_relics":[{"not_picked":["Runic Pyramid","Coffee Dripper"],"picked":"Empty Cage"},{"not_picked":["Calling Bell","Velvet Choker"],"picked":"SlaversCollar"}],"items_purged_floors":[21],"is_endless":false,"potions_floor_spawned":[2,6,13,20,22,29],"killed_by":"3 Darklings","ascension_level":0}}