{"host":"appz8zkad29u9482","time":1611047363,"event":{"mods":["2.2 Compatiblity","Act Like it!","Aspiration","BaseMod","Beaked The Cultist","Better Altar","Better Match","Better Note","Better Sensory Stone","Better Skull","Better Third Choice","BetterRewards","CapriCore","Conspire","Disable Question Mark Monsters","Energized Spire","Gensokyo","GifTheSpireLib","Gold Saver","Halation","Hermit","Hubris","Infinite Spire","Jedi Mod","Marisa????????","Minty Spire (QoL Compilation)","Permanent Neow","Reimu??????","Replay The Spire","Spicy Shops","StSLib","Strawberry Spire","Stuff the Spire","The Administrix","The Bug Knight","The Construct","The Cursed","The Hierophant","The Immortal","The Servant 0.9.4","WarShipGirlsR/????R mod","yUi"],"gold_per_floor":[900,917,516,516,324,324,396,396,449,512,538,558,572,223,223,327,327,347,347,364,5,17,17,17,17,17,17,30,30,30,30],"floor_reached":30,"language":"ENG","playtime":1367,"items_purged":[],"score":249,"play_id":"7da3ee63-4535-4e74-9211-967c1a6774a9","local_time":"20210118230923","is_ascension_mode":true,"campfire_choices":[{"data":"Fusion","floor":6,"key":"SMITH"},{"data":"Zap","floor":8,"key":"SMITH"},{"floor":23,"key":"REST"},{"data":"strawberrySpire:AnotherWinter","floor":24,"key":"SMITH"},{"data":"Fission","floor":27,"key":"SMITH"}],"circlet_count":0,"master_deck":["Strike_B+1","Strike_B","Strike_B","Defend_B","Defend_B","Defend_B","Defend_B","Zap+1","Dualcast","Fusion+1","Ball Lightning","Buffer+1","Tempest","Pot Of Greed","Pot Of Greed","StuffTheSpire:Plugnplay","Consume","White Noise","Fission+1","White Noise+1","Ball Lightning","Amplify","strawberrySpire:Ronchyble","Cold Snap","strawberrySpire:AnotherWinter+1","Pot Of Greed","Capacitor","strawberrySpire:Adapter+1","ReplayTheSpireMod:Calculation Training"],"relics":["Cracked Core","Juzu Bracelet","CrazyTorch:ReiMu","infinitespire:Joker Card","jedi:laserpointer","Omamori","Happy Flower","Grinning Jar","jedi:gremlinknob","Question Card","strawberrySpire:CapacitorDischarge","hubris:Towel","Runic Capacitor","hubris:BottledHeart","Pear"],"acts_visited":["Exordium","TheCity"],"potions_floor_usage":[10,16,30],"damage_taken":[{"damage":0,"enemies":"Small Slimes","floor":1,"turns":2},{"damage":1,"enemies":"2 Louse","floor":2,"turns":2},{"damage":2,"enemies":"Gremlin Nob","floor":10,"turns":4},{"damage":4,"enemies":"3 Sentries","floor":11,"turns":5},{"damage":2,"enemies":"Jaw Worm","floor":12,"turns":2},{"damage":0,"enemies":"Exordium Wildlife","floor":13,"turns":2},{"damage":28,"enemies":"Fading Forest","floor":16,"turns":11},{"damage":21,"enemies":"3 Byrds","floor":18,"turns":3},{"damage":0,"enemies":"2 Thieves","floor":20,"turns":2},{"damage":32,"enemies":"Shelled Parasite and Fungi","floor":22,"turns":3},{"damage":0,"enemies":"Sentry and Sphere","floor":28,"turns":3},{"damage":3,"enemies":"Slavers","floor":30,"turns":2}],"seed_played":"8370568977850433338","potions_obtained":[{"floor":2,"key":"LifebloodPotion"},{"floor":7,"key":"Cursed Concoction"},{"floor":7,"key":"jedi:holywater"},{"floor":10,"key":"Reflective Coating"},{"floor":12,"key":"jedi:wingpotion"},{"floor":13,"key":"conspire:TimeTravelPotion"},{"floor":18,"key":"Venom Potion"}],"is_trial":false,"path_per_floor":["M","M","$","?","$","R","?","R","T","?","E","M","M","$","R","B",null,"M","?","M","$","M","R","R","?","T","R","M","$","E"],"character_chosen":"DEFECT","items_purchased":["Juzu Bracelet","CrazyTorch:ReiMu","jedi:laserpointer","Buffer+1","White Noise+1","Question Card","Ball Lightning","Runic Capacitor","Capacitor"],"campfire_rested":1,"item_purchase_floors":[3,3,5,5,14,14,14,21,21],"current_hp_per_floor":[75,74,74,71,71,71,53,53,53,51,47,45,45,45,45,43,75,54,54,54,54,22,44,44,1,1,1,1,1,0,0],"gold":30,"neow_bonus":"RANDOM_EVENT","is_daily":false,"chose_seed":false,"campfire_upgraded":4,"win_rate":0.0,"timestamp":1611047363,"path_taken":["M","M","$","?","$","R","?","R","T","?","E","M","M","$","R","BOSS","M","?","M","?","M","R","R","?","T","R","M","$","E"],"items_purchased_type":["Relic","Relic","Relic","Card","Card","Relic","Card","Relic","Card"],"build_version":"2020-12-22","purchased_purges":0,"victory":false,"max_hp_per_floor":[75,75,75,75,75,75,75,75,75,75,75,75,75,75,75,75,75,75,75,75,75,75,75,75,1,1,1,1,1,1,1],"card_choices":[{"not_picked":["Rebound","StuffTheSpire:GlassShard"],"picked":"Fusion","floor":1},{"not_picked":["jedi:reiji","Beam Cell"],"picked":"Ball Lightning","floor":2},{"not_picked":["FTL","ReplayTheSpireMod:GoodbyeWorld"],"picked":"Tempest","floor":7},{"not_picked":["Hologram","Streamline"],"picked":"StuffTheSpire:Plugnplay","floor":10},{"not_picked":["Ball Lightning","Coolheaded"],"picked":"Consume","floor":11},{"not_picked":["StuffTheSpire:Plugnplay","Undo"],"picked":"White Noise","floor":12},{"not_picked":["jedi:BurstLightning","Go for the Eyes"],"picked":"Fission","floor":13},{"not_picked":["jedi:studyfrost","Biased Cognition","strawberrySpire:BiBeamBolt"],"picked":"strawberrySpire:Ronchyble","floor":16},{"not_picked":["StuffTheSpire:Plugnplay","Go for the Eyes","Fusion"],"picked":"Cold Snap","floor":18},{"not_picked":["strawberrySpire:Adapter","Consume","Streamline"],"picked":"strawberrySpire:AnotherWinter","floor":20},{"not_picked":["Redo","Meteor Strike","Conserve Battery+1"],"picked":"strawberrySpire:Adapter+1","floor":22},{"not_picked":["Coolheaded","Hologram+1","strawberrySpire:Disconnect"],"picked":"ReplayTheSpireMod:Calculation Training","floor":28}],"player_experience":559013,"relics_obtained":[{"floor":7,"key":"Omamori"},{"floor":9,"key":"Happy Flower"},{"floor":11,"key":"jedi:gremlinknob"},{"floor":26,"key":"Pear"}],"event_choices":[{"damage_healed":0,"gold_gain":0,"player_choice":"Relic ","damage_taken":3,"max_hp_gain":0,"max_hp_loss":0,"event_name":"betterThird:BetterScrap","floor":4,"gold_loss":0,"cards_obtained":["Storm of Steel"]},{"damage_healed":0,"gold_gain":0,"player_choice":"Searched \u00272\u0027 times","damage_taken":0,"relics_obtained":["Grinning Jar"],"max_hp_gain":0,"max_hp_loss":0,"event_name":"Dead Adventurer","floor":10,"gold_loss":0}],"is_beta":false,"boss_relics":[{"not_picked":["halation:PinkAlligatorPlush","energizedSpire:OgreHead"],"picked":"strawberrySpire:CapacitorDischarge"}],"items_purged_floors":[],"is_endless":false,"potions_floor_spawned":[2,10,12,13,18,20],"killed_by":"Slavers","ascension_level":2}}