{"host":"a0d98l75j0h1o085","time":1611024972,"event":{"mods":["AlwaysNeverKeys","BaseMod","Downfall","Highlight Path","Minty Spire (QoL Compilation)","StSLib"],"gold_per_floor":[119,119,135,57,57,90,110,148,148,148,164,114,196,209,209,329,329,350,350,265,265,275,293,293,47,74,74,74,74],"floor_reached":28,"language":"ENG","playtime":2597,"items_purged":["Strike_P"],"score":251,"play_id":"22202a56-59ab-4a76-b9f9-1867a1b77115","local_time":"20210119025612","is_ascension_mode":false,"campfire_choices":[{"floor":15,"key":"REST"},{"data":"1","floor":27,"key":"LIFT"}],"circlet_count":0,"master_deck":["Strike_P+1","Strike_P","Defend_P","Defend_P","Defend_P","Defend_P+1","Eruption","Vigilance","Adaptation","CarveReality","Study","LikeWater","Crescendo","Pray","WindmillStrike","Pray","Omniscience","ClearTheMind+1","Mayhem"],"relics":["PureWater","NeowsBlessing","Bloody Idol","Shovel","Girya","Lantern","Mango","InkBottle","Black Star","Turnip","Nilry\u0027s Codex","MutagenicStrength","Anchor"],"acts_visited":["Exordium","TheCity"],"potions_floor_usage":[7,14,14,14,28],"damage_taken":[{"damage":0,"enemies":"Small Slimes","floor":1,"turns":1},{"damage":0,"enemies":"2 Louse","floor":3,"turns":2},{"damage":0,"enemies":"3 Sentries","floor":6,"turns":2},{"damage":0,"enemies":"Jaw Worm","floor":7,"turns":3},{"damage":31,"enemies":"Lagavulin","floor":8,"turns":6},{"damage":0,"enemies":"2 Fungi Beasts","floor":11,"turns":3},{"damage":0,"enemies":"Looter","floor":14,"turns":2},{"damage":3,"enemies":"Hexaghost","floor":16,"turns":8},{"damage":0,"enemies":"Shell Parasite","floor":18,"turns":9},{"damage":9,"enemies":"Chosen","floor":22,"turns":7},{"damage":35,"enemies":"Snake Plant","floor":23,"turns":5},{"damage":41,"enemies":"Slavers","floor":28,"turns":3}],"seed_played":"-8917570863099584606","potions_obtained":[{"floor":1,"key":"DistilledChaos"},{"floor":6,"key":"StancePotion"},{"floor":7,"key":"BlessingOfTheForge"},{"floor":8,"key":"PowerPotion"},{"floor":14,"key":"Explosive Potion"},{"floor":18,"key":"EssenceOfSteel"}],"is_trial":false,"path_per_floor":["M","?","M","$","?","E","M","E","T","?","M","?","T","M","R","B",null,"M","?","?","?","M","M","?","$","T","R","E"],"character_chosen":"WATCHER","items_purchased":["Study","Mayhem"],"campfire_rested":1,"item_purchase_floors":[4,25],"current_hp_per_floor":[72,54,54,54,36,36,36,5,19,2,2,2,2,2,27,24,86,86,86,86,70,66,36,36,36,41,41,0,0],"gold":74,"neow_bonus":"THREE_ENEMY_KILL","is_daily":false,"chose_seed":false,"campfire_upgraded":0,"win_rate":0.0,"timestamp":1611024972,"path_taken":["M","?","M","$","?","E","M","E","T","?","M","?","?","M","R","BOSS","M","?","?","?","M","?","?","$","T","R","E"],"items_purchased_type":["Card","Card"],"build_version":"2020-12-22","purchased_purges":1,"victory":false,"max_hp_per_floor":[72,72,72,72,72,72,72,72,86,86,86,86,86,86,86,86,86,86,86,86,86,86,86,86,86,86,86,86,86],"card_choices":[{"not_picked":["CarveReality","WaveOfTheHand"],"picked":"Adaptation","floor":1},{"not_picked":["FlurryOfBlows","BowlingBash"],"picked":"CarveReality","floor":3},{"not_picked":["Worship","PathToVictory"],"picked":"LikeWater","floor":6},{"not_picked":["Weave","ThirdEye"],"picked":"Crescendo","floor":7},{"not_picked":["Collect","Judgement"],"picked":"Pray","floor":8},{"not_picked":["Consecrate","Fasting2"],"picked":"WindmillStrike","floor":11},{"not_picked":["PathToVictory","ReachHeaven"],"picked":"Pray","floor":14},{"not_picked":["Ragnarok","Scrawl"],"picked":"Omniscience","floor":16},{"not_picked":["WheelKick+1","Conclude+1","WreathOfFlame"],"picked":"SKIP","floor":18},{"not_picked":["BowlingBash","Crescendo"],"picked":"ClearTheMind+1","floor":22},{"not_picked":["CarveReality","SashWhip","Evaluate"],"picked":"SKIP","floor":23}],"player_experience":729466,"relics_obtained":[{"floor":6,"key":"Girya"},{"floor":8,"key":"Lantern"},{"floor":9,"key":"Mango"},{"floor":13,"key":"InkBottle"},{"floor":21,"key":"Nilry\u0027s Codex"},{"floor":26,"key":"Anchor"}],"event_choices":[{"damage_healed":0,"gold_gain":0,"player_choice":"Take Damage","damage_taken":18,"relics_obtained":["Golden Idol"],"max_hp_gain":0,"max_hp_loss":0,"event_name":"Golden Idol","floor":2,"gold_loss":0},{"damage_healed":0,"gold_gain":0,"player_choice":"Success","damage_taken":18,"relics_obtained":["Shovel"],"max_hp_gain":0,"max_hp_loss":0,"event_name":"Scrap Ooze","floor":5,"gold_loss":0},{"damage_healed":0,"gold_gain":0,"player_choice":"Entered Light","damage_taken":17,"max_hp_gain":0,"max_hp_loss":0,"event_name":"Shining Light","floor":10,"gold_loss":0,"cards_upgraded":["Strike_P","Defend_P"]},{"cards_removed":["Strike_P"],"damage_healed":0,"gold_gain":0,"player_choice":"Card Removal","damage_taken":0,"max_hp_gain":0,"max_hp_loss":0,"event_name":"The Cleric","floor":12,"gold_loss":50},{"damage_healed":0,"gold_gain":0,"player_choice":"Gave Idol","damage_taken":0,"relics_obtained":["Bloody Idol"],"max_hp_gain":0,"max_hp_loss":0,"event_name":"Forgotten Altar","floor":19,"relics_lost":["Golden Idol"],"gold_loss":0},{"damage_healed":0,"gold_gain":0,"player_choice":"Obtained Relic","damage_taken":0,"relics_obtained":["Turnip"],"max_hp_gain":0,"max_hp_loss":0,"event_name":"Addict","floor":20,"gold_loss":85},{"damage_healed":0,"gold_gain":0,"player_choice":"Obtained Book","damage_taken":16,"max_hp_gain":0,"max_hp_loss":0,"event_name":"Cursed Tome","floor":21,"gold_loss":0},{"damage_healed":0,"gold_gain":0,"player_choice":"Inject Mutagens","damage_taken":0,"relics_obtained":["MutagenicStrength"],"max_hp_gain":0,"max_hp_loss":0,"event_name":"Drug Dealer","floor":24,"gold_loss":0}],"is_beta":false,"boss_relics":[{"not_picked":["Runic Dome","Tiny House"],"picked":"Black Star"}],"items_purged_floors":[25],"is_endless":false,"potions_floor_spawned":[1,6,7,8,14,18],"killed_by":"Slavers","ascension_level":0}}