{"host":"2zt55z1m1j8q763w","time":1611084949,"event":{"mods":["AchievementEnabler","BaseMod","Highlight Path","Minty Spire (QoL Compilation)","Relic Stats"],"gold_per_floor":[117,117,132,132,145,145,171,185,185,197,197,207,207,220,220,317,317,332,342,352,352,368,368,394,406,406,406,406,406,12,28,28,131,131,147,28,28,28],"floor_reached":37,"language":"ENG","playtime":6032,"items_purged":["Decay"],"score":393,"play_id":"766bbfa7-0834-4963-af5a-8c56e350f6e5","local_time":"20210119203549","is_ascension_mode":false,"campfire_choices":[{"data":"Flying Knee","floor":6,"key":"SMITH"},{"data":"Adrenaline","floor":11,"key":"SMITH"},{"data":"Crippling Poison","floor":13,"key":"SMITH"},{"data":"Dodge and Roll","floor":15,"key":"SMITH"},{"floor":23,"key":"REST"},{"floor":28,"key":"REST"},{"floor":32,"key":"REST"}],"circlet_count":0,"master_deck":["Strike_G","Strike_G","Defend_G","Defend_G","Defend_G","Survivor","Neutralize","Blur","Flying Knee+1","Well Laid Plans","Adrenaline+1","Crippling Poison+1","Dodge and Roll+1","Backflip","Adrenaline","Outmaneuver+1","Calculated Gamble+1","Dagger Spray","Slice","Quick Slash+1","Flechettes+1","Quick Slash","Backflip+1","Footwork","Tactician+1","After Image","Acrobatics+1","Noxious Fumes"],"relics":["Ring of the Snake","Vajra","The Specimen","Bird Faced Urn","Astrolabe","Ginger","Girya","Toxic Egg 2","Empty Cage"],"acts_visited":["Exordium","TheCity","TheBeyond"],"potions_floor_usage":[7,7,7,16,16,16,18,20,25,31,33,37],"damage_taken":[{"damage":0,"enemies":"Small Slimes","floor":1,"turns":3},{"damage":1,"enemies":"Cultist","floor":3,"turns":4},{"damage":0,"enemies":"Jaw Worm","floor":5,"turns":3},{"damage":13,"enemies":"Gremlin Nob","floor":7,"turns":5},{"damage":0,"enemies":"3 Louse","floor":8,"turns":3},{"damage":0,"enemies":"Looter","floor":10,"turns":4},{"damage":0,"enemies":"Red Slaver","floor":12,"turns":4},{"damage":3,"enemies":"Gremlin Gang","floor":14,"turns":3},{"damage":54,"enemies":"Hexaghost","floor":16,"turns":20},{"damage":11,"enemies":"Spheric Guardian","floor":18,"turns":8},{"damage":22,"enemies":"Chosen","floor":19,"turns":9},{"damage":20,"enemies":"3 Cultists","floor":20,"turns":6},{"damage":18,"enemies":"Snake Plant","floor":22,"turns":6},{"damage":19,"enemies":"Slavers","floor":24,"turns":5},{"damage":4,"enemies":"Snecko","floor":25,"turns":5},{"damage":7,"enemies":"Shelled Parasite and Fungi","floor":31,"turns":4},{"damage":24,"enemies":"Automaton","floor":33,"turns":13},{"damage":47,"enemies":"3 Darklings","floor":35,"turns":8},{"damage":45,"enemies":"2 Orb Walkers","floor":37,"turns":4}],"seed_played":"7097081657382486057","potions_obtained":[{"floor":2,"key":"SteroidPotion"},{"floor":2,"key":"PowerPotion"},{"floor":2,"key":"CunningPotion"},{"floor":10,"key":"FearPotion"},{"floor":12,"key":"SneckoOil"},{"floor":14,"key":"FearPotion"},{"floor":16,"key":"Block Potion"},{"floor":19,"key":"AttackPotion"},{"floor":20,"key":"GamblersBrew"},{"floor":22,"key":"EssenceOfSteel"},{"floor":25,"key":"Energy Potion"}],"is_trial":false,"path_per_floor":["M","?","M","?","M","R","E","M","T","M","R","M","R","M","R","B",null,"M","M","M","?","M","R","E","M","T","?","R","?","$","M","R","B",null,"M","$","?"],"character_chosen":"THE_SILENT","items_purchased":["Footwork","Toxic Egg 2","Noxious Fumes","SpeedPotion"],"campfire_rested":3,"item_purchase_floors":[30,30,36,36],"current_hp_per_floor":[70,70,69,69,69,69,56,56,56,56,56,56,56,53,53,1,70,59,39,21,21,5,26,7,3,3,3,24,24,24,19,40,20,70,25,25,0,0],"gold":28,"neow_bonus":"RANDOM_COMMON_RELIC","is_daily":false,"chose_seed":false,"campfire_upgraded":4,"win_rate":0.0,"timestamp":1611084949,"path_taken":["M","?","?","?","M","R","E","M","T","M","R","?","R","M","R","BOSS","M","M","M","?","?","R","E","M","T","?","R","?","$","M","R","BOSS","M","$","?"],"items_purchased_type":["Card","Relic","Card","Potion"],"build_version":"2020-12-22","purchased_purges":1,"victory":false,"max_hp_per_floor":[70,70,70,70,70,70,70,70,70,70,70,70,70,70,70,70,70,70,70,70,70,70,70,70,70,70,70,70,70,70,70,70,70,70,70,70,70,70],"relic_stats":{"counters":[19,117],"Bird Faced Urn":[24],"Astrolabe":["Outmaneuver","Calculated Gamble","Prepared"],"Ginger":[0],"obtain_stats":[{"Girya":26,"The Specimen":7,"Bird Faced Urn":9,"Astrolabe":17,"Vajra":0,"Ginger":24,"Toxic Egg 2":30,"Empty Cage":34,"Ring of the Snake":0},{"Girya":15,"The Specimen":4,"Bird Faced Urn":5,"Astrolabe":9,"Vajra":0,"Ginger":14,"Toxic Egg 2":15,"Empty Cage":17,"Ring of the Snake":0},{"Girya":88,"The Specimen":15,"Bird Faced Urn":18,"Astrolabe":49,"Vajra":0,"Ginger":83,"Toxic Egg 2":88,"Empty Cage":105,"Ring of the Snake":0}],"Ring of the Snake":[38]},"card_choices":[{"not_picked":["Acrobatics","Bane"],"picked":"Blur","floor":1},{"not_picked":["Backstab","Heel Hook"],"picked":"Flying Knee","floor":3},{"not_picked":["Deflect","Outmaneuver"],"picked":"Well Laid Plans","floor":5},{"not_picked":["Dodge and Roll","Underhanded Strike"],"picked":"Adrenaline","floor":7},{"not_picked":["Underhanded Strike","Quick Slash"],"picked":"Crippling Poison","floor":8},{"not_picked":["Cloak And Dagger","Dagger Throw"],"picked":"Dodge and Roll","floor":10},{"not_picked":["Predator","Cloak And Dagger"],"picked":"Backflip","floor":12},{"not_picked":["Dagger Throw","Predator"],"picked":"Cloak And Dagger","floor":14},{"not_picked":["Bullet Time","Tools of the Trade"],"picked":"Adrenaline","floor":16},{"not_picked":["Deflect","Masterful Stab"],"picked":"Dagger Spray","floor":18},{"not_picked":["Heel Hook","Distraction"],"picked":"Slice","floor":19},{"not_picked":["Infinite Blades","Distraction"],"picked":"Quick Slash+1","floor":20},{"not_picked":["Well Laid Plans","Outmaneuver"],"picked":"Flechettes+1","floor":22},{"not_picked":["Dagger Throw","Flechettes"],"picked":"Quick Slash","floor":24},{"not_picked":["Sucker Punch","Deadly Poison"],"picked":"Backflip+1","floor":25},{"not_picked":["Outmaneuver+1","Reflex+1"],"picked":"Tactician+1","floor":31},{"not_picked":["Wraith Form v2","Storm of Steel+1"],"picked":"After Image","floor":33},{"not_picked":["Endless Agony","Cloak And Dagger+1"],"picked":"Acrobatics+1","floor":35}],"player_experience":59717,"relics_obtained":[{"floor":7,"key":"The Specimen"},{"floor":9,"key":"Bird Faced Urn"},{"floor":24,"key":"Ginger"},{"floor":26,"key":"Girya"}],"event_choices":[{"damage_healed":0,"gold_gain":0,"player_choice":"Got Potions","damage_taken":0,"max_hp_gain":0,"max_hp_loss":0,"event_name":"Lab","floor":2,"gold_loss":0},{"cards_removed":["Strike_G"],"damage_healed":0,"gold_gain":0,"player_choice":"Purged","damage_taken":0,"max_hp_gain":0,"max_hp_loss":0,"event_name":"Purifier","floor":4,"gold_loss":0},{"cards_removed":["Defend_G"],"damage_healed":0,"gold_gain":0,"player_choice":"Purged","damage_taken":0,"max_hp_gain":0,"max_hp_loss":0,"event_name":"Purifier","floor":21,"gold_loss":0},{"damage_healed":0,"gold_gain":0,"player_choice":"Smashed Altar","damage_taken":0,"max_hp_gain":0,"max_hp_loss":0,"event_name":"Forgotten Altar","floor":27,"gold_loss":0,"cards_obtained":["Decay"]},{"damage_healed":0,"gold_gain":0,"player_choice":"Ignored","damage_taken":0,"max_hp_gain":0,"max_hp_loss":0,"event_name":"Vampires","floor":29,"gold_loss":0},{"damage_healed":0,"gold_gain":0,"player_choice":"Fight","damage_taken":0,"max_hp_gain":0,"max_hp_loss":0,"event_name":"Mysterious Sphere","floor":37,"gold_loss":0}],"is_beta":false,"boss_relics":[{"not_picked":["Busted Crown","Runic Pyramid"],"picked":"Astrolabe"},{"not_picked":["Snecko Eye","Black Star"],"picked":"Empty Cage"}],"items_purged_floors":[30],"is_endless":false,"potions_floor_spawned":[10,12,14,16,19,20,22,25],"killed_by":"2 Orb Walkers","ascension_level":0}}