{"host":"r53pw7z744tg3fxg","time":1611024614,"event":{"mods":["AchievementEnabler","BaseMod","Colored Map","Colored Powertips","Highlight Path","Minty Spire (QoL Compilation)","Quick Restart","Transform Curses"],"gold_per_floor":[119,35,52,70,80,80,113,113,164,164,176,206,36,51,51,51,51],"floor_reached":16,"language":"ENG","playtime":666,"items_purged":[],"score":202,"play_id":"54c71bb1-dee0-4b63-94b2-228c83483a4e","local_time":"20210118195014","is_ascension_mode":true,"campfire_choices":[{"floor":6.0,"key":"REST"},{"floor":10,"key":"REST"},{"floor":15,"key":"REST"}],"circlet_count":0,"master_deck":["AscendersBane","Strike_P","Strike_P","Strike_P","Strike_P","Defend_P","Defend_P","Defend_P","Eruption","Vigilance","WheelKick","Conclude","FlurryOfBlows","InnerPeace","DeceiveReality","SashWhip","Evaluate","ForeignInfluence","ThirdEye"],"relics":["PureWater","The Courier","Nunchaku","Akabeko","Lantern"],"acts_visited":["Exordium"],"potions_floor_usage":[],"damage_taken":[{"damage":6.0,"enemies":"2 Louse","floor":1.0,"turns":4.0},{"damage":0.0,"enemies":"Cultist","floor":3.0,"turns":2.0},{"damage":12.0,"enemies":"Jaw Worm","floor":4.0,"turns":2.0},{"damage":4.0,"enemies":"2 Fungi Beasts","floor":5.0,"turns":2.0},{"damage":42.0,"enemies":"Lagavulin","floor":7.0,"turns":7.0},{"damage":5,"enemies":"3 Louse","floor":11,"turns":5},{"damage":14,"enemies":"3 Sentries","floor":12,"turns":6},{"damage":0,"enemies":"Large Slime","floor":14,"turns":3},{"damage":52,"enemies":"The Guardian","floor":16,"turns":15}],"seed_played":"-2789559592031604431","potions_obtained":[{"floor":1.0,"key":"GamblersBrew"},{"floor":3.0,"key":"Block Potion"}],"is_trial":false,"path_per_floor":["M","$","M","M","M","R","E","?","T","R","M","E","$","M","R","B"],"character_chosen":"WATCHER","items_purchased":["Conclude","Lantern","ForeignInfluence"],"campfire_rested":3,"item_purchase_floors":[2,13,13],"current_hp_per_floor":[55,55,55,43,39,59,17,17,17,37,32,18,18,18,38,0,0],"gold":51,"neow_bonus":"REMOVE_CARD","is_daily":false,"chose_seed":false,"campfire_upgraded":0,"win_rate":0.0,"timestamp":1611024614,"path_taken":["M","$","M","M","M","R","E","?","T","R","?","E","$","?","R","BOSS"],"items_purchased_type":["Card","Relic","Card"],"build_version":"2020-12-22","purchased_purges":0,"victory":false,"max_hp_per_floor":[68,68,68,68,68,68,68,68,68,68,68,68,68,68,68,68,68],"card_choices":[{"not_picked":["FearNoEvil","CrushJoints"],"picked":"WheelKick","floor":1.0},{"not_picked":["ThirdEye","EmptyFist"],"picked":"FlurryOfBlows","floor":3.0},{"not_picked":["Evaluate","CrushJoints"],"picked":"InnerPeace","floor":4.0},{"not_picked":["CutThroughFate","FollowUp"],"picked":"DeceiveReality","floor":5.0},{"not_picked":["Crescendo","EmptyFist"],"picked":"SashWhip","floor":7.0},{"not_picked":["SashWhip","JustLucky"],"picked":"Evaluate","floor":11},{"not_picked":["Wireheading","ClearTheMind","CrushJoints"],"picked":"SKIP","floor":12},{"not_picked":["FlyingSleeves","FollowUp"],"picked":"ThirdEye","floor":14}],"player_experience":1306779,"relics_obtained":[{"floor":7.0,"key":"The Courier"},{"floor":9,"key":"Nunchaku"},{"floor":12,"key":"Akabeko"}],"event_choices":[{"damage_healed":0,"gold_gain":0,"player_choice":"Leave","damage_taken":0,"max_hp_gain":0,"max_hp_loss":0,"event_name":"FaceTrader","floor":8,"gold_loss":0}],"is_beta":false,"boss_relics":[],"items_purged_floors":[],"is_endless":false,"potions_floor_spawned":[1,3],"killed_by":"The Guardian","ascension_level":16}}