{"host":"r53pw7z744tg3fxg","time":1611021922,"event":{"mods":["AchievementEnabler","BaseMod","Colored Map","Colored Powertips","Highlight Path","Minty Spire (QoL Compilation)","Quick Restart","Transform Curses"],"gold_per_floor":[113,124,19,30,42,67,67,67,67],"floor_reached":8,"language":"ENG","playtime":253,"items_purged":[],"score":104,"play_id":"c5b02c96-f5df-4c63-8294-b1727c43d3e3","local_time":"20210118190522","is_ascension_mode":true,"campfire_choices":[],"circlet_count":0,"master_deck":["AscendersBane","Strike_P","Strike_P","Defend_P","Defend_P","Defend_P","Defend_P","Eruption","Vigilance","BowlingBash","PathToVictory","Sanctity","Consecrate","FollowUp","Establishment","Indignation"],"relics":["PureWater","Bag of Marbles"],"acts_visited":["Exordium"],"potions_floor_usage":[8],"damage_taken":[{"damage":0.0,"enemies":"Jaw Worm","floor":1.0,"turns":5.0},{"damage":2.0,"enemies":"Cultist","floor":2.0,"turns":3.0},{"damage":0.0,"enemies":"Small Slimes","floor":4.0,"turns":2.0},{"damage":5.0,"enemies":"Red Slaver","floor":5.0,"turns":4.0},{"damage":33,"enemies":"Gremlin Nob","floor":6,"turns":4},{"damage":40,"enemies":"3 Sentries","floor":8,"turns":2}],"seed_played":"-4464247492754178336","potions_obtained":[{"floor":1.0,"key":"EssenceOfSteel"},{"floor":4.0,"key":"StancePotion"}],"is_trial":false,"path_per_floor":["M","M","$","M","M","E","?","E"],"character_chosen":"WATCHER","items_purchased":["PathToVictory","Sanctity"],"campfire_rested":0,"item_purchase_floors":[3,3],"current_hp_per_floor":[61,59,59,59,54,21,21,0,0],"gold":67,"neow_bonus":"TRANSFORM_CARD","is_daily":false,"chose_seed":false,"campfire_upgraded":0,"win_rate":0.0,"timestamp":1611021922,"path_taken":["M","M","$","M","M","E","?","E"],"items_purchased_type":["Card","Card"],"build_version":"2020-12-22","purchased_purges":0,"victory":false,"max_hp_per_floor":[68,68,68,68,68,68,68,68,68],"card_choices":[{"not_picked":["MentalFortress","Nirvana","WaveOfTheHand"],"picked":"SKIP","floor":1.0},{"not_picked":["WaveOfTheHand","CrushJoints","FlyingSleeves"],"picked":"SKIP","floor":2.0},{"not_picked":["Evaluate","EmptyFist"],"picked":"Consecrate","floor":4.0},{"not_picked":["Consecrate","Vengeance"],"picked":"FollowUp","floor":5.0},{"not_picked":["WaveOfTheHand","Weave"],"picked":"Establishment","floor":6}],"player_experience":1303781,"relics_obtained":[{"floor":6,"key":"Bag of Marbles"}],"event_choices":[{"damage_healed":0,"gold_gain":0,"cards_transformed":["Strike_P"],"player_choice":"Transformed","damage_taken":0,"max_hp_gain":0,"max_hp_loss":0,"event_name":"Transmorgrifier","floor":7,"gold_loss":0,"cards_obtained":["Indignation"]}],"is_beta":false,"boss_relics":[],"items_purged_floors":[],"is_endless":false,"potions_floor_spawned":[1,4],"killed_by":"3 Sentries","ascension_level":16}}