{"host":"p9jk0mlyvhgdzcz4","time":1611039297,"event":{"mods":["BaseMod","Colored Map","Minty Spire (QoL Compilation)","Quick Restart","Slay the Streamer","SuperFastMode"],"gold_per_floor":[110,120,120,143,34,34,47,47,126,126,205,219,219,262,262,262,381,381,394,413,427,440,189,189,204,204,204,204,204,119,119,142,160,160,288,288,308,328,328,328,342,381,400,400,425,425,425,425,425,446,469,469,469,469],"floor_reached":53,"language":"ENG","playtime":2658,"items_purged":["Doubt","Coolheaded"],"score":491,"play_id":"68b5169c-fcbe-43f4-ac89-b4b9a496035d","local_time":"20210119005457","is_ascension_mode":false,"campfire_choices":[{"data":"White Noise","floor":6,"key":"SMITH"},{"data":"Conserve Battery","floor":13,"key":"SMITH"},{"data":"Loop","floor":16,"key":"SMITH"},{"data":"Static Discharge","floor":24,"key":"SMITH"},{"data":"Rainbow","floor":26,"key":"SMITH"},{"data":"Leap","floor":29,"key":"SMITH"},{"data":"Barrage","floor":31,"key":"SMITH"},{"data":"Buffer","floor":34,"key":"SMITH"},{"floor":44,"key":"REST"},{"floor":47,"key":"REST"},{"floor":49,"key":"REST"},{"floor":52,"key":"REST"}],"circlet_count":0,"master_deck":["Hello World","Leap+1","Leap+1","Gash","Barrage+1","Sweeping Beam","Conserve Battery+1","Loop+1","White Noise+1","Self Repair","Panache","FTL","Doom and Gloom","Self Repair","Static Discharge+1","Sunder","Static Discharge+1","Rainbow+1","Electrodynamics","Beam Cell","Compile Driver","Hologram+1","Buffer+1","Rebound+1","Meteor Strike","Heatsinks+1","The Bomb","Gash+1","Defragment","Madness","Madness","Leap+1","Stack+1"],"relics":["Cracked Core","Golden Idol","Bottled Tornado","Lantern","Inserter","Runic Capacitor","Lizard Tail","War Paint","Astrolabe","Turnip","Smiling Mask"],"acts_visited":["Exordium","TheCity","TheBeyond"],"potions_floor_usage":[17,35,42,53,53,53],"damage_taken":[{"damage":5,"enemies":"2 Louse","floor":1,"turns":2},{"damage":0,"enemies":"Cultist","floor":2,"turns":3},{"damage":3,"enemies":"Small Slimes","floor":4,"turns":3},{"damage":0,"enemies":"2 Fungi Beasts","floor":7,"turns":2},{"damage":0,"enemies":"Exordium Thugs","floor":12,"turns":2},{"damage":15,"enemies":"Gremlin Nob","floor":14,"turns":4},{"damage":14,"enemies":"Slime Boss","floor":17,"turns":6},{"damage":8,"enemies":"Shell Parasite","floor":19,"turns":7},{"damage":14,"enemies":"Spheric Guardian","floor":20,"turns":4},{"damage":9,"enemies":"3 Cultists","floor":21,"turns":3},{"damage":24,"enemies":"Snake Plant","floor":22,"turns":4},{"damage":11,"enemies":"Centurion and Healer","floor":25,"turns":5},{"damage":6,"enemies":"3 Cultists","floor":32,"turns":3},{"damage":21,"enemies":"Snake Plant","floor":33,"turns":3},{"damage":7,"enemies":"Champ","floor":35,"turns":8},{"damage":16,"enemies":"Orb Walker","floor":37,"turns":4},{"damage":0,"enemies":"3 Shapes","floor":38,"turns":4},{"damage":20,"enemies":"Spire Growth","floor":41,"turns":5},{"damage":77,"enemies":"Giant Head","floor":42,"turns":8},{"damage":23,"enemies":"Jaw Worm Horde","floor":43,"turns":3},{"damage":36,"enemies":"Transient","floor":50,"turns":5},{"damage":53,"enemies":"Writhing Mass","floor":51,"turns":4},{"damage":43,"enemies":"Donu and Deca","floor":53,"turns":5}],"seed_played":"-3866255018890722525","potions_obtained":[{"floor":2,"key":"SmokeBomb"},{"floor":14,"key":"Energy Potion"},{"floor":17,"key":"Strength Potion"},{"floor":19,"key":"SteroidPotion"},{"floor":25,"key":"DuplicationPotion"},{"floor":33,"key":"Energy Potion"},{"floor":35,"key":"Fruit Juice"},{"floor":37,"key":"FocusPotion"},{"floor":43,"key":"PotionOfCapacity"}],"is_trial":false,"path_per_floor":["M","M","?","M","$","R","M","?","T","T","?","M","R","E","?","R","B",null,"M","M","M","M","$","R","M","R","T","T","R","?","R","M","M","R","B",null,"M","M","?","?","M","E","M","R","T","T","R","?","R","M","M","R","B"],"character_chosen":"DEFECT","items_purchased":["Static Discharge","Runic Capacitor"],"campfire_rested":4,"item_purchase_floors":[5,23],"current_hp_per_floor":[70,75,57,61,61,61,68,68,68,68,68,75,75,74,74,74,60,75,75,75,73,63,63,63,66,66,66,66,66,66,66,67,67,67,79,80,78,80,80,80,74,47,24,48,48,48,72,62,80,58,12,36,0,0],"gold":469,"neow_bonus":"RANDOM_COLORLESS_2","is_daily":false,"chose_seed":false,"campfire_upgraded":8,"win_rate":0.0,"timestamp":1611039297,"path_taken":["M","M","?","M","$","R","M","?","T","?","M","R","E","?","R","BOSS","M","?","M","M","$","R","M","R","T","R","?","R","M","M","R","BOSS","M","M","?","?","?","E","?","R","T","R","?","R","M","M","R","BOSS"],"items_purchased_type":["Card","Relic"],"build_version":"2020-12-22","purchased_purges":2,"victory":false,"max_hp_per_floor":[75,75,75,75,75,75,75,75,75,75,75,75,75,75,75,75,75,75,75,75,75,75,75,75,75,75,75,75,75,75,75,75,75,75,80,80,80,80,80,80,80,80,80,80,80,80,80,80,80,80,80,80,80,80],"card_choices":[{"not_picked":["Violence","Secret Technique"],"picked":"Panache","floor":0},{"not_picked":["Rip and Tear","Stack"],"picked":"FTL","floor":1},{"not_picked":["Go for the Eyes","Steam"],"picked":"Doom and Gloom","floor":2},{"not_picked":["Rebound","Aggregate"],"picked":"Self Repair","floor":4},{"not_picked":["Rebound","Doom and Gloom"],"picked":"Sunder","floor":7},{"not_picked":["Stack","Conserve Battery"],"picked":"Static Discharge","floor":12},{"not_picked":["Streamline","Doom and Gloom"],"picked":"Coolheaded","floor":14},{"not_picked":["Machine Learning","Creative AI"],"picked":"Electrodynamics","floor":17},{"not_picked":["Double Energy","Hello World"],"picked":"Beam Cell","floor":20},{"not_picked":["Barrage","Gash"],"picked":"Coolheaded","floor":21},{"not_picked":["Stack","Sunder"],"picked":"Compile Driver","floor":22},{"not_picked":["Go for the Eyes+1","Conserve Battery"],"picked":"Hologram","floor":25},{"not_picked":["Storm","Darkness+1"],"picked":"Buffer","floor":32},{"not_picked":["Chaos","BootSequence"],"picked":"Rebound+1","floor":33},{"not_picked":["Fission","Biased Cognition"],"picked":"Meteor Strike","floor":35},{"not_picked":["Coolheaded+1","Sweeping Beam+1"],"picked":"Heatsinks+1","floor":37},{"not_picked":["Swift Strike","PanicButton"],"picked":"The Bomb","floor":39},{"not_picked":["Doom and Gloom","Undo"],"picked":"Gash+1","floor":41},{"not_picked":["Sunder+1","Coolheaded+1"],"picked":"Defragment","floor":43},{"not_picked":["Conserve Battery","Streamline+1"],"picked":"Leap+1","floor":50},{"not_picked":["Beam Cell+1","BootSequence+1"],"picked":"Stack+1","floor":51}],"player_experience":9473,"relics_obtained":[{"floor":9,"key":"Bottled Tornado"},{"floor":14,"key":"Lantern"},{"floor":27,"key":"Lizard Tail"},{"floor":42,"key":"Turnip"},{"floor":45,"key":"Smiling Mask"}],"event_choices":[{"damage_healed":0,"gold_gain":0,"player_choice":"Take Damage","damage_taken":18,"relics_obtained":["Golden Idol"],"max_hp_gain":0,"max_hp_loss":0,"event_name":"Golden Idol","floor":3,"gold_loss":0},{"damage_healed":0,"gold_gain":0,"player_choice":"Grow","damage_taken":0,"max_hp_gain":0,"max_hp_loss":0,"event_name":"Living Wall","floor":8,"gold_loss":0,"cards_upgraded":["Static Discharge"]},{"damage_healed":0,"gold_gain":79,"player_choice":"Gained Gold","damage_taken":0,"max_hp_gain":0,"max_hp_loss":0,"event_name":"Golden Wing","floor":11,"gold_loss":0},{"damage_healed":0,"gold_gain":0,"cards_transformed":["Coolheaded"],"player_choice":"Transformed","damage_taken":0,"max_hp_gain":0,"max_hp_loss":0,"event_name":"Transmorgrifier","floor":15,"gold_loss":0,"cards_obtained":["Rainbow"]},{"damage_healed":0,"gold_gain":0,"player_choice":"Obtained Relic","damage_taken":0,"relics_obtained":["War Paint"],"max_hp_gain":0,"max_hp_loss":0,"event_name":"Addict","floor":30,"gold_loss":85},{"damage_healed":0,"gold_gain":0,"player_choice":"Memory 1","damage_taken":0,"max_hp_gain":0,"max_hp_loss":0,"event_name":"SensoryStone","floor":39,"gold_loss":0},{"damage_healed":0,"gold_gain":0,"player_choice":"Bought 0 Potions","damage_taken":0,"max_hp_gain":0,"max_hp_loss":0,"event_name":"The Woman in Blue","floor":40,"gold_loss":0},{"damage_healed":0,"gold_gain":0,"player_choice":"Embrace Madness","damage_taken":10,"max_hp_gain":0,"max_hp_loss":0,"event_name":"Winding Halls","floor":48,"gold_loss":0,"cards_obtained":["Madness","Madness"]}],"is_beta":false,"boss_relics":[{"not_picked":["Tiny House","Sozu"],"picked":"Inserter"},{"not_picked":["Cursed Key","Fusion Hammer"],"picked":"Astrolabe"}],"items_purged_floors":[5,23],"is_endless":false,"potions_floor_spawned":[2,14,17,19,22,25,33,35,37,43,50],"killed_by":"Donu and Deca","ascension_level":0}}