{"host":"mydft8i2zzydgggw","time":1611060630,"event":{"mods":["AchievementEnabler","BaseMod","BetterRewards","Colored Map","Colored Powertips","DeckTracker","Keyboard Shortcuts","Minty Spire (QoL Compilation)","Rare Cards Sparkle","StSLib","SuperFastMode","everything is the same but u backflip on backflip"],"gold_per_floor":[118,118,118,118,43,43,62,10,10,10,44,64,87,110,110,239,239,255,180,180,198,223,223,223,223],"floor_reached":24,"language":"KOR","playtime":457,"items_purged":["Strike_B"],"score":304,"play_id":"f4ebd654-08cf-466e-a631-d7173a3f2585","local_time":"20210119215030","is_ascension_mode":true,"campfire_choices":[{"data":"Zap","floor":10,"key":"SMITH"},{"floor":15,"key":"REST"},{"floor":23,"key":"REST"}],"circlet_count":0,"master_deck":["AscendersBane","Strike_B+1","Defend_B","Defend_B","Zap+1","Dualcast","Secret Weapon","Loop+1","Cold Snap","Sweeping Beam","Doom and Gloom","Seek","Double Energy","Coolheaded+1"],"relics":["Cracked Core","Regal Pillow","Golden Idol","Lizard Tail","Bag of Preparation","Empty Cage"],"acts_visited":["Exordium","TheCity"],"potions_floor_usage":[7,11,14,24],"damage_taken":[{"damage":9,"enemies":"Jaw Worm","floor":1,"turns":3},{"damage":3,"enemies":"2 Louse","floor":7,"turns":3},{"damage":24,"enemies":"Lagavulin","floor":11,"turns":8},{"damage":6,"enemies":"Small Slimes","floor":12,"turns":2},{"damage":7,"enemies":"Red Slaver","floor":13,"turns":3},{"damage":9,"enemies":"3 Louse","floor":14,"turns":2},{"damage":30,"enemies":"Hexaghost","floor":16,"turns":8},{"damage":17,"enemies":"Spheric Guardian","floor":18,"turns":4},{"damage":5,"enemies":"Chosen","floor":21,"turns":4},{"damage":8,"enemies":"3 Cultists","floor":22,"turns":3},{"damage":92,"enemies":"Book of Stabbing","floor":24,"turns":7}],"seed_played":"7584753059635300465","potions_obtained":[{"floor":1,"key":"Regen Potion"},{"floor":7,"key":"Regen Potion"},{"floor":11,"key":"GamblersBrew"},{"floor":18,"key":"Strength Potion"}],"is_trial":false,"path_per_floor":["M","?","?","?","$","?","M","$","T","R","E","M","M","M","R","B",null,"M","?","?","M","M","R","E"],"character_chosen":"DEFECT","items_purchased":["Sweeping Beam"],"campfire_rested":2,"item_purchase_floors":[8],"current_hp_per_floor":[59,52,52,39,39,32,38,38,38,38,29,23,16,7,40,10,50,33,33,33,28,20,53,0,0],"gold":223,"neow_bonus":"RANDOM_COLORLESS_2","is_daily":false,"chose_seed":false,"campfire_upgraded":1,"win_rate":0.0,"timestamp":1611060630,"path_taken":["M","?","?","?","?","?","M","?","T","R","E","M","?","M","R","BOSS","M","?","?","M","M","R","E"],"items_purchased_type":["Card"],"build_version":"2020-12-22","purchased_purges":1,"victory":false,"max_hp_per_floor":[68,68,63,63,63,63,63,63,63,63,63,63,63,63,63,63,63,63,63,63,63,63,63,63,63],"card_choices":[{"not_picked":["Violence","Panache"],"picked":"Secret Weapon","floor":0},{"not_picked":["Streamline","Beam Cell"],"picked":"Loop","floor":1},{"not_picked":["Sweeping Beam","Lockon"],"picked":"Cold Snap","floor":7},{"not_picked":["Rebound","White Noise","Static Discharge"],"picked":"SKIP","floor":11},{"not_picked":["Barrage","Compile Driver"],"picked":"Doom and Gloom","floor":12},{"not_picked":["Barrage","Ball Lightning","Static Discharge"],"picked":"SKIP","floor":13},{"not_picked":["Scrape","Fission","Genetic Algorithm"],"picked":"SKIP","floor":14},{"not_picked":["Hyperbeam","Multi-Cast"],"picked":"Seek","floor":16},{"not_picked":["Rebound","Scrape"],"picked":"Double Energy","floor":18},{"not_picked":["Chaos","Rebound+1","Ball Lightning"],"picked":"SKIP","floor":21},{"not_picked":["Conserve Battery","Hologram"],"picked":"Coolheaded+1","floor":22}],"player_experience":183828,"relics_obtained":[{"floor":9,"key":"Lizard Tail"},{"floor":11,"key":"Bag of Preparation"}],"event_choices":[{"damage_healed":0,"gold_gain":0,"player_choice":"Success","damage_taken":7,"relics_obtained":["Regal Pillow"],"max_hp_gain":0,"max_hp_loss":0,"event_name":"Scrap Ooze","floor":2,"gold_loss":0},{"damage_healed":0,"gold_gain":0,"player_choice":"Lose Max HP","damage_taken":0,"relics_obtained":["Golden Idol"],"max_hp_gain":0,"max_hp_loss":5,"event_name":"Golden Idol","floor":3,"gold_loss":0},{"damage_healed":0,"gold_gain":0,"player_choice":"Entered Light","damage_taken":13,"max_hp_gain":0,"max_hp_loss":0,"event_name":"Shining Light","floor":4,"gold_loss":0,"cards_upgraded":["Loop","Strike_B"]},{"cards_removed":["Strike_B"],"damage_healed":0,"gold_gain":0,"player_choice":"Card Removal","damage_taken":7,"max_hp_gain":0,"max_hp_loss":0,"event_name":"Golden Wing","floor":6,"gold_loss":0},{"cards_removed":["Defend_B"],"damage_healed":0,"gold_gain":0,"player_choice":"Gave Gold","damage_taken":0,"max_hp_gain":0,"max_hp_loss":0,"event_name":"Beggar","floor":19,"gold_loss":75},{"damage_healed":0,"gold_gain":0,"player_choice":"Ignored","damage_taken":0,"max_hp_gain":0,"max_hp_loss":0,"event_name":"Vampires","floor":20,"gold_loss":0}],"is_beta":false,"boss_relics":[{"not_picked":["Tiny House","SacredBark"],"picked":"Empty Cage"}],"items_purged_floors":[5],"is_endless":false,"potions_floor_spawned":[1,7,11,18],"killed_by":"Book of Stabbing","ascension_level":11}}