{"host":"3oax8yz66k5njorr","time":1611060194,"event":{"mods":["AchievementEnabler","BaseMod","Colored Map","Colored Powertips","DeckTracker","Minty Spire (QoL Compilation)","Rare Cards Sparkle"],"gold_per_floor":[114,114,129,148,166,166,112,129,129,15,30,30,49,61,61,165,165,178,28,48,60,60,87,101,133,133,133,133,147,0,0,0],"floor_reached":31,"language":"KOR","playtime":1608,"items_purged":["Strike_B"],"score":251,"play_id":"c97d7950-ccb6-418d-ad7d-8d97d6a3ddea","local_time":"20210119214314","is_ascension_mode":false,"campfire_choices":[{"data":"Dualcast","floor":6,"key":"SMITH"},{"data":"Defragment","floor":12,"key":"SMITH"},{"data":"Coolheaded","floor":15,"key":"SMITH"},{"floor":27,"key":"REST"}],"circlet_count":0,"master_deck":["Zap","Dualcast+1","Coolheaded+1","BootSequence","Self Repair","Beam Cell","Ball Lightning","Stack","White Noise+1","Defragment+1","Melter","Creative AI","Doom and Gloom","FTL","Thunder Strike","Machine Learning","Rainbow+1","Gash","Hello World","Cold Snap","Consume+1","Capacitor","Steam+1","Conserve Battery+1","Coolheaded+1","Aggregate+1","Hologram+1","Barrage"],"relics":["Cracked Core","NeowsBlessing","Toxic Egg 2","Pandora\u0027s Box","Singing Bowl","Red Mask","PreservedInsect","Regal Pillow"],"acts_visited":["Exordium","TheCity"],"potions_floor_usage":[23,23,25,25,25],"damage_taken":[{"damage":0,"enemies":"2 Louse","floor":1,"turns":1},{"damage":0,"enemies":"Small Slimes","floor":3,"turns":1},{"damage":0,"enemies":"Jaw Worm","floor":4,"turns":1},{"damage":2,"enemies":"Large Slime","floor":5,"turns":8},{"damage":3,"enemies":"3 Louse","floor":8,"turns":2},{"damage":7,"enemies":"Exordium Thugs","floor":11,"turns":4},{"damage":0,"enemies":"Red Slaver","floor":13,"turns":3},{"damage":5,"enemies":"2 Fungi Beasts","floor":14,"turns":3},{"damage":38,"enemies":"The Guardian","floor":16,"turns":12},{"damage":24,"enemies":"3 Byrds","floor":18,"turns":5},{"damage":16,"enemies":"2 Thieves","floor":20,"turns":4},{"damage":20,"enemies":"3 Cultists","floor":21,"turns":5},{"damage":19,"enemies":"Book of Stabbing","floor":23,"turns":7},{"damage":22,"enemies":"Shelled Parasite and Fungi","floor":24,"turns":8},{"damage":13,"enemies":"Masked Bandits","floor":25,"turns":3},{"damage":0,"enemies":"Sentry and Sphere","floor":29,"turns":3},{"damage":29,"enemies":"Snecko","floor":31,"turns":5}],"seed_played":"-8280970545133628672","potions_obtained":[{"floor":1,"key":"Swift Potion"},{"floor":8,"key":"ColorlessPotion"},{"floor":13,"key":"FocusPotion"},{"floor":23,"key":"DuplicationPotion"},{"floor":24,"key":"Weak Potion"}],"is_trial":false,"path_per_floor":["M","?","M","M","M","R","$","M","T","$","M","R","M","M","R","B",null,"M","$","M","M","?","E","M","?","T","R","?","M","$","M"],"character_chosen":"DEFECT","items_purchased":["Ball Lightning","White Noise+1","Consume+1","Capacitor","Regal Pillow"],"campfire_rested":1,"item_purchase_floors":[7,10,19,19,30],"current_hp_per_floor":[75,80,80,80,80,80,80,80,80,80,80,80,80,80,80,49,80,63,63,54,41,41,29,16,3,3,27,27,27,27,0,0],"gold":0,"neow_bonus":"THREE_ENEMY_KILL","is_daily":false,"chose_seed":false,"campfire_upgraded":3,"win_rate":0.0,"timestamp":1611060194,"path_taken":["M","?","M","M","M","R","$","M","T","$","M","R","M","M","R","BOSS","M","$","M","M","?","E","M","?","T","R","?","M","$","M"],"items_purchased_type":["Card","Card","Card","Card","Relic"],"build_version":"2020-12-22","purchased_purges":1,"victory":false,"max_hp_per_floor":[75,80,80,80,80,80,80,80,80,80,80,80,80,80,80,80,80,80,80,80,80,80,80,82,82,82,82,82,82,82,82,82],"card_choices":[{"not_picked":["Blizzard","Rebound"],"picked":"Coolheaded","floor":1},{"not_picked":["Steam Power","Undo"],"picked":"BootSequence","floor":3},{"not_picked":["Fusion","Rebound"],"picked":"Self Repair","floor":4},{"not_picked":["Rebound","Multi-Cast"],"picked":"Beam Cell","floor":5},{"not_picked":["Ball Lightning","Beam Cell"],"picked":"Stack","floor":8},{"not_picked":["White Noise+1","Cold Snap"],"picked":"Defragment","floor":11},{"not_picked":["Redo+1","Ball Lightning"],"picked":"Melter","floor":13},{"not_picked":["Turbo+1","Stack+1","BootSequence+1"],"picked":"SKIP","floor":14},{"not_picked":["Thunder Strike","Seek+1"],"picked":"Creative AI","floor":16},{"not_picked":["Ball Lightning+1","Steam+1"],"picked":"Cold Snap","floor":18},{"not_picked":["Ball Lightning","Beam Cell+1"],"picked":"Steam+1","floor":20},{"not_picked":["Stack+1","Storm"],"picked":"Conserve Battery+1","floor":21},{"not_picked":["Hologram+1","Chill+1"],"picked":"Aggregate+1","floor":23},{"not_picked":["Creative AI","Steam+1","Beam Cell"],"picked":"Singing Bowl","floor":24},{"not_picked":["Genetic Algorithm+1","FTL"],"picked":"Hologram+1","floor":25},{"not_picked":["Redo+1","Turbo+1"],"picked":"Barrage","floor":29}],"player_experience":66569,"relics_obtained":[{"floor":9,"key":"Toxic Egg 2"},{"floor":23,"key":"Singing Bowl"},{"floor":25,"key":"Red Mask"},{"floor":26,"key":"PreservedInsect"}],"event_choices":[{"damage_healed":0,"gold_gain":0,"player_choice":"Donut","damage_taken":0,"max_hp_gain":5,"max_hp_loss":0,"event_name":"Big Fish","floor":2,"gold_loss":0},{"damage_healed":0,"gold_gain":0,"player_choice":"Read","damage_taken":0,"max_hp_gain":0,"max_hp_loss":0,"event_name":"The Library","floor":22,"gold_loss":0,"cards_obtained":["Coolheaded"]},{"damage_healed":0,"gold_gain":0,"player_choice":"Fought Bandits","damage_taken":0,"max_hp_gain":0,"max_hp_loss":0,"event_name":"Masked Bandits","floor":25,"gold_loss":0}],"is_beta":false,"boss_relics":[{"not_picked":["Busted Crown","Snecko Eye"],"picked":"Pandora\u0027s Box"}],"items_purged_floors":[10],"is_endless":false,"potions_floor_spawned":[1,8,13,14,21,23,24],"killed_by":"Snecko","ascension_level":0}}