{"host":"o45pub5gu8r0pufv","time":1611017440,"event":{"mods":["2.2 Compatiblity","Aspiration","Astrologer","BaseMod","Better Altar","Better Match","Better Note","Better Sensory Stone","Better Skull","Better Third Choice","BetterRewards","CCEM","Colored Map","Conspire","Downfall","Energized Spire","Glutton Mod","GungeonMod","Halation","Highlight Path","Hubris","Infinite Spire","Lobotomy","Mad Scientist","Marisa????????","Mimic Mod","Minty Spire (QoL Compilation)","Random Character Button","Rare Cards Sparkle","Shop Mod","Spicy Shops","StSLib","The Bug Knight","The Cursed","The Gatherer","The Runesmith","The Sage","TheFirefly","everything is the same but u backflip on backflip"],"gold_per_floor":[99,99,99,99,109,109,109,127,139,152,152,152],"floor_reached":11,"language":"ENG","playtime":604,"items_purged":[],"score":63,"play_id":"e36f2e95-dcbb-4695-a08e-f18416445702","local_time":"20210118155040","is_ascension_mode":false,"campfire_choices":[{"floor":1,"key":"RECALL"}],"circlet_count":0,"master_deck":["bronze:Strike","bronze:Strike","bronze:Strike","bronze:Strike","bronze:Defend","bronze:Defend","bronze:Defend","bronze:Defend","bronze:Replicate","bronze:Goto","bronze:ClassDefault","Madness","bronze:ForceShield","Regret","bronze:ItsAFeature","bronze:ShipIt","bronze:WildBeam"],"relics":["bronze:BronzeCore","hubris:Towel","halation:PinkSoulGem","conspire:Dentures"],"acts_visited":["Exordium"],"potions_floor_usage":[11],"damage_taken":[{"damage":4,"enemies":"Cultist","floor":5,"turns":5},{"damage":16,"enemies":"Jaw Worm","floor":8,"turns":5},{"damage":7,"enemies":"Small Slimes","floor":9,"turns":6},{"damage":14,"enemies":"2 Fungi Beasts","floor":10,"turns":4},{"damage":35,"enemies":"Gremlin Nob","floor":11,"turns":3}],"seed_played":"7163547569301604402","potions_obtained":[{"floor":8,"key":"Energy Potion"}],"is_trial":false,"path_per_floor":["R","?","?","?","M","?","T","M","M","M","E"],"character_chosen":"THE_AUTOMATON","items_purchased":[],"campfire_rested":0,"item_purchase_floors":[],"current_hp_per_floor":[70,70,70,70,66,66,66,50,43,29,0,0],"gold":152,"neow_bonus":"THREE_CARDS","is_daily":false,"chose_seed":false,"campfire_upgraded":0,"win_rate":0.0,"timestamp":1611017440,"path_taken":["R","?","?","?","M","?","T","?","M","M","E"],"items_purchased_type":[],"build_version":"2020-12-22","purchased_purges":0,"victory":false,"max_hp_per_floor":[70,70,70,70,70,70,70,70,70,70,70,70],"card_choices":[{"not_picked":["bronze:Shield","bronze:Invalidate"],"picked":"bronze:ClassDefault","floor":0},{"not_picked":["PanicButton","sagemod:Refine"],"picked":"Madness","floor":3},{"not_picked":["bronze:WhirlingStrike","bronze:BuggyMess"],"picked":"bronze:ForceShield","floor":5},{"not_picked":["bronze:Boost","bronze:Return"],"picked":"bronze:ItsAFeature","floor":8},{"not_picked":["bronze:FineTuning","bronze:Shield"],"picked":"bronze:ShipIt","floor":9},{"not_picked":["bronze:ForLoop","bronze:Iterate"],"picked":"bronze:WildBeam","floor":10}],"player_experience":797436,"relics_obtained":[],"event_choices":[{"damage_healed":0,"gold_gain":1,"player_choice":"1","damage_taken":0,"max_hp_gain":0,"max_hp_loss":0,"event_name":"betterStone:BetterStone","floor":3,"gold_loss":0},{"damage_healed":0,"gold_gain":0,"player_choice":"Box","damage_taken":0,"relics_obtained":["conspire:Dentures"],"max_hp_gain":0,"max_hp_loss":0,"event_name":"Big Fish","floor":6,"gold_loss":0,"cards_obtained":["Regret"]}],"is_beta":false,"boss_relics":[],"items_purged_floors":[],"is_endless":false,"potions_floor_spawned":[8],"killed_by":"Gremlin Nob","ascension_level":0}}