{"host":"ojezjkpqju62j8xy","time":1611027277,"event":{"mods":["ATMod(°¢èªMod)","Act Like it!","Aspiration","BaseMod","Conspire","Minty Spire (QoL Compilation)","Pale of the Ancients","Replay The Spire","Spicy Shops","StSLib","¡¾ÒÅÎï¿¨ÅÆ¡¿REMEMod","²ÐÁôÖ®Îï"],"gold_per_floor":[109,128,171,171,121,162,162,197,197,197,2,45,64,114,114,194,194,229,229,32,232,470,499,102,31,55,55,86,86,20,60,60,143,543,367,2,202,770,415,415,49,49,49,275,304,545,545,486,486,486,523,562,630,234,234,64,64,15,15,52],"floor_reached":61,"language":"ZHS","playtime":3497,"items_purged":["Regret","Languid","Amnesia","Injury","conspire:NecroticWound","Shame","PlaceholderMod:BaseStrike","PlaceholderMod:BaseDefend","Writhe","conspire:NecroticWound"],"score":2929,"play_id":"71ce9141-dc0a-42d5-8d1b-301744c75153","local_time":"20210119113437","is_ascension_mode":true,"campfire_choices":[{"floor":7.0,"key":"REST"},{"floor":10,"key":"REST"},{"floor":15,"key":"DIG"},{"floor":27,"key":"RECALL"},{"data":"AT_FamilyPortrait","floor":32,"key":"SMITH"},{"data":"conspire:Banana","floor":32,"key":"SMITH"},{"data":"Panache","floor":40,"key":"SMITH"},{"data":"PlaceholderMod:Activation","floor":40,"key":"SMITH"},{"data":"PlaceholderMod:ComplexForm","floor":42,"key":"SMITH"},{"data":"PlaceholderMod:DoublePoint","floor":42,"key":"SMITH"},{"data":"PlaceholderMod:HornyCollision","floor":47,"key":"SMITH"},{"data":"PlaceholderMod:SelfCoupling","floor":47,"key":"SMITH"},{"floor":49,"key":"DIG"},{"data":"PlaceholderMod:PoisonBlast","floor":55,"key":"SMITH"},{"data":"PlaceholderMod:QualitativeChange","floor":55,"key":"SMITH"},{"data":"PlaceholderMod:FastReaction","floor":57,"key":"SMITH"},{"data":"AT_FamilyPortrait","floor":57,"key":"SMITH"}],"circlet_count":0,"master_deck":["AscendersBane","PlaceholderMod:BaseStrike","PlaceholderMod:BaseStrike","PlaceholderMod:BaseDefend","PlaceholderMod:Crystal","PlaceholderMod:PoisonWhip","AT_FamilyPortrait+1","Discovery+1","PlaceholderMod:HardStinger","PlaceholderMod:Internalization+1","PlaceholderMod:NearChange","PlaceholderMod:Stable","conspire:SpireCoStock","PlaceholderMod:UnpureUse","PlaceholderMod:NearChange","PlaceholderMod:Polyp+1","PlaceholderMod:EnergyAbsorb+1","PlaceholderMod:StressReaction","PlaceholderMod:DoublePoint+1","PlaceholderMod:PoisonBlast+1","PlaceholderMod:Colorful","PlaceholderMod:GrowthForm","PlaceholderMod:HardStinger+1","conspire:Banana+1","PlaceholderMod:Crystallization+1","PlaceholderMod:Stable","PlaceholderMod:HornyCollision+1","Panache+1","Enlightenment","AT_FamilyPortrait+1","PlaceholderMod:CycleAttack","PlaceholderMod:Activation+1","PlaceholderMod:UnpureUse+1","ReplayTheSpireMod:Trickstab","PlaceholderMod:SelfCoupling+1","PlaceholderMod:FastReaction+1","PlaceholderMod:ComplexForm+1","PlaceholderMod:StressReaction+1","PlaceholderMod:Stable","PlaceholderMod:Colorful+1","PlaceholderMod:HornyBlast+1","PlaceholderMod:QualitativeChange+1","PlaceholderMod:PoisonBlast+1","PlaceholderMod:HighConcentration+1","ReplayTheSpireMod:IOU","PlaceholderMod:FinalSpray","PlaceholderMod:PoisonBlast"],"relics":["PlaceholderMod:Tancle","AT_ATBox","REME_ComplimentaryCards","Regal Pillow","Pantograph","Thread and Needle","Replay:Wax Seal","Sling","Smiling Mask","aspiration:HummingbirdHeart","AT_ArcaneBoots","REME_DemonsWealth","Juzu Bracelet","Replay:Arrowhead","Strange Spoon","Ring of Fangs","Ring of Fury","Replay:Rubber Ducky","REME_HandOfSuture","AT_ForceNature","PlaceholderMod:SoulofChaos","Blood Vial","Potion Belt","conspire:TopHat","conspire:Flyswatter","ReplayTheSpireMod:ShopPack","PlaceholderMod:Abhoth","Kintsugi","PlaceholderMod:DeVermisMysteriis","Old Coin","ClockworkSouvenir","Shuriken","aspiration:VileToxins","aspiration:ChemicalBlood","PlaceholderMod:EltdownShards","Meat on the Bone","Mercury Hourglass","War Paint","paleoftheancients:Timepiece","paleoftheancients:KeyRelic","Ice Cream","Letter Opener","paleoftheancients:SoulOfTheIroncluck","Replay:Bottled Flurry","REME_CardOfGreed","Pear","Divine Protection","Membership Card","PlaceholderMod:FlatBlood"],"acts_visited":["Exordium","TheCity","TheBeyond","paleoftheancients:PaleOfTheAncients"],"potions_floor_usage":[12,23,23,28,33,33,38,38,48,48,48,52,52,52,60,60,60],"damage_taken":[{"damage":0.0,"enemies":"Jaw Worm","floor":1.0,"turns":3.0},{"damage":2.0,"enemies":"Small Slimes","floor":2.0,"turns":3.0},{"damage":11.0,"enemies":"Gremlin Nob","floor":6.0,"turns":6.0},{"damage":25.0,"enemies":"Lagavulin","floor":8.0,"turns":6.0},{"damage":0,"enemies":"3 Sentries","floor":12,"turns":9},{"damage":0,"enemies":"2 Louse","floor":13,"turns":3},{"damage":0,"enemies":"Gremlin Nob","floor":14,"turns":5},{"damage":3,"enemies":"The Guardian","floor":16,"turns":11},{"damage":0,"enemies":"Chosen","floor":18,"turns":6},{"damage":0,"enemies":"3 Byrds","floor":22,"turns":4},{"damage":14,"enemies":"Gremlin Leader","floor":23,"turns":5},{"damage":1,"enemies":"Book of Stabbing","floor":25,"turns":5},{"damage":0,"enemies":"conspire:Head Lice","floor":28,"turns":3},{"damage":0,"enemies":"conspire:HollyBat","floor":31,"turns":11},{"damage":0,"enemies":"Automaton","floor":33,"turns":7},{"damage":0,"enemies":"3 Darklings","floor":35,"turns":8},{"damage":0,"enemies":"2 Orb Walkers","floor":38,"turns":7},{"damage":0,"enemies":"Nemesis","floor":44,"turns":3},{"damage":0,"enemies":"conspire:MimicChest","floor":45,"turns":3},{"damage":0,"enemies":"3 Shapes","floor":46,"turns":5},{"damage":0,"enemies":"R_Hoarder","floor":48,"turns":6},{"damage":0,"enemies":"Donu and Deca","floor":50,"turns":6},{"damage":0,"enemies":"Donu and Deca","floor":51,"turns":7},{"damage":0,"enemies":"Donu and Deca","floor":52,"turns":6},{"damage":0,"enemies":"Donu and Deca","floor":56,"turns":2},{"damage":0,"enemies":"paleoftheancients:N","floor":60,"turns":4}],"seed_played":"6883479757977965943","potions_obtained":[{"floor":1.0,"key":"PlaceholderMod:PlaceholderPotion"},{"floor":3.0,"key":"Flashbang"},{"floor":6.0,"key":"ColorlessPotion"},{"floor":16,"key":"PlaceholderMod:PlaceholderPotion"},{"floor":18,"key":"Adrenaline Potion"},{"floor":22,"key":"Adrenaline Potion"},{"floor":28,"key":"Strength Potion"},{"floor":33,"key":"Elixir"},{"floor":35,"key":"ColorlessPotion"},{"floor":48,"key":"Dexterity Potion"}],"is_trial":false,"path_per_floor":["M","M","?","?","?","E","R","E","T","R","$","E","M","E","R","B",null,"M","?","$","?","M","E","$","E","T","R","E","T","$","M","R","B",null,"M","$","?","?","$","R","$","R","T","E","?","M","R","E","R","B","M","M","T","$","R","M","R","$","?","B",null],"character_chosen":"THE_PLACEHOLDER","items_purchased":["Replay:Wax Seal","Sling","Juzu Bracelet","Replay:Arrowhead","Strange Spoon","PlaceholderMod:HardStinger+1","conspire:Banana","REME_HandOfSuture","AT_ForceNature","PlaceholderMod:SoulofChaos","AttackPotion","AttackPotion","ReplayTheSpireMod:ShopPack","PlaceholderMod:Abhoth","PlaceholderMod:HornyCollision","PlaceholderMod:DeVermisMysteriis","ReplayTheSpireMod:Trickstab","ClockworkSouvenir","PlaceholderMod:FastReaction","PlaceholderMod:ComplexForm","Shuriken","aspiration:VileToxins","REME_CardOfGreed","Pear","PlaceholderMod:QualitativeChange","PlaceholderMod:PoisonBlast","Divine Protection","SkillPotion","ColorlessPotion","Membership Card","PlaceholderMod:FlatBlood","PlaceholderMod:FinalSpray","PlaceholderMod:PoisonBlast","Swift Potion"],"campfire_rested":2,"item_purchase_floors":[11,11,20,20,20,24,24,24,24,24,24,24,30,30,30,36,36,39,39,39,41,41,54,54,54,54,54,54,54,58,58,58,58,58],"current_hp_per_floor":[81,83,49,23,23,12,52,27,27,67,67,67,67,67,67,82,84,84,84,84,84,84,70,70,69,69,69,72,75,78,82,82,96,96,100,100,103,108,108,108,108,108,108,108,113,115,115,117,117,119,123,125,128,138,138,140,140,140,140,142],"gold":52,"neow_bonus":"TEN_PERCENT_HP_BONUS","is_daily":false,"chose_seed":false,"campfire_upgraded":12,"win_rate":0.0,"timestamp":1611027277,"path_taken":["M","M","?","?","?","E","R","E","T","R","$","E","M","E","R","BOSS","M","?","$","?","M","E","$","E","T","R","E","?","?","M","R","BOSS","M","$","?","?","$","R","$","R","T","E","?","M","R","E","R","BOSS","M","M","?","$","R","M","R","$","?","BOSS"],"items_purchased_type":["Relic","Relic","Relic","Relic","Relic","Card","Card","Relic","Relic","Relic","Potion","Potion","Relic","Relic","Card","Relic","Card","Relic","Card","Card","Relic","Relic","Relic","Relic","Card","Card","Relic","Potion","Potion","Relic","Relic","Card","Card","Potion"],"build_version":"2020-12-22","purchased_purges":10,"victory":true,"max_hp_per_floor":[85,85,85,85,85,85,85,85,85,85,85,85,85,85,85,85,85,85,85,85,85,85,85,85,85,85,85,86,89,92,94,94,96,96,100,100,103,108,108,108,108,108,108,108,113,115,115,117,117,119,123,125,128,138,138,140,140,140,140,142],"card_choices":[{"not_picked":["PlaceholderMod:Stratification","PlaceholderMod:DirectingGroup"],"picked":"PlaceholderMod:HardStinger","floor":1.0},{"not_picked":["PlaceholderMod:ChainPoly","PlaceholderMod:SpinBlade"],"picked":"PlaceholderMod:Internalization","floor":2.0},{"not_picked":["PlaceholderMod:SelectReaction","PlaceholderMod:HardStrike"],"picked":"PlaceholderMod:NearChange","floor":3.0},{"not_picked":["PlaceholderMod:Internalization","PlaceholderMod:SpinBlade"],"picked":"PlaceholderMod:Stable","floor":3.0},{"not_picked":["PlaceholderMod:SevereHeat","PlaceholderMod:HighConcentration"],"picked":"PlaceholderMod:UnpureUse","floor":6.0},{"not_picked":["PlaceholderMod:Internalization","PlaceholderMod:EvolutionSpray"],"picked":"PlaceholderMod:NearChange","floor":8},{"not_picked":["PlaceholderMod:CycleAttack","PlaceholderMod:PoisonExcitation"],"picked":"PlaceholderMod:Polyp","floor":12},{"not_picked":["PlaceholderMod:HornyBlast","PlaceholderMod:HardStrike"],"picked":"PlaceholderMod:EnergyAbsorb","floor":13},{"not_picked":["PlaceholderMod:SevereHeat","PlaceholderMod:HornyBlast"],"picked":"PlaceholderMod:StressReaction","floor":14},{"not_picked":["PlaceholderMod:InnerSoften","PlaceholderMod:CorePoison"],"picked":"PlaceholderMod:DoublePoint","floor":16},{"not_picked":["PlaceholderMod:Sweep","PlaceholderMod:Internalization","Pain"],"picked":"PlaceholderMod:PoisonBlast+1","floor":18},{"not_picked":["PlaceholderMod:UnpureUse","PlaceholderMod:PoisonExcitation","PlaceholderMod:Internalization"],"picked":"Amnesia","floor":22},{"not_picked":["PlaceholderMod:CycleAttack","PlaceholderMod:SpinBlade","Voices"],"picked":"PlaceholderMod:GrowthForm","floor":23},{"not_picked":["PlaceholderMod:Break+1","PlaceholderMod:UnpureUse","ReplayTheSpireMod:Faulty Equipment"],"picked":"PlaceholderMod:Crystallization+1","floor":25},{"not_picked":["PlaceholderMod:TriggerStrike","PlaceholderMod:PoisonAbsorb","ReplayTheSpireMod:Faulty Equipment"],"picked":"PlaceholderMod:Stable","floor":28},{"not_picked":["ReplayTheSpireMod:Brewmster","Midas Touch","AT_BreakingExtremeWeapon"],"picked":"Panache","floor":30},{"not_picked":["Flash of Steel","PanicButton","Mind Blast"],"picked":"Enlightenment","floor":30},{"not_picked":["REME_TheoryOfElimination","Deep Breath","Replay:Sssssssssstrike"],"picked":"AT_FamilyPortrait","floor":30},{"not_picked":["PlaceholderMod:DirectingGroup","PlaceholderMod:TriggerStrike","Normality"],"picked":"PlaceholderMod:CycleAttack","floor":31},{"not_picked":["PlaceholderMod:ReactionCatalyze","PlaceholderMod:AbsorbTouch","ReplayTheSpireMod:Faulty Equipment"],"picked":"PlaceholderMod:Activation","floor":33},{"not_picked":["PlaceholderMod:PoisonExcitation","PlaceholderMod:SprayAttack+1","conspire:Blindness"],"picked":"PlaceholderMod:UnpureUse+1","floor":35},{"not_picked":["PlaceholderMod:Internalization","PlaceholderMod:ProliferateStrike","PlaceholderMod:ConsolidateHit"],"picked":"Shame","floor":38},{"not_picked":["PlaceholderMod:AngryAttack","PlaceholderMod:Package","PlaceholderMod:SpinBlade"],"picked":"ReplayTheSpireMod:IOU","floor":44},{"not_picked":["PlaceholderMod:HornyBlast","PlaceholderMod:PoisonAbsorb+1","Looming Evil"],"picked":"PlaceholderMod:StressReaction+1","floor":45},{"not_picked":["PlaceholderMod:AttackAsDefend","PlaceholderMod:SevereHeat","PlaceholderMod:Turn+1"],"picked":"Writhe","floor":46},{"not_picked":["PlaceholderMod:AttackAsDefend","PlaceholderMod:Internalization","Shame"],"picked":"PlaceholderMod:Stable","floor":48},{"not_picked":["PlaceholderMod:UnpureUse+1","PlaceholderMod:SevereHeat","Decay"],"picked":"PlaceholderMod:Colorful+1","floor":51},{"not_picked":["PlaceholderMod:ThreeBenzyolStart","PlaceholderMod:SevereHeat","Amnesia"],"picked":"PlaceholderMod:HornyBlast+1","floor":52},{"not_picked":["PlaceholderMod:Corrosion","PlaceholderMod:ParasiteChange","Hallucinations"],"picked":"PlaceholderMod:HighConcentration+1","floor":56}],"player_experience":1418907,"relics_obtained":[{"floor":3.0,"key":"Regal Pillow"},{"floor":6.0,"key":"Pantograph"},{"floor":8,"key":"Thread and Needle"},{"floor":12,"key":"Smiling Mask"},{"floor":14,"key":"aspiration:HummingbirdHeart"},{"floor":15,"key":"AT_SpeedBoots"},{"floor":21,"key":"Ring of Fangs"},{"floor":21,"key":"Ring of Fury"},{"floor":23,"key":"Replay:Rubber Ducky"},{"floor":25,"key":"Blood Vial"},{"floor":26,"key":"Potion Belt"},{"floor":28,"key":"conspire:TopHat"},{"floor":29,"key":"conspire:Flyswatter"},{"floor":38,"key":"Old Coin"},{"floor":43,"key":"aspiration:ChemicalBlood"},{"floor":44,"key":"PlaceholderMod:EltdownShards"},{"floor":45,"key":"Meat on the Bone"},{"floor":48,"key":"Mercury Hourglass"},{"floor":49,"key":"War Paint"},{"floor":52,"key":"paleoftheancients:SoulOfTheIroncluck"},{"floor":53,"key":"Replay:Bottled Flurry"}],"event_choices":[{"damage_healed":0.0,"max_hp_gain":0.0,"max_hp_loss":0.0,"gold_gain":0.0,"event_name":"Shining Light","player_choice":"Entered Light","floor":4.0,"gold_loss":0.0,"damage_taken":26.0,"cards_upgraded":["Discovery","PlaceholderMod:Internalization"]},{"damage_healed":0.0,"max_hp_gain":0.0,"max_hp_loss":0.0,"gold_gain":0.0,"event_name":"conspire:Investor","player_choice":"Invest 1","floor":5.0,"gold_loss":0.0,"damage_taken":0.0},{"damage_healed":0,"gold_gain":0,"player_choice":"Read","damage_taken":0,"max_hp_gain":0,"max_hp_loss":0,"event_name":"The Library","floor":19,"gold_loss":0,"cards_obtained":["PlaceholderMod:Colorful"]},{"damage_healed":0,"gold_gain":0,"player_choice":"2 cards matched","damage_taken":0,"max_hp_gain":0,"max_hp_loss":0,"event_name":"Match and Keep!","floor":37,"gold_loss":0,"cards_obtained":["conspire:NecroticWound","PlaceholderMod:SelfCoupling"]},{"damage_healed":0,"gold_gain":0,"player_choice":"Fight","damage_taken":0,"max_hp_gain":0,"max_hp_loss":0,"event_name":"Mysterious Sphere","floor":38,"gold_loss":0}],"is_beta":false,"boss_relics":[{"not_picked":["Replay:Wanted Poster","conspire:RunicOctahedron"],"picked":"REME_DemonsWealth"},{"not_picked":["Sozu","Runic Dome"],"picked":"Kintsugi"}],"items_purged_floors":[20,24,24,36,36,39,41,41,54,58],"is_endless":false,"potions_floor_spawned":[1,6,8,16,18,22,28,33,35,38,48,51],"ascension_level":15}}