{"host":"1cd1aqaox6jesai3","time":1611032797,"event":{"mods":["Act Like it!","Arknights The Spire","Astrologer","Bartender","BaseMod","Colored Powertips","Googly Eyes","Hallownest","Infinite Spire","Mimic Mod","Minty Spire (QoL Compilation)","Replay The Spire","StSLib","The Bladedancer","The Bug Knight","The Construct","The Factory","The Hierophant"],"gold_per_floor":[115,126,126,72,82,109,109,141,141,156,156,175,198,121,121,121,121],"floor_reached":16,"language":"ENG","playtime":988,"items_purged":[],"score":112,"play_id":"8797f190-c31a-45a2-a174-953c231a40b5","local_time":"20210119000637","is_ascension_mode":false,"campfire_choices":[{"floor":7,"key":"DIG"},{"floor":15,"key":"REST"}],"circlet_count":0,"master_deck":["blademaster:Strike","blademaster:Strike","blademaster:Strike","blademaster:Strike","blademaster:Defend","blademaster:Defend","blademaster:Defend","blademaster:HighVoltage","blademaster:Reversal","blademaster:ParryingStrike","blademaster:AspectOfWind","blademaster:Momentum","blademaster:AspectOfLightning","blademaster:CombatPrep","blademaster:EyeOfTheStorm","blademaster:ParryingStrike","blademaster:Blockade","blademaster:Overcharge"],"relics":["Empty Cage","Replay:Multitool","Replay:Accelerometer","Iron Hammer","Blood Vial","Bottled Tornado","Golden Idol"],"acts_visited":["Exordium"],"potions_floor_usage":[12,16,16],"damage_taken":[{"damage":1,"enemies":"Jaw Worm","floor":1,"turns":5},{"damage":25,"enemies":"infinitespire:Voidling","floor":2,"turns":5},{"damage":5,"enemies":"Cultist","floor":5,"turns":5},{"damage":24,"enemies":"HollowMod:MossKnight","floor":6,"turns":14},{"damage":8,"enemies":"3 Sentries","floor":8,"turns":5},{"damage":7,"enemies":"Large Slime","floor":10,"turns":4},{"damage":2,"enemies":"Exordium Wildlife","floor":12,"turns":2},{"damage":12,"enemies":"Blue Slaver","floor":13,"turns":3},{"damage":54,"enemies":"Fading Forest","floor":16,"turns":7}],"seed_played":"-2256682509424315571","potions_obtained":[{"floor":2,"key":"Energy Potion"},{"floor":8,"key":"PowerPotion"},{"floor":12,"key":"Elixir"},{"floor":13,"key":"Block Potion"}],"is_trial":false,"path_per_floor":["M","M","?","$","M","E","R","E","T","M","?","M","M","$","R","B"],"character_chosen":"THE_BLADEMASTER","items_purchased":["blademaster:AspectOfWind","blademaster:Overcharge"],"campfire_rested":1,"item_purchase_floors":[4,14],"current_hp_per_floor":[74,53,53,53,48,24,24,16,16,17,17,23,19,19,39,0,0],"gold":121,"neow_bonus":"BOSS_RELIC","is_daily":false,"chose_seed":false,"campfire_upgraded":0,"win_rate":0.0,"timestamp":1611032797,"path_taken":["M","M","?","$","M","E","R","E","T","?","?","M","M","?","R","BOSS"],"items_purchased_type":["Card","Card"],"build_version":"2020-12-22","purchased_purges":0,"victory":false,"max_hp_per_floor":[75,75,75,75,75,75,75,75,75,75,69,69,69,69,69,69,69],"card_choices":[{"not_picked":["blademaster:ChargingUp","blademaster:Thrust"],"picked":"blademaster:Reversal","floor":1},{"not_picked":["blademaster:AwakeningStrike","blademaster:Stability"],"picked":"blademaster:ParryingStrike","floor":2},{"not_picked":["blademaster:ThreePointStrike","blademaster:Havoc"],"picked":"blademaster:Momentum","floor":5},{"not_picked":["blademaster:CullingStrike","blademaster:Quickness"],"picked":"blademaster:AspectOfLightning","floor":6},{"not_picked":["blademaster:AspectOfWind","blademaster:Frontflip"],"picked":"blademaster:CombatPrep","floor":8},{"not_picked":["blademaster:AwakeningStrike","blademaster:AspectOfWind"],"picked":"blademaster:EyeOfTheStorm","floor":10},{"not_picked":["blademaster:Safeguard","blademaster:AwakeningDefend"],"picked":"blademaster:ParryingStrike","floor":12},{"not_picked":["blademaster:Flurry","blademaster:AspectOfLightning"],"picked":"blademaster:Blockade","floor":13}],"player_experience":174175,"relics_obtained":[{"floor":6,"key":"Replay:Accelerometer"},{"floor":6,"key":"blademaster:RandomBladePerk"},{"floor":7,"key":"Iron Hammer"},{"floor":8,"key":"Blood Vial"},{"floor":8,"key":"blademaster:StanceHealPerk"},{"floor":9,"key":"Bottled Tornado"}],"event_choices":[{"damage_healed":0,"gold_gain":0,"player_choice":"Gave Potion","damage_taken":0,"relics_obtained":["Replay:Multitool"],"max_hp_gain":0,"max_hp_loss":0,"event_name":"WeMeetAgain","floor":3,"gold_loss":0},{"damage_healed":0,"gold_gain":0,"player_choice":"Lose Max HP","damage_taken":0,"relics_obtained":["Golden Idol"],"max_hp_gain":0,"max_hp_loss":6,"event_name":"Golden Idol","floor":11,"gold_loss":0}],"is_beta":false,"boss_relics":[],"items_purged_floors":[],"is_endless":false,"potions_floor_spawned":[2,8,12,13],"killed_by":"Fading Forest","ascension_level":0}}