{"host":"nii9k1idymerq4qj","time":1611047514,"event":{"mods":["Act Like it!","Arknights The Spire","BaseMod","Colored Powertips","Minty Spire (QoL Compilation)","Remilia£®¿Ÿ√◊¿Ú—«£©","Replay The Spire","StSLib","Waifu the Spire","Yuyuko"],"gold_per_floor":[113,38,55,71,82,108,108,134,134,134,151,169,119,151,151,254,254,272,292,37,53,66,66,99,99,122,149,64,64,95,108,108,209,209,219,234,253,263,280,280,332,347,347,378,397,423,443,13,13,13],"floor_reached":51,"language":"ZHS","playtime":5237,"items_purged":["Strike_RM","Defend_RM","Defend_RM"],"score":943,"play_id":"fe51ec1c-8b5b-4b5e-8adf-d4940d7c427c","local_time":"20210119171154","is_ascension_mode":true,"campfire_choices":[{"floor":7,"key":"REST"},{"data":"ScarletImprint","floor":10,"key":"SMITH"},{"data":"BloodAndWine","floor":15,"key":"SMITH"},{"floor":23,"key":"REST"},{"data":"BloodySeventeenLaser","floor":25,"key":"SMITH"},{"data":"ForecastOfChange","floor":32,"key":"SMITH"},{"data":"Stigmanizer","floor":32,"key":"SMITH"},{"data":"ScarletImprint","floor":40,"key":"SMITH"},{"data":"UnderTheZenith","floor":40,"key":"SMITH"},{"data":"RedMoon","floor":49,"key":"SMITH"},{"data":"BloodyCatastrophe","floor":49,"key":"SMITH"}],"circlet_count":0,"master_deck":["Strike_RM","Strike_RM","RedMoon+1","ScarletImprint+1","Stigmanizer+1","DiffusionOfMisfortune+1","UnderTheZenith+1","BloodySeventeenLaser+1","RedRainbow+1","BloodAndWine+1","ForecastOfChange+1","ScarletNetherworld+1","BloodyCatastrophe+1","ChainGang+1","BloodyCatastrophe+1","BloodRain+1","ScarletDevil","UnstableMagic+1","TransientEternity","ScarletDream+1","ScarletImprint+1","ScarletSymphony+1","LeisurelyOfLord+1"],"relics":["ScarletHat","Bag of Preparation","Simple Rune","HornCleat","Durian","Pondfish Scales","ScarletEmblem","Gremlin Food","Blood Vial","Oddly Smooth Stone","Whetstone","Replay:Arrowhead","Kunai","Astrolabe","Molten Egg 2","ReplayTheSpireMod:Ninjato","Sundial","ReplayTheSpireMod:TigerMarble","Juzu Bracelet"],"acts_visited":["Exordium","TheCity","TheBeyond"],"potions_floor_usage":[16,24,33,33,33],"damage_taken":[{"damage":0,"enemies":"Jaw Worm","floor":1,"turns":4},{"damage":5,"enemies":"Small Slimes","floor":3,"turns":5},{"damage":0,"enemies":"2 Louse","floor":4,"turns":4},{"damage":37,"enemies":"Gremlin Gang","floor":5,"turns":5},{"damage":25,"enemies":"Gremlin Nob","floor":6,"turns":5},{"damage":7,"enemies":"3 Sentries","floor":8,"turns":10},{"damage":0,"enemies":"3 Louse","floor":11,"turns":4},{"damage":1,"enemies":"Exordium Thugs","floor":12,"turns":5},{"damage":0,"enemies":"Gremlin Nob","floor":14,"turns":3},{"damage":45,"enemies":"Slime Boss","floor":16,"turns":15},{"damage":0,"enemies":"2 Thieves","floor":18,"turns":3},{"damage":3,"enemies":"Chosen","floor":19,"turns":5},{"damage":0,"enemies":"Centurion and Healer","floor":21,"turns":4},{"damage":6,"enemies":"Snake Plant","floor":22,"turns":3},{"damage":3,"enemies":"Gremlin Leader","floor":24,"turns":6},{"damage":3,"enemies":"Book of Stabbing","floor":27,"turns":4},{"damage":12,"enemies":"Slavers","floor":30,"turns":4},{"damage":0,"enemies":"Snecko","floor":31,"turns":4},{"damage":22,"enemies":"Pondfish","floor":33,"turns":11},{"damage":3,"enemies":"Orb Walker","floor":35,"turns":2},{"damage":3,"enemies":"3 Darklings","floor":36,"turns":3},{"damage":8,"enemies":"Transient","floor":37,"turns":5},{"damage":8,"enemies":"Sphere and 2 Shapes","floor":38,"turns":2},{"damage":7,"enemies":"4 Shapes","floor":39,"turns":3},{"damage":7,"enemies":"R_Hoarder","floor":41,"turns":4},{"damage":4,"enemies":"3 Darklings","floor":42,"turns":1},{"damage":14,"enemies":"Giant Head","floor":44,"turns":2},{"damage":22,"enemies":"Transient","floor":45,"turns":3},{"damage":2,"enemies":"R_Hoarder","floor":46,"turns":3},{"damage":4,"enemies":"4 Shapes","floor":47,"turns":1},{"damage":18,"enemies":"Replay:Hell Engine","floor":50,"turns":1}],"seed_played":"4240865360598776955","potions_obtained":[{"floor":5,"key":"FearPotion"},{"floor":6,"key":"SpeedPotion"},{"floor":11,"key":"Block Potion"},{"floor":16,"key":"Swift Potion"},{"floor":18,"key":"Ancient Potion"},{"floor":24,"key":"Regen Potion"},{"floor":27,"key":"Elixir"},{"floor":33,"key":"Cursed Concoction"},{"floor":38,"key":"SpeedPotion"},{"floor":39,"key":"SmokeBomb"},{"floor":42,"key":"Fruit Juice"},{"floor":44,"key":"Weak Potion"}],"is_trial":false,"path_per_floor":["M","$","M","M","M","E","R","E","T","R","M","M","?","E","R","B",null,"M","M","$","M","M","R","E","R","T","E","?","?","E","M","R","B",null,"M","M","M","M","M","R","E","M","T","E","M","E","M","$","R","B",null],"character_chosen":"REMILIA","items_purchased":["Gremlin Food","ReplayTheSpireMod:TigerMarble","Juzu Bracelet"],"campfire_rested":2,"item_purchase_floors":[20,48,48],"current_hp_per_floor":[75,75,70,72,37,18,40,36,41,41,41,40,40,44,44,14,80,80,77,77,77,74,80,78,78,78,78,78,78,70,76,76,79,80,77,76,75,74,75,75,77,75,75,80,80,80,79,79,79,80],"gold":13,"neow_bonus":"RANDOM_COMMON_RELIC","is_daily":false,"chose_seed":false,"campfire_upgraded":9,"win_rate":0.0,"timestamp":1611047514,"path_taken":["M","$","M","M","M","E","R","E","T","R","M","M","?","E","R","BOSS","M","M","$","M","M","R","E","R","T","E","?","?","E","?","R","BOSS","M","M","M","M","?","R","E","M","T","E","M","E","M","$","R","BOSS"],"items_purchased_type":["Relic","Relic","Relic"],"build_version":"2020-12-22","purchased_purges":3,"victory":true,"max_hp_per_floor":[75,75,75,75,75,75,75,75,80,80,80,80,80,80,80,80,80,80,80,80,80,80,80,80,80,80,80,80,80,80,80,80,80,80,80,80,80,80,80,80,80,80,80,80,80,80,80,80,80,80],"card_choices":[{"not_picked":["EndlessAdversity","StarOfDavid"],"picked":"ScarletImprint","floor":1},{"not_picked":["SuperhumanBloodyKnife","Maim"],"picked":"Stigmanizer","floor":3},{"not_picked":["BombardNight","RedMagic","MastersStateliness"],"picked":"SKIP","floor":4},{"not_picked":["UnderTheZenith","ForbiddenFruit"],"picked":"DiffusionOfMisfortune","floor":5},{"not_picked":["BloodyTrap","CharismaGuard"],"picked":"UnderTheZenith","floor":6},{"not_picked":["Ultimatum","EndlessAdversity"],"picked":"BloodySeventeenLaser","floor":8},{"not_picked":["ScarletDream","DiffusionOfMisfortune","MastersStateliness"],"picked":"SKIP","floor":11},{"not_picked":["EndlessAdversity","DevilSight"],"picked":"RedRainbow","floor":12},{"not_picked":["EndlessAdversity","UnderTheZenith"],"picked":"BloodAndWine","floor":14},{"not_picked":["ChaoticDestiny","KillingBlow"],"picked":"ForecastOfChange","floor":16},{"not_picked":["MillenniumVampire","AfternoonTea","VampireSweep"],"picked":"SKIP","floor":18},{"not_picked":["EndlessAdversity+1","StarOfDavid","MillenniumVampire"],"picked":"SKIP","floor":19},{"not_picked":["EternalNight","BloodHunter+1","ReincarnationDial"],"picked":"SKIP","floor":21},{"not_picked":["EternalNight+1","CharismaGuard","ScarletImprint"],"picked":"SKIP","floor":22},{"not_picked":["EndlessAdversity","Stigmanizer","MillenniumVampire"],"picked":"SKIP","floor":24},{"not_picked":["MastersStateliness","RedRainbow"],"picked":"ScarletNetherworld+1","floor":27},{"not_picked":["ScarletImprint","ScarletDevilSign+1","EternalNight"],"picked":"SKIP","floor":30},{"not_picked":["RedMagic","AfternoonTea","NightDance"],"picked":"SKIP","floor":31},{"not_picked":["ChaoticDestiny","TricksterDevil"],"picked":"BloodyCatastrophe","floor":33},{"not_picked":["Stigmanizer+1","UnderTheZenith"],"picked":"ScarletDevil","floor":35},{"not_picked":["RedNightlessCastle+1","FavorOfDestiny+1"],"picked":"UnstableMagic+1","floor":36},{"not_picked":["ScarletImprint","ScarletDevilSign"],"picked":"TransientEternity","floor":37},{"not_picked":["BlasphemousPunishment+1","NightDance+1"],"picked":"ScarletDream+1","floor":38},{"not_picked":["LeisurelyOfLord","VampireKiss+1"],"picked":"ScarletImprint","floor":39},{"not_picked":["BloodySeventeenLaser+1","UnderTheZenith","BadLadyScramble+1"],"picked":"SKIP","floor":41},{"not_picked":["ScarletDevilSign+1","ScarletDevil+1","BloodyMagicSquare"],"picked":"SKIP","floor":42},{"not_picked":["DiffusionOfMisfortune+1","RedNightlessCastle+1"],"picked":"ScarletSymphony+1","floor":44},{"not_picked":["CharismaGuard+1","NightDance+1","MiserableFate+1"],"picked":"SKIP","floor":45},{"not_picked":["AfternoonTea+1","HeartBreak+1"],"picked":"LeisurelyOfLord+1","floor":46},{"not_picked":["BadLadyScramble+1","BloodHunter","BloodyTrap+1"],"picked":"SKIP","floor":47}],"player_experience":112354,"relics_obtained":[{"floor":6,"key":"Simple Rune"},{"floor":8,"key":"HornCleat"},{"floor":9,"key":"Durian"},{"floor":14,"key":"Pondfish Scales"},{"floor":24,"key":"Blood Vial"},{"floor":26,"key":"Oddly Smooth Stone"},{"floor":27,"key":"Whetstone"},{"floor":30,"key":"Kunai"},{"floor":41,"key":"Molten Egg 2"},{"floor":43,"key":"ReplayTheSpireMod:Ninjato"},{"floor":46,"key":"Sundial"}],"event_choices":[{"cards_removed":["Strike_RM"],"damage_healed":0,"gold_gain":0,"player_choice":"Card Removal","damage_taken":0,"max_hp_gain":0,"max_hp_loss":0,"event_name":"The Cleric","floor":13,"gold_loss":50},{"damage_healed":0,"gold_gain":0,"player_choice":"Obtained Relic","damage_taken":0,"relics_obtained":["Replay:Arrowhead"],"max_hp_gain":0,"max_hp_loss":0,"event_name":"Addict","floor":28,"gold_loss":85},{"damage_healed":0,"gold_gain":0,"cards_transformed":["Defend_RM"],"player_choice":"Transformed","damage_taken":0,"max_hp_gain":0,"max_hp_loss":0,"event_name":"Transmorgrifier","floor":29,"gold_loss":0,"cards_obtained":["Ultimatum"]}],"is_beta":false,"boss_relics":[{"not_picked":["Philosopher\u0027s Stone","Replay:Drink Me"],"picked":"ScarletEmblem"},{"not_picked":["Calling Bell","Runic Pyramid"],"picked":"Astrolabe"}],"items_purged_floors":[2,20,48],"is_endless":false,"potions_floor_spawned":[5,6,11,12,16,18,24,27,30,38,39,42,44,45],"ascension_level":1}}