{"host":"sc0o2qwpf9j16a4i","time":1611064072,"event":{"mods":["AchievementEnabler","BaseMod","BetterRewards","Block Reminder","Colored Map","Colored Powertips","Custom Start","Highlight Path","Minty Spire (QoL Compilation)","Relic Stats"],"gold_per_floor":[116,131,151,151,167,167,198,198,198,209,7,0,29,29,29,105,105,122,122,134,147,147,147,147,147,198,198,224,18,18,35,35,112,112,129,129,129,147,147,147,163,163,217,217,217],"floor_reached":44,"language":"ENG","playtime":1588,"items_purged":[],"score":1243,"play_id":"349b6acf-c4f5-47c8-97ec-1ec69375bec5","local_time":"20210119154752","is_ascension_mode":true,"campfire_choices":[{"floor":6.0,"key":"REST"},{"floor":8.0,"key":"REST"},{"data":"Noxious Fumes","floor":15.0,"key":"SMITH"},{"floor":23.0,"key":"REST"},{"floor":25.0,"key":"REST"},{"data":"A Thousand Cuts","floor":27.0,"key":"SMITH"},{"floor":32.0,"key":"REST"},{"floor":40.0,"key":"REST"}],"circlet_count":0,"master_deck":["AscendersBane","Survivor","Caltrops","Flying Knee","Deadly Poison","Infinite Blades+1","Catalyst+1","Backflip","Adrenaline","Dash","Noxious Fumes+1","Burst","Escape Plan","A Thousand Cuts+1","Backflip","Dagger Spray","Skewer","Die Die Die","Tactician","Deadly Poison","Calculated Gamble+1","Blade Dance+1","PiercingWail","Acrobatics","Sucker Punch","Concentrate","Deflect","Catalyst","PiercingWail","Tactician","Ghostly","Ghostly","Ghostly","Footwork","Corpse Explosion","Acrobatics","Panache","Bandage Up","Forethought","Envenom"],"relics":["Lee\u0027s Waffle","StoneCalendar","Lantern","Oddly Smooth Stone","Chemical X","Gremlin Horn","Pandora\u0027s Box","Nloth\u0027s Gift","Toy Ornithopter","Tiny Chest","Orrery","Runic Pyramid","Toxic Egg 2","Molten Egg 2"],"acts_visited":["Exordium","TheCity","TheBeyond"],"potions_floor_usage":[],"damage_taken":[{"damage":4.0,"enemies":"Small Slimes","floor":1.0,"turns":4.0},{"damage":0.0,"enemies":"Jaw Worm","floor":2.0,"turns":5.0},{"damage":0.0,"enemies":"2 Louse","floor":3.0,"turns":5.0},{"damage":15.0,"enemies":"Gremlin Gang","floor":5.0,"turns":5.0},{"damage":36.0,"enemies":"Gremlin Nob","floor":7.0,"turns":4.0},{"damage":0.0,"enemies":"Looter","floor":10.0,"turns":3.0},{"damage":2.0,"enemies":"3 Sentries","floor":13.0,"turns":7.0},{"damage":6.0,"enemies":"Hexaghost","floor":16.0,"turns":8.0},{"damage":8.0,"enemies":"3 Byrds","floor":18.0,"turns":3.0},{"damage":16.0,"enemies":"Spheric Guardian","floor":20.0,"turns":4.0},{"damage":25.0,"enemies":"Snecko","floor":21.0,"turns":5.0},{"damage":39.0,"enemies":"Slavers","floor":28.0,"turns":6.0},{"damage":18.0,"enemies":"Centurion and Healer","floor":31.0,"turns":7.0},{"damage":19.0,"enemies":"Champ","floor":33.0,"turns":11.0},{"damage":0.0,"enemies":"3 Shapes","floor":35.0,"turns":3.0},{"damage":17.0,"enemies":"Orb Walker","floor":38.0,"turns":4.0},{"damage":22.0,"enemies":"Transient","floor":41.0,"turns":6.0},{"damage":15,"enemies":"Sphere and 2 Shapes","floor":44,"turns":3}],"seed_played":"-7209441972316311917","potions_obtained":[{"floor":1.0,"key":"DuplicationPotion"},{"floor":5.0,"key":"BlessingOfTheForge"},{"floor":10.0,"key":"SpeedPotion"},{"floor":16.0,"key":"SkillPotion"},{"floor":28.0,"key":"GhostInAJar"},{"floor":31.0,"key":"LiquidMemories"},{"floor":33.0,"key":"Energy Potion"}],"is_trial":false,"path_per_floor":["M","M","M","?","M","R","E","R","T","M","$","?","E","?","R","B",null,"M","?","M","M","?","R","?","R","T","R","E","$","?","M","R","B",null,"M","?","?","M","T","R","M","?","T","M"],"character_chosen":"THE_SILENT","items_purchased":["Lee\u0027s Waffle","StoneCalendar","Caltrops","Flying Knee","Noxious Fumes","Chemical X","Orrery","Tactician"],"campfire_rested":6,"item_purchase_floors":[0,0,0,0,11,11,29,29],"current_hp_per_floor":[69,69,69,47,32,53,17,38,38,38,38,38,36,41,41,35,67,59,59,43,18,18,41,41,64,64,64,25,25,25,7,18,4,30,30,30,20,17,17,28,10,10,10,0,0],"gold":217,"neow_bonus":"","is_daily":false,"chose_seed":false,"campfire_upgraded":2,"win_rate":0.0,"timestamp":1611064072,"path_taken":["M","M","M","?","M","R","E","R","T","M","$","?","E","?","R","BOSS","M","?","?","M","?","R","?","R","T","R","E","$","?","M","R","BOSS","M","?","?","M","?","R","M","?","T","M"],"items_purchased_type":["Relic","Relic","Card","Card","Card","Relic","Relic","Card"],"build_version":"2020-12-22","purchased_purges":0,"victory":false,"max_hp_per_floor":[73,73,73,73,73,73,73,73,73,73,73,73,73,78,78,78,78,78,78,78,78,78,78,78,78,78,78,78,78,39,39,39,39,39,39,39,39,39,39,39,39,39,39,39,39],"relic_stats":{"Lee\u0027s Waffle":34,"Gremlin Horn":[5,5],"counters":[68,377],"StoneCalendar":[96],"Pandora\u0027s Box":["Escape Plan","A Thousand Cuts","Backflip","Dagger Spray","Accuracy","Underhanded Strike","Skewer","Die Die Die","Tactician","Deadly Poison"],"Tiny Chest":1,"Nloth\u0027s Gift":2,"Chemical X":[11],"obtain_stats":[{"TwistedFunnel":0,"Regal Pillow":9,"Lantern":7,"Gremlin Horn":12,"Mango":28,"StoneCalendar":0,"Bag of Preparation":11,"Whetstone":13,"Boot":20,"Sling":0,"Ninja Scroll":14,"Tiny Chest":30,"MealTicket":0,"WingedGreaves":7,"Chemical X":11,"Toxic Egg 2":39,"Ring of the Snake":0,"Runic Pyramid":34,"Lee\u0027s Waffle":0,"NeowsBlessing":0,"Happy Flower":26,"Golden Idol":13,"Blue Candle":9,"Astrolabe":17,"Velvet Choker":17,"Oddly Smooth Stone":9,"Eternal Feather":28,"Omamori":11,"Letter Opener":7,"War Paint":6,"MawBank":7,"Akabeko":4,"WarpedTongs":29,"Du-Vu Doll":12,"Shuriken":9,"Bloody Idol":22,"Bronze Scales":9,"Orrery":29,"Pandora\u0027s Box":17,"Molten Egg 2":42,"Turnip":9,"Nloth\u0027s Gift":19,"Bottled Lightning":29,"Toy Ornithopter":24},{"TwistedFunnel":20,"Regal Pillow":39,"Lantern":55,"Gremlin Horn":17,"Mango":10,"StoneCalendar":50,"Bag of Preparation":5,"Whetstone":41,"Boot":8,"Sling":13,"Ninja Scroll":19,"Tiny Chest":11,"MealTicket":13,"WingedGreaves":4,"Chemical X":56,"Toxic Egg 2":66,"Ring of the Snake":0,"Runic Pyramid":64,"Lee\u0027s Waffle":50,"NeowsBlessing":0,"Happy Flower":9,"Golden Idol":5,"Blue Candle":15,"Astrolabe":43,"Velvet Choker":6,"Oddly Smooth Stone":55,"Eternal Feather":47,"Omamori":32,"Letter Opener":24,"War Paint":15,"MawBank":38,"Akabeko":22,"WarpedTongs":10,"Du-Vu Doll":33,"Shuriken":32,"Bloody Idol":8,"Bronze Scales":25,"Orrery":62,"Pandora\u0027s Box":58,"Molten Egg 2":67,"Turnip":4,"Nloth\u0027s Gift":59,"Bottled Lightning":48,"Toy Ornithopter":9},{"TwistedFunnel":130,"Regal Pillow":220,"Lantern":307,"Gremlin Horn":111,"Mango":53,"StoneCalendar":284,"Bag of Preparation":18,"Whetstone":225,"Boot":40,"Sling":86,"Ninja Scroll":121,"Tiny Chest":62,"MealTicket":86,"WingedGreaves":11,"Chemical X":310,"Toxic Egg 2":368,"Ring of the Snake":0,"Runic Pyramid":361,"Lee\u0027s Waffle":284,"NeowsBlessing":0,"Happy Flower":47,"Golden Idol":18,"Blue Candle":97,"Astrolabe":239,"Velvet Choker":28,"Oddly Smooth Stone":307,"Eternal Feather":267,"Omamori":199,"Letter Opener":149,"War Paint":97,"MawBank":218,"Akabeko":142,"WarpedTongs":53,"Du-Vu Doll":204,"Shuriken":199,"Bloody Idol":40,"Bronze Scales":153,"Orrery":343,"Pandora\u0027s Box":325,"Molten Egg 2":374,"Turnip":11,"Nloth\u0027s Gift":328,"Bottled Lightning":273,"Toy Ornithopter":47}],"Toy Ornithopter":20},"card_choices":[{"not_picked":["Quick Slash","Slice"],"picked":"Deadly Poison","floor":1.0},{"not_picked":["Reflex","Choke"],"picked":"Infinite Blades","floor":2.0},{"not_picked":["Acrobatics","Sucker Punch"],"picked":"Catalyst","floor":3.0},{"not_picked":["Bane","Outmaneuver"],"picked":"Backflip","floor":5.0},{"not_picked":["Dodge and Roll","Concentrate"],"picked":"Adrenaline","floor":7.0},{"not_picked":["Deflect","Dagger Spray"],"picked":"Dash","floor":10.0},{"not_picked":["Dagger Spray","Acrobatics","Choke"],"picked":"SKIP","floor":13.0},{"not_picked":["Doppelganger","Glass Knife"],"picked":"Burst","floor":16.0},{"not_picked":["Sucker Punch","Flying Knee"],"picked":"Calculated Gamble+1","floor":18.0},{"not_picked":["Concentrate+1","Quick Slash"],"picked":"Blade Dance+1","floor":20.0},{"not_picked":["Deflect+1","Concentrate"],"picked":"PiercingWail","floor":21.0},{"not_picked":["Distraction","Sucker Punch+1"],"picked":"Concentrate","floor":28.0},{"not_picked":["Skewer","Masterful Stab+1"],"picked":"Crippling Poison","floor":29.0},{"not_picked":["A Thousand Cuts","Riddle With Holes"],"picked":"Deflect","floor":29.0},{"not_picked":["Deadly Poison","Flying Knee"],"picked":"Catalyst","floor":29.0},{"not_picked":["Heel Hook","Bane"],"picked":"PiercingWail","floor":29.0},{"not_picked":["Doppelganger","Well Laid Plans+1"],"picked":"Footwork","floor":31.0},{"not_picked":["Grand Finale","Doppelganger"],"picked":"Corpse Explosion","floor":33.0},{"not_picked":["Underhanded Strike","Dagger Spray"],"picked":"Acrobatics","floor":35.0},{"not_picked":["PanicButton","Magnetism"],"picked":"Panache","floor":37.0},{"not_picked":["Trip","Jack Of All Trades"],"picked":"Bandage Up","floor":37.0},{"not_picked":["Metamorphosis","Sadistic Nature"],"picked":"Forethought","floor":37.0},{"not_picked":["Well Laid Plans","Deadly Poison","Underhanded Strike"],"picked":"SKIP","floor":38.0},{"not_picked":["Well Laid Plans","Skewer+1"],"picked":"Envenom","floor":41.0}],"player_experience":746862,"relics_obtained":[{"floor":7.0,"key":"Lantern"},{"floor":9.0,"key":"Oddly Smooth Stone"},{"floor":13.0,"key":"Gremlin Horn"},{"floor":26.0,"key":"Toy Ornithopter"},{"floor":28.0,"key":"Tiny Chest"},{"floor":39.0,"key":"Toxic Egg 2"}],"event_choices":[{"damage_healed":0.0,"max_hp_gain":0.0,"max_hp_loss":0.0,"gold_gain":0.0,"event_name":"Shining Light","player_choice":"Entered Light","floor":4.0,"gold_loss":0.0,"damage_taken":22.0,"cards_upgraded":["Catalyst","Infinite Blades"]},{"damage_healed":0.0,"max_hp_gain":0.0,"max_hp_loss":0.0,"gold_gain":0.0,"event_name":"World of Goop","player_choice":"Left Gold","floor":12.0,"gold_loss":7.0,"damage_taken":0.0},{"damage_healed":0.0,"max_hp_gain":5.0,"max_hp_loss":0.0,"gold_gain":0.0,"event_name":"Big Fish","player_choice":"Donut","floor":14.0,"gold_loss":0.0,"damage_taken":0.0},{"damage_healed":0.0,"max_hp_gain":0.0,"max_hp_loss":0.0,"gold_gain":0.0,"event_name":"N\u0027loth","player_choice":"Traded Relic","floor":19.0,"relics_lost":["Ring of the Snake"],"gold_loss":0.0,"damage_taken":0.0,"relics_obtained":["Nloth\u0027s Gift"]},{"damage_healed":0.0,"max_hp_gain":0.0,"max_hp_loss":0.0,"gold_gain":0.0,"event_name":"The Mausoleum","player_choice":"Ignored","floor":22.0,"gold_loss":0.0,"damage_taken":0.0},{"damage_healed":0.0,"max_hp_gain":0.0,"max_hp_loss":0.0,"gold_gain":0.0,"cards_transformed":["Underhanded Strike","Accuracy"],"event_name":"Drug Dealer","player_choice":"Became Test Subject","floor":24.0,"gold_loss":0.0,"damage_taken":0.0,"cards_obtained":["Acrobatics","Sucker Punch"]},{"damage_healed":0.0,"max_hp_gain":0.0,"max_hp_loss":39.0,"gold_gain":0.0,"event_name":"Ghosts","player_choice":"Became a Ghost","floor":30.0,"gold_loss":0.0,"damage_taken":0.0,"cards_obtained":["Ghostly","Ghostly","Ghostly"]},{"cards_removed":["Neutralize"],"damage_healed":0.0,"max_hp_gain":0.0,"max_hp_loss":0.0,"gold_gain":0.0,"event_name":"Falling","player_choice":"Removed Attack","floor":36.0,"gold_loss":0.0,"damage_taken":0.0},{"damage_healed":0.0,"max_hp_gain":0.0,"max_hp_loss":0.0,"gold_gain":0.0,"event_name":"SensoryStone","player_choice":"Memory 3","floor":37.0,"gold_loss":0.0,"damage_taken":10.0},{"cards_removed":["Crippling Poison"],"damage_healed":0.0,"max_hp_gain":0.0,"max_hp_loss":0.0,"gold_gain":0.0,"event_name":"WeMeetAgain","player_choice":"Gave Card","floor":42.0,"gold_loss":0.0,"damage_taken":0.0,"relics_obtained":["Molten Egg 2"]}],"is_beta":false,"boss_relics":[{"not_picked":["HoveringKite","Black Star"],"picked":"Pandora\u0027s Box"},{"not_picked":["Runic Dome","Coffee Dripper"],"picked":"Runic Pyramid"}],"items_purged_floors":[],"is_endless":false,"potions_floor_spawned":[1,5,10,16,28,31,33,35],"killed_by":"Sphere and 2 Shapes","ascension_level":20}}