{"host":"xj2wyr3bqqv4irjd","time":1611046298,"event":{"mods":["Act Like it!","Aspiration","BaseMod","DeckTracker","Highlight Path","Jorbs\u0027s Wanderer Trilogy","Koishi","Lobotomy","LobotomyExtend","Marisa£®ÏF”Í°°ƒß¿Ì…≥£©","Minty Spire (QoL Compilation)","Quick Restart","Rare Cards Sparkle","Reimu£®≤©¿ˆ¡È√Œ£©","Remilia£®¿Ÿ√◊¿Ú—«£©","Replay The Spire","SIMod","StSLib","Td1madao Mod","The Animator","WarShipGirlsR/’ΩΩ¢…Ÿ≈ÆR mod","Yakumo Yukari mod"],"gold_per_floor":[133,150,150,75,92,123,123,123,123],"floor_reached":8,"language":"ZHS","playtime":478,"items_purged":["Defend_purpleEX"],"score":59,"play_id":"c19dee24-1e0b-4e68-806c-73d634dc04a1","local_time":"20210119165138","is_ascension_mode":true,"campfire_choices":[],"circlet_count":0,"master_deck":["AT_purpleEX","AT_purpleEX","AT_purpleEX","AT_purpleEX","Defend_purpleEX","Defend_purpleEX","Observe_purple_1","Observe_purple_2","Bait_Toxicbait_purple","DimensionStaggered_purple","Erosivefilter_purple","OmniscientAndOmnipotent_Monster_purple"],"relics":["Boundary_crack","Memoryfragments_purpleEX","LetterFromLob","Sundial"],"acts_visited":["Exordium"],"potions_floor_usage":[],"damage_taken":[{"damage":0.0,"enemies":"Small Slimes","floor":1.0,"turns":4.0},{"damage":0.0,"enemies":"Cultist","floor":2.0,"turns":5.0},{"damage":0.0,"enemies":"2 Louse","floor":5.0,"turns":4.0},{"damage":34.0,"enemies":"Lagavulin","floor":6.0,"turns":10.0},{"damage":57,"enemies":"Gremlin Nob","floor":8,"turns":5}],"seed_played":"4140903564211160580","potions_obtained":[],"is_trial":false,"path_per_floor":["M","M","?","$","M","E","?","E"],"character_chosen":"Youkari","items_purchased":[],"campfire_rested":0,"item_purchase_floors":[],"current_hp_per_floor":[70,70,70,70,70,41,53,0,0],"gold":123,"neow_bonus":"TRANSFORM_CARD","is_daily":false,"chose_seed":false,"campfire_upgraded":0,"win_rate":0.0,"timestamp":1611046298,"path_taken":["M","M","?","?","M","E","?","E"],"items_purchased_type":[],"build_version":"2020-12-22","purchased_purges":1,"victory":false,"max_hp_per_floor":[70,70,70,70,70,70,70,70,70],"card_choices":[{"not_picked":["Mirror_FormAndEmptin_purple","SfantasyHide_purple"],"picked":"DimensionStaggered_purple","floor":1.0},{"not_picked":["RuptureOfTimeAndSpace_purple","StateErode_purple"],"picked":"Erosivefilter_purple","floor":2.0},{"not_picked":["Line_surface_state_purple","ExistenceContinue_purple"],"picked":"OmniscientAndOmnipotent_Monster_purple","floor":5.0},{"not_picked":["StateErode_purple","AdvanceAttack_purple","OmniscientAndOmnipotent_Monster_purple"],"picked":"SKIP","floor":6.0}],"player_experience":543622,"relics_obtained":[{"floor":2.0,"key":"LetterFromLob"},{"floor":6.0,"key":"Sundial"}],"event_choices":[],"is_beta":false,"boss_relics":[],"items_purged_floors":[4],"is_endless":false,"potions_floor_spawned":[],"killed_by":"Gremlin Nob","ascension_level":1}}