{"host":"y76x98twjnyyxs83","time":1611073192,"event":{"mods":["BaseMod","Colored Powertips","Minty Spire (QoL Compilation)","Permanent Neow","Quick Restart","Rare Cards Sparkle","Relic Stats","StSLib"],"gold_per_floor":[119,134,5,5,21,21,48,48,48,76,76,90,90,115,115,115,115],"floor_reached":16,"language":"ENG","playtime":431,"items_purged":[],"score":224,"play_id":"3bba54b7-3797-479e-95fb-61b393a61403","local_time":"20210120001952","is_ascension_mode":true,"campfire_choices":[{"data":"Quick Slash","floor":6,"key":"SMITH"},{"data":"Noxious Fumes","floor":8,"key":"SMITH"},{"data":"Adrenaline","floor":11,"key":"SMITH"},{"data":"Footwork","floor":13,"key":"SMITH"},{"floor":15,"key":"REST"}],"circlet_count":0,"master_deck":["AscendersBane","Strike_G","Strike_G","Strike_G","Strike_G","Strike_G","Defend_G","Defend_G","Defend_G","Defend_G","Defend_G","Survivor","Neutralize","Sucker Punch","Quick Slash+1","Adrenaline+1","Dagger Spray+1","Footwork+1","Noxious Fumes+1","Blur","Backstab","Deadly Poison"],"relics":["Ring of the Snake","Anchor","Sundial","Smiling Mask","Snake Skull","Shovel"],"acts_visited":["Exordium"],"potions_floor_usage":[7,14,16],"damage_taken":[{"damage":3.0,"enemies":"2 Louse","floor":1.0,"turns":4.0},{"damage":0,"enemies":"Jaw Worm","floor":2,"turns":5},{"damage":0,"enemies":"Cultist","floor":5,"turns":3},{"damage":24,"enemies":"Gremlin Nob","floor":7,"turns":4},{"damage":2,"enemies":"3 Sentries","floor":10,"turns":5},{"damage":4,"enemies":"Blue Slaver","floor":12,"turns":3},{"damage":21,"enemies":"Gremlin Nob","floor":14,"turns":4},{"damage":25,"enemies":"Slime Boss","floor":16,"turns":4}],"seed_played":"-3076033458216734183","potions_obtained":[{"floor":1.0,"key":"DuplicationPotion"},{"floor":5,"key":"SpeedPotion"},{"floor":7,"key":"CunningPotion"},{"floor":14,"key":"SteroidPotion"}],"is_trial":false,"path_per_floor":["M","M","$","?","M","R","E","R","T","E","R","M","R","E","R","B"],"character_chosen":"THE_SILENT","items_purchased":["Adrenaline","Dagger Spray"],"campfire_rested":1,"item_purchase_floors":[3,3],"current_hp_per_floor":[56,56,56,56,56,56,32,32,32,30,30,26,26,5,24,0,0],"gold":115,"neow_bonus":"RANDOM_COMMON_RELIC","is_daily":false,"chose_seed":false,"campfire_upgraded":4,"win_rate":0.0,"timestamp":1611073192,"path_taken":["M","M","$","?","M","R","E","R","T","E","R","M","R","E","R","BOSS"],"items_purchased_type":["Card","Card"],"build_version":"2020-12-22","purchased_purges":0,"victory":false,"max_hp_per_floor":[66,66,66,66,66,66,66,66,66,66,66,66,66,66,66,66,66],"relic_stats":{"Shovel":0,"counters":[8,32],"Sundial":[2],"Snake Skull":[5],"Smiling Mask":0,"obtain_stats":[{"Anchor":0,"Shovel":14,"Sundial":7,"Snake Skull":10,"Smiling Mask":9,"Ring of the Snake":0},{"Anchor":0,"Shovel":7,"Sundial":4,"Snake Skull":5,"Smiling Mask":4,"Ring of the Snake":0},{"Anchor":0,"Shovel":28,"Sundial":16,"Snake Skull":21,"Smiling Mask":16,"Ring of the Snake":0}],"Ring of the Snake":[16]},"card_choices":[{"not_picked":["Choke","Accuracy"],"picked":"Sucker Punch","floor":1.0},{"not_picked":["Deflect","Finisher"],"picked":"Quick Slash","floor":2},{"not_picked":["Outmaneuver","Flying Knee"],"picked":"Footwork","floor":5},{"not_picked":["Outmaneuver","Envenom"],"picked":"Noxious Fumes","floor":7},{"not_picked":["Finisher","Footwork"],"picked":"Blur","floor":10},{"not_picked":["Bane","Eviscerate"],"picked":"Backstab","floor":12},{"not_picked":["Cloak And Dagger","Expertise"],"picked":"Deadly Poison","floor":14}],"player_experience":1167127,"relics_obtained":[{"floor":7,"key":"Sundial"},{"floor":9,"key":"Smiling Mask"},{"floor":10,"key":"Snake Skull"},{"floor":14,"key":"Shovel"}],"event_choices":[{"damage_healed":0,"gold_gain":0,"player_choice":"Grow","damage_taken":0,"max_hp_gain":0,"max_hp_loss":0,"event_name":"Living Wall","floor":4,"gold_loss":0,"cards_upgraded":["Dagger Spray"]}],"is_beta":false,"boss_relics":[],"items_purged_floors":[],"is_endless":false,"potions_floor_spawned":[1,5,7,10,14],"killed_by":"Slime Boss","ascension_level":18}}