{"host":"l5xpox9cbdko122s","time":1611087689,"event":{"mods":["AchievementEnabler","BaseMod","Minty Spire (QoL Compilation)"],"gold_per_floor":[118,118,133,83,109,138,150,150,177,211,211,211,228,228,228,333,333,351,351,301,320,101,101,101],"floor_reached":23,"language":"ENG","playtime":833,"items_purged":["Defend_B"],"score":224,"play_id":"eec833b4-6cab-431e-b6fd-f90dde47cb5f","local_time":"20210119152129","is_ascension_mode":false,"campfire_choices":[{"floor":12,"key":"RECALL"},{"floor":15,"key":"REST"}],"circlet_count":0,"master_deck":["Strike_B","Strike_B","Strike_B","Defend_B","Defend_B","Zap","Dualcast","Loop+1","Conserve Battery"],"relics":["Cracked Core","NeowsBlessing","Emotion Chip","Vajra","Orichalcum","Darkstone Periapt","Inserter","MutagenicStrength","Strawberry"],"acts_visited":["Exordium","TheCity"],"potions_floor_usage":[10,13,14,18,23],"damage_taken":[{"damage":0,"enemies":"Cultist","floor":1,"turns":1},{"damage":0,"enemies":"2 Louse","floor":3,"turns":1},{"damage":0,"enemies":"Lagavulin","floor":6,"turns":1},{"damage":0,"enemies":"Jaw Worm","floor":7,"turns":3},{"damage":26,"enemies":"Gremlin Nob","floor":10,"turns":4},{"damage":4,"enemies":"Large Slime","floor":13,"turns":3},{"damage":0,"enemies":"Exordium Thugs","floor":14,"turns":1},{"damage":44,"enemies":"Slime Boss","floor":16,"turns":8},{"damage":0,"enemies":"Spheric Guardian","floor":18,"turns":1},{"damage":31,"enemies":"3 Byrds","floor":21,"turns":4},{"damage":52,"enemies":"Gremlin Leader","floor":23,"turns":9}],"seed_played":"-619502073445223330","potions_obtained":[{"floor":3,"key":"Fire Potion"},{"floor":6,"key":"SmokeBomb"},{"floor":10,"key":"Fire Potion"},{"floor":16,"key":"AttackPotion"},{"floor":21,"key":"GamblersBrew"}],"is_trial":false,"path_per_floor":["M","?","M","?","T","E","M","?","T","E","T","R","M","M","R","B",null,"M","?","?","M","$","E"],"character_chosen":"DEFECT","items_purchased":["Strawberry"],"campfire_rested":1,"item_purchase_floors":[22],"current_hp_per_floor":[75,75,75,75,75,75,75,68,68,42,42,42,38,38,60,16,75,75,75,75,44,51,0,0],"gold":101,"neow_bonus":"THREE_ENEMY_KILL","is_daily":false,"chose_seed":false,"campfire_upgraded":0,"win_rate":0.0,"timestamp":1611087689,"path_taken":["M","?","M","?","?","E","M","?","T","E","?","R","M","M","R","BOSS","M","?","?","?","$","E"],"items_purchased_type":["Relic"],"build_version":"2020-12-22","purchased_purges":1,"victory":false,"max_hp_per_floor":[75,75,75,75,75,75,75,75,75,75,75,75,75,75,75,75,75,75,75,75,75,82,82,82],"card_choices":[{"not_picked":["Ball Lightning","Recycle"],"picked":"Loop","floor":1},{"not_picked":["Steam Power","Compile Driver"],"picked":"Conserve Battery","floor":3},{"not_picked":["Thunder Strike","Coolheaded","Barrage"],"picked":"SKIP","floor":6},{"not_picked":["Compile Driver","Cold Snap","Stack"],"picked":"SKIP","floor":7},{"not_picked":["Chaos","Stack","Rainbow"],"picked":"SKIP","floor":10},{"not_picked":["Hologram","Reinforced Body","Coolheaded"],"picked":"SKIP","floor":13},{"not_picked":["Steam","Scrape","Go for the Eyes"],"picked":"SKIP","floor":18},{"not_picked":["Aggregate","Beam Cell","Steam"],"picked":"SKIP","floor":21}],"player_experience":135694,"relics_obtained":[{"floor":6,"key":"Emotion Chip"},{"floor":9,"key":"Vajra"},{"floor":10,"key":"Orichalcum"},{"floor":11,"key":"Darkstone Periapt"}],"event_choices":[{"damage_healed":0,"gold_gain":0,"player_choice":"Grow","damage_taken":0,"max_hp_gain":0,"max_hp_loss":0,"event_name":"Living Wall","floor":2,"gold_loss":0,"cards_upgraded":["Loop"]},{"cards_removed":["Defend_B"],"damage_healed":0,"gold_gain":0,"player_choice":"Card Removal","damage_taken":0,"max_hp_gain":0,"max_hp_loss":0,"event_name":"The Cleric","floor":4,"gold_loss":50},{"cards_removed":["Strike_B"],"damage_healed":0,"gold_gain":0,"player_choice":"Card Removal","damage_taken":7,"max_hp_gain":0,"max_hp_loss":0,"event_name":"Golden Wing","floor":8,"gold_loss":0},{"damage_healed":0,"gold_gain":0,"player_choice":"Inject Mutagens","damage_taken":0,"relics_obtained":["MutagenicStrength"],"max_hp_gain":0,"max_hp_loss":0,"event_name":"Drug Dealer","floor":19,"gold_loss":0},{"damage_healed":0,"gold_gain":0,"player_choice":"Bet on Murderer","damage_taken":0,"max_hp_gain":0,"max_hp_loss":0,"event_name":"The Joust","floor":20,"gold_loss":50}],"is_beta":false,"boss_relics":[{"not_picked":["Astrolabe","Ectoplasm"],"picked":"Inserter"}],"items_purged_floors":[22],"is_endless":false,"potions_floor_spawned":[3,6,10,14,16,21],"killed_by":"Gremlin Leader","ascension_level":0}}