{"host":"sy0sbf0rsk5t5kf4","time":1611047258,"event":{"mods":["BaseMod","Downfall","Minty Spire (QoL Compilation)","StSLib"],"gold_per_floor":[111,134,158,170,200,240,334,365,63,63,63,63],"floor_reached":10,"language":"ZHS","playtime":456,"items_purged":["Regret"],"score":96,"play_id":"917518df-aad8-4b84-92c9-fe26cb1e7a71","local_time":"20210119170738","is_ascension_mode":true,"campfire_choices":[{"data":"Slimebound:Split","floor":1,"key":"SMITH"}],"circlet_count":0,"master_deck":["Slimebound:Strike_Slimebound","Slimebound:Strike_Slimebound","Slimebound:Strike_Slimebound","Slimebound:Tackle","Slimebound:Defend_Slimebound","Slimebound:Defend_Slimebound","Slimebound:Defend_Slimebound","Slimebound:Defend_Slimebound","Slimebound:Split+1","Slimebound:CorrosiveSpit","CurseOfTheBell","Slimebound:LeechEnergy","Slimebound:LivingWall","Slimebound:SamplingLick","Slimebound:LeechingTouch","Slimebound:LivingWall","Slimebound:Grow"],"relics":["Calling Bell","MawBank","Pear","Turnip","Bag of Marbles","Incense Burner","Gremlin Horn","Slimebound:SelfDamagePreventRelic"],"acts_visited":["Exordium"],"potions_floor_usage":[3,10],"damage_taken":[{"damage":6,"enemies":"2 Louse","floor":2,"turns":3},{"damage":1,"enemies":"Cultist","floor":3,"turns":3},{"damage":8,"enemies":"Jaw Worm","floor":5,"turns":3},{"damage":36,"enemies":"3 Sentries","floor":6,"turns":7},{"damage":8,"enemies":"Lots of Slimes","floor":8,"turns":4},{"damage":5,"enemies":"downfall:FleeingMerchant","floor":9,"turns":4},{"damage":18,"enemies":"Gremlin Nob","floor":10,"turns":3}],"seed_played":"1978666558310449331","potions_obtained":[{"floor":2,"key":"BlessingOfTheForge"},{"floor":3,"key":"Fruit Juice"},{"floor":5,"key":"Block Potion"}],"is_trial":false,"path_per_floor":["R","M","M","?","M","E","T","M","$","E"],"character_chosen":"SLIMEBOUND","items_purchased":["Slimebound:SelfDamagePreventRelic","Slimebound:Grow"],"campfire_rested":0,"item_purchase_floors":[9,9],"current_hp_per_floor":[75,69,73,73,65,29,29,21,16,0,0,0],"gold":63,"neow_bonus":"BOSS_RELIC","is_daily":false,"chose_seed":false,"campfire_upgraded":1,"win_rate":0.0,"timestamp":1611047258,"path_taken":["R","M","M","?","M","E","T","M","$","E"],"items_purchased_type":["Relic","Card"],"build_version":"2020-12-22","purchased_purges":1,"victory":false,"max_hp_per_floor":[75,75,80,80,80,80,80,80,80,80,80,80],"card_choices":[{"not_picked":["Slimebound:SplitBruiser","Slimebound:LivingWall"],"picked":"Slimebound:LeechEnergy","floor":2},{"not_picked":["Slimebound:FinishingTackle","Slimebound:SplitLeeching"],"picked":"Slimebound:LivingWall","floor":3},{"not_picked":["Slimebound:ServeAndProtect","Slimebound:SplitMire"],"picked":"Slimebound:SamplingLick","floor":5},{"not_picked":["Slimebound:ProtectTheBoss","Slimebound:Chomp","Slimebound:SplitAcid"],"picked":"SKIP","floor":6},{"not_picked":["Slimebound:FinishingTackle","Slimebound:PressTheAttack"],"picked":"Slimebound:LeechingTouch","floor":8},{"not_picked":["Slimebound:ViciousTackle","Slimebound:TongueLash"],"picked":"Slimebound:LivingWall","floor":9}],"player_experience":182060,"relics_obtained":[{"floor":0,"key":"MawBank"},{"floor":0,"key":"Pear"},{"floor":0,"key":"Turnip"},{"floor":6,"key":"Incense Burner"},{"floor":7,"key":"Gremlin Horn"}],"event_choices":[{"damage_healed":0,"gold_gain":0,"player_choice":"Box","damage_taken":0,"relics_obtained":["Bag of Marbles"],"max_hp_gain":0,"max_hp_loss":0,"event_name":"Big Fish","floor":4,"gold_loss":0,"cards_obtained":["Regret"]}],"is_beta":false,"boss_relics":[],"items_purged_floors":[9],"is_endless":false,"potions_floor_spawned":[2,3,5],"killed_by":"Gremlin Nob","ascension_level":1}}