{"host":"q9szs7qndgdlcq24","time":1611025458,"event":{"mods":["2.2 Compatiblity","AchievementEnabler","BaseMod","Bestiary","Colored Map","Colored Powertips","Dark Map","DeckTracker","Displayed Cursed Tome","Highlight Path","Minty Spire (QoL Compilation)","Random Character Button","StSLib","Unknown Chances"],"gold_per_floor":[118,118,129,149,159,189,200,35,35,35,70,70,105,5,5,104,104,122,142,36,36,48,48,81,34,106,106,122,122,137,157,157,157,157],"floor_reached":33,"language":"ENG","playtime":2346,"items_purged":["Strike_B","Defend_B"],"score":312,"play_id":"bad0474b-e8b3-4ede-8c82-d4ee77172f20","local_time":"20210119060418","is_ascension_mode":false,"campfire_choices":[{"data":"Leap","floor":10,"key":"SMITH"},{"floor":12,"key":"REST"},{"floor":15,"key":"REST"},{"data":"Barrage","floor":23,"key":"SMITH"},{"floor":29,"key":"REST"},{"floor":32,"key":"REST"}],"circlet_count":0,"master_deck":["Strike_B","Strike_B","Strike_B","Defend_B","Defend_B","Defend_B","Zap","Dualcast","Rip and Tear+1","Streamline","Streamline","Consume","Streamline","FTL","Barrage+1","Leap+1","Turbo","Rip and Tear","Buffer+1","Barrage","Sweeping Beam","Defragment+1","Conserve Battery","Rip and Tear","Leap","Ball Lightning","Melter"],"relics":["Cracked Core","HornCleat","Frozen Egg 2","InkBottle","Nuclear Battery","Nloth\u0027s Gift","Orichalcum","Meat on the Bone"],"acts_visited":["Exordium","TheCity"],"potions_floor_usage":[16,16,16,28,33],"damage_taken":[{"damage":0.0,"enemies":"Small Slimes","floor":1.0,"turns":3.0},{"damage":0.0,"enemies":"Cultist","floor":3.0,"turns":2.0},{"damage":7,"enemies":"2 Louse","floor":4,"turns":2},{"damage":0,"enemies":"Large Slime","floor":5,"turns":4},{"damage":14,"enemies":"Gremlin Nob","floor":6,"turns":3},{"damage":11,"enemies":"Exordium Wildlife","floor":7,"turns":4},{"damage":22,"enemies":"Lagavulin","floor":11,"turns":4},{"damage":0,"enemies":"3 Sentries","floor":13,"turns":5},{"damage":20,"enemies":"Hexaghost","floor":16,"turns":8},{"damage":10,"enemies":"Shell Parasite","floor":18,"turns":3},{"damage":0,"enemies":"3 Byrds","floor":19,"turns":4},{"damage":15,"enemies":"Centurion and Healer","floor":22,"turns":6},{"damage":29,"enemies":"Gremlin Leader","floor":24,"turns":8},{"damage":8,"enemies":"Cultist and Chosen","floor":28,"turns":5},{"damage":0,"enemies":"Snecko","floor":30,"turns":4},{"damage":15,"enemies":"Shelled Parasite and Fungi","floor":31,"turns":5},{"damage":88,"enemies":"Collector","floor":33,"turns":11}],"seed_played":"8912059871725717556","potions_obtained":[{"floor":1.0,"key":"EssenceOfSteel"},{"floor":5,"key":"Strength Potion"},{"floor":7,"key":"Energy Potion"},{"floor":19,"key":"Energy Potion"},{"floor":24,"key":"Dexterity Potion"},{"floor":28,"key":"SpeedPotion"}],"is_trial":false,"path_per_floor":["M","?","M","M","M","E","M","$","T","R","E","R","E","$","R","B",null,"M","M","$","?","M","R","E","$","T","?","M","R","M","M","R","B"],"character_chosen":"DEFECT","items_purchased":["Barrage","Leap","Defragment+1","Conserve Battery","Leap"],"campfire_rested":4,"item_purchase_floors":[8,8,20,20,25],"current_hp_per_floor":[82,82,82,75,75,61,50,50,50,50,28,52,52,52,76,56,82,72,72,72,72,57,57,28,28,28,55,47,71,71,56,80,0,0],"gold":157,"neow_bonus":"TEN_PERCENT_HP_BONUS","is_daily":false,"chose_seed":false,"campfire_upgraded":2,"win_rate":0.0,"timestamp":1611025458,"path_taken":["M","?","?","M","M","E","?","$","T","R","E","R","E","?","R","BOSS","M","M","$","?","M","R","E","?","T","?","M","R","M","M","R","BOSS"],"items_purchased_type":["Card","Card","Card","Card","Card"],"build_version":"2020-12-22","purchased_purges":2,"victory":false,"max_hp_per_floor":[82,82,82,82,82,82,82,82,82,82,82,82,82,82,82,82,82,82,82,82,82,82,82,82,82,82,82,82,82,82,82,82,82,82],"card_choices":[{"not_picked":["Double Energy","Sweeping Beam"],"picked":"Rip and Tear","floor":1.0},{"not_picked":["Cold Snap","Sweeping Beam"],"picked":"Streamline","floor":3.0},{"not_picked":["Go for the Eyes","Beam Cell"],"picked":"Streamline","floor":4},{"not_picked":["Cold Snap","Compile Driver"],"picked":"Consume","floor":5},{"not_picked":["Conserve Battery","Rainbow"],"picked":"Streamline","floor":6},{"not_picked":["Steam Power","Fusion"],"picked":"FTL","floor":7},{"not_picked":["Coolheaded","Stack"],"picked":"Turbo","floor":11},{"not_picked":["Consume","Reinforced Body"],"picked":"Rip and Tear","floor":13},{"not_picked":["Amplify","All For One"],"picked":"Buffer+1","floor":16},{"not_picked":["FTL","Rebound"],"picked":"Barrage","floor":18},{"not_picked":["Fusion","Gash"],"picked":"Sweeping Beam","floor":19},{"not_picked":["Redo","Rebound"],"picked":"Rip and Tear","floor":22},{"not_picked":["Hello World+1","Seek","Double Energy"],"picked":"SKIP","floor":24},{"not_picked":["Reinforced Body","Barrage+1"],"picked":"Ball Lightning","floor":28},{"not_picked":["Barrage","Blizzard","Stack"],"picked":"SKIP","floor":30},{"not_picked":["Double Energy","Steam"],"picked":"Melter","floor":31}],"player_experience":63362,"relics_obtained":[{"floor":6,"key":"HornCleat"},{"floor":9,"key":"Kunai"},{"floor":11,"key":"Frozen Egg 2"},{"floor":13,"key":"InkBottle"},{"floor":24,"key":"Orichalcum"},{"floor":26,"key":"Meat on the Bone"}],"event_choices":[{"damage_healed":0.0,"max_hp_gain":0.0,"max_hp_loss":0.0,"gold_gain":0.0,"event_name":"Upgrade Shrine","player_choice":"Upgraded","floor":2.0,"gold_loss":0.0,"damage_taken":0.0,"cards_upgraded":["Rip and Tear"]},{"damage_healed":0,"gold_gain":0,"player_choice":"Traded Relic","damage_taken":0,"relics_obtained":["Nloth\u0027s Gift"],"max_hp_gain":0,"max_hp_loss":0,"event_name":"N\u0027loth","floor":21,"relics_lost":["Kunai"],"gold_loss":0},{"damage_healed":27,"gold_gain":0,"player_choice":"Heal","damage_taken":0,"max_hp_gain":0,"max_hp_loss":0,"event_name":"The Library","floor":27,"gold_loss":0}],"is_beta":false,"boss_relics":[{"not_picked":["Velvet Choker","Coffee Dripper"],"picked":"Nuclear Battery"}],"items_purged_floors":[8,14],"is_endless":false,"potions_floor_spawned":[1,5,7,19,24,28],"killed_by":"Collector","ascension_level":0}}