{"host":"evor8co6wap25kfw","time":1611050264,"event":{"mods":["100% Spire Juice","ATMod(阿瑾Mod)","Act Like it!","BaseMod","Conspire","Dota2Spire","Jedi Mod","KinomotoSakuraMod(木之本樱)","Koishi","KomeijiMod","Minty Spire (QoL Compilation)","MostiFishMod","Replay The Spire","SOS（斯巴达之子）","StSLib","The Saiyan","The Servant 0.9.4","vexMod","【遗物卡牌】REMEMod"],"gold_per_floor":[109,109,121,179,230,255,255,96,142,153,169,169,169,194,194,297,-1103,-1084,-1084,-1084,-1084,17,48,48,80,127,147,147,161,173,199,199,300,300,318,332,343,173,193,193,228,228,228,242,273,273,283,158,158,158],"floor_reached":51,"language":"ZHS","playtime":1525,"items_purged":["Defend_S","Strike_S","Defend_S"],"score":1310,"play_id":"4f0c5afb-8d6d-4ada-afdc-cfc452215488","local_time":"20210119175744","is_ascension_mode":true,"campfire_choices":[{"floor":7.0,"key":"REST"},{"data":"Moondial","floor":15.0,"key":"SMITH"},{"data":"SilverBlades","floor":28,"key":"SMITH"},{"floor":32,"key":"RECALL"},{"data":"AT_MachinaRedman","floor":40,"key":"SMITH"},{"data":"KillingDoll","floor":42,"key":"SMITH"},{"data":"Sunlight","floor":49,"key":"SMITH"}],"circlet_count":0,"master_deck":["Strike_S","Strike_S","Strike_S","Defend_S","KidneyShot","Exchange+1","AT_MachinaRedman+1","SurpressingFire","Rearm","SilverBlades+1","conspire:Banana","Moondial+1","KillingDoll+1","KillingDoll","SoulSculpture","SilverMatrix+1","Sunlight+1","SilverBlades+1","RealityMarble+1"],"relics":["Uniform","AT_ATBox","REME_ComplimentaryCards","DaveBox","EGODaCapo","SynthV:TestCard","Snack Pack","Omamori","Centennial Puzzle","Dota2Spire:PhaseBoots","Replay:Mystery Machine","SynthV:MejaisSoulstealer","Frozen Egg 2","Replay:Accelerometer","Simple Rune","jedi:arcanewood","xbg","Blue Candle","vexMod:FocusSash","Dota2Spire:EchoSabre"],"acts_visited":["Exordium","TheCity","TheBeyond"],"potions_floor_usage":[50],"damage_taken":[{"damage":0.0,"enemies":"Cultist","floor":1.0,"turns":2.0},{"damage":9.0,"enemies":"conspire:RoseBush","floor":3.0,"turns":2.0},{"damage":0.0,"enemies":"3 Sentries","floor":6.0,"turns":7.0},{"damage":0.0,"enemies":"2 Louse","floor":10.0,"turns":1.0},{"damage":1.0,"enemies":"Blue Slaver","floor":11.0,"turns":2.0},{"damage":15.0,"enemies":"Replay:BlueRogue","floor":14.0,"turns":6.0},{"damage":0.0,"enemies":"Slime Boss","floor":16.0,"turns":3.0},{"damage":6.0,"enemies":"Chosen","floor":18.0,"turns":3.0},{"damage":0.0,"enemies":"2 Thieves","floor":22.0,"turns":2.0},{"damage":0.0,"enemies":"Slavers","floor":23.0,"turns":2.0},{"damage":2.0,"enemies":"Book of Stabbing","floor":25.0,"turns":3.0},{"damage":0.0,"enemies":"Shelled Parasite and Fungi","floor":27.0,"turns":2.0},{"damage":0,"enemies":"Snake Plant","floor":29,"turns":3},{"damage":0,"enemies":"3 Cultists","floor":30,"turns":3},{"damage":0,"enemies":"Gremlin Leader","floor":31,"turns":3},{"damage":0,"enemies":"Champ","floor":33,"turns":4},{"damage":0,"enemies":"3 Darklings","floor":35,"turns":3},{"damage":0,"enemies":"3 Shapes","floor":36,"turns":1},{"damage":4,"enemies":"Sphere and 2 Shapes","floor":37,"turns":2},{"damage":0,"enemies":"3 Darklings","floor":39,"turns":3},{"damage":0,"enemies":"R_Hoarder","floor":41,"turns":4},{"damage":0,"enemies":"Jaw Worm Horde","floor":44,"turns":3},{"damage":0,"enemies":"Nemesis","floor":45,"turns":3},{"damage":0,"enemies":"Spire Growth","floor":47,"turns":3},{"damage":19,"enemies":"conspire:OrnateMirror","floor":50,"turns":3}],"seed_played":"-2056142374479812604","potions_obtained":[{"floor":3.0,"key":"EntropicBrew"},{"floor":4.0,"key":"Block Potion"},{"floor":11.0,"key":"Energy Potion"},{"floor":24.0,"key":"Energy Potion"},{"floor":24.0,"key":"jedi:wingpotion"},{"floor":39,"key":"Energy Potion"}],"is_trial":false,"path_per_floor":["M","T","M","?","T","E","R","$","T","M","M","$","?","E","R","B",null,"M","?","?","$","M","E","?","E","T","M","R","M","M","E","R","B",null,"M","M","M","$","M","R","E","R","T","M","E","?","M","$","R","B",null],"character_chosen":"THE_SERVANT","items_purchased":["conspire:Banana","RealityMarble+1"],"campfire_rested":1,"item_purchase_floors":[8,38],"current_hp_per_floor":[59,59,50,34,34,38,57,57,57,57,59,59,59,47,47,52,64,63,63,63,63,66,69,69,72,72,73,73,74,75,76,76,77,77,77,77,77,77,78,78,79,79,79,80,81,81,82,82,82,66],"gold":158,"neow_bonus":"RANDOM_EVENT","is_daily":false,"chose_seed":false,"campfire_upgraded":5,"win_rate":0.0,"timestamp":1611050264,"path_taken":["M","?","M","?","?","E","R","$","T","M","M","$","?","E","R","BOSS","M","?","?","?","?","E","?","E","T","?","R","M","?","E","R","BOSS","M","M","M","$","M","R","E","R","T","M","E","?","?","?","R","BOSS"],"items_purchased_type":["Card","Card"],"build_version":"2020-12-22","purchased_purges":3,"victory":true,"max_hp_per_floor":[65,65,65,65,65,65,65,65,65,65,66,66,66,67,67,68,68,69,69,69,69,70,71,71,72,72,73,73,74,75,76,76,77,77,77,77,77,77,78,78,79,79,79,80,81,81,82,82,82,83],"card_choices":[{"not_picked":["Moonlight","MoonPhase"],"picked":"SurpressingFire","floor":1.0},{"not_picked":["Starlight","Shuttle","FastForward","SurpressingFire"],"picked":"Rearm","floor":3.0},{"not_picked":["Shuttle","ShatteredReality","Orbit","Rewind"],"picked":"SilverBlades","floor":4.0},{"not_picked":["Sabotage","Read","Potential","ShiftingGears","Rewind"],"picked":"SKIP","floor":6.0},{"not_picked":["Starlight","Advance","FastForward","Rearm"],"picked":"Moondial","floor":10.0},{"not_picked":["Ricochet","Starlight","Manipulate","Unruled"],"picked":"KillingDoll","floor":11.0},{"not_picked":["Collapse","Starlight","Hightail","Replace"],"picked":"SoulSculpture","floor":14.0},{"not_picked":["ShatteredReality","Replace","Alleviate","Rewind","Revamp+1"],"picked":"SKIP","floor":18.0},{"not_picked":["FastForward+1","Rearm","BottledTime","TimeWarp","DancingSilver"],"picked":"SKIP","floor":22.0},{"not_picked":["Ricochet+1","Spin","Revamp+1","BottledTime"],"picked":"SilverMatrix+1","floor":23.0},{"not_picked":["ForgedInTime","Replace","Rearm","GearUp","TimeWarp+1"],"picked":"SKIP","floor":25.0},{"not_picked":["Solidify","Rearm","SpecialFormula","Starlight+1","Rewind"],"picked":"SKIP","floor":27},{"not_picked":["Solidify","Rearm","SpecialFormula","Starlight+1","Rewind"],"picked":"SKIP","floor":27},{"not_picked":["Rewind","Snipe","Reset","SpecialFormula+1","Spin"],"picked":"SKIP","floor":29},{"not_picked":["Spin+1","Potential+1","FastForward+1","Contraction+1","Misdirection"],"picked":"SKIP","floor":30},{"not_picked":["Rearm+1","FanOfKnives","ShatteredReality","TrueSight+1","InstantArmor"],"picked":"SKIP","floor":31},{"not_picked":["Deny","LightFlow","SilverMatrix+1","Duplication"],"picked":"Sunlight","floor":33},{"not_picked":["FastForward+1","Deadline","Replace+1","Potential+1","BottledTime+1"],"picked":"SKIP","floor":35},{"not_picked":["TimeWarp+1","Revamp+1","Unruled","Advance+1","Rewind+1"],"picked":"SKIP","floor":36},{"not_picked":["BottledTime+1","Alleviate","Defy+1","Moondial"],"picked":"SilverBlades+1","floor":37},{"not_picked":["Read","Foresight+1","ShatteredReality+1","TimeWarp+1","DancingSilver"],"picked":"SKIP","floor":39},{"not_picked":["ShiftingGears","PendulumOfEternity","Moonlight+1","Advance","Spin+1"],"picked":"SKIP","floor":41},{"not_picked":["Ricochet","Alleviate","TimeTheft+1","Revamp+1","Rearm"],"picked":"SKIP","floor":44},{"not_picked":["Potential","WasteNot+1","Hightail","Collapse+1","BottledTime+1"],"picked":"SKIP","floor":45},{"not_picked":["ShiftingGears","Unruled+1","Alleviate+1","Defy+1","LightFlow"],"picked":"SKIP","floor":47}],"player_experience":219394,"relics_obtained":[{"floor":1.0,"key":"SynthV:TestCard"},{"floor":4.0,"key":"Snack Pack"},{"floor":5.0,"key":"Omamori"},{"floor":6.0,"key":"Centennial Puzzle"},{"floor":9.0,"key":"Dota2Spire:PhaseBoots"},{"floor":14.0,"key":"Replay:Mystery Machine"},{"floor":23.0,"key":"Frozen Egg 2"},{"floor":25.0,"key":"Replay:Accelerometer"},{"floor":26.0,"key":"Simple Rune"},{"floor":31,"key":"jedi:arcanewood"},{"floor":41,"key":"Blue Candle"},{"floor":43,"key":"vexMod:FocusSash"},{"floor":45,"key":"Dota2Spire:EchoSabre"}],"event_choices":[{"damage_healed":0.0,"max_hp_gain":0.0,"max_hp_loss":0.0,"gold_gain":0.0,"event_name":"Living Wall","player_choice":"Grow","floor":0.0,"gold_loss":0.0,"damage_taken":0.0,"cards_upgraded":["Exchange"]},{"damage_healed":0.0,"max_hp_gain":0.0,"max_hp_loss":0.0,"gold_gain":0.0,"event_name":"conspire:Investor","player_choice":"Leave","floor":19.0,"gold_loss":0.0,"damage_taken":0.0},{"cards_removed":["Defend_S"],"damage_healed":0.0,"max_hp_gain":0.0,"max_hp_loss":0.0,"gold_gain":0.0,"event_name":"Back to Basics","player_choice":"Elegance","floor":20.0,"gold_loss":0.0,"damage_taken":0.0},{"damage_healed":0.0,"max_hp_gain":0.0,"max_hp_loss":0.0,"gold_gain":0.0,"event_name":"Lab","player_choice":"Got Potions","floor":24.0,"gold_loss":0.0,"damage_taken":0.0},{"damage_healed":0,"gold_gain":0,"player_choice":"Memory 1","damage_taken":0,"max_hp_gain":0,"max_hp_loss":0,"event_name":"SensoryStone","floor":46,"gold_loss":0}],"is_beta":false,"boss_relics":[{"not_picked":["conspire:SlowCooker","vexMod:RockOfEvil"],"picked":"SynthV:MejaisSoulstealer"},{"not_picked":["jedi:hotpepper","RhineFirstAidKit"],"picked":"xbg"}],"items_purged_floors":[8,38,48],"is_endless":false,"potions_floor_spawned":[3,11,14,22,25,29,39,44,47],"ascension_level":6}}