{"host":"d4sf42smuzno1lqj","time":1611084813,"event":{"mods":["100% Spire Juice","ATMod(阿瑾Mod)","Act Like it!","Ascension Reborn","Aspiration","BaseMod","BetterRewards","Colored Powertips","Dota2Spire","Downfall","Energized Spire","Friendly Minions","HololiveMod","Jedi Mod","Minty Spire (QoL Compilation)","MostiFishMod","Permanent Neow","Quick Restart","Relic Stats","RumiaBox-露米?的神秘盒子","Spicy Shops","StSLib","TestMod","The Marked","UnlockEverythingMod","[GremlinLeader]The Maniac","vexMod","【?物卡牌】REMEMod"],"gold_per_floor":[99,109,125,125,125,12,12,12,12,26,90,116,16,29,49,49,49,49],"floor_reached":16,"language":"ZHS","playtime":909,"items_purged":["Injury"],"score":100,"play_id":"f30c8486-78e5-42d2-9244-5331a141094b","local_time":"20210120033333","is_ascension_mode":true,"campfire_choices":[{"floor":1,"key":"RECALL"},{"data":"AT_FamilyPortrait","floor":9,"key":"SMITH"},{"data":"champ:Devastate","floor":13,"key":"SMITH"}],"circlet_count":0,"master_deck":["champ:Strike","champ:Strike","champ:Strike","champ:Strike","champ:Defend","champ:Defend","champ:Defend","champ:Defend","champ:Execute","champ:Taunt","AT_FamilyPortrait+1","champ:Devastate+1","champ:RecklessLeap","champ:Backstep","champ:HeartStrike","champ:Shatter","champ:SetATrap","champ:Endure","champ:BringItOn","champ:RisingSlash","champ:FocusedBerserking","champ:CalledShot"],"relics":["DaveBox","testmod-TestBox","AT_ATBox","REME_ComplimentaryCards","Philosopher\u0027s Stone","OrangePellets","testmod-FatalChain","Frozen Egg 2","AT_ArchangelStaff","Potion Belt","downfall:HeartBlessingGreen"],"acts_visited":["Exordium"],"potions_floor_usage":[6,11,16],"damage_taken":[{"damage":10,"enemies":"2 Louse","floor":2,"turns":2},{"damage":10,"enemies":"Small Slimes","floor":3,"turns":4},{"damage":20,"enemies":"downfall:FleeingMerchant","floor":6,"turns":4},{"damage":0,"enemies":"Cultist","floor":8,"turns":1},{"damage":10,"enemies":"3 Louse","floor":10,"turns":1},{"damage":40,"enemies":"Lagavulin Event","floor":11,"turns":4},{"damage":35,"enemies":"Gremlin Nob","floor":12,"turns":5},{"damage":10,"enemies":"Large Slime","floor":14,"turns":4},{"damage":5,"enemies":"2 Fungi Beasts","floor":15,"turns":3},{"damage":95,"enemies":"DF_ARCHETYPE_STREAMLINE","floor":16,"turns":6}],"seed_played":"4179152711497692852","potions_obtained":[{"floor":3,"key":"Energy Potion"},{"floor":10,"key":"PowerPotion"},{"floor":11,"key":"testmod-SpacePotion"},{"floor":15,"key":"bronze:BurnAndBuffPotion"}],"is_trial":false,"path_per_floor":["R","M","M","?","?","$","T","M","R","M","?","E","R","M","M","B"],"character_chosen":"THE_CHAMP","items_purchased":["champ:Shatter"],"campfire_rested":0,"item_purchase_floors":[6],"current_hp_per_floor":[90,90,90,90,90,90,90,90,90,90,75,50,50,50,50,0,0,0],"gold":49,"neow_bonus":"BOSS_RELIC","is_daily":false,"chose_seed":false,"campfire_upgraded":2,"win_rate":0.0,"timestamp":1611084813,"path_taken":["R","M","M","?","?","$","T","M","R","M","?","E","R","M","M","BOSS"],"items_purchased_type":["Card"],"build_version":"2020-12-22","purchased_purges":1,"victory":false,"max_hp_per_floor":[90,90,90,90,90,90,90,90,90,90,90,90,90,90,90,90,90,90],"relic_stats":{"OrangePellets":[0],"counters":[10,34],"obtain_stats":[{"Potion Belt":12,"testmod-TestBox":0,"AT_ATBox":0,"DaveBox":0,"testmod-FatalChain":0,"champ:ChampionCrown":0,"downfall:HeartBlessingGreen":13,"Frozen Egg 2":4,"AT_ArchangelStaff":11,"OrangePellets":0,"downfall:BrokenWingStatue":5,"Philosopher\u0027s Stone":0,"REME_ComplimentaryCards":0},{"Potion Belt":7,"testmod-TestBox":0,"AT_ATBox":0,"DaveBox":0,"testmod-FatalChain":0,"champ:ChampionCrown":0,"downfall:HeartBlessingGreen":7,"Frozen Egg 2":2,"AT_ArchangelStaff":6,"OrangePellets":0,"downfall:BrokenWingStatue":2,"Philosopher\u0027s Stone":0,"REME_ComplimentaryCards":0},{"Potion Belt":21,"testmod-TestBox":0,"AT_ATBox":0,"DaveBox":0,"testmod-FatalChain":0,"champ:ChampionCrown":0,"downfall:HeartBlessingGreen":21,"Frozen Egg 2":6,"AT_ArchangelStaff":16,"OrangePellets":0,"downfall:BrokenWingStatue":6,"Philosopher\u0027s Stone":0,"REME_ComplimentaryCards":0}]},"card_choices":[{"not_picked":["champ:DefensiveShout","champ:SetATrap"],"picked":"champ:RecklessLeap","floor":2},{"not_picked":["champ:BladeFlurry","champ:AdrenalArmor"],"picked":"champ:Backstep","floor":3},{"not_picked":["champ:DefensiveShout","champ:AdrenalArmor"],"picked":"champ:HeartStrike","floor":6},{"not_picked":["champ:FlashCut","champ:FalseCounter"],"picked":"champ:SetATrap","floor":8},{"not_picked":["champ:FalseCounter","champ:Circumvent"],"picked":"champ:Endure","floor":10},{"not_picked":["champ:SteelEdge","champ:Shatter"],"picked":"champ:BringItOn","floor":11},{"not_picked":["champ:Backstep","champ:Duel"],"picked":"champ:RisingSlash","floor":12},{"not_picked":["champ:Devastate","champ:BerserkersShout"],"picked":"champ:FocusedBerserking","floor":14},{"not_picked":["champ:EnGarde","champ:StanceDance"],"picked":"champ:CalledShot","floor":15}],"player_experience":310394,"relics_obtained":[{"floor":11,"key":"AT_ArchangelStaff"},{"floor":12,"key":"Potion Belt"}],"event_choices":[],"is_beta":false,"boss_relics":[],"items_purged_floors":[6],"is_endless":false,"potions_floor_spawned":[3,10,11,15],"killed_by":"DF_ARCHETYPE_STREAMLINE","ascension_level":0}}