{"host":"nnxvcju6x1qybncj","time":1611057408,"event":{"mods":["BaseMod","Block Reminder","Curses Come First","Custom Start","Dark Map","Displayed Cursed Tome","Downfall","Evolution","Jorbs\u0027s Wanderer Trilogy","Minty Spire (QoL Compilation)","Quick Restart","Relic Stats","StSLib"],"gold_per_floor":[113,132,43,55,69,69,103,128,128,142,153,153,183,202,202,202,202],"floor_reached":16,"language":"ENG","playtime":559,"items_purged":[],"score":378,"play_id":"778b88f1-0a45-4c95-b2b8-96696dff204c","local_time":"20210119125648","is_ascension_mode":true,"campfire_choices":[{"data":"Inflame","floor":6,"key":"SMITH"},{"floor":12,"key":"REST"},{"floor":15,"key":"REST"}],"circlet_count":0,"master_deck":["Demon Form+1","Barricade+1","Corruption+1","Juggernaut+1","Dark Embrace+1","Feel No Pain+1","Limit Break+1","Shrug It Off+1","Heavy Blade+1","Twin Strike+1","Inflame+1","Sword Boomerang"],"relics":["Burning Blood","EVO:Axolotl","Mummified Hand","Bag of Preparation","Dead Branch","MealTicket","Juzu Bracelet","Kunai","Lantern"],"acts_visited":["Exordium"],"potions_floor_usage":[],"damage_taken":[{"damage":0,"enemies":"Cultist","floor":1,"turns":2},{"damage":8,"enemies":"Small Slimes","floor":2,"turns":2},{"damage":0,"enemies":"2 Louse","floor":4,"turns":2},{"damage":0,"enemies":"2 Fungi Beasts","floor":5,"turns":2},{"damage":0,"enemies":"Gremlin Nob","floor":7,"turns":2},{"damage":0,"enemies":"Blue Slaver","floor":10,"turns":2},{"damage":12,"enemies":"Lots of Slimes","floor":11,"turns":3},{"damage":0,"enemies":"Lagavulin","floor":13,"turns":3},{"damage":0,"enemies":"3 Louse","floor":14,"turns":2},{"damage":35,"enemies":"The Guardian","floor":16,"turns":5}],"seed_played":"-5809395200712493622","potions_obtained":[{"floor":7,"key":"BloodPotion"},{"floor":10,"key":"Regen Potion"}],"is_trial":true,"path_per_floor":["M","M","$","M","M","R","E","T","T","M","M","R","E","M","R","B"],"character_chosen":"IRONCLAD","items_purchased":["Inflame"],"campfire_rested":2,"item_purchase_floors":[3],"current_hp_per_floor":[74,72,72,75,75,75,75,75,75,75,69,75,75,75,75,40,40],"gold":202,"neow_bonus":"","is_daily":false,"chose_seed":false,"campfire_upgraded":1,"win_rate":0.0,"timestamp":1611057408,"path_taken":["M","?","$","M","M","R","E","?","T","M","M","R","E","M","R","BOSS"],"items_purchased_type":["Card"],"build_version":"2020-12-22","purchased_purges":0,"victory":false,"max_hp_per_floor":[75,75,75,75,75,75,75,75,75,75,75,75,75,75,75,75,75],"relic_stats":{"counters":[10,25],"Mummified Hand":[98],"Dead Branch":[28],"MealTicket":0,"Bag of Preparation":[20],"Juzu Bracelet":0,"Kunai":[1],"obtain_stats":[{"Lantern":13,"Mummified Hand":0,"Dead Branch":0,"MealTicket":7,"Bag of Preparation":0,"Juzu Bracelet":8,"EVO:Axolotl":0,"Kunai":9,"Burning Blood":0},{"Lantern":8,"Mummified Hand":0,"Dead Branch":0,"MealTicket":5,"Bag of Preparation":0,"Juzu Bracelet":5,"EVO:Axolotl":0,"Kunai":5,"Burning Blood":0},{"Lantern":18,"Mummified Hand":0,"Dead Branch":0,"MealTicket":10,"Bag of Preparation":0,"Juzu Bracelet":10,"EVO:Axolotl":0,"Kunai":10,"Burning Blood":0}],"Burning Blood":21},"card_choices":[{"not_picked":["Thunderclap","Warcry","Twin Strike"],"picked":"SKIP","floor":1},{"not_picked":["Armaments","Sword Boomerang","Rampage"],"picked":"SKIP","floor":2},{"not_picked":["Hemokinesis","Headbutt","Havoc"],"picked":"SKIP","floor":4},{"not_picked":["Sword Boomerang","Clothesline","Headbutt"],"picked":"SKIP","floor":5},{"not_picked":["Second Wind","Warcry","Clothesline"],"picked":"SKIP","floor":7},{"not_picked":["Armaments","Wild Strike","Reaper"],"picked":"SKIP","floor":10},{"not_picked":["Twin Strike","Battle Trance","Warcry"],"picked":"SKIP","floor":11},{"not_picked":["Hemokinesis","Infernal Blade","Clothesline"],"picked":"SKIP","floor":13},{"not_picked":["Pommel Strike","True Grit"],"picked":"Sword Boomerang","floor":14}],"player_experience":693232,"relics_obtained":[{"floor":7,"key":"MealTicket"},{"floor":8,"key":"Juzu Bracelet"},{"floor":9,"key":"Kunai"},{"floor":13,"key":"Lantern"}],"event_choices":[],"is_beta":false,"boss_relics":[],"items_purged_floors":[],"is_endless":false,"potions_floor_spawned":[7,10,11,13,14],"killed_by":"The Guardian","ascension_level":20}}