{"host":"8qunn9rv8l67kf3a","time":1611033874,"event":{"mods":["100% Spire Juice","2.2 Compatiblity","Act Like it!","Ascension Reborn","Aspiration","Bard","BaseMod","Beaked The Cultist","Bestiary","Better Match","Better Note","Better Sensory Stone","Better Skull","Better Third Choice","Better Vampires","BetterRewards","Block Reminder","Chen","Colored Map","Conspire","Energized Spire","Gensokyo","Gold Saver","GungeonMod","Halation","Hermit","Hubris","Infinite Spire","KinomotoSakuraMod(????)","Koishi","Marisa????????","Marked Mod","Minty Spire (QoL Compilation)","Onozuka Komachi Mod","Potionbrewer","Random Character Button","Reimu??????","Replay The Spire","Shade Mod","Spikes Relics","StSLib","The Administrix","The Bladedancer","The Cursed","The Dragon Tamer","The Druid","The Florist","The Gatherer","The Hierophant","The Jungle","The Marked","The Mystic","The Senshi","The Servant 0.9.4","The Vixen","TheBandit","TheFirefly","TheVacant","Trackpad","Youmu??????","Yuyuko","vexMod","??????REMEMod"],"gold_per_floor":[117,117,117,250,267,303,303,340,340,353,394,411,448,461,461,587,587,605,555,555,592,592,592],"floor_reached":22,"language":"ENG","playtime":729,"items_purged":[],"score":312,"play_id":"9311202b-7965-40ca-8f12-eecdd5f6ee9a","local_time":"20210119002434","is_ascension_mode":true,"campfire_choices":[{"floor":7,"key":"REST"}],"circlet_count":0,"master_deck":["Strike_R+1","Strike_R+1","Strike_R+1","Strike_R+1","Defend_R+1","Defend_R+1","Defend_R+1","Defend_R+1","Bash+1","AscMod:ascendersbane","DemoMod:WhiteBlade","DemoMod:BlackBlade","Metallicize","ReplayTheSpireMod:Muscle Training","Whirlwind","Hemogenesis","REME_ACTH","Armaments+1","OctopathSalyBorderN:ReiMu","Dash"],"relics":["Burning Blood","REME_ComplimentaryCards","Strawberry","Strawberry","Mastiff:ReiMu","vexMod:MemoryStick","DemoMod:GundromedaStrain","Letter Opener","Tiny Chest","Frozen Egg 2","ReplayTheSpireMod:Spearhead","Art of War","GolemAmulet","vexMod:TanglingVine","DemoMod:GlassGuonStoneRelic","Vajra"],"acts_visited":["Exordium","Gensokyo:Gensokyo"],"potions_floor_usage":[],"damage_taken":[{"damage":0,"enemies":"Gensokyo:3_Fairies","floor":1,"turns":2},{"damage":0,"enemies":"Gensokyo:Python","floor":5,"turns":2},{"damage":0,"enemies":"Gensokyo:Mamizou","floor":6,"turns":5},{"damage":0,"enemies":"Gensokyo:Cirno","floor":8,"turns":6},{"damage":1,"enemies":"Gensokyo:Gryphon","floor":10,"turns":2},{"damage":4,"enemies":"Gensokyo:Aya","floor":11,"turns":3},{"damage":3,"enemies":"Gensokyo:3_Kodama","floor":12,"turns":3},{"damage":5,"enemies":"Gensokyo:Mamizou","floor":13,"turns":6},{"damage":1,"enemies":"Gensokyo:Kitsune","floor":14,"turns":2},{"damage":27,"enemies":"Gensokyo:Yukari","floor":16,"turns":7},{"damage":2,"enemies":"Gensokyo:Chomper","floor":18,"turns":2},{"damage":1,"enemies":"conspire:MimicChest","floor":21,"turns":3},{"damage":0,"enemies":"Gensokyo:2_Gloops","floor":22,"turns":1}],"seed_played":"-835039887301212382","potions_obtained":[{"floor":1,"key":"ColorlessPotion"},{"floor":1,"key":"BlessingOfTheForge"}],"is_trial":false,"path_per_floor":["M","?","?","?","M","E","R","E","T","M","E","M","E","M","R_BF","B",null,"M","?","?","?","M"],"character_chosen":"IRONCLAD","items_purchased":[],"campfire_rested":1,"item_purchase_floors":[],"current_hp_per_floor":[93,93,93,24,32,40,85,93,93,100,104,107,107,107,107,100,112,112,119,119,119,119,119],"gold":592,"neow_bonus":"TEN_PERCENT_HP_BONUS","is_daily":false,"chose_seed":false,"campfire_upgraded":0,"win_rate":0.0,"timestamp":1611033874,"path_taken":["M","?","?","?","?","E","R","E","T","M","E","M","E","M","R_BF","BOSS","M","?","?","?","M"],"items_purchased_type":[],"build_version":"2020-12-22","purchased_purges":0,"victory":false,"max_hp_per_floor":[93,93,100,107,107,107,107,107,107,107,107,107,107,107,107,112,112,112,119,119,119,119,119],"card_choices":[{"not_picked":["Burning Pact","Warcry"],"picked":"DemoMod:WhiteBlade","floor":1},{"not_picked":["Perfected Strike","ReplayTheSpireMod:Stacked","Clash"],"picked":"SKIP","floor":5},{"not_picked":["Replay:Undeath\u0027s Touch","Power Through"],"picked":"Metallicize","floor":6},{"not_picked":["conspire:Purge","Entrench"],"picked":"ReplayTheSpireMod:Muscle Training","floor":8},{"not_picked":["Combust+1","Searing Blow"],"picked":"Whirlwind","floor":10},{"not_picked":["Infernal Blade","DemoMod:BlackBlade"],"picked":"Hemogenesis","floor":11},{"not_picked":["Thunderclap","Replay:Undeath\u0027s Touch","REME_FearOfPain+1"],"picked":"SKIP","floor":12},{"not_picked":["Body Slam","Warcry","ReplayTheSpireMod:Corrosion Curse"],"picked":"SKIP","floor":13},{"not_picked":["REME_FearOfPain+1","Metallicize+1","Wild Strike"],"picked":"SKIP","floor":14},{"not_picked":["Eclipse","Offering"],"picked":"REME_ACTH","floor":16},{"not_picked":["Clothesline","Pommel Strike"],"picked":"Armaments+1","floor":18}],"player_experience":682343,"relics_obtained":[{"floor":6,"key":"DemoMod:GundromedaStrain"},{"floor":8,"key":"Letter Opener"},{"floor":9,"key":"Tiny Chest"},{"floor":9,"key":"Frozen Egg 2"},{"floor":11,"key":"ReplayTheSpireMod:Spearhead"},{"floor":13,"key":"Art of War"},{"floor":16,"key":"GolemAmulet"},{"floor":21,"key":"Vajra"}],"event_choices":[{"damage_healed":0,"gold_gain":0,"player_choice":"Leave","damage_taken":0,"max_hp_gain":0,"max_hp_loss":0,"event_name":"conspire:Investor","floor":2,"gold_loss":0},{"damage_healed":0,"gold_gain":111,"player_choice":"RE RE RE GO ","damage_taken":86,"relics_obtained":["Strawberry","Mastiff:ReiMu","vexMod:MemoryStick"],"max_hp_gain":0,"max_hp_loss":0,"event_name":"betterSkull:BetterSkull","floor":4,"gold_loss":0,"cards_upgraded":[]}],"is_beta":false,"boss_relics":[{"not_picked":["HailfireSword","Ooze Armor"],"picked":"vexMod:TanglingVine"}],"items_purged_floors":[],"is_endless":false,"potions_floor_spawned":[1,8,12,13,14,16],"killed_by":"Gensokyo:2_Gloops","ascension_level":0}}