{"host":"agbyy69nq62afhwx","time":1611044191,"event":{"mods":["BaseMod","Colored Map","DeckTracker","Highlight Path","Keyboard Shortcuts","Minty Spire (QoL Compilation)","Quick Restart","StSLib","SuperFastMode","everything is the same but u backflip on backflip"],"gold_per_floor":[111,122,137,137,87,87,119,72,72,23,23,23,39,58,58,162,162,172,8,8,8,25,25,43,43,67,67,79,113,38,38,38],"floor_reached":31,"language":"KOR","playtime":813,"items_purged":["Strike_B"],"score":383,"play_id":"1a443c64-ebb8-4601-a474-336a395e56d6","local_time":"20210119171631","is_ascension_mode":true,"campfire_choices":[{"data":"Coolheaded","floor":6.0,"key":"SMITH"},{"floor":12.0,"key":"REST"},{"data":"Static Discharge","floor":15.0,"key":"SMITH"},{"floor":23.0,"key":"REST"},{"floor":25.0,"key":"REST"},{"data":"Apotheosis","floor":27.0,"key":"SMITH"}],"circlet_count":0,"master_deck":["AscendersBane","Strike_B","Defend_B","Defend_B","Defend_B","Defend_B","Zap","Dualcast","Coolheaded+1","FTL","Streamline","Skim","Conserve Battery","Doom and Gloom","Static Discharge+1","Creative AI","Aggregate+1","Apotheosis+1","Steam+1","Undo","Self Repair","Coolheaded+1"],"relics":["Philosopher\u0027s Stone","Ginger","Gremlin Horn","Sozu","Centennial Puzzle","Dream Catcher"],"acts_visited":["Exordium","TheCity"],"potions_floor_usage":[29],"damage_taken":[{"damage":5.0,"enemies":"Jaw Worm","floor":1.0,"turns":5.0},{"damage":9.0,"enemies":"2 Louse","floor":2.0,"turns":4.0},{"damage":2.0,"enemies":"Cultist","floor":3.0,"turns":4.0},{"damage":39.0,"enemies":"3 Sentries","floor":7.0,"turns":8.0},{"damage":4.0,"enemies":"2 Fungi Beasts","floor":13.0,"turns":3.0},{"damage":10.0,"enemies":"Exordium Wildlife","floor":14.0,"turns":4.0},{"damage":19.0,"enemies":"Hexaghost","floor":16.0,"turns":8.0},{"damage":25.0,"enemies":"Spheric Guardian","floor":18.0,"turns":6.0},{"damage":0.0,"enemies":"3 Byrds","floor":20.0,"turns":1.0},{"damage":13.0,"enemies":"Sentry and Sphere","floor":22.0,"turns":3.0},{"damage":33.0,"enemies":"Shelled Parasite and Fungi","floor":24.0,"turns":5.0},{"damage":4.0,"enemies":"Centurion and Healer","floor":28.0,"turns":4.0},{"damage":22,"enemies":"Gremlin Leader","floor":29,"turns":5},{"damage":16,"enemies":"Chosen and Byrds","floor":31,"turns":1}],"seed_played":"1725943088464673015","potions_obtained":[{"floor":7.0,"key":"Dexterity Potion"},{"floor":14.0,"key":"SmokeBomb"}],"is_trial":false,"path_per_floor":["M","M","M","?","?","R","E","?","T","$","$","R","M","M","R","B",null,"M","$","M","?","M","R","M","R","T","R","M","E","$","M"],"character_chosen":"DEFECT","items_purchased":["Conserve Battery","Apotheosis"],"campfire_rested":3,"item_purchase_floors":[10,19],"current_hp_per_floor":[63,54,52,52,52,52,13,13,13,13,13,35,31,21,21,2,57,32,32,32,32,19,41,8,30,30,30,26,11,11,0,0],"gold":38,"neow_bonus":"BOSS_RELIC","is_daily":false,"chose_seed":false,"campfire_upgraded":3,"win_rate":0.0,"timestamp":1611044191,"path_taken":["M","M","M","?","?","R","E","?","T","?","$","R","?","M","R","BOSS","M","$","M","?","?","R","M","R","T","R","M","E","$","M"],"items_purchased_type":["Card","Card"],"build_version":"2020-12-22","purchased_purges":1,"victory":false,"max_hp_per_floor":[75,75,75,75,75,75,75,75,75,75,75,75,75,75,75,75,75,75,75,75,75,75,75,75,75,75,75,75,75,75,75,75],"card_choices":[{"not_picked":["Rebound","Fusion"],"picked":"Coolheaded","floor":1.0},{"not_picked":["Consume","Rebound"],"picked":"FTL","floor":2.0},{"not_picked":["Leap","Go for the Eyes"],"picked":"Streamline","floor":3.0},{"not_picked":["Hologram","Chaos"],"picked":"Skim","floor":7.0},{"not_picked":["Barrage","Conserve Battery"],"picked":"Doom and Gloom","floor":13.0},{"not_picked":["Thunder Strike","Self Repair"],"picked":"Static Discharge","floor":14.0},{"not_picked":["Hyperbeam","Amplify"],"picked":"Creative AI","floor":16.0},{"not_picked":["Beam Cell","Steam Power"],"picked":"Aggregate+1","floor":18.0},{"not_picked":["Stack","Beam Cell"],"picked":"Steam+1","floor":22.0},{"not_picked":["BootSequence","Gash"],"picked":"Undo","floor":24.0},{"not_picked":["Compile Driver+1","Conserve Battery+1"],"picked":"Self Repair","floor":28.0},{"not_picked":["Gash","Sunder"],"picked":"Coolheaded+1","floor":29}],"player_experience":415363,"relics_obtained":[{"floor":7.0,"key":"Ginger"},{"floor":9.0,"key":"Gremlin Horn"},{"floor":26.0,"key":"Centennial Puzzle"},{"floor":29,"key":"Dream Catcher"}],"event_choices":[{"damage_healed":0.0,"max_hp_gain":0.0,"max_hp_loss":0.0,"gold_gain":0.0,"event_name":"Liars Game","player_choice":"Ignored","floor":4.0,"gold_loss":0.0,"damage_taken":0.0},{"cards_removed":["Strike_B"],"damage_healed":0.0,"max_hp_gain":0.0,"max_hp_loss":0.0,"gold_gain":0.0,"event_name":"The Cleric","player_choice":"Card Removal","floor":5.0,"gold_loss":50.0,"damage_taken":0.0},{"damage_healed":0.0,"max_hp_gain":0.0,"max_hp_loss":0.0,"gold_gain":0.0,"event_name":"World of Goop","player_choice":"Left Gold","floor":8.0,"gold_loss":47.0,"damage_taken":0.0},{"cards_removed":["Strike_B"],"damage_healed":0.0,"max_hp_gain":0.0,"max_hp_loss":0.0,"gold_gain":0.0,"event_name":"Bonfire Elementals","player_choice":"Offered Basic","floor":21.0,"gold_loss":0.0,"damage_taken":0.0}],"is_beta":false,"boss_relics":[{"not_picked":["Fusion Hammer","Empty Cage"],"picked":"Sozu"}],"items_purged_floors":[30],"is_endless":false,"potions_floor_spawned":[7,14,18,24,28],"killed_by":"Chosen and Byrds","ascension_level":10}}