{"host":"kdt6w7ix8lwe69i9","time":1611029126,"event":{"mods":["100% Spire Juice","Bartender","BaseMod","ChefMod","Downfall","Evolution","Fiend Mod","Jorbs\u0027s Wanderer Trilogy","Minty Spire (QoL Compilation)","Reimu（博丽灵梦）","Robot Space Explorer","Shade Mod","StSLib","The Caster","The Cursed","The Disciple","The Dragon Tamer","The Druid","The Fake Hero","The Forsaken","The Gatherer","The Marked","TheBandit","TheSwordswoman"],"gold_per_floor":[111,111,111,121,121,152,152,170,170,85,104,104,122,154,34,131,11,23,23,38,38,52,52,71,89,89,89,89,106,31,41,41,137,137,150,150,167,167,167],"floor_reached":38,"language":"ENG","playtime":4367,"items_purged":["Regret"],"score":488,"play_id":"f71d4eef-16ff-45b7-b863-1d26ba85dc31","local_time":"20210118230526","is_ascension_mode":false,"campfire_choices":[{"data":"Moonworks:Flamethrower","floor":7,"key":"SMITH"},{"data":"Moonworks:BigMagnum","floor":12,"key":"SMITH"},{"floor":15,"key":"REST"},{"floor":23,"key":"REST"},{"floor":28,"key":"REST"},{"floor":32,"key":"REST"}],"circlet_count":0,"master_deck":["Moonworks:Assault","Moonworks:Assault","Moonworks:Strike","Moonworks:Defend","Moonworks:Defend","Moonworks:Defend","Moonworks:Defend","Moonworks:Ambush","Moonworks:LongDistanceShot","Moonworks:Flamethrower+1","Moonworks:BigMagnum+1","Moonworks:SakisCookie","Moonworks:Dinner","Moonworks:Assault","Regret","Moonworks:EvilSpyWorkPreparation","Moonworks:JonathanRush","Moonworks:ScrambledEve","Moonworks:PlushieMaster","Moonworks:EvilSpyWorkPreparation","Moonworks:SakisCookie+1","Moonworks:Flamethrower+1","Moonworks:LuckyCharm+1","Moonworks:CloudOfSeagulls","downfall:Malfunctioning","Moonworks:CloudOfSeagulls","Moonworks:Flamethrower","Moonworks:OutOfAmmo","CurseOfTheBell","Moonworks:EvilSpyWorkPreparation","Moonworks:JonathanRush"],"relics":["Moonworks:BrokenBomb","Moonworks:Homemark","EVO:Axolotl","NeowsBlessing","Darkstone Periapt","Tea:ReiMu","Calipers","Cursed Key","Nilry\u0027s Codex","StrikeDummy","Calling Bell","Centennial Puzzle","Question Card","Bird Faced Urn"],"acts_visited":["Exordium","TheCity","TheBeyond"],"potions_floor_usage":[14,22,25,29,33,37,37],"damage_taken":[{"damage":0,"enemies":"Jaw Worm","floor":1,"turns":1},{"damage":0,"enemies":"Small Slimes","floor":4,"turns":2},{"damage":0,"enemies":"Lagavulin","floor":6,"turns":1},{"damage":6,"enemies":"Cultist","floor":8,"turns":3},{"damage":10,"enemies":"3 Louse","floor":11,"turns":3},{"damage":19,"enemies":"2 Fungi Beasts","floor":13,"turns":4},{"damage":11,"enemies":"3 Sentries","floor":14,"turns":5},{"damage":10,"enemies":"Slime Boss","floor":16,"turns":6},{"damage":2,"enemies":"Chosen","floor":18,"turns":4},{"damage":16,"enemies":"Shell Parasite","floor":20,"turns":3},{"damage":30,"enemies":"Snecko","floor":22,"turns":4},{"damage":31,"enemies":"Snake Plant","floor":24,"turns":3},{"damage":0,"enemies":"Sentry and Sphere","floor":25,"turns":3},{"damage":11,"enemies":"Centurion and Healer","floor":29,"turns":3},{"damage":29,"enemies":"Snake Plant","floor":31,"turns":4},{"damage":63,"enemies":"Automaton","floor":33,"turns":11},{"damage":16,"enemies":"Orb Walker","floor":35,"turns":3},{"damage":36,"enemies":"3 Darklings","floor":37,"turns":5},{"damage":81,"enemies":"2 Orb Walkers","floor":38,"turns":4}],"seed_played":"-8832536761250010760","potions_obtained":[{"floor":1,"key":"GamblersBrew"},{"floor":8,"key":"BlessingOfTheForge"},{"floor":16,"key":"FearPotion"},{"floor":24,"key":"ColorlessPotion"},{"floor":25,"key":"DistilledChaos"},{"floor":29,"key":"Dexterity Potion"},{"floor":31,"key":"Slimebound:ThreeZeroPotion"},{"floor":35,"key":"LiquidBronze"},{"floor":37,"key":"GrandPatriotsElixir:ReiMu"}],"is_trial":false,"path_per_floor":["M","?","?","M","?","E","R","M","T","?","M","R","M","E","R","B",null,"M","?","M","?","M","R","M","M","T","?","R","M","$","M","R","B",null,"M","?","M","?"],"character_chosen":"THE_STARBREAKER","items_purchased":[],"campfire_rested":4,"item_purchase_floors":[],"current_hp_per_floor":[60,60,60,60,66,66,66,62,62,68,61,61,42,31,52,48,72,72,59,46,30,8,31,10,13,19,19,43,35,35,16,64,10,89,79,79,54,0,0],"gold":167,"neow_bonus":"THREE_ENEMY_KILL","is_daily":false,"chose_seed":false,"campfire_upgraded":2,"win_rate":0.0,"timestamp":1611029126,"path_taken":["M","?","?","M","?","E","R","M","T","?","?","R","M","E","R","BOSS","M","?","M","?","M","R","M","M","T","?","R","M","?","M","R","BOSS","M","?","?","?"],"items_purchased_type":[],"build_version":"2020-12-22","purchased_purges":1,"victory":false,"max_hp_per_floor":[60,60,60,60,66,66,66,66,66,72,72,72,72,72,72,72,72,72,77,77,77,77,77,77,77,83,83,83,83,83,83,83,83,89,89,89,89,89,89],"card_choices":[{"not_picked":["Moonworks:Dinner","Moonworks:TacticalRetreat"],"picked":"Moonworks:Flamethrower","floor":1},{"not_picked":["Moonworks:ImOnFire","Moonworks:NicePresent"],"picked":"Moonworks:SakisCookie","floor":4},{"not_picked":["Moonworks:ImOnFire","Moonworks:Heat300Percent"],"picked":"Moonworks:Dinner","floor":6},{"not_picked":["Moonworks:DeployBits","Moonworks:BindingChains"],"picked":"Moonworks:Assault","floor":8},{"not_picked":["Moonworks:ImOnFire","Moonworks:CookingTime"],"picked":"Moonworks:EvilSpyWorkPreparation","floor":11},{"not_picked":["Moonworks:Assault","Moonworks:SakisCookie"],"picked":"Moonworks:JonathanRush","floor":13},{"not_picked":["Moonworks:ExtendedPhotonRifle","Moonworks:SelfDestruct"],"picked":"Moonworks:ScrambledEve","floor":14},{"not_picked":["Moonworks:AccelHyper","Moonworks:SinkOrSwim"],"picked":"Moonworks:PlushieMaster","floor":16},{"not_picked":["Moonworks:SakisCookie","Moonworks:UnpaidWork"],"picked":"Moonworks:EvilSpyWorkPreparation","floor":18},{"not_picked":["Moonworks:BigMagnum","Moonworks:NicePresent"],"picked":"Moonworks:SakisCookie+1","floor":20},{"not_picked":["Moonworks:DevilHand+1","Moonworks:TreasureThief"],"picked":"Moonworks:Flamethrower+1","floor":22},{"not_picked":["Moonworks:CloudOfSeagulls","Moonworks:FullSpeedAlicianrone"],"picked":"Moonworks:LuckyCharm+1","floor":24},{"not_picked":["Moonworks:RagingMadness+1","Moonworks:MixPhenomenon"],"picked":"Moonworks:CloudOfSeagulls","floor":25},{"not_picked":["Moonworks:SealedMemories","Moonworks:LeapThroughSpace"],"picked":"Moonworks:CloudOfSeagulls","floor":29},{"not_picked":["Moonworks:ExtendedPhotonRifle","Moonworks:EvilSpyWorkPreparation+1"],"picked":"Moonworks:Flamethrower","floor":31},{"not_picked":["Moonworks:Gamble","Moonworks:WeAreWaruda"],"picked":"Moonworks:OutOfAmmo","floor":33},{"not_picked":["Moonworks:BigMagnum+1","Moonworks:TreasureThief","Moonworks:ScrambledEve"],"picked":"Moonworks:EvilSpyWorkPreparation","floor":35},{"not_picked":["Moonworks:Dinner","Moonworks:NicePresent","Moonworks:EvilSpyWorkPreparation+1"],"picked":"Moonworks:JonathanRush","floor":37}],"player_experience":1858944,"relics_obtained":[{"floor":6,"key":"Tea:ReiMu"},{"floor":14,"key":"Calipers"},{"floor":21,"key":"Nilry\u0027s Codex"},{"floor":26,"key":"StrikeDummy"},{"floor":34,"key":"Centennial Puzzle"},{"floor":34,"key":"Question Card"},{"floor":34,"key":"Bird Faced Urn"}],"event_choices":[{"damage_healed":0,"gold_gain":0,"cards_transformed":["Moonworks:Strike"],"player_choice":"Change","damage_taken":0,"max_hp_gain":0,"max_hp_loss":0,"event_name":"Living Wall","floor":2,"gold_loss":0,"cards_obtained":["Moonworks:BigMagnum"]},{"damage_healed":0,"gold_gain":0,"player_choice":"Box","damage_taken":0,"relics_obtained":["Darkstone Periapt"],"max_hp_gain":0,"max_hp_loss":0,"event_name":"Big Fish","floor":5,"gold_loss":0,"cards_obtained":["Regret"]},{"damage_healed":0,"gold_gain":275,"player_choice":"Desecrate","damage_taken":0,"max_hp_gain":0,"max_hp_loss":0,"event_name":"Golden Shrine","floor":10,"gold_loss":0,"cards_obtained":["Regret"]},{"damage_healed":0,"gold_gain":0,"player_choice":"Shed Blood","damage_taken":18,"max_hp_gain":5,"max_hp_loss":0,"event_name":"Forgotten Altar","floor":19,"gold_loss":0},{"damage_healed":0,"gold_gain":0,"player_choice":"Obtained Book","damage_taken":16,"max_hp_gain":0,"max_hp_loss":0,"event_name":"Cursed Tome","floor":21,"gold_loss":0},{"damage_healed":0,"gold_gain":0,"player_choice":"Ignored","damage_taken":0,"max_hp_gain":0,"max_hp_loss":0,"event_name":"Ghosts","floor":27,"gold_loss":0},{"damage_healed":0,"gold_gain":0,"player_choice":"Bought 0 Potions","damage_taken":0,"max_hp_gain":0,"max_hp_loss":0,"event_name":"The Woman in Blue","floor":36,"gold_loss":0},{"damage_healed":0,"gold_gain":0,"player_choice":"Fight","damage_taken":0,"max_hp_gain":0,"max_hp_loss":0,"event_name":"Mysterious Sphere","floor":38,"gold_loss":0}],"is_beta":false,"boss_relics":[{"not_picked":["Snecko Eye","Coffee Dripper"],"picked":"Cursed Key"},{"not_picked":["Black Star","Moonworks:SBBomb"],"picked":"Calling Bell"}],"items_purged_floors":[30],"is_endless":false,"potions_floor_spawned":[1,8,16,24,25,29,31,35,37],"killed_by":"2 Orb Walkers","ascension_level":0}}