{"host":"f0gpob8hq9vgebej","time":1611030939,"event":{"mods":["AchievementEnabler","BaseMod","Minty Spire (QoL Compilation)","Quick Restart","SuperFastMode"],"gold_per_floor":[113,113,127,144,163,163,189,200,200,14,29,29,62,89,89,186,186,198,118,133,152,152,152],"floor_reached":22,"language":"KOR","playtime":486,"items_purged":["Strike_R","Strike_R"],"score":322,"play_id":"e05f8e9c-f122-434d-8ff0-0ca725b79033","local_time":"20210119133539","is_ascension_mode":true,"campfire_choices":[{"data":"Armaments","floor":6.0,"key":"SMITH"},{"data":"Fire Breathing","floor":12,"key":"SMITH"},{"data":"Entrench","floor":15,"key":"SMITH"}],"circlet_count":0,"master_deck":["AscendersBane","Strike_R+1","Strike_R","Strike_R+1","Defend_R","Defend_R","Defend_R","Defend_R","Bash","Shockwave","Flex","Armaments+1","Fire Breathing+1","Feed","Entrench+1","Corruption","Shrug It Off","Power Through+1","Fire Breathing"],"relics":["Burning Blood","Whetstone","The Courier","Mummified Hand","OrangePellets","Self Forming Clay","Strawberry","Sozu"],"acts_visited":["Exordium","TheCity"],"potions_floor_usage":[7,13,16,16,21],"damage_taken":[{"damage":0.0,"enemies":"Small Slimes","floor":1.0,"turns":2.0},{"damage":2.0,"enemies":"Cultist","floor":3.0,"turns":4.0},{"damage":9.0,"enemies":"Jaw Worm","floor":4.0,"turns":5.0},{"damage":9.0,"enemies":"Blue Slaver","floor":5.0,"turns":5.0},{"damage":21,"enemies":"Gremlin Nob","floor":7,"turns":4},{"damage":18,"enemies":"Exordium Wildlife","floor":8,"turns":6},{"damage":11,"enemies":"Large Slime","floor":11,"turns":6},{"damage":13,"enemies":"3 Sentries","floor":13,"turns":5},{"damage":42,"enemies":"Hexaghost","floor":16,"turns":12},{"damage":17,"enemies":"Spheric Guardian","floor":18,"turns":5},{"damage":53,"enemies":"3 Byrds","floor":20,"turns":13},{"damage":9,"enemies":"Snake Plant","floor":21,"turns":5},{"damage":25,"enemies":"Shelled Parasite and Fungi","floor":22,"turns":3}],"seed_played":"-6819420071902560197","potions_obtained":[{"floor":1.0,"key":"BlessingOfTheForge"},{"floor":2.0,"key":"SmokeBomb"},{"floor":2.0,"key":"EssenceOfSteel"},{"floor":7,"key":"Swift Potion"},{"floor":11,"key":"Strength Potion"},{"floor":16,"key":"Block Potion"}],"is_trial":false,"path_per_floor":["M","?","M","M","M","R","E","M","T","$","M","R","E","T","R","B",null,"M","$","M","M","M"],"character_chosen":"IRONCLAD","items_purchased":["OrangePellets"],"campfire_rested":0,"item_purchase_floors":[10],"current_hp_per_floor":[78,78,80,77,74,74,59,47,47,47,42,42,38,45,45,9,70,59,59,15,15,0,0],"gold":152,"neow_bonus":"RANDOM_COMMON_RELIC","is_daily":false,"chose_seed":false,"campfire_upgraded":3,"win_rate":0.0,"timestamp":1611030939,"path_taken":["M","?","M","M","M","R","E","M","T","$","?","R","E","?","R","BOSS","M","$","M","M","M"],"items_purchased_type":["Relic"],"build_version":"2020-12-22","purchased_purges":2,"victory":false,"max_hp_per_floor":[80,80,80,80,80,80,80,80,80,80,80,80,83,90,90,90,90,90,90,93,96,96,96],"card_choices":[{"not_picked":["Uppercut","Wild Strike"],"picked":"Shockwave","floor":1.0},{"not_picked":["Sever Soul","True Grit"],"picked":"Flex","floor":3.0},{"not_picked":["Thunderclap","Sentinel","Headbutt"],"picked":"SKIP","floor":4.0},{"not_picked":["Dropkick","Thunderclap"],"picked":"Armaments","floor":5.0},{"not_picked":["Iron Wave","Wild Strike","Armaments"],"picked":"SKIP","floor":7},{"not_picked":["Power Through","True Grit"],"picked":"Fire Breathing","floor":8},{"not_picked":["Anger","Seeing Red"],"picked":"Feed","floor":11},{"not_picked":["Pommel Strike","Anger"],"picked":"Entrench","floor":13},{"not_picked":["Juggernaut","Demon Form"],"picked":"Corruption","floor":16},{"not_picked":["Wild Strike","Feel No Pain"],"picked":"Shrug It Off","floor":18},{"not_picked":["Havoc","Intimidate"],"picked":"Power Through+1","floor":20},{"not_picked":["Clash","Searing Blow+1"],"picked":"Fire Breathing","floor":21}],"player_experience":177478,"relics_obtained":[{"floor":7,"key":"The Courier"},{"floor":9,"key":"Mummified Hand"},{"floor":13,"key":"Self Forming Clay"},{"floor":14,"key":"Strawberry"}],"event_choices":[{"damage_healed":0.0,"max_hp_gain":0.0,"max_hp_loss":0.0,"gold_gain":0.0,"event_name":"Lab","player_choice":"Got Potions","floor":2.0,"gold_loss":0.0,"damage_taken":0.0}],"is_beta":false,"boss_relics":[{"not_picked":["Velvet Choker","Runic Dome"],"picked":"Sozu"}],"items_purged_floors":[10,19],"is_endless":false,"potions_floor_spawned":[1,7,11,16],"killed_by":"Shelled Parasite and Fungi","ascension_level":10}}