{"host":"o6rpelx2jpc8yies","time":1611039844,"event":{"mods":["BaseMod","Downfall","Minty Spire (QoL Compilation)","StSLib"],"gold_per_floor":[99,111,131,131,147,180,180,198,218,231,231,231],"floor_reached":11,"language":"ENG","playtime":512,"items_purged":[],"score":89,"play_id":"91d63d2b-593f-4a52-a2d0-2fde40e0ad8a","local_time":"20210119000404","is_ascension_mode":true,"campfire_choices":[{"floor":1,"key":"RECALL"}],"circlet_count":0,"master_deck":["bronze:Strike","bronze:Strike","bronze:Strike","bronze:Strike","bronze:Defend","bronze:Defend","bronze:Defend","bronze:Defend","bronze:Replicate","bronze:Goto","bronze:Separator","bronze:Constructor","bronze:Constructor","bronze:Invalidate","bronze:ChosenStrike","bronze:WhirlingStrike","bronze:Return+1"],"relics":["bronze:BronzeCore","sneckomod:BlankCard","Dead Branch","Toxic Egg 2"],"acts_visited":["Exordium"],"potions_floor_usage":[8,11],"damage_taken":[{"damage":0,"enemies":"2 Louse","floor":2,"turns":3},{"damage":0,"enemies":"Cultist","floor":3,"turns":2},{"damage":0,"enemies":"Small Slimes","floor":5,"turns":3},{"damage":42,"enemies":"Gremlin Nob","floor":6,"turns":4},{"damage":17,"enemies":"Exordium Wildlife","floor":8,"turns":3},{"damage":2,"enemies":"2 Fungi Beasts","floor":9,"turns":2},{"damage":0,"enemies":"3 Louse","floor":10,"turns":1},{"damage":10,"enemies":"Lagavulin","floor":11,"turns":2}],"seed_played":"8249655340683053215","potions_obtained":[{"floor":6,"key":"SkillPotion"},{"floor":8,"key":"PowerPotion"}],"is_trial":false,"path_per_floor":["R","M","M","?","M","E","T","M","M","M","E"],"character_chosen":"THE_AUTOMATON","items_purchased":[],"campfire_rested":0,"item_purchase_floors":[],"current_hp_per_floor":[70,70,70,70,70,28,28,11,9,9,0,0],"gold":231,"neow_bonus":"RANDOM_COMMON_RELIC","is_daily":false,"chose_seed":false,"campfire_upgraded":0,"win_rate":0.0,"timestamp":1611039844,"path_taken":["R","M","M","?","M","E","T","M","M","M","E"],"items_purchased_type":[],"build_version":"2020-12-22","purchased_purges":0,"victory":false,"max_hp_per_floor":[70,70,70,70,70,70,70,70,70,70,70,70],"card_choices":[{"not_picked":["bronze:Shield","bronze:ItsAFeature"],"picked":"bronze:Separator","floor":2},{"not_picked":["bronze:Iterate","bronze:MaxOutput"],"picked":"bronze:Constructor","floor":3},{"not_picked":["bronze:Turbo","bronze:NullPointer"],"picked":"bronze:Invalidate","floor":5},{"not_picked":["bronze:Shell","bronze:Backtrace"],"picked":"bronze:ChosenStrike","floor":6},{"not_picked":["bronze:BuggyMess+1","bronze:InfiniteBeams"],"picked":"bronze:WhirlingStrike","floor":8},{"not_picked":["bronze:Deprecate+1","bronze:BugBarrage","bronze:MaxOutput"],"picked":"SKIP","floor":9},{"not_picked":["bronze:DarkDash","bronze:MaxOutput"],"picked":"bronze:Return+1","floor":10}],"player_experience":1788428,"relics_obtained":[{"floor":6,"key":"Dead Branch"},{"floor":7,"key":"Toxic Egg 2"}],"event_choices":[],"is_beta":false,"boss_relics":[],"items_purged_floors":[],"is_endless":false,"potions_floor_spawned":[6,8],"killed_by":"Lagavulin","ascension_level":3}}