{"host":"x3qmax6e7jj3tga5","time":1611034426,"event":{"mods":["BaseMod","Custom Start","Minty Spire (QoL Compilation)","StSLib"],"gold_per_floor":[113,113,113,133,147,147,191,212,235,269,17,17,36,111,111,239,239,262,283,283,33,57,97,97,133,158,158,193,193,212,230,230,349,349,368,386,386,401,422,422,461,39,65,85,85,85,99,134,134,134],"floor_reached":51,"language":"ENG","playtime":4357,"items_purged":["Strike_G","Strike_G","Strike_G"],"score":852,"play_id":"279fc6c2-bc51-4dc1-8710-0d7c3853491b","local_time":"20210118233346","is_ascension_mode":true,"campfire_choices":[{"data":"Quick Slash","floor":6.0,"key":"SMITH"},{"data":"Envenom","floor":12.0,"key":"SMITH"},{"floor":15.0,"key":"REST"},{"data":"Choke","floor":24.0,"key":"SMITH"},{"floor":27.0,"key":"REST"},{"floor":32.0,"key":"REST"},{"data":"After Image","floor":40.0,"key":"SMITH"},{"data":"Footwork","floor":45.0,"key":"SMITH"},{"data":"Bullet Time","floor":49,"key":"SMITH"}],"circlet_count":0,"master_deck":["Strike_G+1","Defend_G","Defend_G","Defend_G","Defend_G","Defend_G","Survivor","Neutralize+1","Quick Slash+1","Endless Agony","Choke+1","Noxious Fumes","Envenom+1","PiercingWail","Flying Knee","Noxious Fumes","Backstab","Dagger Throw","Blade Dance","Bullet Time+1","Bane","Flying Knee+1","Skewer","Endless Agony","Wraith Form v2","Malaise","Crippling Poison","Deflect","After Image+1","Dodge and Roll+1","Catalyst","Footwork+1","Cloak And Dagger+1","Blur+1","Footwork","Bouncing Flask+1"],"relics":["Ring of the Snake","Golden Idol","Anchor","Bronze Scales","MealTicket","Meat on the Bone","Runic Pyramid","Oddly Smooth Stone","Paper Crane","Bag of Preparation","Orichalcum","Molten Egg 2","HoveringKite","Nunchaku","TwistedFunnel","Whetstone","PreservedInsect"],"acts_visited":["Exordium","TheCity","TheBeyond"],"potions_floor_usage":[50,50],"damage_taken":[{"damage":1.0,"enemies":"2 Louse","floor":1.0,"turns":4.0},{"damage":0.0,"enemies":"Small Slimes","floor":4.0,"turns":3.0},{"damage":0.0,"enemies":"Jaw Worm","floor":5.0,"turns":3.0},{"damage":27.0,"enemies":"Lagavulin","floor":7.0,"turns":10.0},{"damage":0.0,"enemies":"Looter","floor":8.0,"turns":3.0},{"damage":9.0,"enemies":"3 Sentries","floor":10.0,"turns":7.0},{"damage":7.0,"enemies":"Large Slime","floor":13.0,"turns":4.0},{"damage":20.0,"enemies":"3 Sentries","floor":14.0,"turns":6.0},{"damage":18.0,"enemies":"Slime Boss","floor":16.0,"turns":8.0},{"damage":12.0,"enemies":"Shell Parasite","floor":18.0,"turns":4.0},{"damage":0.0,"enemies":"Chosen","floor":19.0,"turns":3.0},{"damage":0.0,"enemies":"Centurion and Healer","floor":22.0,"turns":5.0},{"damage":10.0,"enemies":"Gremlin Leader","floor":23.0,"turns":8.0},{"damage":32.0,"enemies":"Slavers","floor":25.0,"turns":5.0},{"damage":11.0,"enemies":"Gremlin Leader","floor":28.0,"turns":6.0},{"damage":6.0,"enemies":"Sentry and Sphere","floor":30.0,"turns":6.0},{"damage":20.0,"enemies":"Snake Plant","floor":31.0,"turns":4.0},{"damage":6.0,"enemies":"Champ","floor":33.0,"turns":9.0},{"damage":1.0,"enemies":"Orb Walker","floor":35.0,"turns":4.0},{"damage":14.0,"enemies":"3 Darklings","floor":36.0,"turns":6.0},{"damage":12.0,"enemies":"Maw","floor":38.0,"turns":8.0},{"damage":2.0,"enemies":"Writhing Mass","floor":39.0,"turns":7.0},{"damage":1.0,"enemies":"Nemesis","floor":41.0,"turns":7.0},{"damage":0.0,"enemies":"Sphere and 2 Shapes","floor":44.0,"turns":6.0},{"damage":0,"enemies":"3 Darklings","floor":47,"turns":4},{"damage":15,"enemies":"Reptomancer","floor":48,"turns":6},{"damage":21,"enemies":"Awakened One","floor":50,"turns":13}],"seed_played":"282771951074127855","potions_obtained":[{"floor":4.0,"key":"Weak Potion"},{"floor":7.0,"key":"Poison Potion"},{"floor":10.0,"key":"Fire Potion"},{"floor":14.0,"key":"DistilledChaos"},{"floor":19.0,"key":"CunningPotion"},{"floor":30.0,"key":"DuplicationPotion"},{"floor":41.0,"key":"Strength Potion"}],"is_trial":false,"path_per_floor":["M","?","?","M","M","R","E","M","T","E","$","R","M","?","R","B",null,"M","M","?","$","M","E","R","E","T","R","E","?","M","M","R","B",null,"M","M","?","M","M","R","E","$","T","M","R","$","M","E","R","B",null],"character_chosen":"THE_SILENT","items_purchased":["Flying Knee","Noxious Fumes","Backstab","Oddly Smooth Stone","TwistedFunnel","Whetstone"],"campfire_rested":3,"item_purchase_floors":[11,11,11,21,42,42],"current_hp_per_floor":[69,65,65,65,65,65,38,38,38,29,44,44,37,17,36,30,65,53,53,53,65,65,55,55,35,35,54,43,43,37,29,48,42,65,64,50,50,38,36,36,35,50,50,50,50,65,65,50,50,41],"gold":134,"neow_bonus":"UPGRADE_CARD","is_daily":false,"chose_seed":false,"campfire_upgraded":6,"win_rate":0.0,"timestamp":1611034426,"path_taken":["M","?","?","M","M","R","E","M","T","E","$","R","M","?","R","BOSS","M","M","?","$","M","E","R","E","T","R","E","?","M","M","R","BOSS","M","M","?","?","M","R","E","$","T","M","R","?","M","E","R","BOSS"],"items_purchased_type":["Card","Card","Card","Relic","Relic","Relic"],"build_version":"2020-12-22","purchased_purges":3,"victory":true,"max_hp_per_floor":[70,65,65,65,65,65,65,65,65,65,65,65,65,65,65,65,65,65,65,65,65,65,65,65,65,65,65,65,65,65,65,65,65,65,65,65,65,65,65,65,65,65,65,65,65,65,65,65,65,65],"card_choices":[{"not_picked":["Outmaneuver","Flying Knee"],"picked":"Quick Slash","floor":1.0},{"not_picked":["Underhanded Strike","Deflect"],"picked":"Endless Agony","floor":4.0},{"not_picked":["Outmaneuver","Catalyst"],"picked":"Choke","floor":5.0},{"not_picked":["Calculated Gamble","Dodge and Roll"],"picked":"Noxious Fumes","floor":7.0},{"not_picked":["Underhanded Strike","Dodge and Roll"],"picked":"Envenom","floor":8.0},{"not_picked":["Finisher","Phantasmal Killer"],"picked":"PiercingWail","floor":10.0},{"not_picked":["Setup","Choke"],"picked":"Dagger Throw","floor":13.0},{"not_picked":["Finisher","Dagger Throw"],"picked":"Blade Dance","floor":14.0},{"not_picked":["Glass Knife","Unload"],"picked":"Bullet Time","floor":16.0},{"not_picked":["Choke","Sucker Punch"],"picked":"Bane","floor":18.0},{"not_picked":["Quick Slash","Accuracy"],"picked":"Flying Knee","floor":19.0},{"not_picked":["Flying Knee+1","Glass Knife"],"picked":"Skewer","floor":22.0},{"not_picked":["Acrobatics+1","Setup"],"picked":"Endless Agony","floor":23.0},{"not_picked":["Blur","PiercingWail+1"],"picked":"Wraith Form v2","floor":25.0},{"not_picked":["Dagger Spray+1","Noxious Fumes+1"],"picked":"Malaise","floor":28.0},{"not_picked":["Slice+1","Noxious Fumes"],"picked":"Deflect","floor":30.0},{"not_picked":["Dodge and Roll","Sucker Punch+1","Underhanded Strike+1"],"picked":"SKIP","floor":31.0},{"not_picked":["Adrenaline","Unload+1"],"picked":"After Image","floor":33.0},{"not_picked":["Distraction+1","Finisher+1","Flying Knee+1"],"picked":"SKIP","floor":35.0},{"not_picked":["Blade Dance+1","Infinite Blades"],"picked":"Dodge and Roll+1","floor":36.0},{"not_picked":["Expertise+1","Deflect"],"picked":"Catalyst","floor":38.0},{"not_picked":["Outmaneuver","Dagger Spray+1"],"picked":"Footwork","floor":39.0},{"not_picked":["Deflect","Expertise+1"],"picked":"Cloak And Dagger+1","floor":41.0},{"not_picked":["Eviscerate+1","Dodge and Roll"],"picked":"Blur+1","floor":44.0},{"not_picked":["Blur+1","Heel Hook+1"],"picked":"Footwork","floor":47},{"not_picked":["Finisher+1","Quick Slash+1"],"picked":"Bouncing Flask+1","floor":48}],"player_experience":319922,"relics_obtained":[{"floor":7.0,"key":"Anchor"},{"floor":9.0,"key":"Bronze Scales"},{"floor":10.0,"key":"MealTicket"},{"floor":14.0,"key":"Meat on the Bone"},{"floor":23.0,"key":"Paper Crane"},{"floor":25.0,"key":"Bag of Preparation"},{"floor":26.0,"key":"Orichalcum"},{"floor":28.0,"key":"Molten Egg 2"},{"floor":41.0,"key":"Nunchaku"},{"floor":48,"key":"PreservedInsect"}],"event_choices":[{"damage_healed":0.0,"max_hp_gain":0.0,"max_hp_loss":5.0,"gold_gain":0.0,"event_name":"Golden Idol","player_choice":"Lose Max HP","floor":2.0,"gold_loss":0.0,"damage_taken":0.0,"relics_obtained":["Golden Idol"]},{"cards_removed":["Strike_G"],"damage_healed":0.0,"max_hp_gain":0.0,"max_hp_loss":0.0,"gold_gain":0.0,"event_name":"Living Wall","player_choice":"Forget","floor":3.0,"gold_loss":0.0,"damage_taken":0.0},{"damage_healed":0.0,"max_hp_gain":0.0,"max_hp_loss":0.0,"gold_gain":0.0,"event_name":"Dead Adventurer","player_choice":"Searched \u00272\u0027 times","floor":14.0,"gold_loss":0.0,"damage_taken":0.0},{"damage_healed":0.0,"max_hp_gain":0.0,"max_hp_loss":0.0,"gold_gain":0.0,"event_name":"Ghosts","player_choice":"Ignored","floor":20.0,"gold_loss":0.0,"damage_taken":0.0},{"damage_healed":0.0,"max_hp_gain":0.0,"max_hp_loss":0.0,"gold_gain":0.0,"event_name":"The Library","player_choice":"Read","floor":29.0,"gold_loss":0.0,"damage_taken":0.0,"cards_obtained":["Crippling Poison"]},{"damage_healed":0.0,"max_hp_gain":0.0,"max_hp_loss":0.0,"gold_gain":0.0,"event_name":"SecretPortal","player_choice":"Ignored","floor":37.0,"gold_loss":0.0,"damage_taken":0.0}],"is_beta":false,"boss_relics":[{"not_picked":["Cursed Key","Calling Bell"],"picked":"Runic Pyramid"},{"not_picked":["Tiny House","Runic Dome"],"picked":"HoveringKite"}],"items_purged_floors":[11,21,42],"is_endless":false,"potions_floor_spawned":[4,7,10,14,19,23,30,31,36,38,41],"ascension_level":2}}