{"host":"swphzoo6hmc78epl","time":1611027746,"event":{"mods":["BaseMod","Highlight Path","Minty Spire (QoL Compilation)","Quick Restart"],"gold_per_floor":[113,124,140,140,155,155,170,170,170,170,188,254,285,285,285,411,411,424,439,462,533,225,225,268,20,20,45,60,60,60],"floor_reached":29,"language":"ENG","playtime":1953,"items_purged":["Injury","Strike_B"],"score":259,"play_id":"2b78b363-a858-4f10-9f45-ef9866e70b61","local_time":"20210118224226","is_ascension_mode":true,"campfire_choices":[{"data":"White Noise","floor":6,"key":"SMITH"},{"floor":10,"key":"REST"},{"floor":15,"key":"REST"},{"data":"White Noise","floor":23,"key":"SMITH"}],"circlet_count":0,"master_deck":["Defend_B","Defend_B","Defend_B","Defend_B+1","Zap","Dualcast","Heatsinks+1","Auto Shields","Loop","Consume","White Noise+1","Rebound","White Noise+1","Ball Lightning","Melter","Barrage","Auto Shields","Biased Cognition","Cold Snap+1","Defragment","Hologram+1","Doom and Gloom","Lockon"],"relics":["Cracked Core","Golden Idol","Mercury Hourglass","Regal Pillow","TungstenRod","Black Star","Art of War","Darkstone Periapt","Strawberry","Runic Capacitor","Singing Bowl"],"acts_visited":["Exordium","TheCity"],"potions_floor_usage":[2,12,12,12,13,29],"damage_taken":[{"damage":1,"enemies":"Jaw Worm","floor":1,"turns":6},{"damage":3,"enemies":"2 Louse","floor":2,"turns":4},{"damage":0,"enemies":"Cultist","floor":3,"turns":4},{"damage":13,"enemies":"Lots of Slimes","floor":5,"turns":4},{"damage":6,"enemies":"Exordium Wildlife","floor":7,"turns":5},{"damage":4,"enemies":"2 Fungi Beasts","floor":11,"turns":3},{"damage":9,"enemies":"Lagavulin Event","floor":12,"turns":5},{"damage":17,"enemies":"Gremlin Nob","floor":13,"turns":4},{"damage":26,"enemies":"Hexaghost","floor":16,"turns":8},{"damage":0,"enemies":"Spheric Guardian","floor":18,"turns":3},{"damage":0,"enemies":"Chosen","floor":19,"turns":3},{"damage":8,"enemies":"3 Cultists","floor":20,"turns":5},{"damage":20,"enemies":"Book of Stabbing","floor":24,"turns":5},{"damage":17,"enemies":"Shelled Parasite and Fungi","floor":27,"turns":7},{"damage":17,"enemies":"Cultist and Chosen","floor":28,"turns":5},{"damage":25,"enemies":"Slavers","floor":29,"turns":2}],"seed_played":"-6611828891414392158","potions_obtained":[{"floor":1,"key":"SpeedPotion"},{"floor":5,"key":"SneckoOil"},{"floor":7,"key":"SpeedPotion"},{"floor":11,"key":"Energy Potion"},{"floor":12,"key":"Dexterity Potion"},{"floor":18,"key":"GamblersBrew"},{"floor":24,"key":"LiquidBronze"}],"is_trial":false,"path_per_floor":["M","M","M","?","M","R","M","?","T","R","M","?","E","?","R","B",null,"M","M","M","T","$","R","E","$","T","M","M","E"],"character_chosen":"DEFECT","items_purchased":["Art of War","Defragment","Runic Capacitor"],"campfire_rested":2,"item_purchase_floors":[22,22,25],"current_hp_per_floor":[53,50,50,50,37,37,31,16,16,38,34,25,8,8,45,19,75,75,75,67,67,67,67,54,54,54,37,20,0,0],"gold":60,"neow_bonus":"TRANSFORM_TWO_CARDS","is_daily":false,"chose_seed":false,"campfire_upgraded":2,"win_rate":0.0,"timestamp":1611027746,"path_taken":["M","M","M","?","M","R","M","?","T","R","?","?","E","?","R","BOSS","M","M","M","?","$","R","E","$","T","M","?","E"],"items_purchased_type":["Relic","Card","Relic"],"build_version":"2020-12-22","purchased_purges":2,"victory":false,"max_hp_per_floor":[75,75,75,75,75,75,75,75,75,75,75,75,75,75,75,75,75,75,75,75,75,75,75,82,82,82,82,82,82,82],"card_choices":[{"not_picked":["Tempest","Streamline"],"picked":"Loop","floor":1},{"not_picked":["Rebound","Scrape"],"picked":"Consume","floor":2},{"not_picked":["Turbo","Compile Driver"],"picked":"White Noise","floor":3},{"not_picked":["Heatsinks","Steam"],"picked":"Rebound","floor":5},{"not_picked":["Streamline","Fusion"],"picked":"White Noise","floor":7},{"not_picked":["Go for the Eyes","Streamline"],"picked":"Ball Lightning","floor":11},{"not_picked":["BootSequence","Skim"],"picked":"Melter","floor":12},{"not_picked":["Tempest","Genetic Algorithm"],"picked":"Barrage","floor":13},{"not_picked":["Thunder Strike","Meteor Strike"],"picked":"Biased Cognition","floor":16},{"not_picked":["Genetic Algorithm","Static Discharge+1"],"picked":"Cold Snap+1","floor":18},{"not_picked":["Ball Lightning","Streamline","Auto Shields"],"picked":"SKIP","floor":19},{"not_picked":["Rebound+1","Turbo","Ball Lightning+1"],"picked":"SKIP","floor":20},{"not_picked":["Rainbow","Reprogram"],"picked":"Hologram+1","floor":24},{"not_picked":["Gash","Redo"],"picked":"Doom and Gloom","floor":27},{"not_picked":["Conserve Battery","Consume"],"picked":"Lockon","floor":28}],"player_experience":774284,"relics_obtained":[{"floor":9,"key":"Mercury Hourglass"},{"floor":12,"key":"Regal Pillow"},{"floor":13,"key":"TungstenRod"},{"floor":24,"key":"Darkstone Periapt"},{"floor":24,"key":"Strawberry"},{"floor":26,"key":"Singing Bowl"}],"event_choices":[{"damage_healed":0,"gold_gain":0,"player_choice":"Take Wound","damage_taken":0,"relics_obtained":["Golden Idol"],"max_hp_gain":0,"max_hp_loss":0,"event_name":"Golden Idol","floor":4,"gold_loss":0,"cards_obtained":["Injury"]},{"damage_healed":0,"gold_gain":0,"player_choice":"Entered Light","damage_taken":15,"max_hp_gain":0,"max_hp_loss":0,"event_name":"Shining Light","floor":8,"gold_loss":0,"cards_upgraded":["Heatsinks","Defend_B"]},{"damage_healed":0,"gold_gain":30,"player_choice":"Searched \u00272\u0027 times","damage_taken":0,"max_hp_gain":0,"max_hp_loss":0,"event_name":"Dead Adventurer","floor":12,"gold_loss":0},{"damage_healed":0,"gold_gain":0,"cards_transformed":["Strike_B"],"player_choice":"Transformed","damage_taken":0,"max_hp_gain":0,"max_hp_loss":0,"event_name":"Transmorgrifier","floor":14,"gold_loss":0,"cards_obtained":["Auto Shields"]}],"is_beta":false,"boss_relics":[{"not_picked":["Cursed Key","Empty Cage"],"picked":"Black Star"}],"items_purged_floors":[22,25],"is_endless":false,"potions_floor_spawned":[1,5,7,11,12,18,24],"killed_by":"Slavers","ascension_level":1}}