{"host":"swphzoo6hmc78epl","time":1611032716,"event":{"mods":["BaseMod","Highlight Path","Minty Spire (QoL Compilation)","Quick Restart"],"gold_per_floor":[114,133,152,168,183,183,208,222,222,233,122,297,311,321,321,422,422,436,436,351,404,404,424,27,27,27,59,71,96,96,111,111,214,214,229,129,129,109,126,160,160,178,178,178,178,204,222,222,222],"floor_reached":48,"language":"ENG","playtime":3431,"items_purged":["Strike_B","Strike_B","Doubt"],"score":561,"play_id":"ee6e8e92-1a8f-478e-b012-ab413198c80c","local_time":"20210119000516","is_ascension_mode":true,"campfire_choices":[{"data":"White Noise","floor":6,"key":"SMITH"},{"data":"Fission","floor":15,"key":"SMITH"},{"data":"White Noise","floor":25,"key":"SMITH"},{"floor":30,"key":"RECALL"},{"data":"Blizzard","floor":32,"key":"SMITH"},{"data":"Static Discharge","floor":41,"key":"SMITH"},{"data":"Thunder Strike","floor":45,"key":"SMITH"}],"circlet_count":0,"master_deck":["Strike_B","Defend_B","Defend_B","Defend_B","Defend_B+1","Zap","Dualcast","Core Surge","Sweeping Beam","Barrage","Lockon","White Noise+1","Glacier+1","Fission+1","White Noise+1","Static Discharge+1","Cold Snap","Ball Lightning","Biased Cognition","Chaos+1","Conserve Battery","Blizzard+1","Heatsinks+1","Thunder Strike+1","Force Field","Hologram+1"],"relics":["Cracked Core","Toy Ornithopter","Pantograph","Inserter","PreservedInsect","Lantern","The Courier","Question Card","Sling","War Paint","Bottled Flame","Blood Vial","SlaversCollar","MealTicket","Symbiotic Virus"],"acts_visited":["Exordium","TheCity","TheBeyond"],"potions_floor_usage":[10,13,13,13,27,27,33,33,33,39,42,42,46],"damage_taken":[{"damage":5,"enemies":"Cultist","floor":1,"turns":4},{"damage":2,"enemies":"Small Slimes","floor":2,"turns":3},{"damage":6,"enemies":"Jaw Worm","floor":3,"turns":3},{"damage":5,"enemies":"Looter","floor":4,"turns":3},{"damage":19,"enemies":"Blue Slaver","floor":5,"turns":3},{"damage":23,"enemies":"3 Sentries","floor":7,"turns":11},{"damage":14,"enemies":"3 Louse","floor":8,"turns":2},{"damage":4,"enemies":"2 Fungi Beasts","floor":10,"turns":3},{"damage":4,"enemies":"Gremlin Gang","floor":13,"turns":3},{"damage":5,"enemies":"Exordium Wildlife","floor":14,"turns":3},{"damage":23,"enemies":"Slime Boss","floor":16,"turns":7},{"damage":20,"enemies":"2 Thieves","floor":18,"turns":3},{"damage":12,"enemies":"Shell Parasite","floor":23,"turns":5},{"damage":16,"enemies":"Slavers","floor":27,"turns":3},{"damage":28,"enemies":"Centurion and Healer","floor":28,"turns":10},{"damage":7,"enemies":"Book of Stabbing","floor":29,"turns":4},{"damage":3,"enemies":"Snecko","floor":31,"turns":4},{"damage":23,"enemies":"Automaton","floor":33,"turns":10},{"damage":37,"enemies":"3 Darklings","floor":35,"turns":6},{"damage":15,"enemies":"3 Shapes","floor":39,"turns":4},{"damage":13,"enemies":"Reptomancer","floor":40,"turns":5},{"damage":24,"enemies":"Jaw Worm Horde","floor":42,"turns":3},{"damage":4,"enemies":"Giant Head","floor":46,"turns":6},{"damage":32,"enemies":"Writhing Mass","floor":47,"turns":4},{"damage":45,"enemies":"Reptomancer","floor":48,"turns":5}],"seed_played":"-4533884601156563300","potions_obtained":[{"floor":3,"key":"FearPotion"},{"floor":4,"key":"PotionOfCapacity"},{"floor":8,"key":"LiquidBronze"},{"floor":10,"key":"Regen Potion"},{"floor":13,"key":"DuplicationPotion"},{"floor":14,"key":"Regen Potion"},{"floor":18,"key":"PotionOfCapacity"},{"floor":27,"key":"Dexterity Potion"},{"floor":31,"key":"LiquidBronze"},{"floor":33,"key":"FocusPotion"},{"floor":35,"key":"SpeedPotion"},{"floor":38,"key":"LiquidMemories"},{"floor":42,"key":"SpeedPotion"},{"floor":47,"key":"PotionOfCapacity"}],"is_trial":false,"path_per_floor":["M","M","M","M","M","R","E","M","T","M","$","?","M","M","R","B",null,"M","?","?","T","T","M","$","R","T","E","M","E","R","M","R","B",null,"M","$","?","?","M","E","R","M","T","?","R","E","M","E"],"character_chosen":"DEFECT","items_purchased":["Static Discharge","Question Card","Sling"],"campfire_rested":0,"item_purchase_floors":[11,24,24],"current_hp_per_floor":[70,68,62,57,38,38,15,1,1,2,2,2,22,17,17,19,75,55,55,55,55,55,43,43,43,43,46,18,11,11,10,10,29,75,38,38,38,38,30,19,19,7,7,66,66,63,33,0,0],"gold":222,"neow_bonus":"ONE_RANDOM_RARE_CARD","is_daily":false,"chose_seed":false,"campfire_upgraded":6,"win_rate":0.0,"timestamp":1611032716,"path_taken":["M","M","M","M","M","R","E","M","T","M","?","?","M","M","R","BOSS","M","?","?","?","?","M","?","R","T","E","M","E","R","?","R","BOSS","M","$","?","?","M","E","R","?","T","?","R","E","M","E"],"items_purchased_type":["Card","Relic","Relic"],"build_version":"2020-12-22","purchased_purges":3,"victory":false,"max_hp_per_floor":[75,75,75,75,75,75,75,75,75,75,75,75,75,75,75,75,75,75,75,75,75,75,75,75,75,75,75,75,75,75,75,75,75,75,75,75,75,75,75,75,75,75,75,66,66,66,66,66,66],"card_choices":[{"not_picked":["Consume","Barrage"],"picked":"Sweeping Beam","floor":1},{"not_picked":["Self Repair","Beam Cell"],"picked":"Barrage","floor":2},{"not_picked":["Conserve Battery","Leap"],"picked":"Lockon","floor":3},{"not_picked":["Stack","Darkness"],"picked":"White Noise","floor":4},{"not_picked":["Steam Power","Static Discharge"],"picked":"Glacier","floor":5},{"not_picked":["Skim","Redo","Coolheaded"],"picked":"SKIP","floor":7},{"not_picked":["Rip and Tear","Heatsinks"],"picked":"Fission","floor":8},{"not_picked":["Beam Cell","Steam"],"picked":"White Noise","floor":10},{"not_picked":["Coolheaded","Conserve Battery"],"picked":"Cold Snap","floor":13},{"not_picked":["Rip and Tear","Steam Power"],"picked":"Ball Lightning","floor":14},{"not_picked":["Hyperbeam","Echo Form"],"picked":"Biased Cognition","floor":16},{"not_picked":["Turbo+1","Sweeping Beam"],"picked":"Chaos+1","floor":18},{"not_picked":["Leap+1","Double Energy"],"picked":"Blizzard","floor":23},{"not_picked":["Sweeping Beam+1","Rebound","Beam Cell","Barrage"],"picked":"SKIP","floor":27},{"not_picked":["Steam","Biased Cognition","Steam Power","Streamline"],"picked":"SKIP","floor":28},{"not_picked":["Tempest","Sweeping Beam","Hologram"],"picked":"Heatsinks+1","floor":29},{"not_picked":["Sweeping Beam+1","Go for the Eyes","Gash+1","Stack+1"],"picked":"SKIP","floor":31},{"not_picked":["Rainbow","Hyperbeam","All For One"],"picked":"Thunder Strike","floor":33},{"not_picked":["Barrage+1","Beam Cell+1","Cold Snap+1"],"picked":"Force Field","floor":35},{"not_picked":["Redo","Leap","Steam Power"],"picked":"Hologram+1","floor":39},{"not_picked":["Cold Snap","Streamline+1","Conserve Battery","Reprogram+1"],"picked":"SKIP","floor":40},{"not_picked":["Streamline+1","Sweeping Beam","Rebound+1","Gash+1"],"picked":"SKIP","floor":42},{"not_picked":["Compile Driver","Biased Cognition","Genetic Algorithm+1","Double Energy"],"picked":"SKIP","floor":46},{"not_picked":["Stack","Gash+1","Doom and Gloom","Coolheaded+1"],"picked":"SKIP","floor":47}],"player_experience":774284,"relics_obtained":[{"floor":7,"key":"Toy Ornithopter"},{"floor":9,"key":"Pantograph"},{"floor":21,"key":"Lantern"},{"floor":22,"key":"The Courier"},{"floor":26,"key":"War Paint"},{"floor":27,"key":"Bottled Flame"},{"floor":29,"key":"Blood Vial"},{"floor":40,"key":"MealTicket"},{"floor":46,"key":"Symbiotic Virus"}],"event_choices":[{"damage_healed":0,"gold_gain":175,"player_choice":"AGREE","damage_taken":0,"max_hp_gain":0,"max_hp_loss":0,"event_name":"Liars Game","floor":12,"gold_loss":0,"cards_obtained":["Doubt"]},{"damage_healed":0,"gold_gain":0,"player_choice":"Read","damage_taken":0,"max_hp_gain":0,"max_hp_loss":0,"event_name":"The Library","floor":19,"gold_loss":0,"cards_obtained":["Conserve Battery"]},{"damage_healed":0,"gold_gain":0,"player_choice":"Obtained Relic","damage_taken":0,"relics_obtained":["PreservedInsect"],"max_hp_gain":0,"max_hp_loss":0,"event_name":"Addict","floor":20,"gold_loss":85},{"cards_removed":["Strike_B"],"damage_healed":0,"gold_gain":0,"player_choice":"Removed Attack","damage_taken":0,"max_hp_gain":0,"max_hp_loss":0,"event_name":"Falling","floor":37,"gold_loss":0},{"damage_healed":0,"gold_gain":0,"player_choice":"Bought 1 Potion","damage_taken":0,"max_hp_gain":0,"max_hp_loss":0,"event_name":"The Woman in Blue","floor":38,"gold_loss":0},{"damage_healed":66,"gold_gain":0,"player_choice":"Heal","damage_taken":0,"max_hp_gain":0,"max_hp_loss":9,"event_name":"The Moai Head","floor":44,"gold_loss":0}],"is_beta":false,"boss_relics":[{"not_picked":["Philosopher\u0027s Stone","Coffee Dripper"],"picked":"Inserter"},{"not_picked":["Pandora\u0027s Box","Sozu"],"picked":"SlaversCollar"}],"items_purged_floors":[11,24,36],"is_endless":false,"potions_floor_spawned":[3,4,8,10,13,14,18,23,27,31,33,35,42,47],"killed_by":"Reptomancer","ascension_level":1}}