{"host":"p08oqmr389b4tgxi","time":1611022570,"event":{"mods":["Act Like it!","BaseMod","CapriCore","Colored Powertips","Gensokyo","Hallownest","Luminous","Minty Spire (QoL Compilation)","Quick Restart","Relic Stats","StSLib","The Immortal","UnlockEverythingMod","Yakumo Yukari mod","¡¾ÒÅÎï¿¨ÅÆ¡¿REMEMod"],"gold_per_floor":[140,65,30,45,64,64,74,84,84,116,129,129,140,174,174,269,269,269,140,140,140,140,140,140,140,140,140,140,140,140,140,140,140,140,140,0,0,0,0,0,0,0,0,0,0,0,0,0,0,0],"floor_reached":51,"language":"ZHS","playtime":4695,"items_purged":["AT_purpleEX"],"score":1152,"play_id":"4ca9cfbe-f171-412f-a338-6c6508c201a6","local_time":"20210119101610","is_ascension_mode":true,"campfire_choices":[{"data":"MonsterNeedle_purple","floor":6.0,"key":"SMITH"},{"data":"Observe_purple_2","floor":15.0,"key":"SMITH"},{"data":"ExistenceContinue_purple","floor":24.0,"key":"SMITH"},{"data":"Nest_LightFlightworm_purple","floor":30.0,"key":"SMITH"},{"data":"Juggernaut","floor":32.0,"key":"SMITH"},{"floor":41,"key":"RECALL"},{"floor":44,"key":"REST"},{"data":"Hallownest:skillGreenpathMap","floor":49,"key":"SMITH"}],"circlet_count":0,"master_deck":["AT_purpleEX","Defend_purpleEX","Defend_purpleEX","Defend_purpleEX","Observe_purple_1","Observe_purple_2+1","Juggernaut+1","Hallownest:skillGreenpathMap+1","MonsterNeedle_purple+1","ExistenceContinue_purple+1","Nest_LightFlightworm_purple+1","GluttonyofRealm_purpleEX","DimensionStaggered_purple+1","MetroBOOM_purple+1","Boundary_ObjectiveBoundary_purple+1","RuleDissolution_purple+1","GluttonyofRealm_purpleEX","SharpContractionReality_purple+1","WingOfChimera_purple+1","RuleDissolution_purple+1","Fantasy_PerpetualMotionMachine_purple+1"],"relics":["Boundary_crack","Memoryfragments_purpleEX","REME_ComplimentaryCards","NeowsBlessing","Pear","Mercury Hourglass","Toxic Egg 2","Ectoplasm","Red Mask","CaptainsWheel","Philosopher\u0027s Stone","Hallownest:StagBellRelic1","StoneCalendar","Gremlin Horn","Shuriken","Happy Flower","Hallownest:KingsIdolRelic"],"acts_visited":["Exordium","Hallownest:Greenpath","Hallownest:CityofTears"],"potions_floor_usage":[38],"damage_taken":[{"damage":0.0,"enemies":"Hallownest:monsterHuskWarrior","floor":1.0,"turns":1.0},{"damage":0.0,"enemies":"Hallownest:2_MossCreeps","floor":4.0,"turns":1.0},{"damage":0.0,"enemies":"Hallownest:monsterHuskGuard","floor":5.0,"turns":1.0},{"damage":4.0,"enemies":"Hallownest:monsterFoolEater","floor":7.0,"turns":5.0},{"damage":0.0,"enemies":"Hallownest:MossCreep_and_Mosskin","floor":8.0,"turns":5.0},{"damage":35.0,"enemies":"Hallownest:eliteMossKnight","floor":10.0,"turns":6.0},{"damage":0.0,"enemies":"Hallownest:1_Baldur_1_Crawlid_1_Warrior","floor":11.0,"turns":6.0},{"damage":0.0,"enemies":"Hallownest:monsterFoolEater","floor":13.0,"turns":3.0},{"damage":13.0,"enemies":"Hallownest:eliteCrystalGuardian","floor":14.0,"turns":5.0},{"damage":9.0,"enemies":"Hallownest:BossHornet","floor":16.0,"turns":9.0},{"damage":6.0,"enemies":"Hallownest:2_Mistakes","floor":18.0,"turns":5.0},{"damage":0.0,"enemies":"Hallownest:3_Youths","floor":22.0,"turns":8.0},{"damage":20.0,"enemies":"Hallownest:Nosk","floor":23.0,"turns":9.0},{"damage":0.0,"enemies":"Hallownest:Warrior_and_Youth","floor":27.0,"turns":6.0},{"damage":0.0,"enemies":"Hallownest:monsterShrumalOgre","floor":29.0,"turns":4.0},{"damage":1.0,"enemies":"Hallownest:2_Husk_Sentries","floor":31.0,"turns":5.0},{"damage":0.0,"enemies":"Hallownest:BossGrimm","floor":33.0,"turns":10.0},{"damage":16.0,"enemies":"Hallownest:3_Siblings","floor":35.0,"turns":11.0},{"damage":3,"enemies":"Hallownest:2_Littles","floor":37,"turns":5},{"damage":62,"enemies":"Hallownest:2_Primals","floor":38,"turns":4},{"damage":4,"enemies":"Hallownest:Slobbering_and_Violent","floor":39,"turns":6},{"damage":3,"enemies":"Hallownest:StalkingDevout","floor":40,"turns":6},{"damage":0,"enemies":"Hallownest:2_Wandering_and_1_Horned","floor":42,"turns":4},{"damage":0,"enemies":"Hallownest:2_Great","floor":45,"turns":4},{"damage":13,"enemies":"Hallownest:Slobbering_and_Violent","floor":46,"turns":6},{"damage":2,"enemies":"Hallownest:eliteCollector","floor":47,"turns":7},{"damage":18,"enemies":"Hallownest:Radiance","floor":50,"turns":7}],"seed_played":"8807732484673261040","potions_obtained":[{"floor":4.0,"key":"AttackPotion"},{"floor":5.0,"key":"Energy Potion"},{"floor":11.0,"key":"Dexterity Potion"},{"floor":47,"key":"Dexterity Potion"}],"is_trial":false,"path_per_floor":["M","?","?","M","M","R","M","M","T","E","M","?","M","E","R","B",null,"M","$","?","?","M","E","R","?","T","M","?","M","R","M","R","B",null,"M","?","M","?","M","E","R","M","T","R","M","M","E","?","R","B",null],"character_chosen":"Youkari","items_purchased":["DimensionStaggered_purple+1"],"campfire_rested":1,"item_purchase_floors":[19],"current_hp_per_floor":[63,63,68,68,68,68,64,67,77,42,42,42,43,30,30,23,64,61,61,61,61,67,52,52,52,52,58,58,62,62,61,61,65,82,73,73,74,15,11,9,9,10,10,38,47,34,32,32,32,14],"gold":0,"neow_bonus":"THREE_ENEMY_KILL","is_daily":false,"chose_seed":false,"campfire_upgraded":6,"win_rate":0.0,"timestamp":1611022570,"path_taken":["M","?","?","M","M","R","M","M","T","E","M","?","M","E","R","BOSS","M","$","?","?","M","E","R","?","T","M","?","M","R","?","R","BOSS","M","?","M","?","M","E","R","M","T","R","M","M","E","?","R","BOSS"],"items_purchased_type":["Card"],"build_version":"2020-12-22","purchased_purges":1,"victory":true,"max_hp_per_floor":[70,70,75,75,75,75,75,75,85,85,85,78,78,78,78,78,78,81,81,81,81,84,84,84,84,84,87,87,87,87,87,87,87,87,93,93,96,96,96,96,96,96,96,96,102,102,102,102,102,102],"relic_stats":{"Gremlin Horn":[5,5],"Happy Flower":[2],"counters":[27,148],"Shuriken":[6],"StoneCalendar":[88],"Ectoplasm":406,"obtain_stats":[{"Hallownest:StagBellRelic1":36,"Pear":9,"NeowsBlessing":0,"Gremlin Horn":40,"Happy Flower":47,"StoneCalendar":38,"Boundary_crack":0,"Hallownest:KingsIdolRelic":48,"Mercury Hourglass":10,"CaptainsWheel":23,"Shuriken":43,"Philosopher\u0027s Stone":34,"Ectoplasm":17,"Red Mask":21,"Toxic Egg 2":14,"Memoryfragments_purpleEX":0,"REME_ComplimentaryCards":0},{"Hallownest:StagBellRelic1":18,"Pear":5,"NeowsBlessing":0,"Gremlin Horn":22,"Happy Flower":26,"StoneCalendar":20,"Boundary_crack":0,"Hallownest:KingsIdolRelic":26,"Mercury Hourglass":6,"CaptainsWheel":13,"Shuriken":23,"Philosopher\u0027s Stone":17,"Ectoplasm":10,"Red Mask":11,"Toxic Egg 2":9,"Memoryfragments_purpleEX":0,"REME_ComplimentaryCards":0},{"Hallownest:StagBellRelic1":99,"Pear":13,"NeowsBlessing":0,"Gremlin Horn":120,"Happy Flower":141,"StoneCalendar":108,"Boundary_crack":0,"Hallownest:KingsIdolRelic":141,"Mercury Hourglass":19,"CaptainsWheel":64,"Shuriken":124,"Philosopher\u0027s Stone":88,"Ectoplasm":42,"Red Mask":47,"Toxic Egg 2":33,"Memoryfragments_purpleEX":0,"REME_ComplimentaryCards":0}],"Mercury Hourglass":[482]},"card_choices":[{"not_picked":["Boundary_ObjectiveBoundary_purple","DimensionStaggered_purple","RuleDissolution_purple"],"picked":"SKIP","floor":1.0},{"not_picked":["Bait_Toxicbait_purple","SfantasyHide_purple"],"picked":"MonsterNeedle_purple","floor":4.0},{"not_picked":["StateDuplicate_purple","Boundary_DreamRealityDamnation_purple","Shallow_ocean_purpleEX"],"picked":"SKIP","floor":5.0},{"not_picked":["MeetDecomposer_purple","PositiveMatter_Antimatter_Universe_purple"],"picked":"ExistenceContinue_purple","floor":7.0},{"not_picked":["PurpleNeedle_purple","Boundary_of_Extermination_purpleEX"],"picked":"Nest_LightFlightworm_purple","floor":8.0},{"not_picked":["Photoelasticity_Doppler_Effect_purple","Worldmountain_purple","Mirror_Drifter_purple"],"picked":"SKIP","floor":10.0},{"not_picked":["Worldmountain_purple","Boundary_of_Extermination_purpleEX","WangLiang_LineAndCurveDreams_purple"],"picked":"SKIP","floor":11.0},{"not_picked":["PositiveMatter_Antimatter_Universe_purple","RuleDissolution_purple","Line_surface_state_purple"],"picked":"SKIP","floor":13.0},{"not_picked":["RealityDreamConfluencek_purple+1","Photoelasticity_Doppler_Effect_purple","Bait_HighSpeedFlying_purple"],"picked":"SKIP","floor":14.0},{"not_picked":["BarrageBoundary_PipeDream_purple","ContainerChange_purple"],"picked":"GluttonyofRealm_purpleEX","floor":16.0},{"not_picked":["StretchesForeverDream_purple+1","Extrememeaning_purpleEX+1","Shallow_ocean_purpleEX"],"picked":"SKIP","floor":18.0},{"not_picked":["SfantasyHide_purple+1","Anti_communist_purple+1","EighthInstrument_OneDividesIntoTwo_purple"],"picked":"SKIP","floor":22.0},{"not_picked":["SfantasyHide_purple+1","StateDuplicate_purple+1"],"picked":"MetroBOOM_purple+1","floor":23.0},{"not_picked":["StretchesForeverDream_purple+1","Umbrella_purple","Shallow_ocean_purpleEX"],"picked":"SKIP","floor":27.0},{"not_picked":["RuleDissolution_purple+1","DarkRealmRedLine_purple"],"picked":"Boundary_ObjectiveBoundary_purple+1","floor":29.0},{"not_picked":["MNeedle_purple","MeetDecomposer_purple+1"],"picked":"RuleDissolution_purple+1","floor":31.0},{"not_picked":["Price_of_realm_purpleEX+1","UniverseChoice_purple"],"picked":"GluttonyofRealm_purpleEX","floor":33.0},{"not_picked":["RealityDreamConfluencek_purple+1","Nest_LightFlightworm_purple+1"],"picked":"SharpContractionReality_purple+1","floor":35.0},{"not_picked":["Erosivefilter_purple+1","SfantasyHide_purple+1"],"picked":"WingOfChimera_purple+1","floor":37},{"not_picked":["Boundary_of_Extermination_purpleEX+1","DimensionStaggered_purple+1"],"picked":"RuleDissolution_purple+1","floor":38},{"not_picked":["SfantasyHide_purple+1","Mirror_FormAndEmptin_purple+1"],"picked":"Fantasy_PerpetualMotionMachine_purple+1","floor":39},{"not_picked":["SfantasyHide_purple+1","Mirror_FormAndEmptin_purple+1","Erosivefilter_purple+1"],"picked":"SKIP","floor":40},{"not_picked":["Mirror_FormAndEmptin_purple+1","Charmbait_purple+1","MetroBOOM_purple+1"],"picked":"SKIP","floor":42},{"not_picked":["Shallow_ocean_purpleEX","MeetDecomposer_purple+1","WorldDissolvedintheRealm_purple"],"picked":"SKIP","floor":45},{"not_picked":["RuleDissolution_purple+1","Yakumo_Ran_purple+1","Charmbait_purple"],"picked":"SKIP","floor":46},{"not_picked":["Price_of_realm_purpleEX+1","PositiveMatter_Antimatter_Universe_purple+1","OpenedBox_purple+1"],"picked":"SKIP","floor":47}],"player_experience":70374,"relics_obtained":[{"floor":9.0,"key":"Pear"},{"floor":10.0,"key":"Mercury Hourglass"},{"floor":14.0,"key":"Toxic Egg 2"},{"floor":23.0,"key":"CaptainsWheel"},{"floor":38,"key":"StoneCalendar"},{"floor":40,"key":"Gremlin Horn"},{"floor":43,"key":"Shuriken"},{"floor":47,"key":"Happy Flower"}],"event_choices":[],"is_beta":false,"boss_relics":[{"not_picked":["Runic Dome","Runic Pyramid"],"picked":"Ectoplasm"},{"not_picked":["Tiny House","Snecko Eye"],"picked":"Philosopher\u0027s Stone"}],"items_purged_floors":[19],"is_endless":false,"potions_floor_spawned":[4,5,11,16,18,22,27,31,33,35,40,42,46,47],"ascension_level":8}}