{"host":"v3oldak69fx1zt0p","time":1611026340,"event":{"mods":["BaseMod","Downfall","Hermit","Minty Spire (QoL Compilation)","Quick Restart","StSLib","Waifu the Spire","noobMod"],"gold_per_floor":[217,229,248,218,231,231,257,269,293,293,293,312,312,337,337,438,438,452,2,17,37,37,37,68,68,68,100,100,100,100,100,100,205,205,215,0,13,31,46,46,79,31,101,127,127,139,139,170,170,170,170,170,41,69,69],"floor_reached":56,"language":"ENG","playtime":3886,"items_purged":["hermit:Strike_Hermit"],"score":1523,"play_id":"221c4689-c00e-49d8-91c3-b6512f6cc615","local_time":"20210118211900","is_ascension_mode":true,"campfire_choices":[{"floor":6,"key":"REST"},{"floor":10,"key":"DIG"},{"floor":13,"key":"REST"},{"floor":15,"key":"REST"},{"floor":23,"key":"REST"},{"floor":25,"key":"REST"},{"floor":28,"key":"REST"},{"floor":32,"key":"REST"},{"floor":40,"key":"REST"},{"floor":47,"key":"RECALL"},{"floor":49,"key":"DIG"},{"floor":52,"key":"DIG"}],"circlet_count":0,"master_deck":["hermit:Strike_Hermit","hermit:Strike_Hermit","hermit:Strike_Hermit","hermit:Defend_Hermit","hermit:Defend_Hermit","hermit:Defend_Hermit","hermit:Defend_Hermit","hermit:Snapshot","hermit:Covet","hermit:Coalescence","hermit:TakeAim","hermit:Virtue","hermit:PistolWhip","hermit:BigShot","hermit:Vantage","hermit:ItchyTrigger","hermit:CalledShot","hermit:DeadOrAlive","hermit:TakeAim","hermit:GoldenBullet","hermit:Combo+1","hermit:EyeOfTheStorm","hermit:Feint","hermit:TrackingShot+1","downfall:Bewildered","hermit:OverwhelmingPower","hermit:Brawl","hermit:NoHoldsBarred+1","hermit:GhostlyPresence+1","hermit:Headshot","hermit:Roulette","downfall:Icky","Doubt","downfall:Icky","Pain","Parasite","hermit:Magnum","downfall:Aged","hermit:Brawl+1","hermit:BigShot","hermit:Quickdraw"],"relics":["hermit:ClaspedLocket","ice","Shovel","Boot","Toy Ornithopter","Juzu Bracelet","Strawberry","Fusion Hammer","Vajra","Cauldron","Lizard Tail","Sundial","Potion Belt","Question Card","Happy Flower","sneckomod:BabySnecko","Red Mask","Darkstone Periapt","Singing Bowl","Cursed Key","Nunchaku","Mummified Hand","Pantograph"],"acts_visited":["Exordium","TheCity","TheBeyond","TheEnding"],"potions_floor_usage":[3,7,12,14,16,18,21,21,24,24,35,38,39,48],"damage_taken":[{"damage":15,"enemies":"2 Louse","floor":1,"turns":2},{"damage":7,"enemies":"Jaw Worm","floor":2,"turns":4},{"damage":16,"enemies":"Small Slimes","floor":3,"turns":3},{"damage":9,"enemies":"Looter","floor":4,"turns":4},{"damage":19,"enemies":"Exordium Thugs","floor":5,"turns":5},{"damage":55,"enemies":"Lagavulin","floor":7,"turns":10},{"damage":0,"enemies":"Large Slime","floor":8,"turns":4},{"damage":30,"enemies":"Lots of Slimes","floor":12,"turns":5},{"damage":7,"enemies":"3 Sentries","floor":14,"turns":8},{"damage":54,"enemies":"The Guardian","floor":16,"turns":9},{"damage":25,"enemies":"Shell Parasite","floor":18,"turns":5},{"damage":35,"enemies":"3 Byrds","floor":20,"turns":6},{"damage":34,"enemies":"Centurion and Healer","floor":21,"turns":5},{"damage":39,"enemies":"Gremlin Leader","floor":24,"turns":5},{"damage":109,"enemies":"Book of Stabbing","floor":27,"turns":7},{"damage":21,"enemies":"Automaton","floor":33,"turns":8},{"damage":36,"enemies":"Orb Walker","floor":35,"turns":4},{"damage":77,"enemies":"3 Shapes","floor":37,"turns":5},{"damage":44,"enemies":"Maw","floor":38,"turns":7},{"damage":33,"enemies":"Jaw Worm Horde","floor":39,"turns":6},{"damage":60,"enemies":"Reptomancer","floor":41,"turns":6},{"damage":25,"enemies":"Nemesis","floor":44,"turns":5},{"damage":38,"enemies":"Transient","floor":46,"turns":5},{"damage":10,"enemies":"Maw","floor":48,"turns":4},{"damage":20,"enemies":"Donu and Deca","floor":50,"turns":4},{"damage":33,"enemies":"Shield and Spear","floor":54,"turns":2},{"damage":61,"enemies":"The Heart","floor":55,"turns":6}],"seed_played":"648015504408732813","potions_obtained":[{"floor":2,"key":"DistilledChaos"},{"floor":5,"key":"Dexterity Potion"},{"floor":7,"key":"Swift Potion"},{"floor":12,"key":"GamblersBrew"},{"floor":14,"key":"Fire Potion"},{"floor":16,"key":"Ancient Potion"},{"floor":19,"key":"hermit:Eclipse"},{"floor":19,"key":"hermit:BlackBile"},{"floor":19,"key":"hexamod:SoulburnPotion"},{"floor":21,"key":"SkillPotion"},{"floor":33,"key":"Strength Potion"},{"floor":37,"key":"DistilledChaos"},{"floor":38,"key":"EssenceOfSteel"},{"floor":46,"key":"PowerPotion"}],"is_trial":false,"path_per_floor":["M","M","M","M","M","R","E","M","T","R","?","M","R","E","R","B",null,"M","$","M","M","?","R","E","R","T","E","R","?","T","?","R","B",null,"M","?","M","M","M","R","E","$","T","E","?","M","R","M","R","B",null,"R","$","E","B",null],"character_chosen":"HERMIT","items_purchased":["Vajra","hermit:GoldenBullet","Cauldron","hermit:Roulette","hermit:BigShot","hermit:Quickdraw"],"campfire_rested":8,"item_purchase_floors":[19,19,19,42,53,53],"current_hp_per_floor":[60,53,37,28,9,31,45,45,45,45,42,17,43,48,78,29,120,100,100,65,41,41,91,62,114,114,5,62,125,125,125,182,161,197,166,166,89,50,22,88,231,231,231,208,249,215,215,212,212,192,297,297,297,266,240],"gold":69,"neow_bonus":"HUNDRED_GOLD","is_daily":false,"chose_seed":false,"campfire_upgraded":0,"win_rate":0.0,"timestamp":1611026340,"path_taken":["M","M","M","M","M","R","E","M","T","R","?","M","R","E","R","BOSS","M","$","M","M","?","R","E","R","T","E","R","?","?","?","R","BOSS","M","?","M","M","M","R","E","$","T","E","?","M","R","M","R","BOSS","R","$","E","BOSS"],"items_purchased_type":["Relic","Card","Relic","Card","Card","Card"],"build_version":"2020-12-22","purchased_purges":1,"victory":true,"max_hp_per_floor":[75,75,75,75,75,75,78,78,78,78,78,88,88,100,100,120,120,126,126,163,168,168,168,174,174,174,190,190,190,190,190,190,197,197,200,200,211,217,223,223,231,231,231,240,281,286,286,291,291,297,297,297,297,302,356],"card_choices":[{"not_picked":["hermit:HighCaliber","hermit:Coalescence","hermit:WideOpen"],"picked":"SKIP","floor":1},{"not_picked":["hermit:HighCaliber","hermit:WideOpen"],"picked":"hermit:Coalescence","floor":1},{"not_picked":["hermit:Roulette","hermit:TrackingShot"],"picked":"hermit:TakeAim","floor":2},{"not_picked":["hermit:SprayPray","hermit:CalledShot"],"picked":"hermit:Virtue","floor":3},{"not_picked":["hermit:LowProfile","hermit:Shortfuse"],"picked":"hermit:PistolWhip","floor":4},{"not_picked":["hermit:Ricochet","hermit:Malice"],"picked":"hermit:BigShot","floor":5},{"not_picked":["hermit:Malice","hermit:Maintenance","hermit:Grudge"],"picked":"SKIP","floor":7},{"not_picked":["hermit:Glare","hermit:Manifest"],"picked":"hermit:Vantage","floor":8},{"not_picked":["hermit:TrackingShot","hermit:Roulette"],"picked":"hermit:ItchyTrigger","floor":12},{"not_picked":["hermit:BlackWind","hermit:Showdown"],"picked":"hermit:CalledShot","floor":14},{"not_picked":["hermit:Reprieve","hermit:OverwhelmingPower"],"picked":"hermit:DeadOrAlive","floor":16},{"not_picked":["hermit:Maintenance","hermit:Manifest"],"picked":"hermit:TakeAim","floor":18},{"not_picked":["hermit:Headshot","hermit:Spite"],"picked":"hermit:Combo+1","floor":20},{"not_picked":["hermit:HoleUp","hermit:Dissolve"],"picked":"hermit:EyeOfTheStorm","floor":21},{"not_picked":["hermit:BodyArmor+1","hermit:Shortfuse"],"picked":"hermit:Feint","floor":24},{"not_picked":["hermit:TakeCover","hermit:Glare"],"picked":"hermit:TrackingShot+1","floor":27},{"not_picked":["hermit:Purgatory","hermit:HighNoon","hermit:FatalDesire"],"picked":"hermit:OverwhelmingPower","floor":33},{"not_picked":["hermit:ItchyTrigger","hermit:Maintenance+1","hermit:WideOpen"],"picked":"hermit:Brawl","floor":35},{"not_picked":["hermit:BodyArmor","hermit:HoleUp+1","hermit:LowProfile"],"picked":"hermit:NoHoldsBarred+1","floor":37},{"not_picked":["hermit:Ricochet","hermit:BodyArmor","hermit:Desperado"],"picked":"hermit:GhostlyPresence+1","floor":38},{"not_picked":["hermit:HeroicBravado","hermit:HoleUp+1","hermit:Coalescence+1"],"picked":"hermit:Headshot","floor":39},{"not_picked":["hermit:Vantage+1","hermit:Feint","hermit:Misfire","hermit:LowProfile"],"picked":"SKIP","floor":41},{"not_picked":["hermit:CursedWeapon+1","hermit:Manifest+1","hermit:Ricochet+1","hermit:WideOpen"],"picked":"Singing Bowl","floor":44},{"not_picked":["hermit:GhostlyPresence+1","hermit:Grudge+1","hermit:Glare"],"picked":"hermit:Brawl+1","floor":46},{"not_picked":["hermit:LoneWolf","hermit:Midnight","hermit:Virtue","hermit:GhostlyPresence"],"picked":"Singing Bowl","floor":48},{"not_picked":["hermit:Misfire","hermit:NoHoldsBarred","hermit:Glare","hermit:Scavenge+1"],"picked":"Singing Bowl","floor":54}],"player_experience":134105,"relics_obtained":[{"floor":7,"key":"Shovel"},{"floor":9,"key":"Boot"},{"floor":10,"key":"Toy Ornithopter"},{"floor":14,"key":"Strawberry"},{"floor":24,"key":"Sundial"},{"floor":26,"key":"Potion Belt"},{"floor":27,"key":"Question Card"},{"floor":30,"key":"Happy Flower"},{"floor":41,"key":"Darkstone Periapt"},{"floor":44,"key":"Singing Bowl"},{"floor":49,"key":"Nunchaku"},{"floor":52,"key":"Mummified Hand"},{"floor":54,"key":"Pantograph"}],"event_choices":[{"damage_healed":0,"gold_gain":0,"player_choice":"Success","damage_taken":3,"relics_obtained":["Juzu Bracelet"],"max_hp_gain":0,"max_hp_loss":0,"event_name":"Scrap Ooze","floor":11,"gold_loss":0},{"damage_healed":0,"gold_gain":0,"player_choice":"Opened","damage_taken":0,"relics_obtained":["Lizard Tail"],"max_hp_gain":0,"max_hp_loss":0,"event_name":"The Mausoleum","floor":22,"gold_loss":0},{"damage_healed":63,"gold_gain":0,"player_choice":"Heal","damage_taken":0,"max_hp_gain":0,"max_hp_loss":0,"event_name":"The Library","floor":29,"gold_loss":0},{"damage_healed":0,"gold_gain":0,"player_choice":"Paid","damage_taken":0,"relics_obtained":["Red Mask"],"max_hp_gain":0,"max_hp_loss":0,"event_name":"Tomb of Lord Red Mask","floor":36,"gold_loss":215}],"is_beta":false,"boss_relics":[{"not_picked":["Sozu","Philosopher\u0027s Stone"],"picked":"Fusion Hammer"},{"not_picked":["hermit:BartenderGlass","Empty Cage"],"picked":"hermit:ClaspedLocket"}],"items_purged_floors":[19],"is_endless":false,"potions_floor_spawned":[2,5,7,12,14,16,20,21,33,37,38,46],"ascension_level":3}}