{"host":"hve1dyh1ly81yl9f","time":1611068402,"event":{"mods":["BaseMod","Colored Map","DeckTracker","Highlight Path","Keyboard Shortcuts","Minty Spire (QoL Compilation)","Permanent Neow","Quick Restart","StSLib","SuperFastMode"],"gold_per_floor":[118,135,135,147,25,25,51,63,63,97,52,66,93,105,105,210,210,221,240,165,183,183,183,193,193,193,226,78,78,78,90,102,212,224,246,274,161,161,161],"floor_reached":38,"language":"KOR","playtime":1219,"items_purged":["Strike_R","Defend_R","Strike_R"],"score":615,"play_id":"a462d0d5-3b14-4667-9905-d31b572cf6f3","local_time":"20210120000002","is_ascension_mode":true,"campfire_choices":[{"data":"Whirlwind","floor":6.0,"key":"SMITH"},{"floor":15,"key":"REST"},{"data":"Offering","floor":23,"key":"SMITH"},{"floor":25,"key":"REST"},{"floor":32,"key":"REST"}],"circlet_count":0,"master_deck":["Strike_R","Defend_R","Bash+1","Headbutt","Clash","Whirlwind+1","Flex","Headbutt","Offering+1","Heavy Blade","Flex","Seeing Red","Seeing Red","Inflame","Disarm+1"],"relics":["Burning Blood","Vajra","Oddly Smooth Stone","Bottled Lightning","Mummified Hand","Runic Dome","Toxic Egg 2","Red Skull","MawBank","Cursed Key"],"acts_visited":["Exordium","TheCity","TheBeyond"],"potions_floor_usage":[16,27,33,33,33],"damage_taken":[{"damage":0.0,"enemies":"Small Slimes","floor":1.0,"turns":3.0},{"damage":6.0,"enemies":"Cultist","floor":2.0,"turns":3.0},{"damage":14.0,"enemies":"Jaw Worm","floor":4.0,"turns":3.0},{"damage":15.0,"enemies":"3 Sentries","floor":7.0,"turns":3.0},{"damage":8.0,"enemies":"Blue Slaver","floor":8.0,"turns":2.0},{"damage":26.0,"enemies":"Lagavulin","floor":10.0,"turns":3.0},{"damage":6,"enemies":"2 Fungi Beasts","floor":12,"turns":2},{"damage":6,"enemies":"Gremlin Nob","floor":13,"turns":1},{"damage":6,"enemies":"Exordium Thugs","floor":14,"turns":1},{"damage":40,"enemies":"The Guardian","floor":16,"turns":8},{"damage":18,"enemies":"Shell Parasite","floor":18,"turns":2},{"damage":6,"enemies":"Chosen","floor":19,"turns":3},{"damage":6,"enemies":"3 Cultists","floor":21,"turns":1},{"damage":18,"enemies":"Chosen and Byrds","floor":24,"turns":3},{"damage":41,"enemies":"Slavers","floor":27,"turns":3},{"damage":30,"enemies":"Automaton","floor":33,"turns":4},{"damage":17,"enemies":"3 Darklings","floor":35,"turns":2},{"damage":23,"enemies":"3 Shapes","floor":36,"turns":2},{"damage":41,"enemies":"Spire Growth","floor":38,"turns":2}],"seed_played":"-4944124268801113617","potions_obtained":[{"floor":1.0,"key":"ElixirPotion"},{"floor":7.0,"key":"GamblersBrew"},{"floor":8.0,"key":"Ancient Potion"},{"floor":16,"key":"FearPotion"},{"floor":19,"key":"BloodPotion"},{"floor":27,"key":"SteroidPotion"},{"floor":36,"key":"AttackPotion"}],"is_trial":false,"path_per_floor":["M","M","?","M","$","R","E","M","T","E","$","M","E","M","R","B",null,"M","M","?","M","?","R","M","R","T","E","$","?","?","$","R","B",null,"M","M","$","M"],"character_chosen":"IRONCLAD","items_purchased":["Flex","Flex","Swift Potion"],"campfire_rested":3,"item_purchase_floors":[5,11,28],"current_hp_per_floor":[72,72,72,64,64,64,55,53,53,33,33,33,33,33,54,20,59,47,47,47,47,47,47,35,56,56,35,35,22,22,22,45,21,63,52,35,35,0,0],"gold":161,"neow_bonus":"REMOVE_TWO","is_daily":false,"chose_seed":false,"campfire_upgraded":2,"win_rate":0.0,"timestamp":1611068402,"path_taken":["M","M","?","M","$","R","E","?","T","E","$","M","E","?","R","BOSS","M","M","?","M","?","R","?","R","T","E","$","?","?","$","R","BOSS","M","M","$","M"],"items_purchased_type":["Card","Card","Potion"],"build_version":"2020-12-22","purchased_purges":3,"victory":false,"max_hp_per_floor":[72,72,72,72,72,72,72,72,72,72,72,72,72,72,72,72,72,72,72,72,72,72,72,72,72,72,72,72,77,77,77,77,77,77,77,77,77,77,77],"card_choices":[{"not_picked":["Bloodletting","True Grit"],"picked":"Headbutt","floor":1.0},{"not_picked":["Bloodletting","Armaments"],"picked":"Clash","floor":2.0},{"not_picked":["Pummel","Heavy Blade"],"picked":"Whirlwind","floor":4.0},{"not_picked":["Second Wind","Disarm"],"picked":"Headbutt","floor":7.0},{"not_picked":["Iron Wave","True Grit"],"picked":"Offering","floor":8.0},{"not_picked":["Clothesline","Sentinel"],"picked":"Heavy Blade","floor":10.0},{"not_picked":["Sword Boomerang","Armaments"],"picked":"Seeing Red","floor":12},{"not_picked":["Reckless Charge","Feed"],"picked":"Seeing Red","floor":13},{"not_picked":["Sword Boomerang","Flex"],"picked":"Inflame","floor":14},{"not_picked":["Rage+1","Sword Boomerang","Clash"],"picked":"SKIP","floor":18},{"not_picked":["True Grit","Blood for Blood","Havoc"],"picked":"SKIP","floor":19},{"not_picked":["Fiend Fire","Rampage","Wild Strike"],"picked":"SKIP","floor":21},{"not_picked":["Dropkick","Twin Strike","Havoc+1"],"picked":"SKIP","floor":24},{"not_picked":["Burning Pact+1","Armaments+1","Havoc+1"],"picked":"SKIP","floor":27},{"not_picked":["Perfected Strike","Disarm+1","Anger"],"picked":"SKIP","floor":35},{"not_picked":["Perfected Strike","Anger"],"picked":"Disarm+1","floor":35},{"not_picked":["Perfected Strike+1","Body Slam","Pommel Strike+1"],"picked":"SKIP","floor":36}],"player_experience":328014,"relics_obtained":[{"floor":7.0,"key":"Vajra"},{"floor":9.0,"key":"Oddly Smooth Stone"},{"floor":10.0,"key":"Bottled Lightning"},{"floor":13,"key":"Mummified Hand"},{"floor":26,"key":"Toxic Egg 2"},{"floor":27,"key":"Red Skull"},{"floor":30,"key":"MawBank"}],"event_choices":[{"damage_healed":0.0,"max_hp_gain":0.0,"max_hp_loss":0.0,"gold_gain":0.0,"event_name":"Upgrade Shrine","player_choice":"Upgraded","floor":3.0,"gold_loss":0.0,"damage_taken":0.0,"cards_upgraded":["Bash"]},{"cards_removed":["Defend_R"],"damage_healed":0,"gold_gain":0,"player_choice":"Gave Gold","damage_taken":0,"max_hp_gain":0,"max_hp_loss":0,"event_name":"Beggar","floor":20,"gold_loss":75},{"cards_removed":["Strike_R"],"damage_healed":0,"gold_gain":0,"player_choice":"Elegance","damage_taken":0,"max_hp_gain":0,"max_hp_loss":0,"event_name":"Back to Basics","floor":22,"gold_loss":0},{"damage_healed":0,"gold_gain":0,"player_choice":"Shed Blood","damage_taken":18,"max_hp_gain":5,"max_hp_loss":0,"event_name":"Forgotten Altar","floor":29,"gold_loss":0},{"damage_healed":0,"gold_gain":0,"player_choice":"Relic","damage_taken":0,"max_hp_gain":0,"max_hp_loss":0,"event_name":"Wheel of Change","floor":30,"gold_loss":0}],"is_beta":false,"boss_relics":[{"not_picked":["Mark of Pain","Coffee Dripper"],"picked":"Runic Dome"},{"not_picked":["Runic Pyramid","Pandora\u0027s Box"],"picked":"Cursed Key"}],"items_purged_floors":[5,28,37],"is_endless":false,"potions_floor_spawned":[1,7,8,10,14,16,19,27,36],"killed_by":"Spire Growth","ascension_level":8}}