{"host":"mgwrmgf4x3air4cr","time":1611042664,"event":{"mods":["ATMod(阿瑾Mod)","Act Like it!","BaseMod","Downfall","HololiveMod","KinomotoSakuraMod(木之本樱)","Minty Spire (QoL Compilation)","RumiaBox-露米娅的神秘盒子","Shop Mod","StSLib","TestMod","Waifu the Spire","WarShipGirlsR/战舰少女R mod","noobMod","【功能Mod】混沌之环修复补丁","篝火指南"],"gold_per_floor":[99,114,99,116,134,149,149,164,196,209,234,244,144,179,192,287,287,287,306,306,320,331,347,371,400,420,405,419,450,224,224,239,344,344,141,192,292,310,325,340,340,524,553,553,566,591,606,179,204,210],"floor_reached":51,"language":"ZHS","playtime":6872,"items_purged":["champ:Strike","champ:Defend","champ:Defend","champ:Defend"],"score":977,"play_id":"38c5689d-bc0a-4e3d-8d91-4144dd30f5f7","local_time":"20210119155104","is_ascension_mode":false,"campfire_choices":[{"data":"AT_EssenceShift","floor":1.0,"key":"SMITH"},{"data":"champ:Taunt","floor":13.0,"key":"SMITH"},{"data":"champ:GladiatorForm","floor":18.0,"key":"SMITH"}],"circlet_count":0,"master_deck":["champ:Strike","champ:Strike","champ:Strike","champ:Defend","champ:Execute","champ:Taunt+1","AT_EssenceShift+1","champ:BringItOn","champ:GladiatorStyle","champ:FanOfKnives","champ:VampiricStrike","champ:BerserkersShout","champ:Backstep","champ:BringItOn","champ:FancyFootwork","champ:DefensiveShout+1","champ:DefensiveShout+1","champ:StanceDance+1","champ:CalledShot+1","champ:GladiatorForm+1","champ:Lariat+1","champ:Lariat+1","champ:FaceSlap","champ:RisingSlash","champ:FancyFootwork+1","champ:DefensiveShout+1","champ:EnchantCrown+1","champ:Backstep+1","champ:DefensiveShout+1","champ:SkillfulDodge+1","champ:ShieldWall","champ:ShieldSlam+1","champ:Improvising","champ:BerserkerStyle","champ:ArenaPreparation+1","champ:EndlessRage+1","champ:DancingMaster+1","champ:IronFortress+1","champ:ArenaPreparation+1","champ:ShieldSlam+1","champ:SwordSigil+1","champ:BerserkersShout+1","champ:DefensiveShout+1","champ:VampiricStrike"],"relics":["champ:ChampionCrownUpgraded","testmod-TestBox","ice","testmod-TimeTraveler","Mercury Hourglass","GodSword1","Toxic Egg 2","downfall:HeartBlessingGreen","hexamod:Sixitude","testmod-Fanaticism","Omamori","testmod-IndustrialRevolution","Letter Opener","Membership Card","Old Coin","champ:SpectersHand","MerchantsRug","testmod-TestBox","AT_Kusabimaru","AT_Manta","White Beast Statue","Frozen Egg 2","AT_SunfireAegis","bronze:DonusWashers","Regal Pillow","testmod-TurbochargingSystem","Chemical X","AT_BellDemon","testmod-TheFather","AT_SpeedBoots"],"acts_visited":["Exordium","TheCity","TheBeyond"],"potions_floor_usage":[38,39,42,42,47,50,50],"damage_taken":[{"damage":10.0,"enemies":"Cultist","floor":2.0,"turns":3.0},{"damage":20.0,"enemies":"downfall:FleeingMerchant","floor":3.0,"turns":4.0},{"damage":0.0,"enemies":"2 Louse","floor":4.0,"turns":2.0},{"damage":12.0,"enemies":"Jaw Worm","floor":5.0,"turns":3.0},{"damage":11.0,"enemies":"3 Louse","floor":6.0,"turns":2.0},{"damage":9.0,"enemies":"2 Fungi Beasts","floor":8.0,"turns":3.0},{"damage":38.0,"enemies":"3 Sentries","floor":9.0,"turns":5.0},{"damage":0.0,"enemies":"Gremlin Gang","floor":10.0,"turns":2.0},{"damage":44.0,"enemies":"Gremlin Nob","floor":11.0,"turns":5.0},{"damage":0.0,"enemies":"3 Louse","floor":12.0,"turns":2.0},{"damage":20.0,"enemies":"3 Sentries","floor":14.0,"turns":6.0},{"damage":10.0,"enemies":"Gremlin Gang","floor":15.0,"turns":3.0},{"damage":25.0,"enemies":"DF_ARCHETYPE_STREAMLINE","floor":16.0,"turns":6.0},{"damage":20.0,"enemies":"Spheric Guardian","floor":19.0,"turns":2.0},{"damage":30.0,"enemies":"3 Byrds","floor":21.0,"turns":3.0},{"damage":18.0,"enemies":"Centurion and Healer","floor":22.0,"turns":5.0},{"damage":39.0,"enemies":"Snake Plant","floor":23.0,"turns":4.0},{"damage":10.0,"enemies":"Gremlin Leader","floor":25.0,"turns":4.0},{"damage":5.0,"enemies":"Sentry and Sphere","floor":26.0,"turns":2.0},{"damage":45.0,"enemies":"downfall:FleeingMerchant","floor":27.0,"turns":4.0},{"damage":15,"enemies":"Snecko","floor":28,"turns":4},{"damage":30,"enemies":"Book of Stabbing","floor":29,"turns":4},{"damage":15,"enemies":"Cultist and Chosen","floor":32,"turns":3},{"damage":45,"enemies":"SI_MIRROR_ARCHETYPE","floor":33,"turns":4},{"damage":110,"enemies":"2 Orb Walkers","floor":36,"turns":3},{"damage":115,"enemies":"downfall:LadyInBlue","floor":37,"turns":4},{"damage":30,"enemies":"Orb Walker","floor":38,"turns":2},{"damage":5,"enemies":"3 Darklings","floor":39,"turns":2},{"damage":94,"enemies":"Writhing Mass","floor":40,"turns":3},{"damage":33,"enemies":"downfall:FleeingMerchant","floor":42,"turns":2},{"damage":50,"enemies":"Reptomancer","floor":43,"turns":3},{"damage":7,"enemies":"4 Shapes","floor":45,"turns":1},{"damage":80,"enemies":"Nemesis","floor":46,"turns":1},{"damage":174,"enemies":"Transient","floor":47,"turns":5},{"damage":45,"enemies":"Maw","floor":49,"turns":3},{"damage":198,"enemies":"WA_ARCHETYPE_DIVINITY","floor":50,"turns":4}],"seed_played":"7676395246360076140","potions_obtained":[{"floor":5.0,"key":"Dexterity Potion"},{"floor":8.0,"key":"champ:OpenerPotion"},{"floor":10.0,"key":"Dexterity Potion"},{"floor":11.0,"key":"SpeedPotion"},{"floor":12.0,"key":"Fire Potion"},{"floor":16.0,"key":"PowerPotion"},{"floor":26.0,"key":"champ:OpenerPotion"},{"floor":28,"key":"FearPotion"},{"floor":33,"key":"BlessingOfTheForge"},{"floor":37,"key":"EntropicBrew"},{"floor":37,"key":"Explosive Potion"},{"floor":37,"key":"SpeedPotion"},{"floor":37,"key":"FearPotion"},{"floor":38,"key":"testmod-EscapePotion"},{"floor":39,"key":"SteroidPotion"},{"floor":40,"key":"Fire Potion"},{"floor":42,"key":"BlessingOfTheForge"},{"floor":43,"key":"champ:TechniquePotion"},{"floor":45,"key":"testmod-TimePotion"},{"floor":46,"key":"EssenceOfSteel"},{"floor":47,"key":"Fire Potion"},{"floor":49,"key":"ColorlessPotion"}],"is_trial":false,"path_per_floor":["R","M","$","M","M","M","T","M","E","M","E","M","R","E","M","B",null,"R","M","?","M","M","M","T","E","M","$","M","E","R","?","M","B",null,"R","?","?","M","M","M","T","$","E","?","M","E","M","$","M","B",null],"character_chosen":"THE_CHAMP","items_purchased":["Membership Card","Old Coin","champ:SpectersHand","MerchantsRug","champ:ShieldWall","AT_Kusabimaru","champ:BerserkerStyle","AT_SunfireAegis","bronze:DonusWashers","champ:IronFortress+1","Chemical X","AT_BellDemon","testmod-TheFather","champ:DefensiveShout+1","champ:VampiricStrike"],"campfire_rested":0,"item_purchase_floors":[30,30,30,30,30,35,35,42,42,42,48,48,48,48,48],"current_hp_per_floor":[99,99,99,99,97,96,96,92,74,74,50,50,50,40,40,35,99,99,99,99,79,95,84,84,84,84,99,99,99,99,99,99,99,99,99,99,99,99,99,99,99,99,99,99,99,99,99,99,99,99],"gold":210,"neow_bonus":"TEN_PERCENT_HP_BONUS","is_daily":false,"chose_seed":false,"campfire_upgraded":3,"win_rate":0.0,"timestamp":1611042664,"path_taken":["R","M","?","M","M","M","T","M","E","?","E","M","R","E","M","BOSS","R","M","?","M","M","?","T","E","M","$","M","E","R","?","M","BOSS","R","?","?","?","M","M","T","$","E","?","M","E","M","$","M","BOSS"],"items_purchased_type":["Relic","Relic","Relic","Relic","Card","Relic","Card","Relic","Relic","Card","Relic","Relic","Relic","Card","Card"],"build_version":"2020-12-22","purchased_purges":4,"victory":true,"max_hp_per_floor":[99,99,99,99,99,99,99,99,99,99,99,99,99,99,99,99,99,99,99,99,99,99,99,99,99,99,99,99,99,99,99,99,99,99,99,99,99,99,99,99,99,99,99,99,99,99,99,99,99,99],"card_choices":[{"not_picked":["champ:PreciseThrust","champ:AdrenalArmor"],"picked":"champ:BringItOn","floor":2.0},{"not_picked":["champ:BerserkersShout","champ:PreciseThrust"],"picked":"champ:GladiatorStyle","floor":3.0},{"not_picked":["champ:GutPunch","champ:ShieldSigil"],"picked":"champ:FanOfKnives","floor":4.0},{"not_picked":["champ:GutPunch","champ:Circumvent"],"picked":"champ:VampiricStrike","floor":5.0},{"not_picked":["champ:Haymaker","champ:CrownThrow"],"picked":"champ:BerserkersShout","floor":6.0},{"not_picked":["champ:AdrenalArmor","champ:FaceSlap"],"picked":"champ:Backstep","floor":8.0},{"not_picked":["champ:Shatter","champ:EnragedBash"],"picked":"champ:BringItOn","floor":9.0},{"not_picked":["champ:GladiatorForm","champ:GladiatorStyle"],"picked":"champ:FancyFootwork","floor":10.0},{"not_picked":["champ:FaceSlap","champ:TornadoPunch"],"picked":"champ:DefensiveShout+1","floor":11.0},{"not_picked":["champ:Shatter","champ:FanOfKnives"],"picked":"champ:DefensiveShout+1","floor":12.0},{"not_picked":["champ:ShieldWall","champ:DeathBlow"],"picked":"champ:StanceDance+1","floor":14.0},{"not_picked":["champ:FocusedBerserking+1","champ:ShieldSigil+1"],"picked":"champ:CalledShot+1","floor":15.0},{"not_picked":["champ:SwordThrow","champ:Devastate"],"picked":"champ:GladiatorForm","floor":16.0},{"not_picked":["champ:BringItOn+1","champ:Circumvent+1"],"picked":"champ:Lariat+1","floor":19.0},{"not_picked":["champ:Haymaker+1","champ:Shatter"],"picked":"champ:FaceSlap","floor":21.0},{"not_picked":["champ:EnGarde+1","champ:DefensiveStyle"],"picked":"champ:RisingSlash","floor":22.0},{"not_picked":["champ:FocusedDefense+1","champ:TornadoPunch"],"picked":"champ:FancyFootwork+1","floor":23.0},{"not_picked":["champ:Duel","champ:RisingSlash"],"picked":"champ:DefensiveShout+1","floor":25.0},{"not_picked":["champ:BerserkersShout+1","champ:Backstep+1"],"picked":"champ:EnchantCrown+1","floor":26.0},{"not_picked":["champ:BladeFlurry","champ:GladiatorForm"],"picked":"champ:Backstep+1","floor":27},{"not_picked":["champ:CalledShot+1","champ:AdrenalArmor+1"],"picked":"champ:DefensiveShout+1","floor":28},{"not_picked":["champ:Backstep+1","champ:FlashCut"],"picked":"champ:SkillfulDodge+1","floor":29},{"not_picked":["champ:EndlessRage","champ:Shatter+1"],"picked":"champ:ShieldSlam+1","floor":32},{"not_picked":["champ:HeavySlash","champ:EnchantCrown+1"],"picked":"champ:Improvising","floor":33},{"not_picked":["champ:PreciseThrust","champ:BerserkersShout+1"],"picked":"champ:ArenaPreparation+1","floor":36},{"not_picked":["champ:GutPunch","champ:PreemptiveStrike+1"],"picked":"champ:EndlessRage+1","floor":37},{"not_picked":["champ:Lariat+1","champ:EnGarde+1","champ:Backstep+1"],"picked":"SKIP","floor":38},{"not_picked":["champ:Duel","champ:EnragedBash","champ:TornadoPunch"],"picked":"SKIP","floor":39},{"not_picked":["champ:BladeFlurry+1","champ:Haymaker+1","champ:FlashCut+1"],"picked":"SKIP","floor":40},{"not_picked":["champ:Haymaker+1","champ:Circumvent+1"],"picked":"champ:DancingMaster+1","floor":42},{"not_picked":["champ:VampiricStrike","champ:ViciousMockery+1"],"picked":"champ:ArenaPreparation+1","floor":43},{"not_picked":["champ:PreciseThrust+1","champ:ViciousMockery+1"],"picked":"champ:ShieldSlam+1","floor":45},{"not_picked":["champ:DefensiveStyle+1","champ:Encircle"],"picked":"champ:SwordSigil+1","floor":46},{"not_picked":["champ:AdrenalArmor+1","champ:PerfectedStrike"],"picked":"champ:BerserkersShout+1","floor":47},{"not_picked":["champ:Circumvent+1","champ:BladeFlurry+1","champ:FalseCounter+1"],"picked":"SKIP","floor":49}],"player_experience":74057,"relics_obtained":[{"floor":7.0,"key":"Mercury Hourglass"},{"floor":9.0,"key":"GodSword1"},{"floor":11.0,"key":"Toxic Egg 2"},{"floor":14.0,"key":"hexamod:Sixitude"},{"floor":24.0,"key":"Omamori"},{"floor":25.0,"key":"testmod-IndustrialRevolution"},{"floor":29,"key":"Letter Opener"},{"floor":36,"key":"AT_Manta"},{"floor":37,"key":"White Beast Statue"},{"floor":41,"key":"Frozen Egg 2"},{"floor":43,"key":"Regal Pillow"},{"floor":46,"key":"testmod-TurbochargingSystem"},{"floor":49,"key":"AT_SpeedBoots"}],"event_choices":[{"damage_healed":0,"gold_gain":0,"player_choice":"Swap Relic","damage_taken":0,"relics_obtained":["testmod-TestBox"],"max_hp_gain":0,"max_hp_loss":0,"event_name":"给自己的盒子","floor":31,"relics_lost":["AT_ATBox"],"gold_loss":0},{"damage_healed":0,"gold_gain":0,"player_choice":"Fight","damage_taken":0,"max_hp_gain":0,"max_hp_loss":0,"event_name":"Mysterious Sphere","floor":36,"gold_loss":0}],"is_beta":false,"boss_relics":[{"not_picked":["bronze:MakeshiftBattery","SlaversCollar"],"picked":"testmod-Fanaticism"},{"not_picked":["SacredBark","Philosopher\u0027s Stone"],"picked":"champ:ChampionCrownUpgraded"}],"items_purged_floors":[30,35,42,48],"is_endless":false,"potions_floor_spawned":[5,8,10,11,12,16,26,28,33,37,38,39,40,42,43,45,46,47,49],"ascension_level":0}}