{"host":"ah3fvp1bei8896gw","time":1611030775,"event":{"mods":["BaseMod","Colored Powertips","Downfall","GifTheSpireLib","Minty Spire (QoL Compilation)","StSLib","Trackpad"],"gold_per_floor":[99,99,99,99,99,118,168,112,112,131,231,166,166,179,198,198,198,198],"floor_reached":16,"language":"ENG","playtime":1319,"items_purged":[],"score":92,"play_id":"d1258351-c0b2-4924-9f62-bd0b952a069d","local_time":"20210118203255","is_ascension_mode":true,"campfire_choices":[{"data":"Slimebound:Split","floor":1,"key":"SMITH"},{"floor":13,"key":"REST"}],"circlet_count":0,"master_deck":["Slimebound:Strike_Slimebound","Slimebound:Strike_Slimebound","Slimebound:Tackle","Slimebound:Defend_Slimebound","Slimebound:Defend_Slimebound","Slimebound:Defend_Slimebound","Slimebound:Defend_Slimebound","Slimebound:Split+1","Slimebound:CorrosiveSpit","Slimebound:LeechingTouch","Slimebound:DivideAndConquer","Slimebound:DivideAndConquer","Slimebound:Equalize","Slimebound:ItLooksTasty","Slimebound:SpikyOuterGoop","Slimebound:GoopSpray","Slimebound:LivingWall","Slimebound:LivingWall","Slimebound:RollThrough","Slimebound:GoopTackle","Slimebound:CheckThePlaybook"],"relics":["Slimebound:AbsorbEndCombat","downfall:HeartsMalice","trackpad:Mousetrap","Potion Belt"],"acts_visited":["Exordium"],"potions_floor_usage":[10,11,12,12,12],"damage_taken":[{"damage":0,"enemies":"2 Louse","floor":2,"turns":1},{"damage":0,"enemies":"Cultist","floor":3,"turns":1},{"damage":0,"enemies":"Jaw Worm","floor":5,"turns":1},{"damage":12,"enemies":"Blue Slaver","floor":6,"turns":3},{"damage":5,"enemies":"downfall:FleeingMerchant","floor":8,"turns":4},{"damage":12,"enemies":"Exordium Thugs","floor":10,"turns":5},{"damage":63,"enemies":"downfall:LadyInBlue","floor":11,"turns":12},{"damage":11,"enemies":"downfall:FleeingMerchant","floor":12,"turns":4},{"damage":1,"enemies":"2 Fungi Beasts","floor":14,"turns":4},{"damage":0,"enemies":"3 Louse","floor":15,"turns":2},{"damage":60,"enemies":"IC_STATUS_ARCHETYPE","floor":16,"turns":8}],"seed_played":"2764902733383997855","potions_obtained":[{"floor":6,"key":"bronze:BurnAndBuffPotion"},{"floor":9,"key":"Slimebound:SpawnSlimePotion"},{"floor":9,"key":"champ:CounterPotion"},{"floor":10,"key":"Explosive Potion"},{"floor":11,"key":"Slimebound:SpawnSlimePotion"},{"floor":11,"key":"Explosive Potion"},{"floor":11,"key":"Regen Potion"},{"floor":14,"key":"sneckomod:MuddlingPotion"}],"is_trial":false,"path_per_floor":["R","M","M","?","M","M","T","$","?","M","?","$","R","M","M","B"],"character_chosen":"SLIMEBOUND","items_purchased":["Slimebound:SpikyOuterGoop","Slimebound:RollThrough"],"campfire_rested":1,"item_purchase_floors":[8,12],"current_hp_per_floor":[65,65,65,65,65,53,53,56,56,52,1,16,35,40,46,0,0,0],"gold":198,"neow_bonus":"THREE_ENEMY_KILL","is_daily":false,"chose_seed":false,"campfire_upgraded":1,"win_rate":0.0,"timestamp":1611030775,"path_taken":["R","M","M","?","M","M","T","$","?","?","?","?","R","M","M","BOSS"],"items_purchased_type":["Card","Card"],"build_version":"2020-12-22","purchased_purges":0,"victory":false,"max_hp_per_floor":[65,65,65,65,65,65,65,65,65,65,65,65,65,65,65,65,65,65],"card_choices":[{"not_picked":["Slimebound:RainOfGoop","Slimebound:SplitBruiser"],"picked":"Slimebound:LeechingTouch","floor":2},{"not_picked":["Slimebound:PressTheAttack","Slimebound:SplitLeeching"],"picked":"Slimebound:DivideAndConquer","floor":3},{"not_picked":["Slimebound:SplitAcid","Slimebound:GrowthPunch"],"picked":"Slimebound:DivideAndConquer","floor":5},{"not_picked":["Slimebound:SlimeSpikes","Slimebound:FormOfPuddle"],"picked":"Slimebound:Equalize","floor":6},{"not_picked":["Slimebound:GoopTackle","Slimebound:WasteNot"],"picked":"Slimebound:ItLooksTasty","floor":8},{"not_picked":["Slimebound:SplitMire","Slimebound:ItLooksTasty"],"picked":"Slimebound:GoopSpray","floor":10},{"not_picked":["Slimebound:BestDefense","Slimebound:SamplingLick"],"picked":"Slimebound:LivingWall","floor":11},{"not_picked":["Slimebound:ViciousTackle","Slimebound:Dissolve"],"picked":"Slimebound:LivingWall","floor":12},{"not_picked":["Slimebound:SamplingLick","Slimebound:SlimeSpikes"],"picked":"Slimebound:GoopTackle","floor":14},{"not_picked":["Slimebound:Nibble","Slimebound:Grow"],"picked":"Slimebound:CheckThePlaybook","floor":15}],"player_experience":322144,"relics_obtained":[{"floor":7,"key":"trackpad:Mousetrap"},{"floor":11,"key":"Potion Belt"}],"event_choices":[{"damage_healed":0,"gold_gain":0,"player_choice":"Got Potions","damage_taken":0,"max_hp_gain":0,"max_hp_loss":0,"event_name":"Lab","floor":9,"gold_loss":0}],"is_beta":false,"boss_relics":[],"items_purged_floors":[],"is_endless":false,"potions_floor_spawned":[6,10,11,14],"killed_by":"IC_STATUS_ARCHETYPE","ascension_level":1}}