{"host":"cjhtzh7tp54jdfyv","time":1611023808,"event":{"mods":["AchievementEnabler","BaseMod","Colored Map","Colored Powertips","Curses Come First","DeckTracker","Filter the Spire","Minty Spire (QoL Compilation)","RNG Fix","Relic Sorter","Relic Stats","StSLib","UnlockEverythingMod","ojb\u0027s Better Paths Mod","ojb\u0027s Info Mod"],"gold_per_floor":[115,40,53,69,85,112,112,144,198,198,230,44,44,119,119,196,196,216,236,236,236,236,236,111,140,140,156,175,275,285,311,311,382,382,396,448,448,458,473,473,501,518,518,536,549,549,565,576,576,576,576,576,576,20,50,50],"floor_reached":57,"language":"ENG","playtime":5872,"items_purged":["Defend_P","Defend_P","Conclude","Strike_P"],"score":3413,"play_id":"e8846110-85f7-4ed4-a3ae-702ee5263d68","local_time":"20210118213648","is_ascension_mode":true,"campfire_choices":[{"data":"Conclude","floor":7.0,"key":"SMITH"},{"data":"Eruption","floor":10.0,"key":"SMITH"},{"data":"Adaptation","floor":13.0,"key":"SMITH"},{"data":"Wallop","floor":15.0,"key":"SMITH"},{"data":"Blasphemy","floor":23.0,"key":"SMITH"},{"data":"Vigilance","floor":32.0,"key":"SMITH"},{"data":"Purity","floor":40,"key":"SMITH"},{"floor":49,"key":"RECALL"},{"data":"Madness","floor":53,"key":"SMITH"}],"circlet_count":0,"master_deck":["AscendersBane","Eruption+1","Vigilance+1","CutThroughFate","Conclude+1","Consecrate","Wallop+1","Adaptation+1","Sanctity","Blasphemy+1","Adaptation+1","Wallop","Scrawl","JustLucky+1","JustLucky+1","Alpha+1","Purity+1","Madness+1"],"relics":["Coffee Dripper","InkBottle","Sundial","Pocketwatch","FossilizedHelix","Gambling Chip","Mango","VioletLotus","Bottled Lightning","Bottled Tornado","StoneCalendar","Blue Candle","Art of War","Astrolabe","Ice Cream","The Courier","CaptainsWheel"],"acts_visited":["Exordium","TheCity","TheBeyond","TheEnding"],"potions_floor_usage":[42,51],"damage_taken":[{"damage":2.0,"enemies":"Jaw Worm","floor":1.0,"turns":3.0},{"damage":0.0,"enemies":"Cultist","floor":3.0,"turns":2.0},{"damage":0.0,"enemies":"2 Louse","floor":4.0,"turns":1.0},{"damage":11.0,"enemies":"Exordium Thugs","floor":5.0,"turns":2.0},{"damage":0.0,"enemies":"3 Sentries","floor":6.0,"turns":2.0},{"damage":0.0,"enemies":"Lagavulin","floor":8.0,"turns":4.0},{"damage":0.0,"enemies":"3 Sentries","floor":11.0,"turns":2.0},{"damage":22.0,"enemies":"The Guardian","floor":16.0,"turns":8.0},{"damage":0.0,"enemies":"3 Byrds","floor":18.0,"turns":1.0},{"damage":0.0,"enemies":"Shell Parasite","floor":19.0,"turns":1.0},{"damage":0.0,"enemies":"Slavers","floor":25.0,"turns":1.0},{"damage":0.0,"enemies":"Cultist and Chosen","floor":27.0,"turns":1.0},{"damage":0.0,"enemies":"Snecko","floor":28.0,"turns":3.0},{"damage":0.0,"enemies":"Colosseum Slavers","floor":29.0,"turns":1.0},{"damage":0.0,"enemies":"Colosseum Nobs","floor":29.0,"turns":3.0},{"damage":0.0,"enemies":"Centurion and Healer","floor":30.0,"turns":2.0},{"damage":0.0,"enemies":"Gremlin Leader","floor":31.0,"turns":3.0},{"damage":0.0,"enemies":"Automaton","floor":33.0,"turns":4.0},{"damage":0.0,"enemies":"3 Shapes","floor":35.0,"turns":1.0},{"damage":55.0,"enemies":"2 Orb Walkers","floor":36.0,"turns":4.0},{"damage":0.0,"enemies":"3 Darklings","floor":38.0,"turns":1.0},{"damage":0,"enemies":"Writhing Mass","floor":39,"turns":3},{"damage":0,"enemies":"Giant Head","floor":41,"turns":2},{"damage":0,"enemies":"Spire Growth","floor":42,"turns":3},{"damage":0,"enemies":"Transient","floor":44,"turns":6},{"damage":0,"enemies":"3 Darklings","floor":45,"turns":1},{"damage":0,"enemies":"Jaw Worm Horde","floor":47,"turns":1},{"damage":0,"enemies":"Transient","floor":48,"turns":6},{"damage":0,"enemies":"Awakened One","floor":50,"turns":3},{"damage":0,"enemies":"Time Eater","floor":51,"turns":7},{"damage":0,"enemies":"Shield and Spear","floor":55,"turns":3},{"damage":67,"enemies":"The Heart","floor":56,"turns":6}],"seed_played":"5383097332437410977","potions_obtained":[{"floor":3.0,"key":"BlessingOfTheForge"},{"floor":5.0,"key":"SkillPotion"},{"floor":19.0,"key":"ColorlessPotion"},{"floor":25.0,"key":"Energy Potion"},{"floor":33.0,"key":"PowerPotion"},{"floor":39,"key":"Fruit Juice"},{"floor":42,"key":"Explosive Potion"},{"floor":44,"key":"FearPotion"},{"floor":45,"key":"Strength Potion"},{"floor":55,"key":"SmokeBomb"}],"is_trial":false,"path_per_floor":["M","$","M","M","M","E","R","E","T","R","E","$","R","?","R","B",null,"M","M","?","?","?","R","$","E","T","M","M","?","M","E","R","B",null,"M","?","?","M","M","R","E","M","T","M","M","?","M","M","R","B","B",null,"R","$","E","B",null],"character_chosen":"WATCHER","items_purchased":["Sanctity","InkBottle","Sundial"],"campfire_rested":0,"item_purchase_floors":[12,54,54],"current_hp_per_floor":[59,59,59,59,48,48,48,48,48,48,62,62,62,51,51,29,69,69,69,69,69,45,45,45,45,45,45,45,45,45,45,45,45,77,77,22,12,12,12,12,12,17,17,17,17,17,17,17,17,17,17,70,70,70,70,3],"gold":50,"neow_bonus":"BOSS_RELIC","is_daily":false,"chose_seed":false,"campfire_upgraded":8,"win_rate":0.0,"timestamp":1611023808,"path_taken":["M","$","?","M","M","E","R","E","T","R","E","$","R","?","R","BOSS","M","M","?","?","?","R","$","E","T","M","M","?","?","E","R","BOSS","M","?","?","M","M","R","E","M","T","?","M","?","M","M","R","BOSS","BOSS","R","$","E","BOSS"],"items_purchased_type":["Card","Relic","Relic"],"build_version":"2020-12-22","purchased_purges":4,"victory":true,"max_hp_per_floor":[68,68,68,68,68,68,68,68,68,68,82,82,82,82,82,82,82,82,82,82,82,87,87,87,87,87,87,87,87,87,87,87,87,87,87,87,87,87,87,87,87,92,92,92,92,87,87,87,87,87,87,87,87,87,87,87],"relic_stats":{"counters":[32,91],"Sundial":[58],"Gambling Chip":[75],"Blue Candle":[0],"Astrolabe":["JustLucky","JustLucky","Alpha"],"StoneCalendar":[40],"VioletLotus":[176],"Art of War":[2],"obtain_stats":[{"Ice Cream":36,"Blue Candle":29,"Astrolabe":34,"Mango":11,"StoneCalendar":29,"The Courier":41,"Bottled Tornado":26,"CaptainsWheel":43,"Sundial":54,"Gambling Chip":8,"VioletLotus":17,"Coffee Dripper":0,"Art of War":31,"Bottled Lightning":25,"PureWater":0,"FossilizedHelix":6,"InkBottle":54,"Pocketwatch":55},{"Ice Cream":20,"Blue Candle":15,"Astrolabe":18,"Mango":7,"StoneCalendar":15,"The Courier":23,"Bottled Tornado":11,"CaptainsWheel":24,"Sundial":30,"Gambling Chip":6,"VioletLotus":8,"Coffee Dripper":0,"Art of War":17,"Bottled Lightning":11,"PureWater":0,"FossilizedHelix":5,"InkBottle":30,"Pocketwatch":31},{"Ice Cream":49,"Blue Candle":35,"Astrolabe":44,"Mango":16,"StoneCalendar":35,"The Courier":55,"Bottled Tornado":27,"CaptainsWheel":58,"Sundial":82,"Gambling Chip":14,"VioletLotus":24,"Coffee Dripper":0,"Art of War":40,"Bottled Lightning":27,"PureWater":0,"FossilizedHelix":10,"InkBottle":82,"Pocketwatch":85}],"InkBottle":[12],"Pocketwatch":[6]},"card_choices":[{"not_picked":["LikeWater","EmptyMind"],"picked":"CutThroughFate","floor":1.0},{"not_picked":["ReachHeaven","JustLucky"],"picked":"Conclude","floor":3.0},{"not_picked":["ClearTheMind","ThirdEye","PathToVictory"],"picked":"SKIP","floor":4.0},{"not_picked":["Prostrate","ForeignInfluence"],"picked":"Consecrate","floor":5.0},{"not_picked":["Perseverance","Worship","EmptyBody"],"picked":"SKIP","floor":6.0},{"not_picked":["MasterReality","Prostrate"],"picked":"Wallop","floor":8.0},{"not_picked":["Prostrate","CrushJoints"],"picked":"Adaptation","floor":11.0},{"not_picked":["DeusExMachina","Alpha"],"picked":"Blasphemy","floor":16.0},{"not_picked":["EmptyFist","EmptyBody"],"picked":"Adaptation+1","floor":18.0},{"not_picked":["CutThroughFate","CrushJoints","Fasting2"],"picked":"SKIP","floor":19.0},{"not_picked":["EmptyBody","Establishment","Evaluate"],"picked":"SKIP","floor":25.0},{"not_picked":["CrushJoints","Conclude","FollowUp"],"picked":"SKIP","floor":27.0},{"not_picked":["EmptyBody","WaveOfTheHand+1","BattleHymn"],"picked":"SKIP","floor":28.0},{"not_picked":["EmptyBody","WaveOfTheHand+1","BattleHymn"],"picked":"SKIP","floor":28.0},{"not_picked":["PathToVictory","Fasting2","EmptyFist"],"picked":"SKIP","floor":30.0},{"not_picked":["Brilliance","Worship","SashWhip"],"picked":"SKIP","floor":31.0},{"not_picked":["DevaForm","Vault"],"picked":"Scrawl","floor":33.0},{"not_picked":["Fasting2","FollowUp","PathToVictory"],"picked":"SKIP","floor":35.0},{"not_picked":["PanicButton","Deep Breath"],"picked":"Purity","floor":37.0},{"not_picked":["Jack Of All Trades","Panacea"],"picked":"Madness","floor":37.0},{"not_picked":["InnerPeace","Prostrate","Protect"],"picked":"SKIP","floor":38.0},{"not_picked":["Prostrate+1","DeceiveReality+1","Tantrum"],"picked":"SKIP","floor":39},{"not_picked":["Prostrate+1","DeceiveReality+1","Tantrum"],"picked":"SKIP","floor":39},{"not_picked":["Wireheading","PathToVictory","EmptyBody"],"picked":"SKIP","floor":41},{"not_picked":["CutThroughFate","BowlingBash","CarveReality+1"],"picked":"SKIP","floor":42},{"not_picked":["BowlingBash","TalkToTheHand+1","PathToVictory"],"picked":"SKIP","floor":44},{"not_picked":["SashWhip","Tantrum+1","SandsOfTime+1"],"picked":"SKIP","floor":45},{"not_picked":["Conclude+1","Protect+1","Evaluate"],"picked":"SKIP","floor":47},{"not_picked":["Protect+1","Consecrate","WreathOfFlame"],"picked":"SKIP","floor":48},{"not_picked":["Crescendo","FollowUp","Sanctity+1"],"picked":"SKIP","floor":55}],"player_experience":4429191,"relics_obtained":[{"floor":6.0,"key":"FossilizedHelix"},{"floor":8.0,"key":"Gambling Chip"},{"floor":11.0,"key":"Mango"},{"floor":25.0,"key":"Bottled Lightning"},{"floor":26.0,"key":"Bottled Tornado"},{"floor":29.0,"key":"StoneCalendar"},{"floor":29.0,"key":"Blue Candle"},{"floor":31.0,"key":"Art of War"},{"floor":36.0,"key":"Ice Cream"},{"floor":41,"key":"The Courier"},{"floor":43,"key":"CaptainsWheel"},{"floor":55,"key":"Pocketwatch"}],"event_choices":[{"damage_healed":0.0,"max_hp_gain":0.0,"max_hp_loss":0.0,"gold_gain":75.0,"event_name":"World of Goop","player_choice":"Gather Gold","floor":14.0,"gold_loss":0.0,"damage_taken":11.0},{"damage_healed":0.0,"max_hp_gain":0.0,"max_hp_loss":0.0,"gold_gain":0.0,"cards_transformed":["Defend_P","Defend_P"],"event_name":"Drug Dealer","player_choice":"Became Test Subject","floor":20.0,"gold_loss":0.0,"damage_taken":0.0,"cards_obtained":["Conclude","Wallop"]},{"damage_healed":0.0,"max_hp_gain":0.0,"max_hp_loss":0.0,"gold_gain":0.0,"event_name":"Cursed Tome","player_choice":"Ignored","floor":21.0,"gold_loss":0.0,"damage_taken":0.0},{"damage_healed":0.0,"max_hp_gain":5.0,"max_hp_loss":0.0,"gold_gain":0.0,"event_name":"Forgotten Altar","player_choice":"Shed Blood","floor":22.0,"gold_loss":0.0,"damage_taken":29.0},{"damage_healed":0.0,"max_hp_gain":0.0,"max_hp_loss":0.0,"gold_gain":0.0,"event_name":"Colosseum","player_choice":"Fight","floor":29.0,"gold_loss":0.0,"damage_taken":0.0},{"damage_healed":0.0,"max_hp_gain":0.0,"max_hp_loss":0.0,"gold_gain":0.0,"event_name":"Colosseum","player_choice":"Fought Nobs","floor":29.0,"gold_loss":0.0,"damage_taken":0.0},{"damage_healed":0.0,"max_hp_gain":0.0,"max_hp_loss":0.0,"gold_gain":0.0,"event_name":"Mysterious Sphere","player_choice":"Fight","floor":36.0,"gold_loss":0.0,"damage_taken":0.0},{"damage_healed":0.0,"max_hp_gain":0.0,"max_hp_loss":0.0,"gold_gain":0.0,"event_name":"SensoryStone","player_choice":"Memory 3","floor":37.0,"gold_loss":0.0,"damage_taken":10.0},{"damage_healed":0,"gold_gain":0,"player_choice":"Max HP","damage_taken":0,"max_hp_gain":0,"max_hp_loss":5,"event_name":"Winding Halls","floor":46,"gold_loss":0}],"is_beta":false,"boss_relics":[{"not_picked":["Fusion Hammer","Philosopher\u0027s Stone"],"picked":"VioletLotus"},{"not_picked":["Snecko Eye","Busted Crown"],"picked":"Astrolabe"}],"items_purged_floors":[2,12,24,54],"is_endless":false,"potions_floor_spawned":[3,5,19,25,33,39,42,44,45,55],"ascension_level":20}}