{"host":"sxnl403xm2xmiyj1","time":1611054726,"event":{"mods":["AchievementEnabler","BaseMod","Colored Map","Keyboard Shortcuts","Minty Spire (QoL Compilation)","Quick Restart","StSLib","SuperFastMode"],"gold_per_floor":[215,25,42,56,56,56,85,160,160,216,243,243,254,272,272,346,346,364,376,376,396,37,72,72,89,140,53,88,88,26,60,60,132,132,149,54,68,87,15,47,66,66,140,166,182,182,182,192,192,192,192,192,16,50,50],"floor_reached":56,"language":"KOR","playtime":2235,"items_purged":["Strike_G","Dagger Throw"],"score":2405,"play_id":"dc03d543-b64c-4fb4-a2c8-6e3186e25af2","local_time":"20210119201206","is_ascension_mode":true,"campfire_choices":[{"data":"Cloak And Dagger","floor":6.0,"key":"SMITH"},{"data":"Footwork","floor":15.0,"key":"SMITH"},{"data":"Footwork","floor":24.0,"key":"SMITH"},{"data":"Noxious Fumes","floor":32.0,"key":"SMITH"},{"data":"Night Terror","floor":42.0,"key":"SMITH"},{"data":"Burst","floor":47.0,"key":"SMITH"},{"floor":49.0,"key":"RECALL"},{"data":"After Image","floor":52.0,"key":"SMITH"}],"circlet_count":0,"master_deck":["AscendersBane","Defend_G","Defend_G","Defend_G","Defend_G","Defend_G","Survivor","Neutralize","Blur","Footwork+1","Cloak And Dagger+1","Terror","Backstab","Crippling Poison+1","PiercingWail","Burst+1","Bullet Time+1","Tools of the Trade+1","Backflip+1","Bouncing Flask","Footwork+1","After Image+1","PiercingWail","Night Terror+1","Blur+1","Deadly Poison","Noxious Fumes+1","Backflip","Envenom","Expertise","Caltrops","Footwork","Deadly Poison","A Thousand Cuts","Deflect","Footwork","Blur+1","Cloak And Dagger","Footwork","Cloak And Dagger","PiercingWail","Bane","Blade Dance","Accuracy","Dodge and Roll","Reflex","PiercingWail","Backflip","Blade Dance","Catalyst","Prepared","Deadly Poison","Tactician","Reflex+1"],"relics":["Ring of the Snake","Membership Card","Gambling Chip","Torii","Oddly Smooth Stone","Mummified Hand","Astrolabe","Calipers","FossilizedHelix","The Courier","HornCleat","SlaversCollar","Lantern","Vajra","Bottled Tornado","Bottled Flame","Paper Crane"],"acts_visited":["Exordium","TheCity","TheBeyond","TheEnding"],"potions_floor_usage":[],"damage_taken":[{"damage":0.0,"enemies":"Cultist","floor":1.0,"turns":4.0},{"damage":0.0,"enemies":"2 Louse","floor":3.0,"turns":3.0},{"damage":1.0,"enemies":"Small Slimes","floor":4.0,"turns":5.0},{"damage":15.0,"enemies":"Gremlin Nob","floor":7.0,"turns":6.0},{"damage":13.0,"enemies":"3 Sentries","floor":10.0,"turns":12.0},{"damage":0.0,"enemies":"Lagavulin","floor":11.0,"turns":6.0},{"damage":1.0,"enemies":"3 Louse","floor":13.0,"turns":5.0},{"damage":0.0,"enemies":"Blue Slaver","floor":14.0,"turns":4.0},{"damage":0.0,"enemies":"The Guardian","floor":16.0,"turns":15.0},{"damage":1.0,"enemies":"2 Thieves","floor":18.0,"turns":5.0},{"damage":1.0,"enemies":"Chosen","floor":19.0,"turns":7.0},{"damage":9.0,"enemies":"Shelled Parasite and Fungi","floor":21.0,"turns":8.0},{"damage":24.0,"enemies":"Book of Stabbing","floor":23.0,"turns":13.0},{"damage":0.0,"enemies":"Sentry and Sphere","floor":25.0,"turns":10.0},{"damage":0.0,"enemies":"Gremlin Leader","floor":28.0,"turns":8.0},{"damage":0.0,"enemies":"Book of Stabbing","floor":31.0,"turns":6.0},{"damage":0.0,"enemies":"Collector","floor":33.0,"turns":11.0},{"damage":0.0,"enemies":"3 Shapes","floor":35.0,"turns":5.0},{"damage":0.0,"enemies":"3 Darklings","floor":37.0,"turns":4.0},{"damage":0.0,"enemies":"Sphere and 2 Shapes","floor":38.0,"turns":5.0},{"damage":0.0,"enemies":"Reptomancer","floor":40.0,"turns":9.0},{"damage":18.0,"enemies":"Transient","floor":41.0,"turns":5.0},{"damage":0.0,"enemies":"Giant Head","floor":44.0,"turns":10.0},{"damage":0.0,"enemies":"Maw","floor":45.0,"turns":8.0},{"damage":0.0,"enemies":"3 Darklings","floor":48.0,"turns":6.0},{"damage":37.0,"enemies":"Awakened One","floor":50.0,"turns":14.0},{"damage":18,"enemies":"Shield and Spear","floor":54,"turns":8},{"damage":18,"enemies":"The Heart","floor":55,"turns":12}],"seed_played":"8438328363759474736","potions_obtained":[{"floor":1.0,"key":"DistilledChaos"},{"floor":4.0,"key":"Weak Potion"},{"floor":10.0,"key":"SneckoOil"},{"floor":14.0,"key":"EssenceOfSteel"},{"floor":21.0,"key":"DuplicationPotion"},{"floor":23.0,"key":"AttackPotion"},{"floor":28.0,"key":"FearPotion"},{"floor":31.0,"key":"EssenceOfSteel"},{"floor":37.0,"key":"Fire Potion"},{"floor":40.0,"key":"CultistPotion"},{"floor":41.0,"key":"SteroidPotion"}],"is_trial":false,"path_per_floor":["M","$","M","M","?","R","E","?","T","?","E","?","M","M","R","B",null,"M","M","?","M","$","E","R","M","T","$","E","?","$","E","R","B",null,"M","$","M","M","$","E","M","R","T","E","M","?","R","M","R","B",null,"R","$","E","B",null],"character_chosen":"THE_SILENT","items_purchased":["Membership Card","Footwork","After Image","Calipers","PiercingWail","Night Terror","Noxious Fumes","Caltrops","Footwork","Footwork","Lantern","Footwork","Cloak And Dagger","PiercingWail","Reflex","PiercingWail","Backflip","Blade Dance","Catalyst","Prepared","Deadly Poison","Tactician"],"campfire_rested":0,"item_purchase_floors":[2,2,22,22,22,22,27,30,30,36,36,39,39,39,53,53,53,53,53,53,53,53],"current_hp_per_floor":[63,63,63,62,55,55,40,29,29,16,16,16,15,15,15,15,56,55,54,54,45,45,21,21,21,21,21,21,21,21,21,21,21,58,58,58,58,58,58,58,40,40,40,40,40,45,45,45,45,8,55,55,55,37,19],"gold":50,"neow_bonus":"HUNDRED_GOLD","is_daily":false,"chose_seed":false,"campfire_upgraded":7,"win_rate":0.0,"timestamp":1611054726,"path_taken":["M","$","M","M","?","R","E","?","T","?","E","?","M","M","R","BOSS","M","M","?","?","$","E","R","M","T","$","E","?","?","E","R","BOSS","M","$","M","M","$","E","M","R","T","E","M","?","R","?","R","BOSS","R","$","E","BOSS"],"items_purchased_type":["Relic","Card","Card","Relic","Card","Card","Card","Card","Card","Card","Relic","Card","Card","Card","Card","Card","Card","Card","Card","Card","Card","Card"],"build_version":"2020-12-22","purchased_purges":2,"victory":true,"max_hp_per_floor":[70,70,70,70,70,70,70,70,70,70,70,70,70,70,70,70,70,70,70,70,70,70,70,70,70,70,70,70,70,70,70,70,70,70,70,70,70,70,70,70,70,70,70,70,70,70,70,70,70,70,70,70,70,70,70],"card_choices":[{"not_picked":["Well Laid Plans","Flying Knee"],"picked":"Blur","floor":1.0},{"not_picked":["Underhanded Strike","Quick Slash"],"picked":"Cloak And Dagger","floor":3.0},{"not_picked":["Underhanded Strike","Endless Agony"],"picked":"Dagger Throw","floor":4.0},{"not_picked":["Riddle With Holes","Skewer"],"picked":"Storm of Steel","floor":7.0},{"not_picked":["Underhanded Strike","Heel Hook"],"picked":"Terror","floor":10.0},{"not_picked":["Endless Agony","Dagger Spray"],"picked":"Backstab","floor":11.0},{"not_picked":["Predator","Backflip"],"picked":"Crippling Poison","floor":13.0},{"not_picked":["Crippling Poison","Eviscerate"],"picked":"PiercingWail","floor":14.0},{"not_picked":["Bullet Time","Corpse Explosion"],"picked":"Burst","floor":16.0},{"not_picked":["Quick Slash","Deflect"],"picked":"Backflip+1","floor":18.0},{"not_picked":["Finisher","Expertise+1"],"picked":"Bouncing Flask","floor":19.0},{"not_picked":["Distraction","Backflip"],"picked":"Footwork","floor":21.0},{"not_picked":["All Out Attack","Leg Sweep"],"picked":"Blur+1","floor":23.0},{"not_picked":["Underhanded Strike","Leg Sweep"],"picked":"Deadly Poison","floor":25.0},{"not_picked":["Blade Dance","Dodge and Roll"],"picked":"Backflip","floor":28.0},{"not_picked":["Flying Knee","Grand Finale"],"picked":"Deadly Poison","floor":31.0},{"not_picked":["Grand Finale","Unload"],"picked":"A Thousand Cuts","floor":33.0},{"not_picked":["Skewer","Finisher"],"picked":"Deflect","floor":35.0},{"not_picked":["All Out Attack","Sucker Punch+1"],"picked":"Blur+1","floor":37.0},{"not_picked":["Terror","Bane"],"picked":"Cloak And Dagger","floor":38.0},{"not_picked":["Doppelganger","Riddle With Holes"],"picked":"Slice","floor":40.0},{"not_picked":["Cloak And Dagger","Quick Slash+1"],"picked":"Bane","floor":41.0},{"not_picked":["Dash","Terror"],"picked":"Blade Dance","floor":44.0},{"not_picked":["Backflip","Prepared+1"],"picked":"Accuracy","floor":45.0},{"not_picked":["Outmaneuver+1","Backflip"],"picked":"Dodge and Roll","floor":48.0},{"not_picked":["Dagger Spray","Bullet Time"],"picked":"Reflex+1","floor":54}],"player_experience":169098,"relics_obtained":[{"floor":7.0,"key":"Gambling Chip"},{"floor":9.0,"key":"Torii"},{"floor":10.0,"key":"Oddly Smooth Stone"},{"floor":11.0,"key":"Mummified Hand"},{"floor":23.0,"key":"FossilizedHelix"},{"floor":28.0,"key":"The Courier"},{"floor":31.0,"key":"HornCleat"},{"floor":40.0,"key":"Vajra"},{"floor":43.0,"key":"Bottled Tornado"},{"floor":44.0,"key":"Bottled Flame"},{"floor":54,"key":"Paper Crane"}],"event_choices":[{"cards_removed":["Strike_G"],"damage_healed":0.0,"max_hp_gain":0.0,"max_hp_loss":0.0,"gold_gain":0.0,"event_name":"Golden Wing","player_choice":"Card Removal","floor":5.0,"gold_loss":0.0,"damage_taken":7.0},{"damage_healed":0.0,"max_hp_gain":0.0,"max_hp_loss":0.0,"gold_gain":75.0,"event_name":"World of Goop","player_choice":"Gather Gold","floor":8.0,"gold_loss":0.0,"damage_taken":11.0},{"damage_healed":0.0,"max_hp_gain":0.0,"max_hp_loss":0.0,"gold_gain":0.0,"event_name":"Dead Adventurer","player_choice":"Searched \u00271\u0027 times","floor":10.0,"gold_loss":0.0,"damage_taken":0.0},{"damage_healed":0.0,"max_hp_gain":0.0,"max_hp_loss":0.0,"gold_gain":0.0,"event_name":"Golden Idol","player_choice":"Ignored","floor":12.0,"gold_loss":0.0,"damage_taken":0.0},{"damage_healed":0.0,"max_hp_gain":0.0,"max_hp_loss":0.0,"gold_gain":0.0,"event_name":"Upgrade Shrine","player_choice":"Upgraded","floor":20.0,"gold_loss":0.0,"damage_taken":0.0,"cards_upgraded":["Crippling Poison"]},{"damage_healed":0.0,"max_hp_gain":0.0,"max_hp_loss":0.0,"gold_gain":0.0,"cards_transformed":["Storm of Steel","Dagger Throw"],"event_name":"Drug Dealer","player_choice":"Became Test Subject","floor":29.0,"gold_loss":0.0,"damage_taken":0.0,"cards_obtained":["Envenom","Expertise"]},{"cards_removed":["Slice"],"damage_healed":5.0,"max_hp_gain":0.0,"max_hp_loss":0.0,"gold_gain":0.0,"event_name":"Bonfire Elementals","player_choice":"Offered Common","floor":46.0,"gold_loss":0.0,"damage_taken":0.0},{"cards_removed":["Slice"],"damage_healed":5.0,"max_hp_gain":0.0,"max_hp_loss":0.0,"gold_gain":0.0,"event_name":"Bonfire Elementals","player_choice":"Offered Special","floor":46.0,"gold_loss":0.0,"damage_taken":0.0}],"is_beta":false,"boss_relics":[{"not_picked":["Velvet Choker","Cursed Key"],"picked":"Astrolabe"},{"not_picked":["Fusion Hammer","SacredBark"],"picked":"SlaversCollar"}],"items_purged_floors":[22,27],"is_endless":false,"potions_floor_spawned":[1,4,10,14,21,23,28,31,37,40,41],"ascension_level":13}}