{"host":"hzinic87vu8p95wn","time":1611063551,"event":{"mods":["BaseMod","Minty Spire (QoL Compilation)"],"gold_per_floor":[20,20,295,314,151,177,177,177,202,218,218,228,258,213,213,288,288,288,288],"floor_reached":18,"language":"ENG","playtime":570,"items_purged":["Regret"],"score":319,"play_id":"39c74f32-aa1b-4dc6-a0c9-9f689b4df252","local_time":"20210120003911","is_ascension_mode":true,"campfire_choices":[{"floor":7.0,"key":"REST"},{"floor":8.0,"key":"REST"},{"data":"Hologram","floor":11.0,"key":"SMITH"},{"floor":15,"key":"REST"}],"circlet_count":0,"master_deck":["AscendersBane","Strike_B","Strike_B","Strike_B","Strike_B","Defend_B+1","Defend_B+1","Defend_B","Defend_B","Zap+1","Dualcast","Beam Cell","Self Repair","Go for the Eyes","Hologram+1","Turbo","FTL","Gash","Defragment+1","Buffer+1"],"relics":["Cracked Core","WingedGreaves","Unceasing Top","War Paint","Frozen Egg 2","Sozu"],"acts_visited":["Exordium","TheCity"],"potions_floor_usage":[13,16],"damage_taken":[{"damage":7.0,"enemies":"Jaw Worm","floor":1.0,"turns":3.0},{"damage":7.0,"enemies":"Small Slimes","floor":4.0,"turns":2.0},{"damage":40.0,"enemies":"Lagavulin","floor":6.0,"turns":9.0},{"damage":6.0,"enemies":"Cultist","floor":10.0,"turns":4.0},{"damage":7.0,"enemies":"2 Fungi Beasts","floor":12.0,"turns":4.0},{"damage":59,"enemies":"Gremlin Nob","floor":13,"turns":5},{"damage":20,"enemies":"Hexaghost","floor":16,"turns":9},{"damage":33,"enemies":"3 Byrds","floor":18,"turns":4}],"seed_played":"5446533666736336709","potions_obtained":[{"floor":1.0,"key":"AttackPotion"},{"floor":6.0,"key":"PowerPotion"},{"floor":12.0,"key":"ColorlessPotion"},{"floor":16,"key":"Dexterity Potion"}],"is_trial":false,"path_per_floor":["M","?","?","M","$","E","R","R","T","M","R","M","E","$","R","B",null,"M"],"character_chosen":"DEFECT","items_purchased":["Go for the Eyes","Hologram","Defragment+1"],"campfire_rested":3,"item_purchase_floors":[5,5,14],"current_hp_per_floor":[57,57,57,50,50,17,38,59,59,60,60,60,8,8,29,16,57,24,24],"gold":288,"neow_bonus":"ONE_RARE_RELIC","is_daily":false,"chose_seed":false,"campfire_upgraded":1,"win_rate":0.0,"timestamp":1611063551,"path_taken":["M","?","?","M","$","E","R","R","T","M","R","?","E","$","R","BOSS","M"],"items_purchased_type":["Card","Card","Card"],"build_version":"2020-12-22","purchased_purges":1,"victory":false,"max_hp_per_floor":[71,71,71,71,71,71,71,71,71,71,71,71,71,71,71,71,71,71,71],"card_choices":[{"not_picked":["BootSequence","Auto Shields"],"picked":"Beam Cell","floor":1.0},{"not_picked":["Defragment","Loop"],"picked":"Self Repair","floor":4.0},{"not_picked":["Auto Shields","Multi-Cast"],"picked":"Turbo","floor":6.0},{"not_picked":["Loop","Hologram"],"picked":"FTL","floor":10.0},{"not_picked":["Coolheaded","Ball Lightning"],"picked":"Gash","floor":12.0},{"not_picked":["BootSequence","Meteor Strike","Chill"],"picked":"SKIP","floor":13},{"not_picked":["Rainbow","Multi-Cast"],"picked":"Buffer+1","floor":16}],"player_experience":1584719,"relics_obtained":[{"floor":6.0,"key":"Unceasing Top"},{"floor":9.0,"key":"War Paint"},{"floor":13,"key":"Frozen Egg 2"}],"event_choices":[{"damage_healed":0.0,"max_hp_gain":0.0,"max_hp_loss":0.0,"gold_gain":0.0,"event_name":"Living Wall","player_choice":"Grow","floor":2.0,"gold_loss":0.0,"damage_taken":0.0,"cards_upgraded":["Zap"]},{"damage_healed":0.0,"max_hp_gain":0.0,"max_hp_loss":0.0,"gold_gain":275.0,"event_name":"Golden Shrine","player_choice":"Desecrate","floor":3.0,"gold_loss":0.0,"damage_taken":0.0,"cards_obtained":["Regret"]}],"is_beta":false,"boss_relics":[{"not_picked":["Snecko Eye","Coffee Dripper"],"picked":"Sozu"}],"items_purged_floors":[5],"is_endless":false,"potions_floor_spawned":[1,6,12,16],"killed_by":"3 Byrds","ascension_level":18}}