{"host":"dftyqn972q7tuon4","time":1611086010,"event":{"mods":["AchievementEnabler","BaseMod","Better Altar","Better Match","Better Note","Better Sensory Stone","Better Skull","Better Third Choice","Colored Powertips","Highlight Path","Minty Spire (QoL Compilation)","Permanent Neow","Quick Restart","StSLib"],"gold_per_floor":[119,138,0,0,24,36,79,91,152,177,189,219,231,259,271,388,400,425,454,482,494,506,506],"floor_reached":22,"language":"ENG","playtime":1319,"items_purged":[],"score":291,"play_id":"64de66a6-0089-47a6-9776-490167d54202","local_time":"20210119205330","is_ascension_mode":true,"campfire_choices":[{"data":"Enlightenment","floor":6.0,"key":"SMITH"},{"floor":8.0,"key":"REST"},{"floor":13.0,"key":"REST"},{"data":"Bouncing Flask","floor":15.0,"key":"SMITH"}],"circlet_count":0,"master_deck":["AscendersBane","Strike_G+1","Strike_G","Strike_G","Strike_G+1","Strike_G","Defend_G","Defend_G","Defend_G","Defend_G","Defend_G","Survivor","Neutralize","Deep Breath","Bouncing Flask+1","Backflip","Enlightenment+1","Regret","Bane","Well Laid Plans","Catalyst","Flechettes","Acrobatics","Bullet Time","Expertise","Riddle With Holes","PiercingWail"],"relics":["Ring of the Snake","MawBank","Letter Opener","Whetstone","Sozu"],"acts_visited":["Exordium","TheCity"],"potions_floor_usage":[22],"damage_taken":[{"damage":1.0,"enemies":"Cultist","floor":1.0,"turns":4.0},{"damage":5.0,"enemies":"2 Louse","floor":2.0,"turns":2.0},{"damage":12.0,"enemies":"Jaw Worm","floor":5.0,"turns":4.0},{"damage":29.0,"enemies":"3 Sentries","floor":7.0,"turns":9.0},{"damage":7.0,"enemies":"2 Fungi Beasts","floor":10.0,"turns":5.0},{"damage":7.0,"enemies":"Gremlin Gang","floor":12.0,"turns":3.0},{"damage":14.0,"enemies":"Looter","floor":14.0,"turns":3.0},{"damage":12.0,"enemies":"Hexaghost","floor":16.0,"turns":8.0},{"damage":13.0,"enemies":"Spheric Guardian","floor":18.0,"turns":4.0},{"damage":18.0,"enemies":"Shell Parasite","floor":19.0,"turns":6.0},{"damage":18.0,"enemies":"Snecko","floor":20.0,"turns":5.0},{"damage":7,"enemies":"Centurion and Healer","floor":22,"turns":4}],"seed_played":"5993833433130232997","potions_obtained":[{"floor":5.0,"key":"CultistPotion"},{"floor":16.0,"key":"GamblersBrew"}],"is_trial":false,"path_per_floor":["M","M","?","?","M","R","E","R","T","M","?","M","R","M","R","B",null,"M","M","M","?","M"],"character_chosen":"THE_SILENT","items_purchased":[],"campfire_rested":2,"item_purchase_floors":[],"current_hp_per_floor":[62,57,63,63,51,51,22,44,44,37,30,23,45,31,31,19,62,49,31,13,13,6,6],"gold":506,"neow_bonus":"RANDOM_COLORLESS","is_daily":false,"chose_seed":false,"campfire_upgraded":2,"win_rate":0.0,"timestamp":1611086010,"path_taken":["M","?","?","?","M","R","E","R","T","M","?","M","R","M","R","BOSS","M","?","M","?","M"],"items_purchased_type":[],"build_version":"2020-12-22","purchased_purges":0,"victory":false,"max_hp_per_floor":[70,70,76,76,76,76,76,76,76,76,76,76,76,76,76,76,76,76,76,76,76,76,76],"card_choices":[{"not_picked":["Swift Strike","Jack Of All Trades"],"picked":"Deep Breath","floor":0.0},{"not_picked":["Dagger Spray","Prepared"],"picked":"Bouncing Flask","floor":1.0},{"not_picked":["Flechettes","Quick Slash"],"picked":"Backflip","floor":2.0},{"not_picked":["Slice","Sucker Punch"],"picked":"Bane","floor":5.0},{"not_picked":["Eviscerate","Sucker Punch"],"picked":"Well Laid Plans","floor":7.0},{"not_picked":["Die Die Die","Acrobatics"],"picked":"Catalyst","floor":10.0},{"not_picked":["Endless Agony","Masterful Stab"],"picked":"Flechettes","floor":12.0},{"not_picked":["Blade Dance","Sucker Punch"],"picked":"Acrobatics","floor":14.0},{"not_picked":["Malaise","Doppelganger"],"picked":"Bullet Time","floor":16.0},{"not_picked":["Caltrops","Backflip+1"],"picked":"Expertise","floor":18.0},{"not_picked":["Outmaneuver+1","Slice"],"picked":"Riddle With Holes","floor":19.0},{"not_picked":["Slice+1","Expertise"],"picked":"PiercingWail","floor":20.0}],"player_experience":713355,"relics_obtained":[{"floor":7.0,"key":"Letter Opener"},{"floor":9.0,"key":"Whetstone"}],"event_choices":[{"damage_healed":0.0,"max_hp_gain":0.0,"max_hp_loss":0.0,"gold_gain":0.0,"event_name":"betterThird:BetterSerpent","player_choice":"RENOUNCE","floor":3.0,"gold_loss":138.0,"damage_taken":138.0,"cards_obtained":["Enlightenment"]},{"damage_healed":0.0,"max_hp_gain":0.0,"max_hp_loss":0.0,"gold_gain":0.0,"event_name":"Big Fish","player_choice":"Box","floor":4.0,"gold_loss":0.0,"damage_taken":0.0,"relics_obtained":["MawBank"],"cards_obtained":["Regret"]},{"damage_healed":0.0,"max_hp_gain":0.0,"max_hp_loss":0.0,"gold_gain":0.0,"event_name":"Wheel of Change","player_choice":"Damaged","floor":11.0,"gold_loss":0.0,"damage_taken":7.0},{"damage_healed":0.0,"max_hp_gain":0.0,"max_hp_loss":0.0,"gold_gain":0.0,"event_name":"BanditSerpent","player_choice":"Serpent","floor":21.0,"gold_loss":0.0,"damage_taken":0.0}],"is_beta":false,"boss_relics":[{"not_picked":["Calling Bell","Empty Cage"],"picked":"Sozu"}],"items_purged_floors":[],"is_endless":false,"potions_floor_spawned":[5,16,20],"killed_by":"Centurion and Healer","ascension_level":11}}