{"host":"pyvqvk2ltcevcwmf","time":1611037517,"event":{"mods":["BaseMod","BetterRewards","Good Game Mod","Marisa£®ÏF”Í°°ƒß¿Ì…≥£©","Minty Spire (QoL Compilation)","Rare Cards Sparkle","Shop Mod","Spicy Shops","StSLib","The Alterego","The Servant 0.9.4","Youmu£®ªÍ∆«—˝√Œ£©"],"gold_per_floor":[111,128,29,48,61,94,106,118,130,142,166,178,225,14,14,114,114,129,145,145,158,176,176,208,226,299,314,339,90,90,123,123,227,227,241,254,9,28,128,154,166,195,195,209,209,222,251,32,32,32],"floor_reached":51,"language":"ZHS","playtime":4780,"items_purged":["Defend_G","Defend_G","Shame","Pain"],"score":834,"play_id":"f7810e5b-7125-479d-ac6b-8829e62b43e9","local_time":"20210119142517","is_ascension_mode":false,"campfire_choices":[{"data":"Bullet Time","floor":7.0,"key":"SMITH"},{"data":"Bane","floor":10.0,"key":"SMITH"},{"data":"Outmaneuver","floor":12.0,"key":"SMITH"},{"data":"Poisoned Stab","floor":15.0,"key":"SMITH"},{"data":"Adrenaline","floor":23.0,"key":"SMITH"},{"data":"Noxious Fumes","floor":32.0,"key":"SMITH"},{"data":"Mayhem","floor":45,"key":"SMITH"},{"floor":49,"key":"REST"}],"circlet_count":0,"master_deck":["Strike_G","Strike_G","Strike_G","Strike_G","Strike_G","Defend_G","Defend_G","Defend_G","Survivor","Neutralize","Bullet Time+1","Expertise","Choke","Bane+1","Outmaneuver+1","Underhanded Strike","Dagger Spray","Poisoned Stab+1","Poisoned Stab+1","Adrenaline+1","Terror","Skewer+1","Backflip","Crippling Poison","Endless Agony","Eviscerate+1","Riddle With Holes+1","Backflip+1","Outmaneuver","Catalyst","Noxious Fumes+1","Die Die Die","Acrobatics+1","Footwork","Mayhem+1","Noxious Fumes+1","Endless Agony+1","Outmaneuver+1","Crippling Poison+1","Bane+1","Crippling Poison+1","All Out Attack","Sadistic Nature+1"],"relics":["Ring of the Snake","REME:ComplimentaryCards","NeowsBlessing","MerchantsRug","Runic Pyramid","Bag of Marbles","Mummified Hand","Meat on the Bone","Lantern","Vajra","SlaversCollar","Shuriken","Ancient Tea Set","Shovel","Frozen Egg 2","Paper Crane","Bird Faced Urn"],"acts_visited":["Exordium","TheCity","TheBeyond"],"potions_floor_usage":[42,50,50],"damage_taken":[{"damage":0.0,"enemies":"Jaw Worm","floor":1.0,"turns":1.0},{"damage":0.0,"enemies":"Cultist","floor":2.0,"turns":1.0},{"damage":0.0,"enemies":"Small Slimes","floor":4.0,"turns":1.0},{"damage":2.0,"enemies":"Exordium Thugs","floor":5.0,"turns":4.0},{"damage":13.0,"enemies":"3 Sentries","floor":6.0,"turns":3.0},{"damage":12.0,"enemies":"Blue Slaver","floor":11.0,"turns":3.0},{"damage":0.0,"enemies":"Lagavulin","floor":13.0,"turns":4.0},{"damage":42.0,"enemies":"Hexaghost","floor":16.0,"turns":8.0},{"damage":0.0,"enemies":"3 Byrds","floor":18.0,"turns":3.0},{"damage":0.0,"enemies":"Spheric Guardian","floor":19.0,"turns":3.0},{"damage":17.0,"enemies":"Chosen and Byrds","floor":21.0,"turns":5.0},{"damage":7.0,"enemies":"Snecko","floor":22.0,"turns":3.0},{"damage":16.0,"enemies":"Slavers","floor":24.0,"turns":3.0},{"damage":8.0,"enemies":"3 Cultists","floor":25.0,"turns":4.0},{"damage":0.0,"enemies":"Centurion and Healer","floor":27.0,"turns":2.0},{"damage":27.0,"enemies":"Book of Stabbing","floor":28.0,"turns":4.0},{"damage":13.0,"enemies":"Slavers","floor":31.0,"turns":4.0},{"damage":18.0,"enemies":"Collector","floor":33.0,"turns":6.0},{"damage":10.0,"enemies":"3 Shapes","floor":35.0,"turns":3.0},{"damage":1.0,"enemies":"3 Darklings","floor":36.0,"turns":3.0},{"damage":19.0,"enemies":"Sphere and 2 Shapes","floor":38.0,"turns":3.0},{"damage":37.0,"enemies":"Giant Head","floor":40.0,"turns":5.0},{"damage":0.0,"enemies":"Spire Growth","floor":41.0,"turns":2.0},{"damage":5,"enemies":"Reptomancer","floor":42,"turns":3},{"damage":5,"enemies":"4 Shapes","floor":44,"turns":3},{"damage":13,"enemies":"Transient","floor":46,"turns":5},{"damage":26,"enemies":"Nemesis","floor":47,"turns":5},{"damage":34,"enemies":"Awakened One","floor":50,"turns":7}],"seed_played":"-5111274913546813332","potions_obtained":[{"floor":4.0,"key":"LiquidMemories"},{"floor":5.0,"key":"SkillPotion"},{"floor":11.0,"key":"DistilledChaos"},{"floor":13.0,"key":"Swift Potion"},{"floor":21.0,"key":"Fire Potion"},{"floor":25.0,"key":"Explosive Potion"},{"floor":28.0,"key":"ColorlessPotion"},{"floor":31.0,"key":"Ancient Potion"},{"floor":33.0,"key":"Energy Potion"},{"floor":35.0,"key":"Ancient Potion"},{"floor":40.0,"key":"Block Potion"},{"floor":44,"key":"Dexterity Potion"},{"floor":46,"key":"FearPotion"}],"is_trial":false,"path_per_floor":["M","M","$","M","M","E","R","?","T","R","M","R","E","$","R","B",null,"M","M","?","M","M","R","E","M","T","M","E","$","?","E","R","B",null,"M","M","$","M","?","E","M","E","T","M","R","M","E","$","R","B",null],"character_chosen":"THE_SILENT","items_purchased":["Bane","Outmaneuver","MerchantsRug","Vajra","Outmaneuver","Shuriken","Mayhem","Sadistic Nature+1"],"campfire_rested":1,"item_purchase_floors":[3,3,14,29,29,37,37,48],"current_hp_per_floor":[70,70,70,70,68,55,55,55,55,55,43,43,43,58,58,16,70,70,70,70,53,46,46,30,22,22,34,19,34,34,33,33,27,70,60,59,70,51,51,26,38,45,45,40,40,39,25,25,46,34],"gold":32,"neow_bonus":"THREE_ENEMY_KILL","is_daily":false,"chose_seed":false,"campfire_upgraded":7,"win_rate":0.0,"timestamp":1611037517,"path_taken":["M","M","$","M","M","E","R","?","T","R","M","R","E","$","R","BOSS","M","M","?","M","M","R","E","M","T","M","E","$","?","E","R","BOSS","M","M","$","M","?","E","M","E","T","M","R","M","E","?","R","BOSS"],"items_purchased_type":["Card","Card","Relic","Relic","Card","Relic","Card","Card"],"build_version":"2020-12-22","purchased_purges":4,"victory":true,"max_hp_per_floor":[70,70,70,70,70,70,70,70,70,70,70,70,70,70,70,70,70,70,70,70,70,70,70,70,70,70,70,70,70,70,70,70,70,70,70,70,70,70,70,70,70,70,70,70,70,70,70,70,70,70],"card_choices":[{"not_picked":["Well Laid Plans","Dagger Throw"],"picked":"Expertise","floor":1.0},{"not_picked":["Eviscerate","Predator"],"picked":"Choke","floor":2.0},{"not_picked":["Bane","Dagger Spray"],"picked":"Underhanded Strike","floor":4.0},{"not_picked":["Footwork","Prepared"],"picked":"Dagger Spray","floor":5.0},{"not_picked":["Underhanded Strike","Backflip"],"picked":"Poisoned Stab","floor":6.0},{"not_picked":["Calculated Gamble","Sucker Punch","Infinite Blades"],"picked":"SKIP","floor":11.0},{"not_picked":["Bane","Leg Sweep"],"picked":"Poisoned Stab","floor":13.0},{"not_picked":["Die Die Die","Glass Knife"],"picked":"Adrenaline","floor":16.0},{"not_picked":["Accuracy","Backflip"],"picked":"Terror","floor":18.0},{"not_picked":["Flying Knee","PiercingWail"],"picked":"Skewer+1","floor":19.0},{"not_picked":["Sucker Punch+1","Masterful Stab+1"],"picked":"Backflip","floor":21.0},{"not_picked":["Dagger Throw+1","Distraction"],"picked":"Crippling Poison","floor":22.0},{"not_picked":["Prepared","Dodge and Roll"],"picked":"Endless Agony","floor":24.0},{"not_picked":["Flying Knee","Deadly Poison"],"picked":"Eviscerate+1","floor":25.0},{"not_picked":["Deadly Poison","Endless Agony+1"],"picked":"Riddle With Holes+1","floor":27.0},{"not_picked":["Heel Hook","Malaise"],"picked":"Backflip+1","floor":28.0},{"not_picked":["Heel Hook+1","Flying Knee"],"picked":"Noxious Fumes","floor":31.0},{"not_picked":["Grand Finale","Storm of Steel"],"picked":"Die Die Die","floor":33.0},{"not_picked":["Infinite Blades+1","Skewer+1"],"picked":"Acrobatics+1","floor":35.0},{"not_picked":["Reflex+1","Outmaneuver"],"picked":"Footwork","floor":36.0},{"not_picked":["Deadly Poison+1","Crippling Poison"],"picked":"Noxious Fumes+1","floor":38.0},{"not_picked":["Quick Slash","Blade Dance+1"],"picked":"Endless Agony+1","floor":40.0},{"not_picked":["Sucker Punch+1","Leg Sweep"],"picked":"Outmaneuver+1","floor":41.0},{"not_picked":["Die Die Die","Masterful Stab"],"picked":"Crippling Poison+1","floor":42},{"not_picked":["Outmaneuver+1","Slice"],"picked":"Bane+1","floor":44},{"not_picked":["Cloak And Dagger","Slice"],"picked":"Crippling Poison+1","floor":46},{"not_picked":["Distraction+1","Terror"],"picked":"All Out Attack","floor":47}],"player_experience":211045,"relics_obtained":[{"floor":6.0,"key":"MawBank"},{"floor":9.0,"key":"MealTicket"},{"floor":13.0,"key":"Ninja Scroll"},{"floor":24.0,"key":"Bag of Marbles"},{"floor":26.0,"key":"Mummified Hand"},{"floor":26.0,"key":"Meat on the Bone"},{"floor":28.0,"key":"Lantern"},{"floor":31.0,"key":"Dream Catcher"},{"floor":40.0,"key":"Ancient Tea Set"},{"floor":42,"key":"Shovel"},{"floor":43,"key":"Frozen Egg 2"},{"floor":43,"key":"Paper Crane"},{"floor":47,"key":"Bird Faced Urn"}],"event_choices":[{"damage_healed":0.0,"max_hp_gain":0.0,"max_hp_loss":0.0,"gold_gain":0.0,"event_name":"Accursed Blacksmith","player_choice":"Forge","floor":8.0,"gold_loss":0.0,"damage_taken":0.0,"cards_upgraded":["Poisoned Stab"]},{"damage_healed":0.0,"max_hp_gain":0.0,"max_hp_loss":0.0,"gold_gain":0.0,"event_name":"Addict","player_choice":"Stole Relic","floor":20.0,"gold_loss":0.0,"damage_taken":0.0,"relics_obtained":["Matryoshka"],"cards_obtained":["Shame"]},{"damage_healed":0.0,"max_hp_gain":0.0,"max_hp_loss":0.0,"gold_gain":0.0,"event_name":"The Library","player_choice":"Read","floor":30.0,"gold_loss":0.0,"damage_taken":0.0,"cards_obtained":["Catalyst"]},{"damage_healed":0.0,"max_hp_gain":0.0,"max_hp_loss":0.0,"gold_gain":100.0,"event_name":"Golden Shrine","player_choice":"Pray","floor":39.0,"gold_loss":0.0,"damage_taken":0.0}],"is_beta":false,"boss_relics":[{"not_picked":["Philosopher\u0027s Stone","Astrolabe"],"picked":"Runic Pyramid"},{"not_picked":["Cursed Key","Ring of the Serpent"],"picked":"SlaversCollar"}],"items_purged_floors":[14,14,29,48],"is_endless":false,"potions_floor_spawned":[4,5,11,13,21,25,28,31,33,35,40,44,46,47],"ascension_level":0}}