{"host":"dwyzfvnzfcqffr30","time":1611070527,"event":{"mods":["2.2 Compatiblity","Act Like it!","Aspiration","BaseMod","Beaked The Cultist","Better Altar","Better Match","Better Note","Better Sensory Stone","Better Skull","Better Third Choice","Clockwork Mod","Colored Map","Colored Powertips","Conspire","Elementarium","GifTheSpireLib","Halation","Hermit","Hubris","Infinite Spire","Ironclad Rager","Jedi Mod","Menagerie","Mimic Mod","Minty Spire (QoL Compilation)","Permanent Neow","Random Character Button","Replay The Spire","Spicy Shops","Spikes Relics","StSLib","Stuff the Spire","The Construct","The Disciple","The Druid","The Marked","TheFirefly","Trackpad","Wandering Minibosses","vexMod"],"gold_per_floor":[121,158,182,26,43,76,76,107,107,107,125,168,18,38,38,115,115,133,133,156,186,286,335,335,382,382,431,502,565,577,640,652,781,793,870,952,964,1021,1113,1226,1238,1238],"floor_reached":41,"language":"ENG","playtime":3270,"items_purged":["theDruid:Strike_O+1"],"score":973,"play_id":"51bac4b8-13d4-41c4-8de3-b2bc089d3ba9","local_time":"20210119073527","is_ascension_mode":true,"campfire_choices":[{"floor":7,"key":"REST"},{"floor":15,"key":"REST"},{"floor":24,"key":"RECALL"},{"floor":32,"key":"REST"}],"circlet_count":0,"master_deck":["AscendersBane","theDruid:Strike_O+1","theDruid:Strike_O+1","theDruid:Strike_O+1","theDruid:Defend_O+1","theDruid:Defend_O+1","theDruid:Defend_O+1","theDruid:Defend_O+1","theDruid:BriarArmor+1","theDruid:WildSlash+1","Discovery+1","MasterReality+1","Apotheosis+1","theDruid:NaturalAgility+1","theDruid:ForestsSoul+1","theDruid:FuriousSlash+1","theDruid:PrimalStrength+1","theDruid:IronClaw+1","theDruid:PouncingStrike+1","theDruid:Recoil+1","theDruid:CelestialSurge+1","theDruid:Swipe+1","theDruid:Guidance+1","jedi:MakeshiftSword+1","Limit Break+1"],"relics":["theDruid:CrownOfTheWilds","Bottled Tornado","conspire:InfiniteJournal","infinitespire:EvilPickle","Quantum Egg","Molten Egg 2","Toxic Egg 2","Frozen Egg 2","Bag of Preparation","hubris:TenFootPole","trackpad:DisasterInABottle","Regal Pillow","CultistMask","RoseTintedShades","jedi:shrinkray","aspiration:IroncladSkillbook","aspiration:RitualStick","Counterbalance","theDruid:PlagueMask","MawBank","Calipers","construct:WeddingRing","hubris:Towel","BicycleWheel","hubris:Potato"],"acts_visited":["Exordium","TheCity","TheBeyond"],"potions_floor_usage":[5,5,6,6,8,16,21,21,25,31,40],"damage_taken":[{"damage":0,"enemies":"2 Louse","floor":1,"turns":2},{"damage":3,"enemies":"Small Slimes","floor":3,"turns":4},{"damage":0,"enemies":"Cultist","floor":5,"turns":3},{"damage":2,"enemies":"3 Sentries","floor":6,"turns":6},{"damage":3,"enemies":"Gremlin Nob","floor":8,"turns":3},{"damage":0,"enemies":"Looter","floor":11,"turns":2},{"damage":0,"enemies":"3 Sentries","floor":12,"turns":4},{"damage":5,"enemies":"Gremlin Gang","floor":14,"turns":2},{"damage":2,"enemies":"Fading Forest","floor":16,"turns":11},{"damage":0,"enemies":"Chosen","floor":18,"turns":4},{"damage":0,"enemies":"3 Byrds","floor":20,"turns":3},{"damage":3,"enemies":"Centurion and Healer","floor":21,"turns":5},{"damage":10,"enemies":"Gremlin Leader","floor":23,"turns":5},{"damage":45,"enemies":"Slavers","floor":25,"turns":5},{"damage":1,"enemies":"Chosen and Byrds","floor":27,"turns":4},{"damage":10,"enemies":"Gremlin Leader","floor":28,"turns":3},{"damage":16,"enemies":"Snecko","floor":29,"turns":4},{"damage":0,"enemies":"Cultist and Chosen","floor":31,"turns":2},{"damage":48,"enemies":"Collector","floor":33,"turns":8},{"damage":21,"enemies":"3 Darklings","floor":35,"turns":4},{"damage":9,"enemies":"3 Shapes","floor":36,"turns":6},{"damage":16,"enemies":"2 Orb Walkers","floor":38,"turns":2},{"damage":0,"enemies":"Transient","floor":39,"turns":5},{"damage":21,"enemies":"Nemesis","floor":40,"turns":3},{"damage":9,"enemies":"Jaw Worm Horde","floor":41,"turns":1}],"seed_played":"8923550613367747224","potions_obtained":[{"floor":1,"key":"Dexterity Potion"},{"floor":2,"key":"Elixir"},{"floor":6,"key":"Energy Potion"},{"floor":11,"key":"SpeedPotion"},{"floor":12,"key":"Milkshake"},{"floor":18,"key":"Weak Potion"},{"floor":20,"key":"Energy Potion"},{"floor":23,"key":"Regen Potion"},{"floor":29,"key":"Adrenaline Potion"},{"floor":39,"key":"jedi:StrikingPotion"}],"is_trial":false,"path_per_floor":["M","?","M","$","M","E","R","E","T","?","M","E","$","M","R","B",null,"M","?","M","M","?","E","R","E","T","M","E","M","?","M","R","B",null,"M","M","?","?","M","E","M"],"character_chosen":"DRUID","items_purchased":["hubris:TenFootPole","jedi:shrinkray"],"campfire_rested":3,"item_purchase_floors":[4,13],"current_hp_per_floor":[61,34,31,31,31,29,49,46,46,46,46,46,46,41,68,66,68,68,68,68,68,68,62,62,35,35,38,32,20,20,24,59,15,55,38,33,33,21,25,8,0,0],"gold":1238,"neow_bonus":"RANDOM_COLORLESS","is_daily":false,"chose_seed":false,"campfire_upgraded":0,"win_rate":0.0,"timestamp":1611070527,"path_taken":["M","?","M","$","?","E","R","E","T","?","M","E","$","?","R","BOSS","M","?","M","M","?","E","R","E","T","M","E","?","?","M","R","BOSS","M","M","?","?","M","E","M"],"items_purchased_type":["Relic","Relic"],"build_version":"2020-12-22","purchased_purges":1,"victory":false,"max_hp_per_floor":[68,68,68,68,68,68,68,68,68,68,68,68,68,68,68,68,68,68,68,68,68,68,68,68,68,68,68,68,68,68,68,68,68,68,68,68,68,68,68,68,68,68],"card_choices":[{"not_picked":["Replay:Sssssssssshield","ReplayTheSpireMod:Trickstab"],"picked":"Discovery","floor":0},{"not_picked":["theDruid:InsectSwarm+1","theDruid:BrambleLash+1"],"picked":"theDruid:NaturalAgility+1","floor":1},{"not_picked":["theDruid:Guidance+1","theDruid:Pathfinder+1"],"picked":"theDruid:ForestsSoul+1","floor":2},{"not_picked":["theDruid:AstralShield+1","theDruid:Rabid+1"],"picked":"theDruid:FuriousSlash+1","floor":2},{"not_picked":["theDruid:AstralShield+1","theDruid:BloodiedFur+1"],"picked":"theDruid:PrimalStrength+1","floor":3},{"not_picked":["theDruid:Gore+1","theDruid:BloodiedFur+1"],"picked":"theDruid:IronClaw+1","floor":5},{"not_picked":["theDruid:Starfall+1","theDruid:Scavenge+1"],"picked":"theDruid:PouncingStrike+1","floor":6},{"not_picked":["theDruid:ForestGuard+1","theDruid:FuriousSlash+1","theDruid:Stampede+1"],"picked":"SKIP","floor":8},{"not_picked":["theDruid:BrambleLash+1","theDruid:ThickHide+1","theDruid:FuriousSlash+1"],"picked":"SKIP","floor":11},{"not_picked":["theDruid:ThornStrike+1","theDruid:TwilightsCall+1","theDruid:PrimalStrength+1"],"picked":"SKIP","floor":12},{"not_picked":["theDruid:ThickHide+1","theDruid:WallofRoots+1"],"picked":"theDruid:Recoil+1","floor":14},{"not_picked":["theDruid:TearOpen+1","theDruid:HerbalismKit+1"],"picked":"theDruid:CelestialSurge+1","floor":16},{"not_picked":["Clash+1","ReplayTheSpireMod:Muscle Training+1","theDruid:BrambleLash+1","StuffTheSpire:RockThrow+1"],"picked":"SKIP","floor":18},{"not_picked":["theDruid:Gore+1","ReplayTheSpireMod:LeadingStrike+1","theDruid:BlessedStrike+1"],"picked":"theDruid:Swipe+1","floor":20},{"not_picked":["True Grit+1","Replay:Undeath\u0027s Touch+1","theDruid:InsectSwarm+1","StuffTheSpire:RockThrow+1"],"picked":"SKIP","floor":21},{"not_picked":["theDruid:FeralPlants+1","theDruid:RockSlide+1","Rage+1"],"picked":"theDruid:Guidance+1","floor":23},{"not_picked":["ICR:PowerAttack+1","Bloodletting+1","Pommel Strike+1","theDruid:RockSlide+1"],"picked":"SKIP","floor":25},{"not_picked":["theDruid:FeralPlants+1","theDruid:Rummage+1","ReplayTheSpireMod:Strike From Hell+1","Infernal Blade+1"],"picked":"SKIP","floor":27},{"not_picked":["theDruid:TwilightsCall+1","theDruid:IronClaw+1","theDruid:Moonbeam+1"],"picked":"jedi:MakeshiftSword+1","floor":28},{"not_picked":["Wild Strike+1","Blood for Blood+1","Reckless Charge+1","Searing Blow+1"],"picked":"SKIP","floor":29},{"not_picked":["Cleave+1","Pommel Strike+1","Dark Embrace+1","StuffTheSpire:TitanForm+1"],"picked":"SKIP","floor":31},{"not_picked":["theDruid:ApexPredator+1","Bludgeon+1","Demon Form+1"],"picked":"Limit Break+1","floor":33},{"not_picked":["StuffTheSpire:Slingshot+1","theDruid:BristlingBulwark+1","Carnage+1","StuffTheSpire:Incineration+1"],"picked":"SKIP","floor":35},{"not_picked":["Dual Wield+1","StuffTheSpire:Incineration+1","Ghostly Armor+1","jedi:unlimitedpower"],"picked":"SKIP","floor":36},{"not_picked":["theDruid:TakeShelter+1","theDruid:Gore+1","ReplayReversal+1","StuffTheSpire:RockThrow+1"],"picked":"SKIP","floor":39},{"not_picked":["theDruid:TwilightsCall+1","Clothesline+1","hubris:CleavingFinish+1","jedi:fear+1"],"picked":"SKIP","floor":40}],"player_experience":2176913,"relics_obtained":[{"floor":2,"key":"Bag of Preparation"},{"floor":6,"key":"trackpad:DisasterInABottle"},{"floor":8,"key":"Regal Pillow"},{"floor":12,"key":"RoseTintedShades"},{"floor":23,"key":"Counterbalance"},{"floor":25,"key":"theDruid:PlagueMask"},{"floor":26,"key":"MawBank"},{"floor":28,"key":"Calipers"},{"floor":38,"key":"BicycleWheel"},{"floor":40,"key":"hubris:Potato"}],"event_choices":[{"damage_healed":0,"gold_gain":0,"player_choice":"Trade","damage_taken":0,"relics_obtained":["CultistMask"],"max_hp_gain":0,"max_hp_loss":0,"event_name":"FaceTrader","floor":10,"gold_loss":0},{"damage_healed":0,"gold_gain":100,"player_choice":"Pray","damage_taken":0,"max_hp_gain":0,"max_hp_loss":0,"event_name":"Golden Shrine","floor":22,"gold_loss":0},{"damage_healed":0,"gold_gain":0,"player_choice":"Fight","damage_taken":0,"max_hp_gain":0,"max_hp_loss":0,"event_name":"Mysterious Sphere","floor":38,"gold_loss":0}],"is_beta":false,"boss_relics":[{"not_picked":["halation:Risk","vexMod:FluxCapacitor"],"picked":"aspiration:IroncladSkillbook"},{"not_picked":["StuffTheSpire:RunicConfusion","Fusion Hammer"],"picked":"construct:WeddingRing"}],"items_purged_floors":[13],"is_endless":false,"potions_floor_spawned":[1,6,11,12,18,20,23,29,35,39],"killed_by":"Jaw Worm Horde","ascension_level":14}}