{"host":"1a3cjta80tad0aqj","time":1611068462,"event":{"mods":["2.2 Compatiblity","AchievementEnabler","BaseMod","Colored Map","DeckTracker","KOR Keyword Fix","Keyboard Shortcuts","Minty Spire (QoL Compilation)","Permanent Neow","Quick Restart","Random Character Button","StSLib","SuperFastMode","everything is the same but u backflip on backflip"],"gold_per_floor":[115,134,146,111,111,111,125,125,152,56,75,75,94,108,108,184,184,202,202,220,233,78,78,107,127,176,192,192,192,11,29,29,100,100,120,120,120],"floor_reached":36,"language":"KOR","playtime":1332,"items_purged":["Strike_P","Defend_P"],"score":716,"play_id":"be0e7c40-3a20-45e9-acba-1d02cb935cce","local_time":"20210120000102","is_ascension_mode":true,"campfire_choices":[{"data":"Eruption","floor":6.0,"key":"SMITH"},{"data":"Wallop","floor":8.0,"key":"SMITH"},{"data":"SashWhip","floor":15.0,"key":"SMITH"},{"data":"Vault","floor":23.0,"key":"SMITH"},{"floor":28.0,"key":"REST"},{"data":"MentalFortress","floor":32.0,"key":"SMITH"}],"circlet_count":0,"master_deck":["AscendersBane","Strike_P","Strike_P","Strike_P","Defend_P","Defend_P","Eruption+1","Vigilance","Pray","Wallop+1","InnerPeace","SashWhip+1","CutThroughFate","Tantrum+1","Conclude","Vault+1","CurseOfTheBell","FearNoEvil","TalkToTheHand","MentalFortress+1","TalkToTheHand","Ragnarok","WindmillStrike+1"],"relics":["HolyWater","PreservedInsect","Calling Bell","MealTicket","Gremlin Horn","WingedGreaves","Red Mask","Vajra"],"acts_visited":["Exordium","TheCity","TheBeyond"],"potions_floor_usage":[],"damage_taken":[{"damage":9.0,"enemies":"2 Louse","floor":1.0,"turns":2.0},{"damage":7.0,"enemies":"Small Slimes","floor":2.0,"turns":4.0},{"damage":4.0,"enemies":"Cultist","floor":3.0,"turns":5.0},{"damage":4.0,"enemies":"Blue Slaver","floor":7.0,"turns":3.0},{"damage":0.0,"enemies":"3 Louse","floor":11.0,"turns":3.0},{"damage":0.0,"enemies":"Looter","floor":13.0,"turns":2.0},{"damage":0.0,"enemies":"Large Slime","floor":14.0,"turns":4.0},{"damage":57.0,"enemies":"Hexaghost","floor":16.0,"turns":7.0},{"damage":26.0,"enemies":"Shell Parasite","floor":18.0,"turns":5.0},{"damage":1.0,"enemies":"Chosen","floor":20.0,"turns":3.0},{"damage":5.0,"enemies":"Centurion and Healer","floor":21.0,"turns":6.0},{"damage":10.0,"enemies":"Masked Bandits","floor":24.0,"turns":4.0},{"damage":3.0,"enemies":"Sentry and Sphere","floor":25.0,"turns":4.0},{"damage":13.0,"enemies":"Snecko","floor":27.0,"turns":4.0},{"damage":2.0,"enemies":"3 Cultists","floor":31.0,"turns":4.0},{"damage":41.0,"enemies":"Collector","floor":33.0,"turns":9.0},{"damage":18,"enemies":"3 Darklings","floor":35,"turns":4},{"damage":44,"enemies":"3 Shapes","floor":36,"turns":3}],"seed_played":"8124112833456459998","potions_obtained":[{"floor":11.0,"key":"Block Potion"},{"floor":13.0,"key":"Regen Potion"},{"floor":18.0,"key":"EntropicBrew"},{"floor":20.0,"key":"Weak Potion"},{"floor":24.0,"key":"DistilledChaos"},{"floor":33.0,"key":"Ancient Potion"},{"floor":35,"key":"BlessingOfTheForge"}],"is_trial":false,"path_per_floor":["M","M","M","?","?","R","M","R","T","$","M","?","M","M","R","B",null,"M","?","M","M","$","R","?","M","T","M","R","?","$","M","R","B",null,"M","M"],"character_chosen":"WATCHER","items_purchased":["Tantrum","Swift Potion","FearNoEvil","StancePotion"],"campfire_rested":1,"item_purchase_floors":[10,10,22,30],"current_hp_per_floor":[52,45,41,58,63,63,59,59,59,59,59,59,59,59,59,17,59,33,73,72,67,73,73,63,60,60,47,68,68,73,71,71,30,62,44,0,0],"gold":120,"neow_bonus":"TRANSFORM_CARD","is_daily":false,"chose_seed":false,"campfire_upgraded":5,"win_rate":0.0,"timestamp":1611068462,"path_taken":["M","M","M","?","?","R","M","R","T","$","M","?","M","M","R","BOSS","M","?","M","?","$","R","?","M","T","M","R","?","$","M","R","BOSS","M","M"],"items_purchased_type":["Card","Potion","Card","Potion"],"build_version":"2020-12-22","purchased_purges":2,"victory":false,"max_hp_per_floor":[68,68,68,68,73,73,73,73,73,73,73,73,73,73,73,73,73,73,73,73,73,73,73,73,73,73,73,73,73,73,73,73,73,73,73,73,73],"card_choices":[{"not_picked":["CutThroughFate","Prostrate"],"picked":"Wallop","floor":1.0},{"not_picked":["BowlingBash","Protect"],"picked":"InnerPeace","floor":2.0},{"not_picked":["Worship","ThirdEye"],"picked":"SashWhip","floor":3.0},{"not_picked":["CrushJoints","SignatureMove"],"picked":"CutThroughFate","floor":7.0},{"not_picked":["Prostrate","Protect","Worship"],"picked":"SKIP","floor":11.0},{"not_picked":["SashWhip","Brilliance"],"picked":"Conclude","floor":13.0},{"not_picked":["WreathOfFlame","PathToVictory","Evaluate"],"picked":"SKIP","floor":14.0},{"not_picked":["MasterReality","Blasphemy"],"picked":"Vault","floor":16.0},{"not_picked":["FollowUp","Consecrate","PathToVictory"],"picked":"SKIP","floor":18.0},{"not_picked":["JustLucky","Wish","SashWhip"],"picked":"SKIP","floor":20.0},{"not_picked":["BattleHymn","SashWhip","ForeignInfluence+1"],"picked":"SKIP","floor":21.0},{"not_picked":["Sanctity+1","ThirdEye","Consecrate"],"picked":"SKIP","floor":25.0},{"not_picked":["SandsOfTime","EmptyBody"],"picked":"TalkToTheHand","floor":27.0},{"not_picked":["Crescendo","CutThroughFate"],"picked":"TalkToTheHand","floor":31.0},{"not_picked":["MasterReality","Alpha"],"picked":"Ragnarok","floor":33.0},{"not_picked":["Worship+1","Fasting2"],"picked":"WindmillStrike+1","floor":35}],"player_experience":790080,"relics_obtained":[{"floor":9.0,"key":"PreservedInsect"},{"floor":17.0,"key":"MealTicket"},{"floor":17.0,"key":"Gremlin Horn"},{"floor":17.0,"key":"WingedGreaves"},{"floor":24.0,"key":"Red Mask"},{"floor":26.0,"key":"Vajra"}],"event_choices":[{"damage_healed":17.0,"max_hp_gain":0.0,"max_hp_loss":0.0,"gold_gain":0.0,"event_name":"The Cleric","player_choice":"Healed","floor":4.0,"gold_loss":35.0,"damage_taken":0.0},{"damage_healed":0.0,"max_hp_gain":5.0,"max_hp_loss":0.0,"gold_gain":0.0,"event_name":"Big Fish","player_choice":"Donut","floor":5.0,"gold_loss":0.0,"damage_taken":0.0},{"damage_healed":0.0,"max_hp_gain":0.0,"max_hp_loss":0.0,"gold_gain":0.0,"event_name":"Living Wall","player_choice":"Grow","floor":12.0,"gold_loss":0.0,"damage_taken":0.0,"cards_upgraded":["Tantrum"]},{"damage_healed":40.0,"max_hp_gain":0.0,"max_hp_loss":0.0,"gold_gain":0.0,"event_name":"Wheel of Change","player_choice":"Full Heal","floor":19.0,"gold_loss":0.0,"damage_taken":0.0},{"damage_healed":0.0,"max_hp_gain":0.0,"max_hp_loss":0.0,"gold_gain":0.0,"event_name":"Masked Bandits","player_choice":"Fought Bandits","floor":24.0,"gold_loss":0.0,"damage_taken":0.0},{"damage_healed":0.0,"max_hp_gain":0.0,"max_hp_loss":0.0,"gold_gain":0.0,"event_name":"The Library","player_choice":"Read","floor":29.0,"gold_loss":0.0,"damage_taken":0.0,"cards_obtained":["MentalFortress"]}],"is_beta":false,"boss_relics":[{"not_picked":["Fusion Hammer","Black Star"],"picked":"Calling Bell"},{"not_picked":["Runic Pyramid","Sozu"],"picked":"HolyWater"}],"items_purged_floors":[22,30],"is_endless":false,"potions_floor_spawned":[11,13,14,18,20,24,33,35],"killed_by":"3 Shapes","ascension_level":20}}