{"host":"c2zlmc1hlq0427cl","time":1611025758,"event":{"mods":["BaseMod","Hermit","Minty Spire (QoL Compilation)","Replay The Spire","StSLib","The Hayseed","The Marked","The Senshi","The Servant 0.9.4"],"gold_per_floor":[115,135,135,146,65,65,93,93,93,93,120,120,120,120,120,245,245,260,518,532,532,532],"floor_reached":21,"language":"ENG","playtime":1062,"items_purged":[],"score":194,"play_id":"00c18541-824d-4633-8c40-57448749c20d","local_time":"20210118210918","is_ascension_mode":true,"campfire_choices":[{"data":"theSenshi:CrisisMakeUp","floor":6,"key":"SMITH"},{"data":"theSenshi:MoonPrismPowerMakeUp","floor":8,"key":"SMITH"},{"data":"theSenshi:MoonTwilightFlash","floor":12,"key":"SMITH"},{"data":"theSenshi:SailorNeptuneAssists","floor":15,"key":"SMITH"}],"circlet_count":0,"master_deck":["theSenshi:SailorKick","theSenshi:SailorKick","theSenshi:SailorKick","theSenshi:SailorBlock","theSenshi:SailorBlock","theSenshi:SailorBlock","theSenshi:SailorBlock","theSenshi:RoseThrow","theSenshi:MoonPrismPowerMakeUp+1","theSenshi:SailorNeptuneAssists+1","theSenshi:VenusGlamour","theSenshi:StudyParty","theSenshi:CrisisMakeUp+1","theSenshi:MoonTwilightFlash+1","Amnesia","theSenshi:GlimpseOfThePast","theSenshi:MarsPride"],"relics":["theSenshi:TransformationBroochRelic","PreservedInsect","InkBottle","Shuriken","Chameleon Ring","Golden Idol","Black Star"],"acts_visited":["Exordium","TheCity"],"potions_floor_usage":[],"damage_taken":[{"damage":5,"enemies":"2 Louse","floor":1,"turns":3},{"damage":10,"enemies":"Small Slimes","floor":2,"turns":5},{"damage":0,"enemies":"Cultist","floor":4,"turns":3},{"damage":11,"enemies":"Gremlin Nob","floor":7,"turns":4},{"damage":13,"enemies":"Lagavulin","floor":11,"turns":5},{"damage":38,"enemies":"Fading Forest","floor":16,"turns":11},{"damage":21,"enemies":"Chosen","floor":18,"turns":5},{"damage":30,"enemies":"Spheric Guardian","floor":20,"turns":5},{"damage":43,"enemies":"Chosen and Byrds","floor":21,"turns":4}],"seed_played":"7244659854265058942","potions_obtained":[{"floor":1,"key":"SpeedPotion"},{"floor":16,"key":"Explosive Potion"}],"is_trial":false,"path_per_floor":["M","M","?","M","$","R","E","R","T","?","E","R","?","?","R","B",null,"M","?","M","M"],"character_chosen":"THE_SENSHI","items_purchased":["theSenshi:CrisisMakeUp"],"campfire_rested":0,"item_purchase_floors":[5],"current_hp_per_floor":[70,60,60,60,60,60,49,49,49,54,41,41,80,60,60,42,80,59,59,29,0,0],"gold":532,"neow_bonus":"RANDOM_COMMON_RELIC","is_daily":false,"chose_seed":false,"campfire_upgraded":4,"win_rate":0.0,"timestamp":1611025758,"path_taken":["M","M","?","M","$","R","E","R","T","?","E","R","?","?","R","BOSS","M","?","M","M"],"items_purchased_type":["Card"],"build_version":"2020-12-22","purchased_purges":0,"victory":false,"max_hp_per_floor":[75,75,75,75,75,75,75,75,75,80,80,80,80,80,80,80,80,80,80,80,80,80],"card_choices":[{"not_picked":["theSenshi:KlutzyLuck","theSenshi:SchoolBag"],"picked":"theSenshi:SailorNeptuneAssists","floor":1},{"not_picked":["theSenshi:SailorMarsAssists","theSenshi:MoonPower"],"picked":"theSenshi:VenusGlamour","floor":2},{"not_picked":["theSenshi:SupersonicWaves","theSenshi:SailorNeptuneAssists","theSenshi:SailorVenusAssists"],"picked":"SKIP","floor":4},{"not_picked":["theSenshi:LunasBite","theSenshi:SailorVenusAssists","theSenshi:SailorJupiterAssists"],"picked":"SKIP","floor":7},{"not_picked":["theSenshi:SchoolBag","theSenshi:EncouragingSpeech"],"picked":"theSenshi:MoonTwilightFlash","floor":11},{"not_picked":["theSenshi:StudyParty","theSenshi:FatedKiss"],"picked":"theSenshi:GlimpseOfThePast","floor":16},{"not_picked":["theSenshi:TuxedoSmokingBomber","theSenshi:SupersonicWaves","theSenshi:SchoolBag"],"picked":"SKIP","floor":18},{"not_picked":["theSenshi:SailorMercuryAssists","theSenshi:EncouragingSpeech"],"picked":"theSenshi:MarsPride","floor":19},{"not_picked":["theSenshi:MoonPunch","theSenshi:SailorMercuryAssists","theSenshi:DramaticEntrance"],"picked":"SKIP","floor":20}],"player_experience":97248,"relics_obtained":[{"floor":7,"key":"InkBottle"},{"floor":9,"key":"Shuriken"},{"floor":11,"key":"Chameleon Ring"}],"event_choices":[{"damage_healed":0,"gold_gain":0,"cards_transformed":["theSenshi:SailorKick"],"player_choice":"Change","damage_taken":0,"max_hp_gain":0,"max_hp_loss":0,"event_name":"Living Wall","floor":3,"gold_loss":0,"cards_obtained":["theSenshi:StudyParty"]},{"damage_healed":0,"gold_gain":0,"player_choice":"Donut","damage_taken":0,"max_hp_gain":5,"max_hp_loss":0,"event_name":"Big Fish","floor":10,"gold_loss":0},{"damage_healed":0,"gold_gain":0,"player_choice":"Take Damage","damage_taken":20,"relics_obtained":["Golden Idol"],"max_hp_gain":0,"max_hp_loss":0,"event_name":"Golden Idol","floor":14,"gold_loss":0}],"is_beta":false,"boss_relics":[{"not_picked":["Replay:Bronze Core","Ectoplasm"],"picked":"Black Star"}],"items_purged_floors":[],"is_endless":false,"potions_floor_spawned":[1,16],"killed_by":"Chosen and Byrds","ascension_level":1}}