{"host":"h5acbxt0wmjo1kpm","time":1611047845,"event":{"mods":["2.2 Compatiblity","Act Like it!","AlwaysNeverKeys","Aspiration","Bard","Bartender","BaseMod","Better Third Choice","Colored Map","Elementarium","Gensokyo","GifTheSpireLib","Hallownest","Marisa????????","Menagerie","Minty Spire (QoL Compilation)","Permanent Neow","Potionbrewer","Quick Restart","Relic Filter","Replay The Spire","Robot Space Explorer","RumiaBox-????????","Shade Mod","Spicy Shops","StSLib","Strawberry Spire","The Blackbeard","The Dragon Tamer","The Gatherer","The Hayseed","The Problem Sleuth","The Servant 0.9.4","Wandering Minibosses","vexMod"],"gold_per_floor":[119,20,31,41,51,51,63,94,171,171,96,124,134,52,52,126,126,145,158,158,158,178,178,206,206,233,268,119,119,119,145,145,220,220,233,143,51,65,65,99,99,134,134,134,152,152,178,188,188,188,188,188,9,44,44],"floor_reached":56,"language":"ENG","playtime":4312,"items_purged":["Gatherer:Strike_Gatherer","Gatherer:Strike_Gatherer"],"score":1988,"play_id":"4bbc5886-2faa-4896-a7de-3e76b7c6f3b2","local_time":"20210119011725","is_ascension_mode":true,"metric_token":2257,"campfire_choices":[{"data":"Gatherer:Centralize","floor":6.0,"key":"SMITH"},{"data":"Gatherer:Transmute","floor":10.0,"key":"SMITH"},{"data":"Gatherer:FlowerWhip","floor":15.0,"key":"SMITH"},{"data":"Ghostly","floor":23.0,"key":"SMITH"},{"data":"Gatherer:Snatch","floor":25.0,"key":"SMITH"},{"data":"Gatherer:Strike_Gatherer","floor":29.0,"key":"PURGE"},{"data":"Ghostly","floor":32.0,"key":"SMITH"},{"data":"RobotSpaceExplorer:TrailblazerForm","floor":44.0,"key":"SMITH"},{"floor":46.0,"key":"RECALL"},{"data":"Gatherer:Strike_Gatherer","floor":49,"key":"PURGE"},{"floor":52,"key":"DIG"}],"circlet_count":0,"master_deck":["AscendersBane","Gatherer:Defend_Gatherer","Gatherer:Defend_Gatherer","Gatherer:Centralize+1","Gatherer:FlowerWhip+2","Gatherer:MiningStrike","Gatherer:Snatch+1","Gatherer:Transmute+1","Gatherer:QuickSynthesis","Gatherer:BlackTea","Gatherer:FruitForce","Gatherer:Photoscythe","Hallownest:skillGreenpathMap","Gatherer:WoolGloves","Gatherer:FlowerFalling+1","Gatherer:HeartToFruit","Gatherer:StoneFence","Gatherer:VenomBarrier+1","Gatherer:DrugPower","Ghostly+1","Ghostly+1","Ghostly","Gatherer:RottenStipe","Gatherer:FlowerShield+2","Gatherer:Snatch","Gatherer:FlowerFalling+2","Gensokyo:CustomPotion","wanderingMiniBosses:FinaleOfPromise","Gatherer:BigPouch","Deadly Poison","Malaise","Burst","Gatherer:Solidify","RobotSpaceExplorer:TrailblazerForm+1","Gatherer:ScentOfRosmari+1","Gatherer:FlowerShield+1","Gatherer:Nutrients+1","Gatherer:FlowerPower","Gatherer:Liquidism"],"relics":["Gatherer:AlchemyBag","aspiration:Nostalgia","MiniHakkero","Potion Belt","Snack Pack","Replay:Baseball","EasyGame_NEW","vexMod:FocusSash","Simple Rune","Akabeko","Mirror","Replay:Multitool","strawberrySpire:MawJerky","potionbrewer:BhaskarasWheel","wanderingMiniBosses:Blackblade","strawberrySpire:Treaders","Turnip","Oddly Smooth Stone","Peace Pipe","Dream Catcher","strawberrySpire:ShipInABottle","Replay:Mystery Machine"],"acts_visited":["Hallownest:Greenpath","TheCity","Gensokyo:Gensokyoest","TheEnding"],"potions_floor_usage":[47,55],"damage_taken":[{"damage":4.0,"enemies":"2_ Uuma","floor":1.0,"turns":6.0},{"damage":0.0,"enemies":"Hallownest:monsterHuskGuard","floor":3.0,"turns":4.0},{"damage":1.0,"enemies":"Hallownest:monsterHuskWarrior","floor":4.0,"turns":2.0},{"damage":5.0,"enemies":"Hallownest:2_Tiktiks_1_Baldur_1_Crawlid","floor":5.0,"turns":4.0},{"damage":6.0,"enemies":"Hallownest:Guard_and_Warrior","floor":7.0,"turns":4.0},{"damage":6.0,"enemies":"Hallownest:eliteMossKnight","floor":8.0,"turns":4.0},{"damage":2.0,"enemies":"Hallownest:eliteVengeflyKing","floor":12.0,"turns":5.0},{"damage":0.0,"enemies":"Hallownest:1_Baldur_1_Crawlid_1_Warrior","floor":13.0,"turns":4.0},{"damage":25.0,"enemies":"Hallownest:BossFalseKnight","floor":16.0,"turns":7.0},{"damage":0.0,"enemies":"2 Thieves","floor":18.0,"turns":2.0},{"damage":2.0,"enemies":"3 Byrds","floor":19.0,"turns":3.0},{"damage":0.0,"enemies":"Snecko","floor":22.0,"turns":4.0},{"damage":0.0,"enemies":"Slavers","floor":24.0,"turns":4.0},{"damage":1.0,"enemies":"Book of Stabbing","floor":27.0,"turns":3.0},{"damage":11.0,"enemies":"strawberrySpire:AncientClocktower","floor":31.0,"turns":7.0},{"damage":39.0,"enemies":"Collector","floor":33.0,"turns":7.0},{"damage":3.0,"enemies":"Gensokyo:3_Bats","floor":35.0,"turns":6.0},{"damage":10.0,"enemies":"Gensokyo:AncientGuardian","floor":38.0,"turns":6.0},{"damage":29.0,"enemies":"Gensokyo:Kasen","floor":40.0,"turns":6.0},{"damage":1.0,"enemies":"Gensokyo:Marisa","floor":42.0,"turns":4.0},{"damage":3.0,"enemies":"Gensokyo:3_Boulders","floor":45.0,"turns":4.0},{"damage":0,"enemies":"Gensokyo:Doremy","floor":47,"turns":4},{"damage":0,"enemies":"Gensokyo:4_Bats","floor":48,"turns":5},{"damage":10,"enemies":"Gensokyo:Shinki","floor":50,"turns":11},{"damage":5,"enemies":"Shield and Spear","floor":54,"turns":5},{"damage":40,"enemies":"The Heart","floor":55,"turns":8}],"seed_played":"-7331975453076040521","potions_obtained":[{"floor":4.0,"key":"BlessingOfTheForge"},{"floor":7.0,"key":"potionbrewer:NoxiousPotion"},{"floor":8.0,"key":"SpeedPotion"},{"floor":16.0,"key":"Energy Potion"},{"floor":18.0,"key":"Energy Potion"},{"floor":19.0,"key":"EssenceOfSteel"},{"floor":33.0,"key":"potionbrewer:AcidPotion"},{"floor":40.0,"key":"Milkshake"},{"floor":45.0,"key":"ColorlessPotion"}],"is_trial":false,"path_per_floor":["M","$","M","M","M","R","M","E","T","R","?","E","M","$","R","B",null,"M","M","?","?","M","R","E","R","T","E","$","R","?","E","R","B",null,"M","?","COS","M","?","E","R","E","T","R","M","R","E","M","R","B",null,"R","$","E","B",null],"character_chosen":"THE_GATHERER","items_purchased":["Gatherer:Snatch","Gatherer:Transmute","Gatherer:HeartToFruit","Replay:Multitool","Gatherer:FlowerPower"],"campfire_rested":0,"item_purchase_floors":[2,2,14,28,53],"current_hp_per_floor":[56,56,56,55,50,50,48,42,42,42,42,44,46,46,46,28,63,68,71,71,40,44,44,47,47,47,46,46,46,46,40,40,10,42,41,41,41,38,38,20,38,43,43,43,40,40,48,53,53,53,69,69,69,82,45],"gold":44,"neow_bonus":"NOSTALGIA","is_daily":false,"chose_seed":false,"campfire_upgraded":7,"win_rate":0.0,"timestamp":1611047845,"path_taken":["M","$","M","M","M","R","M","E","T","R","?","E","M","?","R","BOSS","M","M","?","?","M","R","E","R","T","E","$","R","?","E","R","BOSS","M","?","COS","M","?","E","R","E","T","R","M","R","E","M","R","BOSS","R","$","E","BOSS"],"items_purchased_type":["Card","Card","Card","Relic","Card"],"build_version":"2020-12-22","purchased_purges":2,"victory":true,"max_hp_per_floor":[67,67,67,67,67,67,71,71,71,71,71,71,71,71,71,74,74,77,80,80,40,44,44,47,47,47,47,47,47,47,50,50,53,53,53,53,53,56,56,63,63,67,67,67,67,67,71,74,74,74,74,74,74,82,85],"card_choices":[{"not_picked":["Gatherer:Snatch","Gatherer:FragileHammer"],"picked":"Gatherer:MiningStrike","floor":1.0},{"not_picked":["Gatherer:RecipeChange","Gatherer:SaveValuables"],"picked":"Gatherer:QuickSynthesis","floor":3.0},{"not_picked":["Gatherer:AromaProtection","Gatherer:CarefulStrike"],"picked":"Gatherer:BlackTea","floor":4.0},{"not_picked":["Gatherer:EnergyBasket","Gatherer:Convert","Gatherer:SmartManeuver"],"picked":"SKIP","floor":5.0},{"not_picked":["Gatherer:Duplicator","Gatherer:Herbalism"],"picked":"Gatherer:FruitForce","floor":7.0},{"not_picked":["Gatherer:Overflowing","Gatherer:Convert"],"picked":"Gatherer:Photoscythe","floor":8.0},{"not_picked":["Gatherer:RottenStipe","Gatherer:Transmute"],"picked":"Gatherer:WoolGloves","floor":12.0},{"not_picked":["Gatherer:Transmute","Gatherer:TreeGrowth"],"picked":"Gatherer:FlowerFalling","floor":13.0},{"not_picked":["Gatherer:Photoscythe","Gatherer:GrowBook"],"picked":"Gatherer:StoneFence","floor":16.0},{"not_picked":["Gatherer:PotentialSlash","Gatherer:Convert"],"picked":"Gatherer:VenomBarrier+1","floor":18.0},{"not_picked":["Gatherer:FeelingFine","Gatherer:Convert"],"picked":"Gatherer:DrugPower","floor":19.0},{"not_picked":["Gatherer:WoolGloves","Gatherer:GatherMaterial"],"picked":"Gatherer:RottenStipe","floor":22.0},{"not_picked":["Gatherer:GlowingPlant","Gatherer:FlowerPower"],"picked":"Gatherer:FlowerShield+1","floor":24.0},{"not_picked":["Gatherer:SaveValuables","Gatherer:GlowingPlant","Gatherer:Polymorphism"],"picked":"SKIP","floor":27.0},{"not_picked":["Gatherer:RecipeChange","Gatherer:RecoveryHerb"],"picked":"Gatherer:FlowerFalling","floor":31.0},{"not_picked":["Gatherer:HeartToFruit","Gatherer:CursedBlade"],"picked":"Gatherer:GrowBook","floor":33.0},{"not_picked":["Gatherer:DrugPower","Gatherer:ScherryThrow+1","Gatherer:TacticalStrike"],"picked":"SKIP","floor":35.0},{"not_picked":[],"picked":"wanderingMiniBosses:FinaleOfPromise","floor":38.0},{"not_picked":["Gatherer:Duplicator","Gatherer:TreeGrowth"],"picked":"Gatherer:BigPouch","floor":38.0},{"not_picked":["Gatherer:SmartManeuver","Gatherer:Liquidism"],"picked":"Gatherer:Solidify","floor":40.0},{"not_picked":["Gatherer:Transmute+1","Gatherer:GlowingPlant"],"picked":"Gatherer:ScentOfRosmari+1","floor":42.0},{"not_picked":["Gatherer:SaveValuables","Gatherer:Snatch","Gatherer:FeelingFine"],"picked":"SKIP","floor":45.0},{"not_picked":["Gatherer:Pollute+1","Gatherer:GatherMaterial"],"picked":"Gatherer:FlowerShield","floor":47},{"not_picked":["Gatherer:AromaProtection+1","Gatherer:FlowerFalling+1"],"picked":"Gatherer:Nutrients+1","floor":48},{"not_picked":["Gatherer:Solidify","Gatherer:CarefulStrike+1"],"picked":"Gatherer:Liquidism","floor":54}],"player_experience":2226037,"relics_obtained":[{"floor":8.0,"key":"Potion Belt"},{"floor":9.0,"key":"Snack Pack"},{"floor":12.0,"key":"Replay:Baseball"},{"floor":24.0,"key":"Simple Rune"},{"floor":26.0,"key":"Akabeko"},{"floor":27.0,"key":"Mirror"},{"floor":31.0,"key":"strawberrySpire:MawJerky"},{"floor":38.0,"key":"wanderingMiniBosses:Blackblade"},{"floor":40.0,"key":"Turnip"},{"floor":42.0,"key":"Peace Pipe"},{"floor":47,"key":"Dream Catcher"},{"floor":52,"key":"strawberrySpire:ShipInABottle"},{"floor":54,"key":"Replay:Mystery Machine"}],"event_choices":[{"damage_healed":0.0,"max_hp_gain":0.0,"max_hp_loss":40.0,"gold_gain":0.0,"event_name":"Ghosts","player_choice":"Became a Ghost","floor":21.0,"gold_loss":0.0,"damage_taken":0.0,"cards_obtained":["Ghostly","Ghostly","Ghostly"]},{"damage_healed":0.0,"max_hp_gain":0.0,"max_hp_loss":0.0,"gold_gain":0.0,"event_name":"The Library","player_choice":"Read","floor":30.0,"gold_loss":0.0,"damage_taken":0.0,"cards_obtained":["Gatherer:Snatch"]}],"is_beta":false,"boss_relics":[{"not_picked":["Calling Bell","strawberrySpire:SolarisEssence"],"picked":"EasyGame_NEW"},{"not_picked":["vexMod:DeviousBotling","Replay:Bronze Core"],"picked":"potionbrewer:BhaskarasWheel"}],"items_purged_floors":[28,53],"is_endless":false,"potions_floor_spawned":[4,7,8,16,18,19,33,40,45],"ascension_level":15}}