{"host":"qyjrmrr57odine7m","time":1611068792,"event":{"mods":["AchievementEnabler","BaseMod","Bestiary","Block Reminder","Card Forge","Highlight Path","Minty Spire (QoL Compilation)","Permanent Neow","Rare Cards Sparkle","StSLib"],"gold_per_floor":[144,144,144,144,189,189,234,234,259,349,394,439,529,574,574,874,874,919,964,890,935,980,980,1070,1070],"floor_reached":24,"language":"ENG","playtime":1596,"items_purged":[],"score":280,"play_id":"64dae546-5900-458f-ac8e-53eb19a8b05b","local_time":"20210119150632","daily_mods":["Allstar","Time Dilation","Midas"],"is_ascension_mode":false,"campfire_choices":[{"floor":6,"key":"REST"},{"floor":8,"key":"REST"},{"floor":15,"key":"REST"},{"floor":23,"key":"REST"}],"circlet_count":0,"master_deck":["Strike_P+1","Strike_P+1","Defend_P+1","Eruption+1","Secret Technique+1","Bandage Up+1","SandsOfTime+1","Evaluate+1","Protect+1","Perseverance+1","MasterReality+1","Prostrate+1","CarveReality+1"],"relics":["PureWater","Hammer of Thor","Seething Fire","Anvil of the Gods","Boot","Damaru","Lantern","Ornamental Fan","Velvet Choker","Dead Branch"],"acts_visited":["Exordium","TheCity"],"potions_floor_usage":[16,19,21],"damage_taken":[{"damage":0,"enemies":"Small Slimes","floor":1,"turns":3},{"damage":0,"enemies":"Jaw Worm","floor":5,"turns":3},{"damage":0,"enemies":"2 Louse","floor":7,"turns":3},{"damage":3,"enemies":"3 Sentries","floor":10,"turns":11},{"damage":0,"enemies":"2 Fungi Beasts","floor":11,"turns":3},{"damage":0,"enemies":"Blue Slaver","floor":12,"turns":6},{"damage":0,"enemies":"Lagavulin","floor":13,"turns":6},{"damage":0,"enemies":"Red Slaver","floor":14,"turns":3},{"damage":12,"enemies":"Hexaghost","floor":16,"turns":14},{"damage":0,"enemies":"Spheric Guardian","floor":18,"turns":8},{"damage":0,"enemies":"3 Byrds","floor":19,"turns":3},{"damage":0,"enemies":"Shelled Parasite and Fungi","floor":21,"turns":4},{"damage":1,"enemies":"Snake Plant","floor":22,"turns":4},{"damage":11,"enemies":"Gremlin Leader","floor":24,"turns":5}],"seed_played":"3706737729498028133","potions_obtained":[{"floor":1,"key":"Strength Potion"},{"floor":11,"key":"Ancient Potion"},{"floor":12,"key":"Explosive Potion"},{"floor":13,"key":"SpeedPotion"},{"floor":16,"key":"LiquidBronze"},{"floor":19,"key":"DistilledChaos"}],"is_trial":false,"path_per_floor":["M","?","?","$","M","R","M","R","T","E","M","M","E","M","R","B",null,"M","M","$","M","M","R","E"],"character_chosen":"WATCHER","items_purchased":["CarveReality"],"campfire_rested":4,"item_purchase_floors":[20],"current_hp_per_floor":[72,72,72,72,72,72,72,72,72,72,72,72,72,72,72,66,72,72,72,72,72,71,72,61,61],"gold":1070,"neow_bonus":"","is_daily":true,"chose_seed":false,"campfire_upgraded":0,"win_rate":0.0,"timestamp":1611068792,"path_taken":["M","?","?","?","M","R","M","R","T","E","M","M","E","M","R","BOSS","M","M","$","M","M","R","E"],"items_purchased_type":["Card"],"build_version":"2020-12-22","purchased_purges":0,"victory":false,"max_hp_per_floor":[72,72,72,72,72,72,72,72,72,72,72,72,72,72,72,72,72,72,72,72,72,72,72,72,72],"card_choices":[{"not_picked":["Prostrate","Evaluate"],"picked":"SandsOfTime","floor":1},{"not_picked":["ClearTheMind","FollowUp","Evaluate"],"picked":"SKIP","floor":5},{"not_picked":["FollowUp","SignatureMove","CutThroughFate"],"picked":"SKIP","floor":7},{"not_picked":["BattleHymn","ThirdEye","EmptyBody"],"picked":"SKIP","floor":10},{"not_picked":["ReachHeaven","Vengeance"],"picked":"Evaluate","floor":11},{"not_picked":["JustLucky","Conclude"],"picked":"Protect","floor":12},{"not_picked":["Weave","Collect"],"picked":"Perseverance","floor":13},{"not_picked":["Crescendo","FlurryOfBlows","Tantrum"],"picked":"SKIP","floor":14},{"not_picked":["Ragnarok","DeusExMachina"],"picked":"MasterReality","floor":16},{"not_picked":["Crescendo","CutThroughFate+1","FollowUp"],"picked":"SKIP","floor":18},{"not_picked":["Halt","CutThroughFate"],"picked":"Prostrate","floor":19},{"not_picked":["Adaptation","FollowUp","ClearTheMind"],"picked":"SKIP","floor":21},{"not_picked":["CutThroughFate","EmptyBody+1","Halt"],"picked":"SKIP","floor":22}],"player_experience":1258722,"relics_obtained":[{"floor":9,"key":"Damaru"},{"floor":10,"key":"Lantern"},{"floor":13,"key":"Ornamental Fan"},{"floor":24,"key":"Dead Branch"}],"event_choices":[{"damage_healed":0,"gold_gain":0,"player_choice":"Box","damage_taken":0,"relics_obtained":["Boot"],"max_hp_gain":0,"max_hp_loss":0,"event_name":"Big Fish","floor":2,"gold_loss":0,"cards_obtained":["Regret"]},{"cards_removed":["Impatience"],"damage_healed":0,"gold_gain":0,"player_choice":"Forget","damage_taken":0,"max_hp_gain":0,"max_hp_loss":0,"event_name":"Living Wall","floor":3,"gold_loss":0}],"is_beta":false,"boss_relics":[{"not_picked":["Runic Pyramid","Black Star"],"picked":"Velvet Choker"}],"items_purged_floors":[],"is_endless":false,"potions_floor_spawned":[1,11,12,13,16,19],"killed_by":"Gremlin Leader","ascension_level":0}}