{"host":"dr2a9yz4ivtcgi18","time":1611054342,"event":{"mods":["100% Spire Juice","Act Like it!","Arknights The Spire","BaseMod","Better Vampires","BetterRewards","CapriCore","Conspire","Gensokyo","Minty Spire (QoL Compilation)","Replay The Spire","Robot Space Explorer","RumiaBox-露米娅的神秘盒子","Spicy Shops","StSLib","The Alterego","The Blackbeard","The Disciple","The Dragon Tamer","The Factory","The Hierophant","The Immortal","The Marked","WarShipGirlsR/战舰少女R mod","Yakumo Yukari mod","[GremlinLeader]The Maniac","vexMod","【功能Mod】混沌之环修复补丁"],"gold_per_floor":[114,114,114,129,147,147,164,164,164,180,180,195,221,256,256,361,361,361,361,361,361,65,65,65,65,65,65,65,65,65,65,65,65,65,65,65,65,65,65,65,65,65,65,65,65,65,65,65,65,65,65,65,17,17,17],"floor_reached":56,"language":"ZHS","playtime":5562,"items_purged":["MokouMod:Strike","MokouMod:Strike","MokouMod:Defend"],"score":1340,"play_id":"ebd55fc8-78b9-4f46-95b4-9882be93d607","local_time":"20210119190542","is_ascension_mode":false,"campfire_choices":[{"data":"MokouMod:RisingSunBarrier","floor":6.0,"key":"SMITH"},{"data":"MokouMod:InfernalWave","floor":8.0,"key":"SMITH"},{"data":"MokouMod:BurningDraft","floor":11.0,"key":"SMITH"},{"data":"MokouMod:IgnitionBarrier","floor":15.0,"key":"SMITH"},{"data":"MokouMod:Sear","floor":24.0,"key":"SMITH"},{"floor":27.0,"key":"REST"},{"floor":29.0,"key":"REST"},{"data":"MokouMod:RisingSunBarrier","floor":32.0,"key":"SMITH"},{"data":"Night Terror","floor":41.0,"key":"SMITH"},{"data":"MokouMod:ExplosiveFlame","floor":45.0,"key":"SMITH"},{"floor":49.0,"key":"RECALL"},{"data":"MokouMod:ControlledCombustion","floor":52.0,"key":"SMITH"}],"circlet_count":0,"master_deck":["MokouMod:Strike","MokouMod:Strike","MokouMod:Defend","MokouMod:Defend","MokouMod:Defend","MokouMod:HeatSpark","MokouMod:RisingSunBarrier+1","MokouMod:TemporalFireSeal","MokouMod:IgnitionBarrier+1","Clumsy","MokouMod:FlamingFireTalons","MokouMod:InfernalWave+1","MokouMod:IndiscriminateIgnition","MokouMod:BurningDraft+1","MokouMod:DanceofFlames","MokouMod:ControlledCombustion+1","MokouMod:Geothermal","MokouMod:WarmUp","MokouMod:SubterraneanCore","Night Terror+1","MokouMod:RisingSunBarrier+1","MokouMod:Sear+1","MokouMod:Burn+1","MokouMod:PhoenixForm","MokouMod:TemporalFireSeal+1","Gensokyo:MedicineKit","MokouMod:ExplosiveFlame+1","MokouMod:Rebirth","MokouMod:FlickeringFlame+1"],"relics":["MokouMod:PhoenixFeather","Happy Flower","MagicDraw1","conspire:Dentures","Gensokyo:NagashiBinaDoll","GodSword4","PreservedInsect","WingedGreaves","Ectoplasm","conspire:GlowingRock","Art of War","Orichalcum","conspire:SeveredTorchhead","Gensokyo:EmptyGrave","Potion Belt","Anchor","ReplayTheSpireMod:TigerMarble","vexMod:FocusSash"],"acts_visited":["Gensokyo:Gensokyo","Gensokyo:Gensokyoer","Gensokyo:Gensokyoest","TheEnding"],"potions_floor_usage":[55,55,55,55],"damage_taken":[{"damage":0.0,"enemies":"Gensokyo:3_Fairies","floor":1.0,"turns":4.0},{"damage":2.0,"enemies":"Gensokyo:Gryphon","floor":4.0,"turns":4.0},{"damage":2.0,"enemies":"Gensokyo:2_Kodama","floor":5.0,"turns":3.0},{"damage":0.0,"enemies":"Gensokyo:LivingMonolith","floor":7.0,"turns":3.0},{"damage":5.0,"enemies":"Gensokyo:3_Kodama","floor":10.0,"turns":5.0},{"damage":0.0,"enemies":"Gensokyo:Kitsune","floor":12.0,"turns":3.0},{"damage":1.0,"enemies":"Gensokyo:Cirno","floor":14.0,"turns":7.0},{"damage":0.0,"enemies":"Gensokyo:Yukari","floor":16.0,"turns":10.0},{"damage":0.0,"enemies":"Gensokyo:Chomper","floor":18.0,"turns":3.0},{"damage":6.0,"enemies":"Gensokyo:AngelMirror","floor":19.0,"turns":4.0},{"damage":25.0,"enemies":"Gensokyo:Swordslinger","floor":20.0,"turns":4.0},{"damage":17.0,"enemies":"Gensokyo:Koishi","floor":23.0,"turns":7.0},{"damage":16.0,"enemies":"Gensokyo:Tenshi","floor":25.0,"turns":4.0},{"damage":22.0,"enemies":"Gensokyo:Slime_Group","floor":28.0,"turns":7.0},{"damage":0.0,"enemies":"Gensokyo:Reisen","floor":30.0,"turns":7.0},{"damage":0.0,"enemies":"Gensokyo:Kaguya","floor":33.0,"turns":12.0},{"damage":22.0,"enemies":"Gensokyo:3_Boulders","floor":35.0,"turns":8.0},{"damage":0.0,"enemies":"Gensokyo:3_Bats","floor":36.0,"turns":4.0},{"damage":0.0,"enemies":"Gensokyo:3_Boulders","floor":40.0,"turns":6.0},{"damage":0.0,"enemies":"Gensokyo:SeedOfUnknown","floor":42.0,"turns":6.0},{"damage":12.0,"enemies":"Gensokyo:Doremy","floor":44.0,"turns":7.0},{"damage":11.0,"enemies":"Gensokyo:4_Bats","floor":47.0,"turns":4.0},{"damage":0.0,"enemies":"Gensokyo:Marisa","floor":48.0,"turns":5.0},{"damage":17.0,"enemies":"Gensokyo:Scarlet_Devils","floor":50.0,"turns":11.0},{"damage":26.0,"enemies":"Shield and Spear","floor":54.0,"turns":9.0},{"damage":9,"enemies":"The Heart","floor":55,"turns":12}],"seed_played":"-3729748723044746875","potions_obtained":[{"floor":1.0,"key":"Swift Potion"},{"floor":4.0,"key":"Dexterity Potion"},{"floor":5.0,"key":"Energy Potion"},{"floor":16.0,"key":"DuplicationPotion"},{"floor":40.0,"key":"SkillPotion"},{"floor":44.0,"key":"SkillPotion"},{"floor":48.0,"key":"Swift Potion"},{"floor":54.0,"key":"Explosive Potion"}],"is_trial":false,"path_per_floor":["M","?","?","M","M","R","M","R","T","M","R","M","T","E","R","B",null,"M","M","M","?","$","E","R","E","T","R","M","R","E","?","R","B",null,"M","M","?","?","?","M","R","M","T","E","R","?","M","E","R","B",null,"R","$","E","B",null],"character_chosen":"MKU","items_purchased":["Happy Flower","MagicDraw1","MokouMod:RisingSunBarrier","conspire:Dentures","MokouMod:TemporalFireSeal","MokouMod:RisingSunBarrier","Energy Potion"],"campfire_rested":2,"item_purchase_floors":[0,0,0,0,0,22,53],"current_hp_per_floor":[51,51,51,49,47,47,47,47,47,42,42,42,42,41,41,41,75,75,69,44,37,37,20,20,4,4,26,4,26,26,26,26,26,75,53,53,53,53,53,53,69,69,69,57,57,57,46,46,46,29,69,69,69,43,44],"gold":17,"neow_bonus":"","is_daily":false,"chose_seed":false,"campfire_upgraded":9,"win_rate":0.0,"timestamp":1611054342,"path_taken":["M","?","?","M","?","R","M","R","T","M","R","M","?","E","R","BOSS","M","M","M","?","?","E","R","E","T","R","M","R","E","?","R","BOSS","M","M","?","?","?","M","R","M","T","E","R","?","M","E","R","BOSS","R","$","E","BOSS"],"items_purchased_type":["Relic","Relic","Card","Relic","Card","Card","Potion"],"build_version":"2020-12-22","purchased_purges":3,"victory":true,"max_hp_per_floor":[75,75,75,75,75,75,75,75,75,75,75,75,75,75,75,75,75,75,75,75,75,75,75,75,75,75,75,75,75,75,75,75,75,75,75,75,75,69,69,69,69,69,69,69,69,69,69,69,69,69,69,69,69,69,69],"card_choices":[{"not_picked":["MokouMod:Combust","MokouMod:FujiyamaVolcano"],"picked":"MokouMod:IgnitionBarrier","floor":1.0},{"not_picked":["MokouMod:UncontrollableSolarReaction","MokouMod:RoaringFlare"],"picked":"MokouMod:FlamingFireTalons","floor":3.0},{"not_picked":["MokouMod:ResoluteFlare","MokouMod:Stoke"],"picked":"MokouMod:InfernalWave","floor":3.0},{"not_picked":["MokouMod:SearingShot","MokouMod:FlareStarter"],"picked":"MokouMod:IndiscriminateIgnition","floor":4.0},{"not_picked":["MokouMod:IndiscriminateIgnition","MokouMod:EternalBurstReactor","MokouMod:AdaptivePyromancy"],"picked":"SKIP","floor":5.0},{"not_picked":["MokouMod:HeatCyclone","MokouMod:RadiantBlade","MokouMod:BlazingComet"],"picked":"SKIP","floor":7.0},{"not_picked":["MokouMod:AdaptivePyromancy","MokouMod:SearingShot"],"picked":"MokouMod:BurningDraft","floor":10.0},{"not_picked":["MokouMod:HeatFactory","MokouMod:CrimsonFlare"],"picked":"MokouMod:DanceofFlames","floor":12.0},{"not_picked":["MokouMod:CrimsonFlare","MokouMod:FlareStarter"],"picked":"MokouMod:ControlledCombustion","floor":14.0},{"not_picked":["MokouMod:ResonatingAura","MokouMod:SpontaneousHumanCombustion"],"picked":"MokouMod:Geothermal","floor":16.0},{"not_picked":["MokouMod:TemporalFireSeal","MokouMod:Meltdown+1"],"picked":"MokouMod:WarmUp","floor":18.0},{"not_picked":["MokouMod:ControlledCombustion","MokouMod:TemporalFireSeal+1"],"picked":"MokouMod:SubterraneanCore","floor":19.0},{"not_picked":["MokouMod:AdaptivePyromancy","MokouMod:CrimsonArmoury+1","MokouMod:Stoke+1"],"picked":"SKIP","floor":20.0},{"not_picked":["MokouMod:InfernalWave","MokouMod:RoaringFlare"],"picked":"MokouMod:Sear","floor":23.0},{"not_picked":["MokouMod:Combust+1","MokouMod:ResonanceReactor+1"],"picked":"MokouMod:Burn+1","floor":25.0},{"not_picked":["MokouMod:InfernalWave","MokouMod:Sear","MokouMod:Ember"],"picked":"SKIP","floor":28.0},{"not_picked":["MokouMod:Rebirth","MokouMod:IndiscriminateIgnition","MokouMod:IgneousBlow"],"picked":"SKIP","floor":30.0},{"not_picked":["MokouMod:Geothermal","MokouMod:EnchantingBambooForest"],"picked":"MokouMod:PhoenixForm","floor":33.0},{"not_picked":["MokouMod:Burn+1","MokouMod:HeatCyclone","MokouMod:UncontrollableSolarReaction"],"picked":"SKIP","floor":35.0},{"not_picked":["MokouMod:Cataclysm+1","MokouMod:Singe+1"],"picked":"MokouMod:TemporalFireSeal+1","floor":36.0},{"not_picked":["MokouMod:InfernalWave+1","MokouMod:AdaptivePyromancy","MokouMod:RetainTemperature"],"picked":"SKIP","floor":40.0},{"not_picked":["MokouMod:PhoenixFeathers","MokouMod:BurningDraft","MokouMod:DanceofFlames+1"],"picked":"SKIP","floor":42.0},{"not_picked":["MokouMod:Sear+1","MokouMod:HeatTransfer+1"],"picked":"MokouMod:ExplosiveFlame","floor":44.0},{"not_picked":[],"picked":"MokouMod:Rebirth","floor":46.0},{"not_picked":["MokouMod:Firecracker+1","MokouMod:EternalBurstReactor+1"],"picked":"MokouMod:FlickeringFlame+1","floor":47.0},{"not_picked":["MokouMod:ResoluteFlare","MokouMod:IndiscriminateIgnition+1","MokouMod:FujiyamaVolcano"],"picked":"SKIP","floor":48.0},{"not_picked":["MokouMod:ScorchingColumn+1","MokouMod:HeatFactory","MokouMod:FusionFlare"],"picked":"SKIP","floor":54.0}],"player_experience":424795,"relics_obtained":[{"floor":9.0,"key":"GodSword4"},{"floor":13.0,"key":"PreservedInsect"},{"floor":14.0,"key":"WingedGreaves"},{"floor":23.0,"key":"conspire:GlowingRock"},{"floor":25.0,"key":"Art of War"},{"floor":30.0,"key":"Orichalcum"},{"floor":43.0,"key":"Potion Belt"},{"floor":44.0,"key":"Anchor"},{"floor":48.0,"key":"ReplayTheSpireMod:TigerMarble"},{"floor":54.0,"key":"vexMod:FocusSash"}],"event_choices":[],"is_beta":false,"boss_relics":[{"not_picked":["conspire:RunicOctahedron","vexMod:NewClearReactor"],"picked":"Ectoplasm"},{"not_picked":["vexMod:MysteryBossChallenge","vexMod:EndlessSickness"],"picked":"conspire:SeveredTorchhead"}],"items_purged_floors":[0,22,22],"is_endless":false,"potions_floor_spawned":[1,4,5,12,16,19,23,28,40,42,44,48,54],"ascension_level":0}}