{"host":"6h0diz2ap0m56grs","time":1611088635,"event":{"mods":["2.2 Compatiblity","BaseMod","Colored Map","Marisa????????","Minty Spire (QoL Compilation)","Quick Restart","Replay The Spire","Shop Mod","StSLib","The Servant 0.9.4"],"gold_per_floor":[118,134,134,134,134,466,466,466],"floor_reached":7,"language":"ENG","playtime":169,"items_purged":[],"score":51,"play_id":"44d18a33-86aa-4c4f-ba70-ea6e14efa9b6","local_time":"20210119143715","daily_mods":["SealedDeck","Heirloom","Time Dilation","Flight"],"is_ascension_mode":true,"campfire_choices":[],"circlet_count":0,"master_deck":["Desolation","Defy","Rearm","Moondial","Ricochet","TimeTheft","Ricochet","SurpressingFire","GearUp","Orbit","Barrier","Gouge"],"relics":["Uniform","replay:Trail_Library","RomanBracelet","Ancient Tea Set","Old Coin"],"acts_visited":["Exordium"],"potions_floor_usage":[],"damage_taken":[{"damage":0,"enemies":"Cultist","floor":1,"turns":2},{"damage":0,"enemies":"Small Slimes","floor":2,"turns":2},{"damage":5,"enemies":"3 Sentries","floor":6,"turns":3},{"damage":0,"enemies":"Gremlin Nob","floor":7,"turns":3}],"seed_played":"-9069188882167819483","potions_obtained":[],"is_trial":true,"path_per_floor":["M","M","?","?","?","E","E"],"character_chosen":"THE_SERVANT","items_purchased":[],"campfire_rested":0,"item_purchase_floors":[],"current_hp_per_floor":[65,65,70,67,67,62,62,62],"gold":466,"neow_bonus":"","is_daily":false,"chose_seed":false,"campfire_upgraded":0,"win_rate":0.0,"timestamp":1611088635,"path_taken":["M","M","?","?","?","E","E"],"items_purchased_type":[],"build_version":"2020-12-22","purchased_purges":0,"victory":false,"max_hp_per_floor":[65,65,70,70,70,70,70,70],"card_choices":[{"not_picked":["DoubleEdge","Starlight","BottledTime"],"picked":"SKIP","floor":1},{"not_picked":["Starlight","Rewind"],"picked":"Barrier","floor":2},{"not_picked":["RealityMarble","Alleviate"],"picked":"Gouge","floor":6}],"player_experience":212629,"relics_obtained":[{"floor":6,"key":"Old Coin"}],"event_choices":[{"damage_healed":0,"gold_gain":0,"player_choice":"Donut","damage_taken":0,"max_hp_gain":5,"max_hp_loss":0,"event_name":"Big Fish","floor":3,"gold_loss":0},{"damage_healed":0,"gold_gain":0,"player_choice":"Success","damage_taken":3,"relics_obtained":["Ancient Tea Set"],"max_hp_gain":0,"max_hp_loss":0,"event_name":"Scrap Ooze","floor":4,"gold_loss":0},{"damage_healed":0,"gold_gain":0,"player_choice":"Ignored","damage_taken":0,"max_hp_gain":0,"max_hp_loss":0,"event_name":"Liars Game","floor":5,"gold_loss":0}],"is_beta":false,"boss_relics":[],"items_purged_floors":[],"is_endless":false,"potions_floor_spawned":[],"killed_by":"Gremlin Nob","ascension_level":1}}