{"host":"sdjng9zhqonqi3uc","time":1611071911,"event":{"mods":["2.2 Compatiblity","AchievementEnabler","BaseMod","Better Third Choice","BetterRewards","Colored Powertips","Downfall","Hero for Fun","Minty Spire (QoL Compilation)","Quick Restart","Shop Mod","Spicy Shops","StSLib","Td1madao Mod","The Animator","The Cursed","The Servant 0.9.4"],"gold_per_floor":[99,112,127,127,577,595,595,609,609,609,643,643,660,660,677,677,677,677],"floor_reached":16,"language":"ENG","playtime":844,"items_purged":[],"score":102,"play_id":"2ec6a730-8f37-4fe7-823f-1c52852fe156","local_time":"20210119165831","is_ascension_mode":false,"campfire_choices":[{"data":"Guardian:CurlUp","floor":1,"key":"SMITH"},{"data":"Guardian:Repulse","floor":10,"key":"SMITH"}],"circlet_count":0,"master_deck":["Guardian:Strike_Guardian","Guardian:Strike_Guardian","Guardian:Strike_Guardian","Guardian:Strike_Guardian","Guardian:Defend_Guardian","Guardian:Defend_Guardian","Guardian:Defend_Guardian","Guardian:Defend_Guardian","Guardian:CurlUp+1","Guardian:TwinSlam","Guardian:TimeCapacitor","Guardian:Repulse+1","downfall:Icky","downfall:Icky","Guardian:HyperBeam_Guardian","Guardian:Gem_Green","Guardian:Gem_Red","Guardian:Gem_White","Guardian:Gem_Orange","Guardian:Gem_Synthetic","Guardian:Suspension","Guardian:CrystalBeam","Guardian:TimeBomb"],"relics":["Guardian:ModeShifter","Oddly Smooth Stone","Blood Vial","Guardian:SackOfGems"],"acts_visited":["Exordium"],"potions_floor_usage":[11,11,15,16],"damage_taken":[{"damage":8,"enemies":"2 Louse","floor":2,"turns":3},{"damage":9,"enemies":"Small Slimes","floor":3,"turns":4},{"damage":0,"enemies":"Cultist","floor":6,"turns":5},{"damage":20,"enemies":"Exordium Thugs","floor":8,"turns":3},{"damage":18,"enemies":"Lagavulin","floor":11,"turns":8},{"damage":6,"enemies":"2 Fungi Beasts","floor":13,"turns":4},{"damage":3,"enemies":"Exordium Thugs","floor":15,"turns":3},{"damage":28,"enemies":"SI_SHIV_ARCHETYPE","floor":16,"turns":8}],"seed_played":"-8062126659287239089","potions_obtained":[{"floor":3,"key":"PowerPotion"},{"floor":8,"key":"CultistPotion"},{"floor":13,"key":"sneckomod:MuddlingPotion"},{"floor":14,"key":"PowerPotion"},{"floor":14,"key":"Regen Potion"},{"floor":15,"key":"FearPotion"}],"is_trial":false,"path_per_floor":["R","M","M","?","?","M","T","M","?","R","E","?","M","?","M","B"],"character_chosen":"GUARDIAN","items_purchased":[],"campfire_rested":0,"item_purchase_floors":[],"current_hp_per_floor":[88,80,71,53,53,53,53,35,35,35,19,19,15,15,23,0,0,0],"gold":677,"neow_bonus":"TEN_PERCENT_HP_BONUS","is_daily":false,"chose_seed":false,"campfire_upgraded":2,"win_rate":0.0,"timestamp":1611071911,"path_taken":["R","M","M","?","?","M","T","M","?","R","E","?","?","?","M","BOSS"],"items_purchased_type":[],"build_version":"2020-12-22","purchased_purges":0,"victory":false,"max_hp_per_floor":[88,88,88,88,88,88,88,88,88,88,88,88,88,88,88,88,88,88],"card_choices":[{"not_picked":["Guardian:Reroute","Guardian:PrimingBeam"],"picked":"Guardian:TimeCapacitor","floor":2},{"not_picked":["Guardian:Gem_Yellow","Guardian:Incinerate"],"picked":"Guardian:Repulse","floor":3},{"not_picked":["Guardian:Suspension","Guardian:Gem_Lightblue"],"picked":"Guardian:HyperBeam_Guardian","floor":6},{"not_picked":["Guardian:Recover","Guardian:RollAttack"],"picked":"Guardian:Gem_Crimson","floor":8},{"not_picked":["Guardian:Gem_Blue","Guardian:Gem_White"],"picked":"Guardian:Suspension","floor":11},{"not_picked":["Guardian:Recover","Guardian:Suspension"],"picked":"Guardian:CrystalBeam","floor":13},{"not_picked":["Guardian:RollAttack","Guardian:Gem_White"],"picked":"Guardian:TimeBomb","floor":15}],"player_experience":334598,"relics_obtained":[{"floor":7,"key":"Blood Vial"},{"floor":11,"key":"Guardian:SackOfGems"}],"event_choices":[{"damage_healed":0,"gold_gain":1,"player_choice":"Relic ","damage_taken":18,"max_hp_gain":0,"max_hp_loss":0,"event_name":"betterThird:BetterScrap","floor":4,"gold_loss":0,"cards_obtained":["Sanctity"]},{"cards_removed":["downfall:Icky"],"damage_healed":0,"gold_gain":0,"player_choice":"Card Removal","damage_taken":0,"max_hp_gain":0,"max_hp_loss":0,"event_name":"The Cleric","floor":9,"gold_loss":0},{"damage_healed":0,"gold_gain":0,"player_choice":"Ignored","damage_taken":0,"max_hp_gain":0,"max_hp_loss":0,"event_name":"NoteForYourself","floor":12,"gold_loss":0},{"damage_healed":0,"gold_gain":0,"player_choice":"Got Potions","damage_taken":0,"max_hp_gain":0,"max_hp_loss":0,"event_name":"Lab","floor":14,"gold_loss":0}],"is_beta":false,"boss_relics":[],"items_purged_floors":[],"is_endless":false,"potions_floor_spawned":[3,8,13,15],"killed_by":"SI_SHIV_ARCHETYPE","ascension_level":0}}