{"host":"jpcy2bclvs7juczu","time":1611044824,"event":{"mods":["AchievementEnabler","BaseMod","Block Reminder","Colored Map","Colored Powertips","Curses Come First","Dark Map","Minty Spire (QoL Compilation)","Quick Restart","Relic Stats","StSLib","ojb\u0027s Better Paths Mod","ojb\u0027s Info Mod","slay the spire mod where everything is the same but ironclad has a cowboy hat"],"gold_per_floor":[109,109,127,144,144,144,160,190,190,214,277,277,277,34,34,108,108,125,143,155,155,173,206,206,206],"floor_reached":24,"language":"ENG","playtime":1617,"items_purged":[],"score":432,"play_id":"fed7fea9-663a-47f9-b781-8876e952f6f4","local_time":"20210119082704","is_ascension_mode":true,"campfire_choices":[{"data":"Wild Strike","floor":6.0,"key":"SMITH"},{"data":"Carnage","floor":13.0,"key":"SMITH"},{"data":"Bash","floor":15.0,"key":"SMITH"}],"circlet_count":0,"master_deck":["AscendersBane","Strike_R","Strike_R","Defend_R","Defend_R","Defend_R","Defend_R","Bash+1","True Grit","Dropkick","Thunderclap","Wild Strike+1","Anger","Carnage+1","Second Wind","Evolve","Reaper","Feel No Pain","Intimidate","Shrug It Off","Cleave","Whirlwind+1","Impervious","Shrug It Off"],"relics":["Burning Blood","Sundial","Prayer Wheel","Mango","MealTicket","OrangePellets","Runic Pyramid","Blood Vial"],"acts_visited":["Exordium","TheCity"],"potions_floor_usage":[],"damage_taken":[{"damage":14.0,"enemies":"Jaw Worm","floor":1.0,"turns":5.0},{"damage":7.0,"enemies":"2 Louse","floor":3.0,"turns":3.0},{"damage":0.0,"enemies":"Cultist","floor":4.0,"turns":3.0},{"damage":4.0,"enemies":"Exordium Thugs","floor":7.0,"turns":5.0},{"damage":30.0,"enemies":"Lagavulin","floor":8.0,"turns":6.0},{"damage":8.0,"enemies":"Gremlin Nob","floor":11.0,"turns":3.0},{"damage":12.0,"enemies":"Slime Boss","floor":16.0,"turns":8.0},{"damage":30.0,"enemies":"3 Byrds","floor":18.0,"turns":6.0},{"damage":20.0,"enemies":"Shell Parasite","floor":19.0,"turns":6.0},{"damage":10.0,"enemies":"Centurion and Healer","floor":20.0,"turns":5.0},{"damage":12.0,"enemies":"Chosen and Byrds","floor":22.0,"turns":8.0},{"damage":36.0,"enemies":"Book of Stabbing","floor":23.0,"turns":7.0},{"damage":35,"enemies":"Snecko","floor":24,"turns":5}],"seed_played":"4418591027235014032","potions_obtained":[{"floor":3.0,"key":"SpeedPotion"},{"floor":11.0,"key":"PowerPotion"},{"floor":16.0,"key":"ElixirPotion"},{"floor":18.0,"key":"DuplicationPotion"},{"floor":22.0,"key":"Strength Potion"},{"floor":23.0,"key":"CultistPotion"}],"is_trial":false,"path_per_floor":["M","?","M","M","?","R","M","E","T","T","?","?","R","$","R","B",null,"M","M","M","?","M","E","M"],"character_chosen":"IRONCLAD","items_purchased":["OrangePellets","Evolve"],"campfire_rested":0,"item_purchase_floors":[14,14],"current_hp_per_floor":[60,60,59,65,65,65,67,43,43,43,55,50,50,65,65,59,76,58,44,40,40,40,10,0,0],"gold":206,"neow_bonus":"TRANSFORM_TWO_CARDS","is_daily":false,"chose_seed":false,"campfire_upgraded":3,"win_rate":0.0,"timestamp":1611044824,"path_taken":["M","?","M","M","?","R","?","E","T","?","?","?","R","$","R","BOSS","M","M","M","?","M","E","?"],"items_purchased_type":["Relic","Card"],"build_version":"2020-12-22","purchased_purges":0,"victory":false,"max_hp_per_floor":[68,68,68,68,68,68,68,68,68,68,82,82,82,82,82,82,82,82,82,82,82,82,82,82,82],"relic_stats":{"Blood Vial":2,"OrangePellets":[3],"counters":[13,70],"Sundial":[8],"Prayer Wheel":4,"MealTicket":15,"obtain_stats":[{"Blood Vial":23,"OrangePellets":14,"Sundial":8,"Prayer Wheel":9,"Mango":11,"MealTicket":12,"Burning Blood":0,"Runic Pyramid":17},{"Blood Vial":12,"OrangePellets":6,"Sundial":5,"Prayer Wheel":5,"Mango":5,"MealTicket":6,"Burning Blood":0,"Runic Pyramid":7},{"Blood Vial":65,"OrangePellets":25,"Sundial":22,"Prayer Wheel":22,"Mango":22,"MealTicket":25,"Burning Blood":0,"Runic Pyramid":33}],"Burning Blood":72},"card_choices":[{"not_picked":["Combust","Havoc"],"picked":"Thunderclap","floor":1.0},{"not_picked":["Warcry","True Grit"],"picked":"Wild Strike","floor":3.0},{"not_picked":["Flex","Warcry"],"picked":"Anger","floor":4.0},{"not_picked":["Battle Trance","Evolve"],"picked":"Carnage","floor":7.0},{"not_picked":["Iron Wave","Combust"],"picked":"Second Wind","floor":8.0},{"not_picked":["Exhume","Berserk"],"picked":"Reaper","floor":16.0},{"not_picked":["Seeing Red","Anger"],"picked":"Feel No Pain","floor":18.0},{"not_picked":["Thunderclap+1","Wild Strike"],"picked":"Intimidate","floor":18.0},{"not_picked":["Reckless Charge","Pommel Strike"],"picked":"Shrug It Off","floor":19.0},{"not_picked":["Fire Breathing","Metallicize+1"],"picked":"Cleave","floor":19.0},{"not_picked":["Clothesline","Cleave"],"picked":"Whirlwind+1","floor":20.0},{"not_picked":["Pommel Strike","Clothesline"],"picked":"Impervious","floor":20.0},{"not_picked":["Sever Soul","Perfected Strike"],"picked":"Shrug It Off","floor":22.0},{"not_picked":["Pommel Strike","Heavy Blade","Sword Boomerang+1"],"picked":"SKIP","floor":22.0},{"not_picked":["Infernal Blade","Heavy Blade","Spot Weakness"],"picked":"SKIP","floor":23.0}],"player_experience":418904,"relics_obtained":[{"floor":8.0,"key":"Sundial"},{"floor":9.0,"key":"Prayer Wheel"},{"floor":23.0,"key":"Blood Vial"}],"event_choices":[{"damage_healed":0.0,"max_hp_gain":0.0,"max_hp_loss":0.0,"gold_gain":0.0,"event_name":"Liars Game","player_choice":"Ignored","floor":2.0,"gold_loss":0.0,"damage_taken":0.0},{"cards_removed":["Strike_R"],"damage_healed":0.0,"max_hp_gain":0.0,"max_hp_loss":0.0,"gold_gain":0.0,"event_name":"Wheel of Change","player_choice":"Card Removal","floor":5.0,"gold_loss":0.0,"damage_taken":0.0},{"damage_healed":0.0,"max_hp_gain":0.0,"max_hp_loss":0.0,"gold_gain":30.0,"event_name":"Dead Adventurer","player_choice":"Searched \u00273\u0027 times","floor":11.0,"gold_loss":0.0,"damage_taken":0.0,"relics_obtained":["Mango"]},{"damage_healed":0.0,"max_hp_gain":0.0,"max_hp_loss":0.0,"gold_gain":0.0,"event_name":"Scrap Ooze","player_choice":"Success","floor":12.0,"gold_loss":0.0,"damage_taken":5.0,"relics_obtained":["MealTicket"]},{"damage_healed":0.0,"max_hp_gain":0.0,"max_hp_loss":0.0,"gold_gain":0.0,"event_name":"Match and Keep!","player_choice":"0 cards matched","floor":21.0,"gold_loss":0.0,"damage_taken":0.0,"cards_obtained":[]}],"is_beta":false,"boss_relics":[{"not_picked":["Sozu","Calling Bell"],"picked":"Runic Pyramid"}],"items_purged_floors":[],"is_endless":false,"potions_floor_spawned":[3,11,16,18,22,23],"killed_by":"Snecko","ascension_level":20}}