{"host":"l4kdldlios54gl54","time":1611018422,"event":{"mods":["AchievementEnabler","BaseMod","Colored Map","Colored Powertips","Minty Spire (QoL Compilation)","Random Character Button"],"gold_per_floor":[362,377,393,218,238,238,267,417,466,466,485,225,236,29,29,103,103,43,43,43,43,43,43,43,43,43,43,43,43,43,43,43,43,43],"floor_reached":33,"language":"ENG","playtime":1491,"items_purged":["Parasite","Doubt"],"score":519,"play_id":"a037c2d7-e404-4364-a356-26996490b866","local_time":"20210119020702","is_ascension_mode":true,"campfire_choices":[{"data":"Carnage","floor":6,"key":"SMITH"},{"floor":10,"key":"REST"},{"data":"Cleave","floor":15,"key":"SMITH"},{"data":"Barricade","floor":23,"key":"SMITH"},{"data":"Flame Barrier","floor":25,"key":"SMITH"},{"data":"Flame Barrier","floor":27,"key":"SMITH"},{"data":"Ghostly Armor","floor":32,"key":"SMITH"}],"circlet_count":0,"master_deck":["AscendersBane","Defend_R","Defend_R","Defend_R","Defend_R","Bash","Carnage+1","Twin Strike","Ghostly Armor+1","Cleave+1","Flame Barrier+1","Flame Barrier+1","Battle Trance","Barricade+1","Body Slam","Bite","Bite","Bite","Bite","Bite"],"relics":["Burning Blood","Singing Bowl","Nunchaku","Anchor","Happy Flower","Ectoplasm","Enchiridion","Oddly Smooth Stone"],"acts_visited":["Exordium","TheCity"],"potions_floor_usage":[16,16,33,33],"damage_taken":[{"damage":26,"enemies":"Jaw Worm","floor":1,"turns":5},{"damage":7,"enemies":"Small Slimes","floor":2,"turns":3},{"damage":0,"enemies":"2 Louse","floor":3,"turns":3},{"damage":2,"enemies":"Looter","floor":5,"turns":3},{"damage":44,"enemies":"Gremlin Nob","floor":7,"turns":5},{"damage":9,"enemies":"3 Louse","floor":11,"turns":5},{"damage":3,"enemies":"Blue Slaver","floor":13,"turns":4},{"damage":8,"enemies":"Slime Boss","floor":16,"turns":6},{"damage":3,"enemies":"2 Thieves","floor":18,"turns":3},{"damage":1,"enemies":"Chosen","floor":20,"turns":6},{"damage":4,"enemies":"Snake Plant","floor":22,"turns":3},{"damage":16,"enemies":"Shelled Parasite and Fungi","floor":29,"turns":6},{"damage":15,"enemies":"Centurion and Healer","floor":31,"turns":6},{"damage":86,"enemies":"Champ","floor":33,"turns":17}],"seed_played":"-8145401610931933661","potions_obtained":[{"floor":2,"key":"LiquidBronze"},{"floor":11,"key":"Strength Potion"},{"floor":13,"key":"AttackPotion"},{"floor":20,"key":"Strength Potion"},{"floor":29,"key":"GamblersBrew"}],"is_trial":false,"path_per_floor":["M","M","M","$","M","R","E","?","T","R","M","$","M","$","R","B",null,"M","?","M","?","M","R","?","R","T","R","?","M","$","M","R","B"],"character_chosen":"IRONCLAD","items_purchased":["Ghostly Armor","Cleave","Anchor","Happy Flower","Battle Trance"],"campfire_rested":1,"item_purchase_floors":[4,4,12,14,14],"current_hp_per_floor":[48,47,53,53,57,57,21,21,21,43,42,42,45,45,45,43,68,71,53,55,34,42,42,53,53,53,53,53,53,53,60,60,0,0],"gold":43,"neow_bonus":"TWO_FIFTY_GOLD","is_daily":false,"chose_seed":false,"campfire_upgraded":6,"win_rate":0.0,"timestamp":1611018422,"path_taken":["M","M","M","$","M","R","E","?","T","R","M","$","M","$","R","BOSS","M","?","M","?","M","R","?","R","T","R","?","?","$","M","R","BOSS"],"items_purchased_type":["Card","Card","Relic","Relic","Card"],"build_version":"2020-12-22","purchased_purges":2,"victory":false,"max_hp_per_floor":[75,75,75,72,72,72,74,74,74,74,76,76,76,76,76,76,76,76,53,55,55,57,57,57,57,57,57,57,59,59,61,61,61,61],"card_choices":[{"not_picked":["Uppercut","Anger"],"picked":"Carnage","floor":1},{"not_picked":["Havoc","Intimidate"],"picked":"Twin Strike","floor":2},{"not_picked":["Anger","Wild Strike","Twin Strike"],"picked":"SKIP","floor":3},{"not_picked":["Twin Strike","Rupture"],"picked":"Flame Barrier","floor":5},{"not_picked":["Clash","Metallicize","Entrench"],"picked":"Singing Bowl","floor":7},{"not_picked":["Burning Pact","Twin Strike","Feel No Pain"],"picked":"Singing Bowl","floor":11},{"not_picked":["Thunderclap","Sword Boomerang"],"picked":"Flame Barrier","floor":13},{"not_picked":["Corruption","Demon Form"],"picked":"Barricade","floor":16},{"not_picked":["Sentinel","Seeing Red"],"picked":"Body Slam","floor":18},{"not_picked":["Body Slam+1","Thunderclap","Anger"],"picked":"Singing Bowl","floor":20},{"not_picked":["Clash","Heavy Blade","Wild Strike"],"picked":"Singing Bowl","floor":22},{"not_picked":["Dual Wield+1","Pommel Strike","Shockwave+1"],"picked":"Singing Bowl","floor":29},{"not_picked":["Sword Boomerang","Feed","Twin Strike"],"picked":"Singing Bowl","floor":31}],"player_experience":874915,"relics_obtained":[{"floor":7,"key":"Singing Bowl"},{"floor":9,"key":"Nunchaku"},{"floor":21,"key":"Enchiridion"},{"floor":26,"key":"Oddly Smooth Stone"}],"event_choices":[{"damage_healed":0,"gold_gain":150,"player_choice":"AGREE","damage_taken":0,"max_hp_gain":0,"max_hp_loss":0,"event_name":"Liars Game","floor":8,"gold_loss":0,"cards_obtained":["Doubt"]},{"damage_healed":0,"gold_gain":0,"player_choice":"Became a vampire","damage_taken":0,"max_hp_gain":0,"max_hp_loss":23,"event_name":"Vampires","floor":19,"gold_loss":0,"cards_obtained":["Bite","Bite","Bite","Bite","Bite"]},{"damage_healed":0,"gold_gain":0,"player_choice":"Obtained Book","damage_taken":21,"max_hp_gain":0,"max_hp_loss":0,"event_name":"Cursed Tome","floor":21,"gold_loss":0},{"damage_healed":11,"gold_gain":0,"player_choice":"Heal","damage_taken":0,"max_hp_gain":0,"max_hp_loss":0,"event_name":"The Library","floor":24,"gold_loss":0}],"is_beta":false,"boss_relics":[{"not_picked":["SlaversCollar","Runic Cube"],"picked":"Ectoplasm"}],"items_purged_floors":[4,12],"is_endless":false,"potions_floor_spawned":[2,11,13,20,29],"killed_by":"Champ","ascension_level":20}}