{"host":"oc9z8cublggqyfxu","time":1611043796,"event":{"mods":["AchievementEnabler","Act Like it!","Aspiration","BaseMod","Colored Map","Colored Powertips","Dota2Spire","Friendly Minions","Gensokyo","GifTheSpireLib","Hallownest","Hermit","Highlight Path","KinomotoSakuraMod(木之本樱)","Koishi","Lobotomy","LobotomyExtend","Marisa（F雨　魔理沙）","Minty Spire (QoL Compilation)","Quick Restart","Rare Cards Sparkle","Relic Stats","Remilia（蕾米莉亚）","Replay The Spire","RumiaBox-露米娅的神秘盒子","Spicy Shops","StSLib","The Administrix","The Animator","The Blackbeard","The Bug Knight","The Cursed","The Hierophant","The Mystic","The Runesmith","The Servant 0.9.4","Yakumo Yukari mod","Youmu（魂魄妖梦）","Yuyuko","vexMod","【功能Mod】混沌之环修复补丁","【功能Mod】聪明的最终Boss"],"gold_per_floor":[116,129,148,78,92,119,119,148,148,148,167,182,182,7,7,105,105,120,220,13,13,24,59,59,59,59],"floor_reached":25,"language":"ZHS","playtime":15090,"items_purged":["Juggernaut+1","Fiend Fire+1","BigBadWolf"],"score":367,"play_id":"b5dc1291-55e9-4f4d-a930-a7901eaa6d3e","local_time":"20210119160956","is_ascension_mode":true,"campfire_choices":[{"data":"Warcry","floor":7.0,"key":"SMITH"},{"data":"Battle Trance","floor":10.0,"key":"SMITH"},{"data":"Warcry","floor":13.0,"key":"SMITH"},{"data":"Hemogenesis","floor":15.0,"key":"SMITH"},{"data":"Infernal Blade","floor":24,"key":"SMITH"}],"circlet_count":0,"master_deck":["Mercenary","ReplayTheSpireMod:Muscle Training","RedShoes","Cleave","OSAHOGD","Warcry+1","VoidDream","Blood for Blood","Battle Trance+1","SpiderBud","Brutality+1","Hemogenesis+1","Reaper","Offering","LaLuna","Warcry+1","WallGazer","Hemogenesis","PunishingBird","Parasite","Infernal Blade+1","Inflame","Rampage","DreamingCurrent"],"relics":["Burning Blood","CogitoBucket","RabbitCall","LetterFromLob","vexMod:CardConverter","Simple Rune","SumBook","FleshIdol","Ooze Armor","Charon\u0027s Ashes","Pocketwatch","BargainBundle","SkinProphecy","WantedRequest","Dota2Spire:CrimsonGuard","Frozen Eye"],"acts_visited":["Gensokyo:Gensokyo","Gensokyo:Gensokyoer"],"potions_floor_usage":[19,22,22],"damage_taken":[{"damage":12.0,"enemies":"Gensokyo:2_Kodama","floor":1.0,"turns":6.0},{"damage":10.0,"enemies":"Gensokyo:Python","floor":2.0,"turns":3.0},{"damage":11.0,"enemies":"Gensokyo:Gryphon","floor":3.0,"turns":3.0},{"damage":21.0,"enemies":"Gensokyo:CorruptedTreant","floor":5.0,"turns":6.0},{"damage":17.0,"enemies":"Gensokyo:Mamizou","floor":6.0,"turns":6.0},{"damage":9.0,"enemies":"Gensokyo:Cirno","floor":8.0,"turns":5.0},{"damage":48.0,"enemies":"Gensokyo:3_Kodama","floor":11.0,"turns":3.0},{"damage":24.0,"enemies":"Gensokyo:Gryphon_and_Rabbit","floor":12.0,"turns":2.0},{"damage":47.0,"enemies":"Gensokyo:Reimu","floor":16.0,"turns":6.0},{"damage":18.0,"enemies":"Gensokyo:2_Gloops","floor":18.0,"turns":3.0},{"damage":66,"enemies":"Gensokyo:2_Gloops","floor":19,"turns":4},{"damage":65,"enemies":"Gensokyo:CosmicMonolith","floor":22,"turns":5},{"damage":60,"enemies":"Gensokyo:Tenshi","floor":23,"turns":3},{"damage":183,"enemies":"Gensokyo:Koishi","floor":25,"turns":4}],"seed_played":"5509643880217495014","potions_obtained":[{"floor":2.0,"key":"Block Potion"},{"floor":3.0,"key":"Reflective Coating"},{"floor":5.0,"key":"Dexterity Potion"},{"floor":8.0,"key":"LiquidMemories"}],"is_trial":false,"path_per_floor":["M","M","M","?","M","E","R","E","T","R","M","M","R","$","R","B",null,"M","?","$","?","M","E","R","E"],"character_chosen":"IRONCLAD","items_purchased":["BargainBundle","BloodPotion","Dota2Spire:HealingSalve","Swift Potion","Infernal Blade","Inflame"],"campfire_rested":0,"item_purchase_floors":[20,20,20,20,20,20],"current_hp_per_floor":[66,62,57,57,42,35,35,36,50,50,49,58,58,58,58,68,100,112,109,115,115,124,119,119,0,0],"gold":59,"neow_bonus":"","is_daily":false,"chose_seed":false,"campfire_upgraded":5,"win_rate":0.0,"timestamp":1611043796,"path_taken":["M","M","M","?","M","E","R","E","T","R","M","?","R","?","R","BOSS","M","?","$","?","?","E","R","E"],"items_purchased_type":["Relic","Potion","Potion","Potion","Card","Card"],"build_version":"2020-12-22","purchased_purges":3,"victory":false,"max_hp_per_floor":[80,80,80,80,80,84,84,88,102,102,102,106,106,106,106,110,110,112,114,120,120,124,128,128,130,130],"relic_stats":{"counters":[16,61],"Charon\u0027s Ashes":[111],"obtain_stats":[{"RabbitCall":0,"BargainBundle":20,"FleshIdol":11,"Charon\u0027s Ashes":19,"SkinProphecy":22,"Burning Blood":0,"Frozen Eye":25,"CogitoBucket":0,"vexMod:CardConverter":6,"Dota2Spire:CrimsonGuard":23,"Ooze Armor":17,"Simple Rune":8,"LetterFromLob":1,"SumBook":9,"Pocketwatch":19,"WantedRequest":23},{"RabbitCall":0,"BargainBundle":12,"FleshIdol":8,"Charon\u0027s Ashes":12,"SkinProphecy":14,"Burning Blood":0,"Frozen Eye":15,"CogitoBucket":0,"vexMod:CardConverter":5,"Dota2Spire:CrimsonGuard":15,"Ooze Armor":10,"Simple Rune":6,"LetterFromLob":1,"SumBook":6,"Pocketwatch":12,"WantedRequest":15},{"RabbitCall":0,"BargainBundle":48,"FleshIdol":33,"Charon\u0027s Ashes":48,"SkinProphecy":54,"Burning Blood":0,"Frozen Eye":57,"CogitoBucket":0,"vexMod:CardConverter":24,"Dota2Spire:CrimsonGuard":57,"Ooze Armor":41,"Simple Rune":29,"LetterFromLob":6,"SumBook":29,"Pocketwatch":48,"WantedRequest":57}],"Burning Blood":66,"Pocketwatch":[0]},"card_choices":[{"not_picked":["Spot Weakness","Flame Barrier"],"picked":"ReplayTheSpireMod:Muscle Training","floor":1.0},{"not_picked":["MeatLantern","MHz"],"picked":"RedShoes","floor":1.0},{"not_picked":["OSAHOGD","FairyFestival"],"picked":"BigBadWolf","floor":2.0},{"not_picked":["Twin Strike","Massacre"],"picked":"Cleave","floor":2.0},{"not_picked":["UniverseFragment","BlackSwan","FairyFestival"],"picked":"Singing Bowl","floor":3.0},{"not_picked":["SpiderBud","Rudolta"],"picked":"OSAHOGD","floor":3.0},{"not_picked":["Cleave","Pommel Strike"],"picked":"Warcry","floor":3.0},{"not_picked":["Bloodbath","UniverseFragment","Wellcheers"],"picked":"Singing Bowl","floor":5.0},{"not_picked":["Wild Strike","Carnage","Burning Pact"],"picked":"SKIP","floor":5.0},{"not_picked":["BlackSwan","BeautyBeast","PunishingBird"],"picked":"Singing Bowl","floor":6.0},{"not_picked":["PunishingBird","Wellcheers"],"picked":"VoidDream","floor":6.0},{"not_picked":["Iron Wave","Flex"],"picked":"Blood for Blood","floor":6.0},{"not_picked":["Sever Soul","Run Through"],"picked":"Battle Trance","floor":8.0},{"not_picked":["NakedNest","ShyLook","Murderer"],"picked":"Singing Bowl","floor":8.0},{"not_picked":["MHz","PunishingBird"],"picked":"SpiderBud","floor":8.0},{"not_picked":["MeatLantern","UniverseFragment","Bloodbath"],"picked":"Singing Bowl","floor":11.0},{"not_picked":["Sever Soul","Clothesline","Pommel Strike"],"picked":"SKIP","floor":11.0},{"not_picked":["Murderer","FairyFestival"],"picked":"LaLuna","floor":12.0},{"not_picked":["Clash","Dual Wield"],"picked":"Warcry","floor":12.0},{"not_picked":["BlackSwan","ShyLook"],"picked":"WallGazer","floor":16.0},{"not_picked":["Eclipse","Barricade"],"picked":"Hemogenesis","floor":16.0},{"not_picked":["Murderer","CrumblingArmor"],"picked":"Mercenary","floor":18.0},{"not_picked":["Clothesline+1","Warcry","Intimidate"],"picked":"SKIP","floor":18.0},{"not_picked":["Woodsman","Rudolta"],"picked":"PunishingBird","floor":19},{"not_picked":["Wild Strike","Eclipse"],"picked":"Rampage","floor":22},{"not_picked":["QueenBee","NakedNest"],"picked":"BigBird","floor":22},{"not_picked":["CherryBlossoms","Porccubus"],"picked":"DreamingCurrent","floor":23},{"not_picked":["Perfected Strike","Iron Wave","Feel No Pain"],"picked":"SKIP","floor":23},{"not_picked":["Perfected Strike","Iron Wave","Feel No Pain"],"picked":"SKIP","floor":23}],"player_experience":310876,"relics_obtained":[{"floor":1.0,"key":"LetterFromLob"},{"floor":6.0,"key":"vexMod:CardConverter"},{"floor":8.0,"key":"Simple Rune"},{"floor":9.0,"key":"SumBook"},{"floor":19,"key":"Charon\u0027s Ashes"},{"floor":19,"key":"Pocketwatch"},{"floor":23,"key":"Dota2Spire:CrimsonGuard"}],"event_choices":[],"is_beta":false,"boss_relics":[{"not_picked":["aspiration:WatcherSkillbook","Ectoplasm"],"picked":"Ooze Armor"}],"items_purged_floors":[14,14,20],"is_endless":false,"potions_floor_spawned":[2,3,5,8],"killed_by":"Gensokyo:Koishi","ascension_level":9}}