{"host":"r6jigiblrojhp6xe","time":1611056586,"event":{"mods":["AchievementEnabler","BaseMod","DeckTracker","Minty Spire (QoL Compilation)","Quick Restart","Rare Cards Sparkle","Relic Stats","StSLib","SuperFastMode","The Cursed","everything is the same but u backflip on backflip"],"gold_per_floor":[116,132,132,150,169,169,53,80,80,80,80,105,119,15,15,94,94,110,110,110,110,130,130,142,142,142,161,161,178,178,193,193,265,265,279,279,292,292,304,304,336,347,417,417,417],"floor_reached":44,"language":"KOR","playtime":1604,"items_purged":[],"score":900,"play_id":"9f03165e-397b-4356-bebb-bdc2a2bd474a","local_time":"20210119204306","is_ascension_mode":true,"campfire_choices":[{"data":"Streamline","floor":6,"key":"SMITH"},{"data":"Defragment","floor":10,"key":"SMITH"},{"data":"Hello World","floor":15,"key":"SMITH"},{"data":"Self Repair","floor":23,"key":"SMITH"},{"data":"Creative AI","floor":25,"key":"SMITH"},{"data":"Fusion","floor":28,"key":"SMITH"},{"data":"Hologram","floor":30,"key":"SMITH"},{"data":"Coolheaded","floor":32,"key":"SMITH"},{"data":"Go for the Eyes","floor":40,"key":"SMITH"}],"circlet_count":0,"master_deck":["AscendersBane","Strike_B","Defend_B","Defend_B","Defend_B","Defend_B","Zap","Dualcast","Cold Snap","Ball Lightning","Streamline+1","Coolheaded+1","Defragment+1","Cold Snap","Leap","Hello World+1","Hologram+1","Cold Snap","Self Repair+1","Creative AI+1","Stack+1","Coolheaded+1","Fusion+1","Sunder+1","Rebound","Glacier","Capacitor+1","Go for the Eyes+1","Glacier","Stack+1","Electrodynamics"],"relics":["Cracked Core","Orichalcum","Bronze Scales","Incense Burner","Coffee Dripper","HornCleat","Sozu","Centennial Puzzle","Question Card"],"acts_visited":["Exordium","TheCity","TheBeyond"],"potions_floor_usage":[16,22,24,29,33,33],"damage_taken":[{"damage":2,"enemies":"2 Louse","floor":1,"turns":2},{"damage":4,"enemies":"Small Slimes","floor":2,"turns":3},{"damage":11,"enemies":"Jaw Worm","floor":4,"turns":4},{"damage":6,"enemies":"2 Fungi Beasts","floor":5,"turns":3},{"damage":12,"enemies":"Gremlin Nob","floor":8,"turns":4},{"damage":6,"enemies":"Lagavulin","floor":12,"turns":5},{"damage":11,"enemies":"Exordium Wildlife","floor":13,"turns":3},{"damage":6,"enemies":"Hexaghost","floor":16,"turns":8},{"damage":19,"enemies":"Shell Parasite","floor":18,"turns":4},{"damage":7,"enemies":"2 Thieves","floor":22,"turns":4},{"damage":19,"enemies":"Centurion and Healer","floor":24,"turns":6},{"damage":14,"enemies":"Snake Plant","floor":27,"turns":5},{"damage":11,"enemies":"Cultist and Chosen","floor":29,"turns":6},{"damage":0,"enemies":"Centurion and Healer","floor":31,"turns":8},{"damage":9,"enemies":"Champ","floor":33,"turns":20},{"damage":3,"enemies":"3 Shapes","floor":35,"turns":6},{"damage":22,"enemies":"3 Darklings","floor":37,"turns":8},{"damage":14,"enemies":"Maw","floor":39,"turns":10},{"damage":30,"enemies":"Giant Head","floor":41,"turns":14},{"damage":31,"enemies":"Sphere and 2 Shapes","floor":42,"turns":7},{"damage":7,"enemies":"Reptomancer","floor":44,"turns":1}],"seed_played":"7620290964115348040","potions_obtained":[{"floor":4,"key":"SteroidPotion"},{"floor":12,"key":"DuplicationPotion"},{"floor":18,"key":"GamblersBrew"},{"floor":27,"key":"Explosive Potion"},{"floor":29,"key":"BlessingOfTheForge"},{"floor":31,"key":"DuplicationPotion"}],"is_trial":false,"path_per_floor":["M","M","?","M","M","R","$","E","T","R","?","E","M","$","R","B",null,"M","?","?","?","M","R","M","R","T","M","R","M","R","M","R","B",null,"M","?","M","?","M","R","E","M","T","E"],"character_chosen":"DEFECT","items_purchased":["Defragment","Cold Snap","Cold Snap","Self Repair"],"campfire_rested":0,"item_purchase_floors":[7,7,14,14],"current_hp_per_floor":[62,58,51,40,34,34,34,22,22,22,45,39,28,28,28,29,61,49,49,29,29,29,29,20,20,20,16,16,15,15,25,25,26,64,71,71,59,59,55,55,35,4,4,0,0],"gold":417,"neow_bonus":"RANDOM_COMMON_RELIC","is_daily":false,"chose_seed":false,"campfire_upgraded":9,"win_rate":0.0,"timestamp":1611056586,"path_taken":["M","M","?","M","M","R","$","E","T","R","?","E","M","$","R","BOSS","M","?","?","?","M","R","M","R","T","M","R","?","R","M","R","BOSS","M","?","?","?","M","R","E","M","T","E"],"items_purchased_type":["Card","Card","Card","Card"],"build_version":"2020-12-22","purchased_purges":0,"victory":false,"max_hp_per_floor":[71,71,71,71,71,71,71,71,71,71,71,71,71,71,71,71,71,71,71,76,76,76,76,76,76,76,76,76,76,76,76,76,76,76,76,76,76,72,72,72,72,72,72,72,72],"relic_stats":{"Sozu":2,"Centennial Puzzle":[3],"counters":[21,131],"Bronze Scales":[321],"Orichalcum":[234],"Question Card":0,"obtain_stats":[{"Sozu":34,"Centennial Puzzle":41,"HornCleat":26,"Bronze Scales":8,"Incense Burner":12,"Coffee Dripper":17,"Orichalcum":0,"Cracked Core":0,"Question Card":43},{"Sozu":15,"Centennial Puzzle":19,"HornCleat":11,"Bronze Scales":5,"Incense Burner":6,"Coffee Dripper":8,"Orichalcum":0,"Cracked Core":0,"Question Card":20},{"Sozu":85,"Centennial Puzzle":123,"HornCleat":46,"Bronze Scales":16,"Incense Burner":21,"Coffee Dripper":32,"Orichalcum":0,"Cracked Core":0,"Question Card":130}]},"card_choices":[{"not_picked":["Streamline","Steam"],"picked":"Cold Snap","floor":1},{"not_picked":["Compile Driver","Darkness"],"picked":"Ball Lightning","floor":2},{"not_picked":["Redo","Reinforced Body"],"picked":"Streamline","floor":4},{"not_picked":["Turbo","Beam Cell"],"picked":"Coolheaded","floor":5},{"not_picked":["Go for the Eyes","Scrape"],"picked":"Leap","floor":8},{"not_picked":["Auto Shields","Beam Cell"],"picked":"Hello World","floor":12},{"not_picked":["Scrape","Streamline"],"picked":"Hologram","floor":13},{"not_picked":["Multi-Cast","Machine Learning"],"picked":"Creative AI","floor":16},{"not_picked":["Turbo","Storm+1"],"picked":"Stack+1","floor":18},{"not_picked":["Gash","Recycle","Chaos"],"picked":"SKIP","floor":22},{"not_picked":["Hello World","Coolheaded","Double Energy"],"picked":"SKIP","floor":24},{"not_picked":["Hello World","Coolheaded","Double Energy"],"picked":"SKIP","floor":24},{"not_picked":["Conserve Battery","Sweeping Beam"],"picked":"Sunder+1","floor":27},{"not_picked":["Ball Lightning","Gash+1"],"picked":"Rebound","floor":29},{"not_picked":["Multi-Cast","Sweeping Beam"],"picked":"Glacier","floor":31},{"not_picked":["Storm","Coolheaded+1"],"picked":"Capacitor+1","floor":35},{"not_picked":["Streamline","Beam Cell"],"picked":"Go for the Eyes","floor":37},{"not_picked":["Coolheaded","Steam Power"],"picked":"Glacier","floor":39},{"not_picked":["Conserve Battery","Scrape"],"picked":"Stack+1","floor":41},{"not_picked":["Turbo","Ball Lightning+1"],"picked":"Electrodynamics","floor":42}],"player_experience":582554,"relics_obtained":[{"floor":8,"key":"Bronze Scales"},{"floor":12,"key":"Incense Burner"},{"floor":26,"key":"HornCleat"},{"floor":41,"key":"Centennial Puzzle"},{"floor":43,"key":"Question Card"}],"event_choices":[{"cards_removed":["Strike_B"],"damage_healed":0,"gold_gain":0,"player_choice":"Card Removal","damage_taken":7,"max_hp_gain":0,"max_hp_loss":0,"event_name":"Golden Wing","floor":3,"gold_loss":0},{"damage_healed":23,"gold_gain":0,"player_choice":"Banana","damage_taken":0,"max_hp_gain":0,"max_hp_loss":0,"event_name":"Big Fish","floor":11,"gold_loss":0},{"damage_healed":0,"gold_gain":0,"player_choice":"Ignored","damage_taken":0,"max_hp_gain":0,"max_hp_loss":0,"event_name":"Ghosts","floor":19,"gold_loss":0},{"damage_healed":0,"gold_gain":0,"player_choice":"Shed Blood","damage_taken":25,"max_hp_gain":5,"max_hp_loss":0,"event_name":"Forgotten Altar","floor":20,"gold_loss":0},{"damage_healed":0,"gold_gain":0,"cards_transformed":["Strike_B","Strike_B"],"player_choice":"Became Test Subject","damage_taken":0,"max_hp_gain":0,"max_hp_loss":0,"event_name":"Drug Dealer","floor":21,"gold_loss":0,"cards_obtained":["Coolheaded","Fusion"]},{"damage_healed":0,"gold_gain":0,"player_choice":"Upgraded","damage_taken":0,"max_hp_gain":0,"max_hp_loss":0,"event_name":"Upgrade Shrine","floor":36,"gold_loss":0,"cards_upgraded":["Coolheaded"]},{"damage_healed":0,"gold_gain":0,"player_choice":"Max HP","damage_taken":0,"max_hp_gain":0,"max_hp_loss":4,"event_name":"Winding Halls","floor":38,"gold_loss":0}],"is_beta":false,"boss_relics":[{"not_picked":["Empty Cage","Snecko Eye"],"picked":"Coffee Dripper"},{"not_picked":["Black Star","Fusion Hammer"],"picked":"Sozu"}],"items_purged_floors":[],"is_endless":false,"potions_floor_spawned":[4,12,13,18,27,29,31,37,39],"killed_by":"Reptomancer","ascension_level":20}}