{"host":"ss2ocoam53r2lno0","time":1611076895,"event":{"mods":["Act Like it!","BaseMod","ChefMod","Clockwork Mod","Colored Powertips","Curses Come First","Displayed Cursed Tome","Downfall","Evolution","Googly Eyes","Hallownest","Highlight Path","Minty Spire (QoL Compilation)","Poor People Problems","Rare Cards Sparkle","Robot Space Explorer","Shade Mod","Shop Mod","Spicy Shops","StSLib","The Marked"],"gold_per_floor":[113,113,113,38,58,8,8,22,22,22,39,56,56,73,73,144,144,162,162,181,81,81,81],"floor_reached":22,"language":"ENG","playtime":1193,"items_purged":["Clockwork:Strike","Clockwork:Shield+1"],"score":342,"play_id":"9f533e96-60f8-411b-8e7b-0a0c8c3d8bad","local_time":"20210119182135","is_ascension_mode":true,"campfire_choices":[{"floor":10.0,"key":"REST"},{"floor":13.0,"key":"REST"},{"floor":15.0,"key":"REST"}],"circlet_count":0,"master_deck":["AscendersBane","Clockwork:Shield+1","Clockwork:Tinker+1","Clockwork:WarmUp+1","Clockwork:Randomization+1","Clockwork:ChargingShield+1"],"relics":["Clockwork:MomentumEngine","EVO:Axolotl","Sundial","SlaversCollar"],"acts_visited":["Exordium","TheCity"],"potions_floor_usage":[],"damage_taken":[{"damage":22.0,"enemies":"Jaw Worm","floor":1.0,"turns":7.0},{"damage":0.0,"enemies":"2 Louse","floor":5.0,"turns":4.0},{"damage":0.0,"enemies":"Cultist","floor":8.0,"turns":6.0},{"damage":12.0,"enemies":"Exordium Thugs","floor":11.0,"turns":6.0},{"damage":6.0,"enemies":"Red Slaver","floor":12.0,"turns":5.0},{"damage":12.0,"enemies":"Blue Slaver","floor":14.0,"turns":4.0},{"damage":45.0,"enemies":"Hexaghost","floor":16.0,"turns":7.0},{"damage":22,"enemies":"Spheric Guardian","floor":18,"turns":4},{"damage":16,"enemies":"3 Byrds","floor":20,"turns":6},{"damage":20,"enemies":"Shelled Parasite and Fungi","floor":22,"turns":1}],"seed_played":"289536247986490624","potions_obtained":[{"floor":5.0,"key":"Guardian:BlockOnCardUsePotion"},{"floor":8.0,"key":"SteroidPotion"}],"is_trial":false,"path_per_floor":["M","?","?","$","M","?","$","M","T","R","M","M","R","M","R","B",null,"M","?","M","$","M"],"character_chosen":"CLOCKWORK","items_purchased":[],"campfire_rested":3,"item_purchase_floors":[],"current_hp_per_floor":[49,35,28,28,28,28,28,28,28,49,37,31,52,40,61,16,58,36,36,20,20,0,0],"gold":81,"neow_bonus":"THREE_RARE_CARDS","is_daily":false,"chose_seed":false,"campfire_upgraded":0,"win_rate":0.0,"timestamp":1611076895,"path_taken":["M","?","?","$","M","?","$","M","T","R","M","?","R","M","R","BOSS","M","?","M","$","M"],"items_purchased_type":[],"build_version":"2020-12-22","purchased_purges":2,"victory":false,"max_hp_per_floor":[72,72,72,72,72,72,72,72,72,72,72,72,72,72,72,72,72,72,72,72,72,72,72],"card_choices":[{"not_picked":["Clockwork:KaliMa","Clockwork:ReactiveNanites"],"picked":"Clockwork:Randomization","floor":0.0},{"not_picked":["Clockwork:ReserveSystems","Clockwork:Improve"],"picked":"Clockwork:ChargingShield","floor":1.0},{"not_picked":["Clockwork:Improve","Clockwork:Minimalism"],"picked":"Clockwork:Downsize","floor":5.0},{"not_picked":["Clockwork:SnapKeep","Clockwork:Improve","Clockwork:AssemblyLine"],"picked":"SKIP","floor":8.0},{"not_picked":["Clockwork:Enhance","Clockwork:Minimalism","Clockwork:SystemHardening"],"picked":"SKIP","floor":11.0},{"not_picked":["Clockwork:MechanicalMass","Clockwork:Minimalism","Clockwork:KaliMa"],"picked":"SKIP","floor":12.0},{"not_picked":["Clockwork:Scour","Clockwork:ChargingBlade","Clockwork:Redundancy"],"picked":"SKIP","floor":14.0},{"not_picked":["Clockwork:ChargingBlade","Clockwork:CraftBloodPhial","Clockwork:Scour"],"picked":"SKIP","floor":18},{"not_picked":["Clockwork:ChargingShield","Clockwork:AdaptiveCannon","Clockwork:KaliMa"],"picked":"SKIP","floor":20}],"player_experience":802853,"relics_obtained":[{"floor":9.0,"key":"Sundial"}],"event_choices":[{"damage_healed":0.0,"max_hp_gain":0.0,"max_hp_loss":0.0,"gold_gain":0.0,"event_name":"Shining Light","player_choice":"Entered Light","floor":2.0,"gold_loss":0.0,"damage_taken":14.0,"cards_upgraded":["Clockwork:Shield","Clockwork:Shield"]},{"cards_removed":["Clockwork:Strike"],"damage_healed":0.0,"max_hp_gain":0.0,"max_hp_loss":0.0,"gold_gain":0.0,"event_name":"Golden Wing","player_choice":"Card Removal","floor":3.0,"gold_loss":0.0,"damage_taken":7.0},{"cards_removed":["Clockwork:Strike"],"damage_healed":0.0,"max_hp_gain":0.0,"max_hp_loss":0.0,"gold_gain":0.0,"event_name":"The Cleric","player_choice":"Card Removal","floor":6.0,"gold_loss":50.0,"damage_taken":0.0},{"damage_healed":0,"gold_gain":0,"player_choice":"Ignored","damage_taken":0,"max_hp_gain":0,"max_hp_loss":0,"event_name":"Accursed Blacksmith","floor":19,"gold_loss":0}],"is_beta":false,"boss_relics":[{"not_picked":["Ectoplasm","Philosopher\u0027s Stone"],"picked":"SlaversCollar"}],"items_purged_floors":[4,21],"is_endless":false,"potions_floor_spawned":[5,8,11,12,18],"killed_by":"Shelled Parasite and Fungi","ascension_level":14}}