{"host":"2ica2wc1gg7guzbw","time":1611095652,"event":{"mods":["BaseMod","Colored Map","Minty Spire (QoL Compilation)","Replay The Spire","Shop Mod","StSLib"],"gold_per_floor":[117,117,117,132,145,145,172,182,257,257,286,286,321,336,336,410,410,427,477,153,170,85,85,112,112,164,178,218,218,243,281,281,289,289],"floor_reached":33,"language":"RUS","playtime":1079,"items_purged":[],"score":742,"play_id":"2836587a-e7a1-40fa-8d2b-69fd7a5190c1","local_time":"20210120023412","is_ascension_mode":true,"campfire_choices":[{"data":"Static Discharge","floor":6.0,"key":"SMITH"},{"floor":10.0,"key":"REST"},{"floor":12.0,"key":"REST"},{"data":"Mirror Shield","floor":15.0,"key":"SMITH"},{"floor":23.0,"key":"REST"},{"floor":25.0,"key":"REST"},{"floor":29.0,"key":"REST"},{"floor":32.0,"key":"RECALL"}],"circlet_count":0,"master_deck":["AscendersBane","Strike_B","Strike_B","Strike_B","Strike_B","Defend_B+1","Defend_B","Defend_B+1","Defend_B+1","Zap","Dualcast","Beam Cell+1","White Noise","Static Discharge+1","Mirror Shield+1","Glacier","Streamline","Chaos","Panic Button","Fission","Chill","Pot Of Greed","Pot Of Greed","Ball Lightning","Electrodynamics","Cold Snap","Pot Of Greed","Rainbow"],"relics":["Black Star","Thread and Needle","DataDisk","Quantum Egg","ReplayTheSpireMod:Lightbulb","War Paint","Replay:Mystery Machine","Dream Catcher","Nuclear Battery","MealTicket","Grinning Jar","Simple Rune","Replay:Bandana","Bottled Lightning","Solar Panel","Pen Nib","PreservedInsect","Orichalcum","Bronze Scales"],"acts_visited":["Exordium","TheCity"],"potions_floor_usage":[33,33],"damage_taken":[{"damage":12.0,"enemies":"Small Slimes","floor":1.0,"turns":4.0},{"damage":2.0,"enemies":"Jaw Worm","floor":4.0,"turns":3.0},{"damage":6.0,"enemies":"2 Louse","floor":5.0,"turns":2.0},{"damage":39.0,"enemies":"Gremlin Nob","floor":7.0,"turns":4.0},{"damage":0.0,"enemies":"Blue Slaver","floor":8.0,"turns":4.0},{"damage":0.0,"enemies":"Lagavulin","floor":11.0,"turns":7.0},{"damage":11.0,"enemies":"Gremlin Nob","floor":13.0,"turns":4.0},{"damage":0.0,"enemies":"Exordium Wildlife","floor":14.0,"turns":2.0},{"damage":18.0,"enemies":"Slime Boss","floor":16.0,"turns":9.0},{"damage":18.0,"enemies":"2 Thieves","floor":18.0,"turns":3.0},{"damage":1.0,"enemies":"Chosen","floor":21.0,"turns":5.0},{"damage":32.0,"enemies":"Slavers","floor":24.0,"turns":5.0},{"damage":5.0,"enemies":"Snake Plant","floor":27.0,"turns":4.0},{"damage":20.0,"enemies":"Replay:Snechameleon","floor":28.0,"turns":5.0},{"damage":0.0,"enemies":"Gremlin Leader","floor":31.0,"turns":6.0},{"damage":50,"enemies":"Automaton","floor":33,"turns":6}],"seed_played":"831162869180437524","potions_obtained":[{"floor":1.0,"key":"Milkshake"},{"floor":4.0,"key":"PowerPotion"},{"floor":7.0,"key":"FocusPotion"},{"floor":8.0,"key":"AttackPotion"},{"floor":14.0,"key":"PotionOfCapacity"},{"floor":27.0,"key":"Block Potion"}],"is_trial":false,"path_per_floor":["M","?","$","M","M","R","E","M","T","R","E","R","E","M","R","B",null,"M","?","$","M","?","R","E","R","T","M","E","R","T","E","R","B"],"character_chosen":"DEFECT","items_purchased":["MealTicket","Grinning Jar"],"campfire_rested":5,"item_purchase_floors":[20,20],"current_hp_per_floor":[52,52,52,50,44,44,5,5,5,26,26,47,36,36,36,18,58,40,40,40,39,39,60,28,49,49,44,24,45,45,45,45,0,0],"gold":289,"neow_bonus":"BOSS_RELIC","is_daily":false,"chose_seed":false,"campfire_upgraded":2,"win_rate":0.0,"timestamp":1611095652,"path_taken":["M","?","$","M","M","R","E","M","T","R","E","R","E","M","R","BOSS","M","?","$","M","?","R","E","R","T","M","E","R","?","E","R","BOSS"],"items_purchased_type":["Relic","Relic"],"build_version":"2020-12-22","purchased_purges":0,"victory":false,"max_hp_per_floor":[71,71,71,71,71,71,71,71,71,71,71,71,71,71,71,71,71,71,71,71,71,71,71,71,71,71,71,71,71,71,71,71,71,71],"card_choices":[{"not_picked":["Lockon","Steam Power"],"picked":"Beam Cell","floor":1.0},{"not_picked":["Consume","Stack"],"picked":"White Noise","floor":4.0},{"not_picked":["ReplayTheSpireMod:System Scan","Barrage"],"picked":"Static Discharge","floor":5.0},{"not_picked":["Heatsinks","BootSequence"],"picked":"Mirror Shield","floor":7.0},{"not_picked":["Sweeping Beam","Compile Driver"],"picked":"Glacier","floor":8.0},{"not_picked":["ReplayTheSpireMod:GoodbyeWorld","ReplayTheSpireMod:System Scan"],"picked":"Streamline","floor":11.0},{"not_picked":["Hyperbeam","Lockon"],"picked":"Chaos","floor":13.0},{"not_picked":["Steam","Rebound"],"picked":"Panic Button","floor":14.0},{"not_picked":["Biased Cognition","Machine Learning"],"picked":"Fission","floor":16.0},{"not_picked":["ReplayTheSpireMod:Reroute Power+1","Tempest"],"picked":"Chill","floor":18.0},{"not_picked":["Go for the Eyes","Gash"],"picked":"Ball Lightning","floor":21.0},{"not_picked":["Static Discharge","ReplayTheSpireMod:System Scan"],"picked":"Electrodynamics","floor":24.0},{"not_picked":["Streamline","Consume","Leap"],"picked":"SKIP","floor":27.0},{"not_picked":["Beam Cell","Force Field","Sweeping Beam"],"picked":"SKIP","floor":28.0},{"not_picked":["Barrage","Aggregate"],"picked":"Cold Snap","floor":29.0},{"not_picked":["Compile Driver","Beam Cell"],"picked":"Rainbow","floor":31.0}],"player_experience":928636,"relics_obtained":[{"floor":7.0,"key":"Thread and Needle"},{"floor":7.0,"key":"DataDisk"},{"floor":9.0,"key":"Quantum Egg"},{"floor":11.0,"key":"ReplayTheSpireMod:Lightbulb"},{"floor":11.0,"key":"War Paint"},{"floor":13.0,"key":"Replay:Mystery Machine"},{"floor":13.0,"key":"Dream Catcher"},{"floor":24.0,"key":"Replay:Bandana"},{"floor":24.0,"key":"Bottled Lightning"},{"floor":28.0,"key":"Solar Panel"},{"floor":28.0,"key":"Pen Nib"},{"floor":30.0,"key":"PreservedInsect"},{"floor":31.0,"key":"Orichalcum"},{"floor":31.0,"key":"Bronze Scales"}],"event_choices":[{"damage_healed":0.0,"max_hp_gain":0.0,"max_hp_loss":0.0,"gold_gain":0.0,"event_name":"Living Wall","player_choice":"Grow","floor":2.0,"gold_loss":0.0,"damage_taken":0.0,"cards_upgraded":["Beam Cell"]},{"damage_healed":0.0,"max_hp_gain":0.0,"max_hp_loss":0.0,"gold_gain":50.0,"event_name":"Nest","player_choice":"Stole From Cult","floor":19.0,"gold_loss":0.0,"damage_taken":0.0},{"damage_healed":0.0,"max_hp_gain":0.0,"max_hp_loss":0.0,"gold_gain":0.0,"event_name":"Addict","player_choice":"Obtained Relic","floor":22.0,"gold_loss":85.0,"damage_taken":0.0,"relics_obtained":["Simple Rune"]}],"is_beta":false,"boss_relics":[{"not_picked":["Snecko Eye","Ring of Chaos"],"picked":"Nuclear Battery"}],"items_purged_floors":[],"is_endless":false,"potions_floor_spawned":[1,4,7,8,14,27,28],"killed_by":"Automaton","ascension_level":20}}