{"host":"m1hsm1cztz438mir","time":1611030463,"event":{"mods":["100% Spire Juice","2.2 Compatiblity","AchievementEnabler","Act Like it!","Aspiration","BaseMod","Better Altar","Better Match","Better Sensory Stone","Better Skull","Better Third Choice","Colored Map","Curses Come First","Halation","HololiveMod","Minty Spire (QoL Compilation)","Permanent Neow","Relic Stats","Replay The Spire","Robot Space Explorer","Shop Mod","StSLib","[GremlinLeader]The Maniac"],"gold_per_floor":[16,16,35,49,49,75,88,99,99,133,150,150,174,193,193,298,298,318,258,29,29,44,88,88,112,112,72,72,90,118,18,18,123,123,140,161,187,217,243,290,290,324,377,377,254,301,301,315,315,333,333],"floor_reached":50,"language":"ENG","playtime":4484,"items_purged":["maniac:Humiliation","Hololive_Strike","Parasite"],"score":861,"play_id":"39f22898-7084-4623-8a7a-92d02fe3ceb9","local_time":"20210119042743","is_ascension_mode":false,"campfire_choices":[{"data":"Hololive_CallDoris","floor":12.0,"key":"SMITH"},{"data":"Hololive_CallHoushouMarine","floor":15.0,"key":"SMITH"},{"data":"Hololive_WolfAndLamb","floor":24.0,"key":"SMITH"},{"data":"J.A.X.","floor":28.0,"key":"SMITH"},{"data":"Hololive_StarCraft","floor":32.0,"key":"SMITH"},{"data":"Hololive_WolfAndLamb","floor":41.0,"key":"SMITH"},{"data":"Hololive_CallAmaneKanata","floor":47.0,"key":"SMITH"},{"floor":49.0,"key":"RECALL"}],"circlet_count":0,"master_deck":["Hololive_Strike+1","Hololive_Defend","Hololive_Defend","Hololive_OvertimeWork","Hololive_CallYuzukiChoco","Hololive_CallYuzukiChoco","Hololive_CallShirakamiFubuki","Hololive_CallHoushouMarine+1","Hololive_CallFriendA","Chrysalis","Hololive_CallMomosuzuNene+16","Hololive_Watashimo","Hololive_CallCivia","Hololive_StrengthChampion","Hololive_CallDoris+1","Hololive_CallSakuraMiko","Hololive_StarCraft+1","Hololive_StrengthChampion","Hololive_ScarfAndHalo","Hololive_CallCivia","Hololive_WolfAndLamb+1","Hololive_Psychosis","J.A.X.+1","Hololive_CallSpadeEcho+1","Hololive_Psychosis","Hololive_CallArtia+1","Hololive_Teleport","Hololive_BringToTrial+1","Hololive_IdolExercise","CurseOfTheBell","Hololive_WolfAndLamb+1","Hololive_CallAmaneKanata+1","Hololive_CocoNews+1","Hololive_CocoNews","Hololive_Breathe+1","Hololive_CallTokinoSora","Hololive_CallNekomataOkayu+1","Hololive_Watashimo","Hololive_Psychosis+1","Hololive_Breathe+1"],"relics":["Hololive_TheStar","Chameleon Ring","Vajra","Coffee Dripper","ReplayTheSpireMod:CursedCoin","Blue Doll","Orichalcum","Eternal Feather","Sundial","Happy Flower","Calling Bell","Replay:Baseball","Replay:Accelerometer","Dead Branch","Smiling Mask","Blue Candle","halation:IllGainedPizza","halation:StarCompass","aspiration:HatOfInfinitePower"],"acts_visited":["Exordium","TheCity","TheBeyond"],"potions_floor_usage":[50,50],"damage_taken":[{"damage":0.0,"enemies":"Small Slimes","floor":1.0,"turns":2.0},{"damage":0.0,"enemies":"Cultist","floor":3.0,"turns":3.0},{"damage":0.0,"enemies":"2 Louse","floor":4.0,"turns":2.0},{"damage":0.0,"enemies":"Replay:BlueRogue","floor":6.0,"turns":4.0},{"damage":0.0,"enemies":"Large Slime","floor":7.0,"turns":2.0},{"damage":0.0,"enemies":"Looter","floor":8.0,"turns":2.0},{"damage":0.0,"enemies":"Gremlin Nob","floor":10.0,"turns":3.0},{"damage":0.0,"enemies":"Lots of Slimes","floor":11.0,"turns":3.0},{"damage":0.0,"enemies":"Large Slime","floor":13.0,"turns":3.0},{"damage":0.0,"enemies":"Blue Slaver","floor":14.0,"turns":2.0},{"damage":0.0,"enemies":"Fading Forest","floor":16.0,"turns":11.0},{"damage":0.0,"enemies":"Shell Parasite","floor":18.0,"turns":3.0},{"damage":8.0,"enemies":"2 Thieves","floor":22.0,"turns":3.0},{"damage":0.0,"enemies":"Gremlin Leader","floor":23.0,"turns":5.0},{"damage":0.0,"enemies":"Snake Plant","floor":25.0,"turns":3.0},{"damage":0.0,"enemies":"Shelled Parasite and Fungi","floor":29.0,"turns":3.0},{"damage":6.0,"enemies":"Slavers","floor":30.0,"turns":4.0},{"damage":0.0,"enemies":"Collector","floor":33.0,"turns":7.0},{"damage":0.0,"enemies":"3 Shapes","floor":35.0,"turns":3.0},{"damage":0.0,"enemies":"Orb Walker","floor":36.0,"turns":3.0},{"damage":13.0,"enemies":"3 Darklings","floor":37.0,"turns":4.0},{"damage":0.0,"enemies":"Transient","floor":38.0,"turns":5.0},{"damage":0.0,"enemies":"Writhing Mass","floor":39.0,"turns":4.0},{"damage":0.0,"enemies":"Nemesis","floor":40.0,"turns":5.0},{"damage":0.0,"enemies":"Giant Head","floor":42.0,"turns":7.0},{"damage":26.0,"enemies":"Reptomancer","floor":46.0,"turns":6.0},{"damage":0.0,"enemies":"Maw","floor":48.0,"turns":4.0},{"damage":51,"enemies":"Awakened One","floor":50,"turns":5}],"seed_played":"236777008684491698","potions_obtained":[{"floor":3.0,"key":"DuplicationPotion"},{"floor":6.0,"key":"DuplicationPotion"},{"floor":11.0,"key":"SneckoOil"},{"floor":13.0,"key":"Milkshake"},{"floor":35.0,"key":"LiquidBronze"},{"floor":39.0,"key":"Venom Potion"}],"is_trial":false,"path_per_floor":["M","$","M","M","?","E","M","M","T","E","M","R","M","M","R","B",null,"M","?","$","?","M","E","R","M","T","?","R","M","E","$","R","B",null,"M","M","M","M","M","E","R","E","T","?","$","E","R","M","R","B"],"character_chosen":"Hololive_HololiveCharacter","items_purchased":["ReplayTheSpireMod:CursedCoin","Blue Doll","Orichalcum","Hololive_Watashimo"],"campfire_rested":0,"item_purchase_floors":[20,20,20,45],"current_hp_per_floor":[35,35,35,35,29,29,29,29,29,29,29,29,29,29,29,29,35,35,35,35,35,27,27,35,35,35,35,35,35,29,29,35,35,35,35,35,22,22,22,22,35,35,35,35,32,6,27,27,32,0,0],"gold":333,"neow_bonus":"RANDOM_COLORLESS_2","is_daily":false,"chose_seed":false,"campfire_upgraded":7,"win_rate":0.0,"timestamp":1611030463,"path_taken":["M","$","M","M","?","E","?","M","T","E","M","R","M","M","R","BOSS","M","?","$","?","M","E","R","M","T","?","R","M","E","$","R","BOSS","M","M","?","M","M","E","R","E","T","?","$","E","R","M","R","BOSS"],"items_purchased_type":["Relic","Relic","Relic","Card"],"build_version":"2020-12-22","purchased_purges":3,"victory":false,"max_hp_per_floor":[35,35,35,35,35,35,35,35,35,35,35,35,35,35,35,35,35,35,35,35,35,35,35,35,35,35,35,35,35,35,35,35,35,35,35,35,35,35,35,35,35,35,35,35,32,32,32,32,32,32,32],"relic_stats":{"Happy Flower":[17],"counters":[28,111],"Sundial":[2],"Dead Branch":[58],"Blue Candle":[3],"Eternal Feather":53,"Orichalcum":[360],"Smiling Mask":75,"obtain_stats":[{"Replay:Accelerometer":34,"Happy Flower":30,"ReplayTheSpireMod:CursedCoin":20,"Dead Branch":34,"Blue Candle":42,"Vajra":10,"halation:IllGainedPizza":43,"Blue Doll":20,"Eternal Feather":23,"Orichalcum":20,"Smiling Mask":40,"halation:StarCompass":44,"Calling Bell":34,"Replay:Baseball":34,"Chameleon Ring":6,"Sundial":26,"Hololive_TheStar":0,"Coffee Dripper":17,"aspiration:HatOfInfinitePower":46},{"Replay:Accelerometer":18,"Happy Flower":17,"ReplayTheSpireMod:CursedCoin":12,"Dead Branch":18,"Blue Candle":25,"Vajra":7,"halation:IllGainedPizza":25,"Blue Doll":12,"Eternal Feather":14,"Orichalcum":12,"Smiling Mask":24,"halation:StarCompass":25,"Calling Bell":18,"Replay:Baseball":18,"Chameleon Ring":4,"Sundial":15,"Hololive_TheStar":0,"Coffee Dripper":11,"aspiration:HatOfInfinitePower":26},{"Replay:Accelerometer":65,"Happy Flower":58,"ReplayTheSpireMod:CursedCoin":40,"Dead Branch":65,"Blue Candle":96,"Vajra":18,"halation:IllGainedPizza":96,"Blue Doll":40,"Eternal Feather":48,"Orichalcum":40,"Smiling Mask":89,"halation:StarCompass":96,"Calling Bell":65,"Replay:Baseball":65,"Chameleon Ring":11,"Sundial":51,"Hololive_TheStar":0,"Coffee Dripper":37,"aspiration:HatOfInfinitePower":102}]},"card_choices":[{"not_picked":["Magnetism","ReplayTheSpireMod:Necrogeddon"],"picked":"Chrysalis","floor":0.0},{"not_picked":["Hololive_HuntDinosaur","Hololive_Drill","Hololive_OvertimeWork"],"picked":"Hololive_CallMomosuzuNene","floor":1.0},{"not_picked":["Hololive_Drill","Hololive_RevenueBasedLive","Hololive_Breathe"],"picked":"Hololive_Watashimo","floor":3.0},{"not_picked":["Hololive_Drill","Hololive_CallTokinoSora","Hololive_CocoNews"],"picked":"Hololive_CallCivia","floor":4.0},{"not_picked":["Hololive_CallOmaruPolka","Hololive_OpenUp","Hololive_Watashimo"],"picked":"Hololive_StrengthChampion","floor":6.0},{"not_picked":["Hololive_Rebound","Hololive_Breathe","Hololive_CallShirakamiFubuki"],"picked":"Hololive_CallDoris","floor":7.0},{"not_picked":["Hololive_Trident","Hololive_Drill","Hololive_LuckPotion"],"picked":"Hololive_CallSakuraMiko","floor":8.0},{"not_picked":["Hololive_CallYuzukiChoco","Hololive_BringToTrial","Hololive_OvertimeWork"],"picked":"Hololive_StarCraft","floor":10.0},{"not_picked":["Hololive_CocoNews","Hololive_LuckPotion","Hololive_BringToTrial"],"picked":"Hololive_StrengthChampion","floor":11.0},{"not_picked":["Hololive_CallTokinoSora","Hololive_Sequa","Hololive_Trident"],"picked":"Hololive_ScarfAndHalo","floor":13.0},{"not_picked":["Hololive_OvertimeWork","Hololive_LuckPotion","Hololive_Psychosis"],"picked":"Hololive_CallCivia","floor":14.0},{"not_picked":["Hololive_AWSL","Hololive_Thief","Hololive_Nanodesu"],"picked":"Hololive_WolfAndLamb","floor":16.0},{"not_picked":["Hololive_Trident","Hololive_Drill","Hololive_OvertimeWork+1"],"picked":"Hololive_Psychosis","floor":18.0},{"not_picked":["Hololive_CallHoshimachiSuisei","Hololive_CallUruhaRushia","Hololive_CallAyundaRisu"],"picked":"Hololive_CallSpadeEcho","floor":22.0},{"not_picked":["Hololive_Rebound","Hololive_FlyingPonyTail+1","Hololive_Trident"],"picked":"Hololive_Psychosis","floor":23.0},{"not_picked":["Hololive_Teleport","Hololive_CocoNews","Hololive_Rebirth"],"picked":"Hololive_CallArtia+1","floor":25.0},{"not_picked":["Hololive_Trident+1","Hololive_Psychosis","Hololive_FlyingPonyTail+1"],"picked":"Hololive_Teleport","floor":29.0},{"not_picked":["Hololive_StrengthChampion","Hololive_FlyingPonyTail+1","Hololive_FlareMind"],"picked":"Hololive_BringToTrial+1","floor":30.0},{"not_picked":["Hololive_BeCareful","Hololive_DurableLive","Hololive_DiamondStrike"],"picked":"Hololive_IdolExercise","floor":33.0},{"not_picked":["Hololive_BringToTrial","Hololive_CallSpadeEcho","Hololive_CallNekomataOkayu+1"],"picked":"Hololive_WolfAndLamb","floor":35.0},{"not_picked":["Hololive_CallCivia+1","Hololive_CocoNews+1","Hololive_CallAkiRosenthal+1"],"picked":"Hololive_CallAmaneKanata","floor":36.0},{"not_picked":["Hololive_HuntDinosaur+1","Hololive_Sequa","Hololive_LuckPotion"],"picked":"Hololive_CocoNews+1","floor":37.0},{"not_picked":["Hololive_Drill+1","Hololive_HuntDinosaur","Hololive_Sequa"],"picked":"Hololive_CocoNews","floor":38.0},{"not_picked":["Hololive_CallYozoraMel","Hololive_CallMomosuzuNene+1","Hololive_CocoNews"],"picked":"Hololive_Breathe+1","floor":39.0},{"not_picked":["Hololive_RevenueBasedLive","Hololive_DurableLive","Hololive_HuntDinosaur+1"],"picked":"Hololive_CallTokinoSora","floor":40.0},{"not_picked":["Hololive_Drill+1","Hololive_ManjiGathering","Hololive_CallRoboco+1"],"picked":"Hololive_CallNekomataOkayu+1","floor":42.0},{"not_picked":["Hololive_RevenueBasedLive+1","Hololive_Trident","Hololive_CallNatsuiroMatsuri"],"picked":"Hololive_Psychosis+1","floor":46.0},{"not_picked":["Hololive_Psychosis","Hololive_CallAmaneKanata+1","Hololive_CallHoshimachiSuisei+1"],"picked":"Hololive_Breathe+1","floor":48.0}],"player_experience":269437,"relics_obtained":[{"floor":6.0,"key":"Chameleon Ring"},{"floor":10.0,"key":"Vajra"},{"floor":23.0,"key":"Eternal Feather"},{"floor":26.0,"key":"Sundial"},{"floor":30.0,"key":"Happy Flower"},{"floor":34.0,"key":"Replay:Baseball"},{"floor":34.0,"key":"Replay:Accelerometer"},{"floor":34.0,"key":"Dead Branch"},{"floor":40.0,"key":"Smiling Mask"},{"floor":42.0,"key":"Blue Candle"},{"floor":43.0,"key":"halation:IllGainedPizza"},{"floor":46.0,"key":"aspiration:HatOfInfinitePower"}],"event_choices":[{"damage_healed":0.0,"max_hp_gain":0.0,"max_hp_loss":0.0,"gold_gain":0.0,"event_name":"betterSkull:BetterSkull","player_choice":"UP ","floor":5.0,"gold_loss":0.0,"damage_taken":8.0,"cards_upgraded":["Hololive_Strike"],"relics_obtained":[]},{"damage_healed":0.0,"max_hp_gain":0.0,"max_hp_loss":0.0,"gold_gain":0.0,"event_name":"Drug Dealer","player_choice":"Obtain J.A.X.","floor":21.0,"gold_loss":0.0,"damage_taken":0.0,"cards_obtained":["J.A.X."]},{"damage_healed":0.0,"max_hp_gain":0.0,"max_hp_loss":0.0,"gold_gain":0.0,"event_name":"Designer","player_choice":"Upgrade","floor":27.0,"gold_loss":40.0,"damage_taken":0.0,"cards_upgraded":["Hololive_CallSpadeEcho"]}],"is_beta":false,"boss_relics":[{"not_picked":["SacredBark","Philosopher\u0027s Stone"],"picked":"Coffee Dripper"},{"not_picked":["ChewingGum","Runic Pyramid"],"picked":"Calling Bell"}],"items_purged_floors":[20,31,45],"is_endless":false,"potions_floor_spawned":[3,6,11,13,14,25,35,39,42],"killed_by":"Awakened One","ascension_level":0}}