{"host":"37uvkxgs6qebn1sk","time":1611043636,"event":{"mods":["BaseMod","Better Third Choice","Minty Spire (QoL Compilation)","Replay The Spire","StSLib","vexMod"],"gold_per_floor":[114,114,39,59,59,59,59,72,95,115,95,109,109,128,128,201,201,213,22,35,55,55,55,55,55,55,82,92,92,92],"floor_reached":29,"language":"ZHS","playtime":866,"items_purged":["Blizzard"],"score":470,"play_id":"538a2e95-e6bb-44c3-80b8-7d878248763a","local_time":"20210119160716","is_ascension_mode":true,"campfire_choices":[{"floor":6.0,"key":"REST"},{"data":"Zap","floor":13.0,"key":"SMITH"},{"data":"Defragment","floor":23.0,"key":"SMITH"},{"floor":25,"key":"REST"}],"circlet_count":0,"master_deck":["AscendersBane","Defend_B","Defend_B","Defend_B","Zap+1","Dualcast","Predator+1","Self Repair","Conserve Battery","Cold Snap","Beam Cell","Defragment+1","Machine Learning","Storm+1","Recycle+1","Recycle+1","ReplayUltimateDefense","Conserve Battery","Hologram+1"],"relics":["Cracked Core","PreservedInsect","Lantern","Orichalcum","Astrolabe","Regal Pillow","Vajra"],"acts_visited":["TheCity"],"potions_floor_usage":[],"damage_taken":[{"damage":3.0,"enemies":"2 Louse","floor":1.0,"turns":3.0},{"damage":14.0,"enemies":"Jaw Worm","floor":4.0,"turns":4.0},{"damage":8.0,"enemies":"Small Slimes","floor":8.0,"turns":2.0},{"damage":0.0,"enemies":"Gremlin Gang","floor":10.0,"turns":4.0},{"damage":0.0,"enemies":"2 Fungi Beasts","floor":12.0,"turns":3.0},{"damage":5.0,"enemies":"Looter","floor":14.0,"turns":3.0},{"damage":17.0,"enemies":"Hexaghost","floor":16.0,"turns":6.0},{"damage":17.0,"enemies":"Chosen","floor":18.0,"turns":5.0},{"damage":19.0,"enemies":"2 Thieves","floor":20.0,"turns":5.0},{"damage":9.0,"enemies":"Snecko","floor":21.0,"turns":6.0},{"damage":11,"enemies":"Replay:Snechameleon","floor":27,"turns":7},{"damage":31,"enemies":"Snake Plant","floor":28,"turns":6},{"damage":30,"enemies":"Centurion and Healer","floor":29,"turns":3}],"seed_played":"2801890372612181376","potions_obtained":[{"floor":1.0,"key":"Block Potion"},{"floor":8.0,"key":"BlessingOfTheForge"},{"floor":10.0,"key":"Strength Potion"},{"floor":18.0,"key":"Weak Potion"},{"floor":21.0,"key":"Dexterity Potion"}],"is_trial":false,"path_per_floor":["M","?","$","M","?","R","?","M","T","M","?","M","R","M","R","B",null,"M","$","M","M","?","R","?","R","T","E","M","M"],"character_chosen":"DEFECT","items_purchased":["ReplayUltimateDefense"],"campfire_rested":2,"item_purchase_floors":[19],"current_hp_per_floor":[61,54,54,40,11,32,32,24,24,31,31,38,38,40,40,30,61,51,51,39,37,37,37,37,58,58,54,30,0,0],"gold":92,"neow_bonus":"TRANSFORM_TWO_CARDS","is_daily":false,"chose_seed":false,"campfire_upgraded":2,"win_rate":0.0,"timestamp":1611043636,"path_taken":["M","?","$","M","?","R","?","M","T","?","?","M","R","M","R","BOSS","M","$","?","M","?","R","?","R","T","E","M","M"],"items_purchased_type":["Card"],"build_version":"2020-12-22","purchased_purges":1,"victory":false,"max_hp_per_floor":[71,71,71,71,71,71,71,71,71,71,71,71,71,71,71,71,71,71,71,71,71,71,71,71,71,71,71,71,71,71],"card_choices":[{"not_picked":["Conserve Battery","Chaos"],"picked":"Doom and Gloom","floor":1.0},{"not_picked":["Static Discharge","ReplayTheSpireMod:GoodbyeWorld"],"picked":"Sunder","floor":4.0},{"not_picked":["Doom and Gloom","Streamline"],"picked":"Self Repair","floor":8.0},{"not_picked":["Doom and Gloom","Loop"],"picked":"Conserve Battery","floor":10.0},{"not_picked":["Panic Button","Gash"],"picked":"Cold Snap","floor":12.0},{"not_picked":["Darkness","Rip and Tear"],"picked":"Beam Cell","floor":14.0},{"not_picked":["Amplify","ReplayRNGCard"],"picked":"Machine Learning","floor":16.0},{"not_picked":["Double Energy","Gash","Tempest"],"picked":"SKIP","floor":18.0},{"not_picked":["Beam Cell","Streamline"],"picked":"Conserve Battery","floor":20.0},{"not_picked":["Time Bomb","Leap","Crystallizer"],"picked":"SKIP","floor":21.0},{"not_picked":["Hello World","Scrape"],"picked":"Hologram+1","floor":27},{"not_picked":["Turbo","Rip and Tear","Redo+1"],"picked":"SKIP","floor":28}],"player_experience":965582,"relics_obtained":[{"floor":9.0,"key":"Orichalcum"},{"floor":26,"key":"Regal Pillow"},{"floor":27,"key":"Vajra"}],"event_choices":[{"cards_removed":["Pain"],"damage_healed":0.0,"max_hp_gain":0.0,"max_hp_loss":0.0,"gold_gain":0.0,"event_name":"Golden Wing","player_choice":"Card Removal","floor":2.0,"gold_loss":0.0,"damage_taken":7.0},{"cards_removed":["Doom and Gloom"],"damage_healed":0.0,"max_hp_gain":0.0,"max_hp_loss":0.0,"gold_gain":0.0,"event_name":"WeMeetAgain","player_choice":"Gave Card","floor":7.0,"gold_loss":0.0,"damage_taken":0.0,"relics_obtained":["Lantern"]},{"damage_healed":0.0,"max_hp_gain":0.0,"max_hp_loss":0.0,"gold_gain":0.0,"event_name":"The Woman in Blue","player_choice":"Bought 1 Potion","floor":11.0,"gold_loss":0.0,"damage_taken":0.0},{"damage_healed":0.0,"max_hp_gain":0.0,"max_hp_loss":0.0,"gold_gain":0.0,"event_name":"Ghosts","player_choice":"Ignored","floor":22.0,"gold_loss":0.0,"damage_taken":0.0},{"cards_removed":["Strike_B"],"damage_healed":0,"gold_gain":0,"player_choice":"Elegance","damage_taken":0,"max_hp_gain":0,"max_hp_loss":0,"event_name":"betterThird:BetterWriting","floor":24,"gold_loss":0}],"is_beta":false,"boss_relics":[{"not_picked":["Tiny House","Empty Cage"],"picked":"Astrolabe"}],"items_purged_floors":[3],"is_endless":false,"potions_floor_spawned":[1,8,10,14,18,21],"killed_by":"Centurion and Healer","ascension_level":20}}