{"host":"4cz9gr89nglr7k8k","time":1611093741,"event":{"mods":["BaseMod","Minty Spire (QoL Compilation)","Relic Stats","Slay-I"],"gold_per_floor":[218,218,183,183,11,25,63,12,12,33,33,33,33,52,52,52,52],"floor_reached":16,"language":"DEU","playtime":291,"items_purged":[],"score":196,"play_id":"7e49fe21-ab6b-4cbd-b180-36bfd3721dcb","local_time":"20210119230221","is_ascension_mode":true,"campfire_choices":[{"data":"Perfected Strike","floor":11,"key":"SMITH"},{"data":"Rampage","floor":13,"key":"SMITH"},{"floor":15,"key":"REST"}],"circlet_count":0,"master_deck":["AscendersBane","Strike_R","Strike_R","Strike_R","Strike_R","Strike_R","Defend_R","Defend_R","Defend_R","Bash","Armaments","Cleave","Iron Wave","Perfected Strike+1","Rampage+1","Clash"],"relics":["Burning Blood","Golden Idol","Lee\u0027s Waffle","Pear","Matryoshka"],"acts_visited":["Exordium"],"potions_floor_usage":[7,16],"damage_taken":[{"damage":19,"enemies":"Small Slimes","floor":1,"turns":3},{"damage":10,"enemies":"2 Louse","floor":6,"turns":3},{"damage":32,"enemies":"Gremlin Nob","floor":7,"turns":4},{"damage":2,"enemies":"Jaw Worm","floor":10,"turns":3},{"damage":10,"enemies":"Exordium Thugs","floor":14,"turns":4},{"damage":94,"enemies":"Hexaghost","floor":16,"turns":9}],"seed_played":"-3558615986582477711","potions_obtained":[{"floor":1,"key":"Fire Potion"},{"floor":10,"key":"GamblersBrew"}],"is_trial":false,"path_per_floor":["M","?","?","?","$","M","E","$","T","M","R","$","R","M","R","B"],"character_chosen":"IRONCLAD","items_purchased":["Lee\u0027s Waffle","Perfected Strike"],"campfire_rested":1,"item_purchase_floors":[5,8],"current_hp_per_floor":[55,48,66,40,82,78,62,62,62,66,66,66,66,62,89,0,0],"gold":52,"neow_bonus":"HUNDRED_GOLD","is_daily":false,"chose_seed":false,"campfire_upgraded":2,"win_rate":0.0,"timestamp":1611093741,"path_taken":["M","?","?","?","$","?","E","?","T","?","R","?","R","M","R","BOSS"],"items_purchased_type":["Relic","Card"],"build_version":"2020-12-22","purchased_purges":0,"victory":false,"max_hp_per_floor":[75,75,75,75,82,82,92,92,92,92,92,92,92,92,92,92,92],"relic_stats":{"Lee\u0027s Waffle":42,"counters":[6,26],"Golden Idol":19,"obtain_stats":[{"Lee\u0027s Waffle":5,"Pear":7,"Matryoshka":9,"Golden Idol":4,"Burning Blood":0},{"Lee\u0027s Waffle":1,"Pear":3,"Matryoshka":3,"Golden Idol":1,"Burning Blood":0},{"Lee\u0027s Waffle":3,"Pear":10,"Matryoshka":10,"Golden Idol":3,"Burning Blood":0}],"Burning Blood":30},"card_choices":[{"not_picked":["Burning Pact","Warcry"],"picked":"Armaments","floor":1},{"not_picked":["Hemokinesis","Clothesline"],"picked":"Cleave","floor":6},{"not_picked":["Rupture","Heavy Blade"],"picked":"Iron Wave","floor":7},{"not_picked":["Havoc","Dark Embrace"],"picked":"Rampage","floor":10},{"not_picked":["Havoc","Headbutt"],"picked":"Clash","floor":14}],"player_experience":1510357,"relics_obtained":[{"floor":7,"key":"Pear"},{"floor":9,"key":"Matryoshka"}],"event_choices":[{"cards_removed":["Defend_R"],"damage_healed":0,"gold_gain":0,"player_choice":"Card Removal","damage_taken":7,"max_hp_gain":0,"max_hp_loss":0,"event_name":"Golden Wing","floor":2,"gold_loss":0},{"damage_healed":18,"gold_gain":0,"player_choice":"Healed","damage_taken":0,"max_hp_gain":0,"max_hp_loss":0,"event_name":"The Cleric","floor":3,"gold_loss":35},{"damage_healed":0,"gold_gain":0,"player_choice":"Take Damage","damage_taken":26,"relics_obtained":["Golden Idol"],"max_hp_gain":0,"max_hp_loss":0,"event_name":"Golden Idol","floor":4,"gold_loss":0}],"is_beta":false,"boss_relics":[],"items_purged_floors":[],"is_endless":false,"potions_floor_spawned":[1,10],"killed_by":"Hexaghost","ascension_level":20}}