{"host":"9d9dhukr2jywmy0f","time":1611077096,"event":{"mods":["2.2 Compatiblity","Alarm Clock","BaseMod","Bestiary","Block Reminder","Colored Map","Colored Powertips","Curses Come First","DeckTracker","Highlight Path","Key Reminder","Minty Spire (QoL Compilation)","Quick Restart","Rare Cards Sparkle","Relic Sorter","Relic Stats","Spire Birthday Party","StS++","StSLib","SuperFastMode","Synergy Search","Unceasing Turn Reminder","Unknown Chances"],"gold_per_floor":[118,43,53,53,53,53,64,64,87,116,116,47,58,82,82,82,82],"floor_reached":16,"language":"ZHS","playtime":437,"items_purged":[],"score":200,"play_id":"bb129352-c17b-4d24-b709-023089f73ce0","local_time":"20210120012456","is_ascension_mode":true,"campfire_choices":[{"data":"Neutralize","floor":6.0,"key":"SMITH"},{"data":"Defend_G","floor":8.0,"key":"PURGE"},{"data":"Strike_G","floor":11,"key":"PURGE"},{"data":"Finisher","floor":15,"key":"SMITH"}],"circlet_count":0,"master_deck":["AscendersBane","Strike_G","Strike_G","Strike_G","Defend_G","Defend_G","Defend_G","Defend_G","Survivor","Neutralize+1","Underhanded Strike","Accuracy","Finisher+1"],"relics":["Ring of the Snake","Peace Pipe","Orichalcum","CeramicFish","keyreminder:keyreminder"],"acts_visited":["Exordium"],"potions_floor_usage":[10,16],"damage_taken":[{"damage":2.0,"enemies":"2 Louse","floor":1.0,"turns":6.0},{"damage":2.0,"enemies":"Jaw Worm","floor":3.0,"turns":9.0},{"damage":3.0,"enemies":"Cultist","floor":7.0,"turns":6.0},{"damage":29,"enemies":"Gremlin Nob","floor":10,"turns":5},{"damage":11,"enemies":"3 Louse","floor":13,"turns":4},{"damage":5,"enemies":"Red Slaver","floor":14,"turns":4},{"damage":22,"enemies":"Slime Boss","floor":16,"turns":5}],"seed_played":"-6695007448787244840","potions_obtained":[{"floor":1.0,"key":"StSpp:ScatteredPotion"},{"floor":3.0,"key":"Weak Potion"},{"floor":14,"key":"DistilledChaos"}],"is_trial":false,"path_per_floor":["M","?","M","?","$","R","M","R","T","E","R","$","M","M","R","B"],"character_chosen":"THE_SILENT","items_purchased":["Accuracy"],"campfire_rested":0,"item_purchase_floors":[12],"current_hp_per_floor":[57,57,55,60,60,60,57,57,57,28,28,28,17,12,12,0,0],"gold":82,"neow_bonus":"ONE_RARE_RELIC","is_daily":false,"chose_seed":false,"campfire_upgraded":2,"win_rate":0.0,"timestamp":1611077096,"path_taken":["M","?","M","?","?","R","M","R","T","E","R","$","?","M","R","BOSS"],"items_purchased_type":["Card"],"build_version":"2020-11-30","purchased_purges":0,"victory":false,"max_hp_per_floor":[60,60,60,65,65,65,65,65,65,65,65,65,65,65,65,65,65],"relic_stats":{"Peace Pipe":2,"counters":[7,39],"CeramicFish":18,"Orichalcum":[54],"obtain_stats":[{"Peace Pipe":0,"keyreminder:keyreminder":10,"CeramicFish":10,"Orichalcum":9,"Ring of the Snake":0},{"Peace Pipe":0,"keyreminder:keyreminder":4,"CeramicFish":4,"Orichalcum":3,"Ring of the Snake":0},{"Peace Pipe":0,"keyreminder:keyreminder":26,"CeramicFish":26,"Orichalcum":21,"Ring of the Snake":0}],"Ring of the Snake":[14]},"card_choices":[{"not_picked":["StSpp:Anticipation","Choke","Skewer"],"picked":"SKIP","floor":1.0},{"not_picked":["Flying Knee","Slice","Quick Slash"],"picked":"SKIP","floor":3.0},{"not_picked":["StSpp:SpareBlade","Dagger Spray"],"picked":"Underhanded Strike","floor":7.0},{"not_picked":["Deflect","Night Terror","Slice"],"picked":"SKIP","floor":10},{"not_picked":["Slice","Distraction","StSpp:SpareBlade"],"picked":"SKIP","floor":13},{"not_picked":["Outmaneuver","StSpp:CorrosivePoison"],"picked":"Finisher","floor":14}],"player_experience":841354,"relics_obtained":[{"floor":9.0,"key":"Orichalcum"},{"floor":10,"key":"CeramicFish"}],"event_choices":[{"cards_removed":["Strike_G"],"damage_healed":0.0,"max_hp_gain":0.0,"max_hp_loss":0.0,"gold_gain":0.0,"event_name":"The Cleric","player_choice":"Card Removal","floor":2.0,"gold_loss":75.0,"damage_taken":0.0},{"damage_healed":0.0,"max_hp_gain":5.0,"max_hp_loss":0.0,"gold_gain":0.0,"event_name":"Big Fish","player_choice":"Donut","floor":4.0,"gold_loss":0.0,"damage_taken":0.0}],"is_beta":false,"boss_relics":[],"items_purged_floors":[],"is_endless":false,"potions_floor_spawned":[1,3,14],"killed_by":"Slime Boss","ascension_level":20}}