{"host":"tcdxiwht2vajk3tk","time":1611071696,"event":{"mods":["AchievementEnabler","BaseMod","Beaked The Cultist","Conspire","Defuse TimeMaze Blight","Downfall","Halation","Hermit","Hubris","Infinite Spire","Lobotomy","Minty Spire (QoL Compilation)","Shop Mod","StSLib","The Cursed","The Disciple","vexMod"],"gold_per_floor":[99,113,113,129,139,174,174,204,214,20,20,20,20,45,58,163,163,63,74,91,91,104,129,183,3,38,38,38,49,49,80,93,190,190,90,105,125,125,125,25,107,118,129,40,40,52,72,99,114,114,114,114],"floor_reached":50,"language":"ENG","playtime":4328,"items_purged":[],"score":607,"play_id":"df5f5875-81a0-4e35-975a-04cf473485d1","local_time":"20210119105456","is_ascension_mode":true,"campfire_choices":[{"data":"champ:Taunt","floor":1,"key":"SMITH"},{"data":"champ:ShieldWall","floor":11,"key":"SMITH"},{"floor":13,"key":"RECALL"},{"data":"champ:IgnorePain","floor":18,"key":"SMITH"},{"data":"expansioncontent:Chronoboost","floor":30,"key":"SMITH"},{"data":"champ:IronFortress","floor":35,"key":"SMITH"},{"data":"beaked:BraceForImpact","floor":40,"key":"SMITH"}],"circlet_count":0,"master_deck":["champ:Strike","champ:Strike","champ:Strike","champ:Strike","champ:Defend","champ:Defend","champ:Defend","champ:Defend","champ:Execute","champ:Taunt+1","champ:ShieldWall","champ:StanceDance","champ:PerfectedStrike","champ:Backstep","champ:FocusedDefense","champ:FancyFootwork","champ:HeavySlash+1","champ:ShieldWall+1","champ:DefensiveShout","champ:EnGarde","champ:IgnorePain+1","champ:GladiatorStyle+1","champ:TornadoPunch","champ:BladeFlurry","champ:BringItOn+1","champ:ShieldSlam+1","expansioncontent:Chronoboost+1","champ:IronFortress+1","champ:VampiricStrike","champ:FalseCounter","champ:DeathBlow","beaked:BounceBack","champ:Improvising","champ:GutPunch+1","champ:IronFortress","beaked:BraceForImpact+1","beaked:BarbedWire","Parasite","champ:EnragedBash","champ:PreemptiveStrike","champ:UltimateStance","beaked:MachineSpirit","champ:AdrenalArmor","champ:TornadoPunch","champ:ShieldWall+1"],"relics":["champ:ChampionCrown","hubris:PeanutButter","Smiling Mask","Lantern","MerchantsRug","PreservedInsect","hubris:ScarierMask","downfall:HeartBlessingRed","hubris:DisguiseKit","Ancient Tea Set","Blood Vial","conspire:Flyswatter","halation:PinkSoulGem","HornCleat","halation:Prosthetics","downfall:HeartBlessingBlue","halation:EternalFortune","downfall:HeartBlessingGreen","Darkstone Periapt","conspire:DeflatedDodgeball"],"acts_visited":["Exordium","TheCity","TheBeyond"],"potions_floor_usage":[16,22,23,43,43,48],"damage_taken":[{"damage":25,"enemies":"Jaw Worm","floor":2,"turns":4},{"damage":2,"enemies":"Small Slimes","floor":4,"turns":3},{"damage":0,"enemies":"Cultist","floor":5,"turns":3},{"damage":8,"enemies":"3 Sentries","floor":6,"turns":6},{"damage":59,"enemies":"Lagavulin","floor":8,"turns":6},{"damage":0,"enemies":"2 Fungi Beasts","floor":9,"turns":3},{"damage":12,"enemies":"downfall:FleeingMerchant","floor":10,"turns":4},{"damage":0,"enemies":"Gremlin Nob","floor":14,"turns":4},{"damage":0,"enemies":"Blue Slaver","floor":15,"turns":2},{"damage":62,"enemies":"SI_SHIV_ARCHETYPE","floor":16,"turns":9},{"damage":0,"enemies":"conspire:FuzzyDice","floor":19,"turns":5},{"damage":0,"enemies":"Chosen","floor":20,"turns":5},{"damage":10,"enemies":"Snecko","floor":22,"turns":5},{"damage":0,"enemies":"Slavers","floor":23,"turns":4},{"damage":5,"enemies":"downfall:FleeingMerchant","floor":25,"turns":4},{"damage":0,"enemies":"Nightmare","floor":26,"turns":7},{"damage":30,"enemies":"Shelled Parasite and Fungi","floor":29,"turns":5},{"damage":42,"enemies":"Gremlin Leader","floor":31,"turns":6},{"damage":4,"enemies":"3 Cultists","floor":32,"turns":5},{"damage":0,"enemies":"DF_ARCHETYPE_CLAW","floor":33,"turns":1},{"damage":8,"enemies":"3 Shapes","floor":36,"turns":2},{"damage":26,"enemies":"3 Darklings","floor":37,"turns":6},{"damage":0,"enemies":"downfall:FleeingMerchant","floor":39,"turns":1},{"damage":0,"enemies":"Spire Growth","floor":42,"turns":6},{"damage":40,"enemies":"Writhing Mass","floor":43,"turns":4},{"damage":2,"enemies":"downfall:FleeingMerchant","floor":44,"turns":4},{"damage":24,"enemies":"4 Shapes","floor":46,"turns":7},{"damage":27,"enemies":"3 Darklings","floor":47,"turns":5},{"damage":55,"enemies":"Reptomancer","floor":48,"turns":9},{"damage":60,"enemies":"Maw","floor":49,"turns":6},{"damage":90,"enemies":"IC_BLOCK_ARCHETYPE","floor":50,"turns":4}],"seed_played":"-5793387722978979057","potions_obtained":[{"floor":2,"key":"SpeedPotion"},{"floor":5,"key":"SpeedPotion"},{"floor":8,"key":"LiquidMemories"},{"floor":14,"key":"ColorlessPotion"},{"floor":16,"key":"Block Potion"},{"floor":20,"key":"GamblersBrew"},{"floor":22,"key":"Fire Potion"},{"floor":23,"key":"BlessingOfTheForge"},{"floor":26,"key":"SkillPotion"},{"floor":31,"key":"PowerPotion"},{"floor":46,"key":"SteroidPotion"},{"floor":47,"key":"Fire Potion"}],"is_trial":false,"path_per_floor":["R","M","?","M","M","E","T","E","M","$","R","?","R","E","M","B",null,"R","M","M","AVR","M","E","T","$","NM","?","?","M","R","E","M","B",null,"R","M","M","?","$","R","T","M","M","$","?","M","M","E","M","B"],"character_chosen":"THE_CHAMP","items_purchased":["MerchantsRug","champ:ShieldWall","expansioncontent:Chronoboost","champ:IronFortress","champ:UltimateStance"],"campfire_rested":0,"item_purchase_floors":[10,10,25,25,44],"current_hp_per_floor":[99,94,91,99,99,99,99,75,75,83,83,83,83,83,88,26,99,99,99,99,99,89,89,89,91,93,93,93,65,65,50,58,60,64,74,68,64,67,72,72,72,79,74,84,79,72,60,37,29,0,0,0],"gold":114,"neow_bonus":"TEN_PERCENT_HP_BONUS","is_daily":false,"chose_seed":false,"campfire_upgraded":6,"win_rate":0.0,"timestamp":1611071696,"path_taken":["R","M","?","M","M","E","T","E","M","$","R","?","R","E","M","BOSS","R","M","M","AVR","M","E","T","$","NM","?","?","M","R","E","M","BOSS","R","M","M","?","$","R","T","M","M","$","?","M","?","E","M","BOSS"],"items_purchased_type":["Relic","Card","Card","Card","Card"],"build_version":"2020-12-22","purchased_purges":0,"victory":false,"max_hp_per_floor":[99,99,99,99,99,99,99,99,99,99,99,99,99,99,99,99,99,99,99,99,99,99,99,99,99,99,99,99,99,99,99,99,99,64,74,74,74,77,80,80,80,80,89,89,89,89,89,89,89,89,89,89],"card_choices":[{"not_picked":["champ:HeartStrike","champ:EnGarde"],"picked":"champ:ShieldWall","floor":2},{"not_picked":["champ:TornadoPunch","champ:CrownThrow"],"picked":"champ:StanceDance","floor":4},{"not_picked":["champ:PreciseThrust","champ:Circumvent"],"picked":"champ:PerfectedStrike","floor":5},{"not_picked":["champ:HeartStrike","champ:Shatter"],"picked":"champ:Backstep","floor":6},{"not_picked":["champ:SetATrap","champ:Encircle"],"picked":"champ:FocusedDefense","floor":8},{"not_picked":["champ:PreciseThrust","champ:Circumvent"],"picked":"champ:FancyFootwork","floor":9},{"not_picked":["champ:Duel","champ:SkillfulDodge"],"picked":"champ:HeavySlash","floor":10},{"not_picked":["champ:Parry","champ:PreciseThrust"],"picked":"champ:DefensiveShout","floor":14},{"not_picked":["champ:StanceDance","champ:Circumvent"],"picked":"champ:EnGarde","floor":15},{"not_picked":["champ:VampiricStrike","champ:HeavySlash"],"picked":"champ:IgnorePain","floor":16},{"not_picked":["champ:SkillfulDodge","champ:Duel"],"picked":"champ:GladiatorStyle+1","floor":19},{"not_picked":["champ:BerserkersShout","champ:ArenaPreparation"],"picked":"champ:TornadoPunch","floor":20},{"not_picked":["champ:Haymaker","champ:DefensiveShout+1","beaked:SurvivalInstinct"],"picked":"champ:BladeFlurry","floor":22},{"not_picked":["champ:AdrenalArmor","champ:EnragedBash","beaked:Cower"],"picked":"champ:BringItOn+1","floor":23},{"not_picked":["champ:EnragedBash+1","champ:Shatter","beaked:Pecker"],"picked":"champ:ShieldSlam+1","floor":25},{"not_picked":["infinitespire:Starlight","infinitespire:FutureSight"],"picked":"infinitespire:SealOfDarkness+","floor":26},{"not_picked":["champ:Backstep","champ:BladeFlurry","beaked:Tweet"],"picked":"champ:VampiricStrike","floor":26},{"not_picked":["champ:TornadoPunch","champ:CrownThrow+1","beaked:Tweet"],"picked":"champ:FalseCounter","floor":29},{"not_picked":["champ:ShieldSlam","champ:FanOfKnives+1","beaked:SacrificialAttack"],"picked":"champ:DeathBlow","floor":31},{"not_picked":["champ:Haymaker","champ:FanOfKnives","champ:CrownThrow"],"picked":"beaked:BounceBack","floor":32},{"not_picked":["champ:ShieldThrow","champ:LastStand","beaked:Caw"],"picked":"champ:Improvising","floor":33},{"not_picked":["champ:RapidStrikes+1","champ:Circumvent+1","beaked:Tweet"],"picked":"champ:GutPunch+1","floor":36},{"not_picked":["champ:PerfectedStrike+1","champ:FalseCounter+1","beaked:Tradeoff"],"picked":"champ:IronFortress","floor":37},{"not_picked":["champ:FocusedDefense+1","champ:GutPunch+1","champ:EnGarde+1"],"picked":"beaked:BraceForImpact","floor":39},{"not_picked":["champ:Encircle","champ:BladeFlurry","champ:PerfectedStrike+1"],"picked":"beaked:BarbedWire","floor":42},{"not_picked":["champ:SkillfulDodge+1","champ:DefensiveShout","beaked:Poke"],"picked":"champ:EnragedBash","floor":43},{"not_picked":["champ:ShieldWall","champ:FalseCounter+1","beaked:HuntressEssence"],"picked":"champ:PreemptiveStrike","floor":44},{"not_picked":["champ:GutPunch+1","champ:Haymaker+1","champ:TornadoPunch"],"picked":"beaked:MachineSpirit","floor":46},{"not_picked":["champ:ArenaPreparation+1","champ:Endure","beaked:TuckingFeathers"],"picked":"champ:AdrenalArmor","floor":47},{"not_picked":["champ:Shatter","champ:Circumvent","beaked:Cower"],"picked":"champ:TornadoPunch","floor":48},{"not_picked":["champ:FocusedDefense","champ:FalseCounter+1","beaked:DigDeeper"],"picked":"champ:ShieldWall+1","floor":49}],"player_experience":1597485,"relics_obtained":[{"floor":6,"key":"Smiling Mask"},{"floor":8,"key":"Lantern"},{"floor":14,"key":"PreservedInsect"},{"floor":23,"key":"Ancient Tea Set"},{"floor":24,"key":"Blood Vial"},{"floor":26,"key":"conspire:Flyswatter"},{"floor":31,"key":"HornCleat"},{"floor":39,"key":"halation:EternalFortune"},{"floor":41,"key":"Darkstone Periapt"},{"floor":43,"key":"halation:EternalFortune"},{"floor":48,"key":"conspire:DeflatedDodgeball"}],"event_choices":[{"damage_healed":0,"gold_gain":0,"player_choice":"Success","damage_taken":3,"relics_obtained":["hubris:PeanutButter"],"max_hp_gain":0,"max_hp_loss":0,"event_name":"Scrap Ooze","floor":3,"gold_loss":0}],"is_beta":false,"boss_relics":[{"not_picked":["Busted Crown","Runic Dome"],"picked":"hubris:ScarierMask"},{"not_picked":["halation:PlatinumPhoenix","vexMod:EndlessSickness"],"picked":"halation:Prosthetics"}],"items_purged_floors":[],"is_endless":true,"potions_floor_spawned":[2,5,8,14,16,20,22,23,26,31,33,36,42,46,47],"killed_by":"IC_BLOCK_ARCHETYPE","ascension_level":1}}