{"host":"Qube","time":1611026114,"event":{"mods":["AchievementEnabler","BaseMod","Colored Map","Colored Powertips","Highlight Path","Minty Spire (QoL Compilation)","Permanent Neow","Quick Restart","Random Character Button","StSLib"],"gold_per_floor":[118,118,132,147,19,45,45,45,45],"floor_reached":8,"language":"ENG","playtime":366,"items_purged":["Defend_G"],"score":112,"play_id":"7f9aa1a3-8293-4eef-a4d0-93190bc32127","local_time":"20210118191514","is_ascension_mode":true,"campfire_choices":[{"floor":7,"key":"REST"}],"circlet_count":0,"master_deck":["AscendersBane","Strike_G","Strike_G","Strike_G","Strike_G","Strike_G","Defend_G","Defend_G","Defend_G","Survivor","Neutralize","Backflip","Expertise","Poisoned Stab","Poisoned Stab","Slice","Slice"],"relics":["Calling Bell","Bronze Scales","Gremlin Horn","StoneCalendar","Darkstone Periapt"],"acts_visited":["Exordium"],"potions_floor_usage":[8,8],"damage_taken":[{"damage":2,"enemies":"Jaw Worm","floor":1,"turns":7},{"damage":4,"enemies":"Cultist","floor":3,"turns":4},{"damage":7,"enemies":"Small Slimes","floor":4,"turns":4},{"damage":39,"enemies":"3 Sentries","floor":6,"turns":7},{"damage":26,"enemies":"Lagavulin","floor":8,"turns":6}],"seed_played":"-6888840276007722493","potions_obtained":[{"floor":3,"key":"SneckoOil"},{"floor":6,"key":"DuplicationPotion"}],"is_trial":false,"path_per_floor":["M","?","M","M","$","E","R","E"],"character_chosen":"THE_SILENT","items_purchased":["Slice"],"campfire_rested":1,"item_purchase_floors":[5],"current_hp_per_floor":[57,57,53,46,46,7,26,0,0],"gold":45,"neow_bonus":"BOSS_RELIC","is_daily":false,"chose_seed":false,"campfire_upgraded":0,"win_rate":0.0,"timestamp":1611026114,"path_taken":["M","?","?","M","?","E","R","E"],"items_purchased_type":["Card"],"build_version":"2020-12-18","purchased_purges":1,"victory":false,"max_hp_per_floor":[66,66,66,66,66,66,66,66,66],"card_choices":[{"not_picked":["Blade Dance","Dodge and Roll"],"picked":"Backflip","floor":1},{"not_picked":["Blade Dance","Accuracy"],"picked":"Poisoned Stab","floor":3},{"not_picked":["Doppelganger","Flechettes"],"picked":"Poisoned Stab","floor":4},{"not_picked":["Caltrops","Escape Plan"],"picked":"Slice","floor":6}],"player_experience":939573,"relics_obtained":[{"floor":0,"key":"Bronze Scales"},{"floor":0,"key":"Gremlin Horn"},{"floor":0,"key":"StoneCalendar"},{"floor":6,"key":"Darkstone Periapt"}],"event_choices":[{"damage_healed":0,"gold_gain":0,"cards_transformed":["Defend_G"],"player_choice":"Transformed","damage_taken":0,"max_hp_gain":0,"max_hp_loss":0,"event_name":"Transmorgrifier","floor":2,"gold_loss":0,"cards_obtained":["Expertise"]}],"is_beta":true,"boss_relics":[],"items_purged_floors":[5],"is_endless":false,"potions_floor_spawned":[3,6],"killed_by":"Lagavulin","ascension_level":20}}