{"host":"fm9e0lfunjlbhzxv","time":1611034979,"event":{"mods":["2.2 Compatiblity","Alarm Clock","Astrologer","BaseMod","Bestiary","Better Match","Better Skull","Better Third Choice","Colored Map","Colored Powertips","Downfall","Energized Spire","Good Game Mod","Key Reminder","Koishi","Minty Spire (QoL Compilation)","Permanent Neow","Random Character Button","Rare Cards Sparkle","Relic Stats","Remilia??????","Spicy Shops","StSLib","The Administrix","The Blue Laboratory","The Bug Knight","The Disciple","The Vixen","Trackpad","slay the spire mod where everything is the same but ironclad has a cowboy hat"],"gold_per_floor":[99,111,321,331,344,392,392,410,429,429,170,170,184,184,194,295,295,195,213,229,229,214,20,20,36,36,36,36],"floor_reached":27,"language":"ENG","playtime":1610,"items_purged":["sneckomod:Strike","sneckomod:Defend"],"score":247,"play_id":"66feb567-3296-400b-9e7b-39d4f91ca974","local_time":"20210118214259","is_ascension_mode":true,"campfire_choices":[{"data":"sneckomod:TailWhip","floor":1,"key":"SMITH"},{"data":"sneckomod:Transmogrify","floor":10,"key":"SMITH"},{"floor":12,"key":"RECALL"},{"data":"sneckomod:MasterEye","floor":18,"key":"SMITH"}],"circlet_count":0,"master_deck":["sneckomod:Strike","sneckomod:Defend","sneckomod:Defend","sneckomod:TailWhip+1","sneckomod:SnekBite","sneckomod:Unknown","sneckomod:Unknown","Magnetism","sneckomod:UnknownBlock","sneckomod:UnknownClassLichGold","sneckomod:UnknownCommonSkill","sneckomod:Transmogrify+1","sneckomod:UnknownClassBUGKNIGHT_GRAY_COLOR","sneckomod:UnknownVulnerable","sneckomod:UnknownClassASTROLOGER","sneckomod:MasterEye+1","expansioncontent:PrepareCrush","sneckomod:UnknownClassPURPLE","Parasite","sneckomod:UnknownColorless","sneckomod:MorePower","sneckomod:UnknownUncommonPower+1","sneckomod:QuickBite","sneckomod:Unknown2Cost+1","sneckomod:UnknownStrike","sneckomod:UnknownRareSkill+1","sneckomod:UnknownClassLichGold+1","sneckomod:UnknownRareSkill","sneckomod:UnknownClassGUARDIAN"],"relics":["REME:ComplimentaryCards","energizedSpire:DeadBattery","Kunai","keyreminder:keyreminder","downfall:HeartBlessingRed","Sozu","TheVixenMod:UmbreonRelic","Matryoshka","Smiling Mask","Pantograph","trackpad:CultistFigurine"],"acts_visited":["Exordium","TheCity"],"potions_floor_usage":[11,16,16],"damage_taken":[{"damage":4,"enemies":"Jaw Worm","floor":2,"turns":2},{"damage":0,"enemies":"Cultist","floor":4,"turns":4},{"damage":9,"enemies":"2 Louse","floor":5,"turns":2},{"damage":11,"enemies":"3 Sentries","floor":6,"turns":5},{"damage":10,"enemies":"Large Slime","floor":8,"turns":4},{"damage":0,"enemies":"Blue Slaver","floor":9,"turns":2},{"damage":1,"enemies":"downfall:FleeingMerchant","floor":11,"turns":4},{"damage":0,"enemies":"2 Fungi Beasts","floor":13,"turns":1},{"damage":0,"enemies":"Exordium Wildlife","floor":15,"turns":2},{"damage":36,"enemies":"DF_ARCHETYPE_STREAMLINE","floor":16,"turns":4},{"damage":8,"enemies":"Shell Parasite","floor":19,"turns":5},{"damage":15,"enemies":"Chosen","floor":20,"turns":6},{"damage":20,"enemies":"Chosen","floor":22,"turns":6},{"damage":0,"enemies":"downfall:FleeingMerchant","floor":23,"turns":4},{"damage":0,"enemies":"Snecko","floor":25,"turns":2},{"damage":75,"enemies":"Gremlin Leader","floor":27,"turns":6}],"seed_played":"-753839270160238866","potions_obtained":[{"floor":2,"key":"blueLaboratory:Moonshine"},{"floor":8,"key":"blueLaboratory:FruitPunch"},{"floor":13,"key":"PowerPotion"},{"floor":15,"key":"DuplicationPotion"}],"is_trial":false,"path_per_floor":["R","M","?","M","M","E","T","M","M","R","$","R","M","?","M","B",null,"R","M","M","?","?","$","T","M","T","E"],"character_chosen":"THE_SNECKO","items_purchased":["sneckomod:MasterEye","expansioncontent:PrepareCrush","sneckomod:UnknownRareSkill"],"campfire_rested":0,"item_purchase_floors":[11,11,23],"current_hp_per_floor":[90,86,48,55,46,35,35,25,25,25,26,26,26,49,49,13,92,92,84,73,73,63,63,63,63,63,0,0],"gold":36,"neow_bonus":"BOSS_RELIC","is_daily":false,"chose_seed":false,"campfire_upgraded":3,"win_rate":0.0,"timestamp":1611034979,"path_taken":["R","M","?","M","?","E","T","M","M","R","$","R","M","?","M","BOSS","R","M","M","?","?","$","T","M","?","E"],"items_purchased_type":["Card","Card","Card"],"build_version":"2020-12-22","purchased_purges":2,"victory":false,"max_hp_per_floor":[90,90,90,90,90,90,90,90,90,90,92,92,92,92,92,92,92,92,92,92,92,92,92,92,92,92,92,92],"relic_stats":{"Sozu":1,"counters":[16,58],"Pantograph":0,"Kunai":[9],"Smiling Mask":0,"obtain_stats":[{"downfall:HeartBlessingRed":18,"Blue Candle":6,"Guardian:PocketSentry":3,"sneckomod:SneckoSoul":0,"energizedSpire:DeadBattery":9,"Smiling Mask":24,"keyreminder:keyreminder":12,"Sozu":17,"Runic Dome":0,"REME:ComplimentaryCards":0,"Matryoshka":7,"Pantograph":24,"Kunai":11,"trackpad:CultistFigurine":26,"TheVixenMod:UmbreonRelic":22},{"downfall:HeartBlessingRed":10,"Blue Candle":4,"Guardian:PocketSentry":1,"sneckomod:SneckoSoul":0,"energizedSpire:DeadBattery":6,"Smiling Mask":14,"keyreminder:keyreminder":7,"Sozu":10,"Runic Dome":0,"REME:ComplimentaryCards":0,"Matryoshka":4,"Pantograph":14,"Kunai":7,"trackpad:CultistFigurine":15,"TheVixenMod:UmbreonRelic":12},{"downfall:HeartBlessingRed":29,"Blue Candle":12,"Guardian:PocketSentry":2,"sneckomod:SneckoSoul":0,"energizedSpire:DeadBattery":18,"Smiling Mask":50,"keyreminder:keyreminder":22,"Sozu":29,"Runic Dome":0,"REME:ComplimentaryCards":0,"Matryoshka":12,"Pantograph":50,"Kunai":22,"trackpad:CultistFigurine":52,"TheVixenMod:UmbreonRelic":40}]},"card_choices":[{"not_picked":["sneckomod:PureSnecko","sneckomod:IronFang"],"picked":"sneckomod:UnknownBlock","floor":2},{"not_picked":["sneckomod:DiceCrush","sneckomod:Unknown1Cost"],"picked":"sneckomod:UnknownClassLichGold","floor":4},{"not_picked":["sneckomod:Nope","sneckomod:UnknownClassLichGold"],"picked":"sneckomod:UnknownCommonSkill","floor":5},{"not_picked":["sneckomod:SerpentIdol","sneckomod:Cheat"],"picked":"sneckomod:Transmogrify","floor":6},{"not_picked":["sneckomod:SnekBeam","sneckomod:UnknownClassREMILIA_COLOR"],"picked":"sneckomod:UnknownClassBUGKNIGHT_GRAY_COLOR","floor":8},{"not_picked":["sneckomod:SoulCleanse","sneckomod:QuickBite"],"picked":"sneckomod:UnknownVulnerable","floor":9},{"not_picked":["sneckomod:UnknownClassTHE_CHAMP_GRAY","sneckomod:RainOfDice"],"picked":"sneckomod:UnknownClassASTROLOGER","floor":11},{"not_picked":["sneckomod:UnknownStrike","sneckomod:UnknownClassREMILIA_COLOR"],"picked":"sneckomod:UnknownClassPURPLE","floor":13},{"not_picked":["sneckomod:UnknownClassREMILIA_COLOR","sneckomod:SoulDraw"],"picked":"sneckomod:UnknownColorless","floor":15},{"not_picked":["sneckomod:Restock","sneckomod:UnknownRareSkill"],"picked":"sneckomod:MorePower","floor":16},{"not_picked":["sneckomod:UnknownVulnerable+1","sneckomod:UnknownDexterity+1"],"picked":"sneckomod:UnknownUncommonPower+1","floor":19},{"not_picked":["sneckomod:UnknownClassTHE_BRONZE_AUTOMATON+1","sneckomod:ImprovisedAttack"],"picked":"sneckomod:QuickBite","floor":19},{"not_picked":["sneckomod:UnknownClassBUGKNIGHT_GRAY_COLOR+1","sneckomod:UnknownClassBLUE+1"],"picked":"sneckomod:Unknown2Cost+1","floor":20},{"not_picked":["sneckomod:IronFang","sneckomod:UnknownBlock"],"picked":"sneckomod:UnknownStrike","floor":20},{"not_picked":["sneckomod:UnknownDraw+1","sneckomod:UnknownClassLichGold+1"],"picked":"sneckomod:UnknownRareSkill+1","floor":23},{"not_picked":["sneckomod:SoulDraw","sneckomod:UnknownClassGREEN+1"],"picked":"sneckomod:UnknownClassLichGold+1","floor":23},{"not_picked":["sneckomod:PureSnecko","sneckomod:UnknownCommonAttack"],"picked":"sneckomod:UnknownClassGUARDIAN","floor":25}],"player_experience":790870,"relics_obtained":[{"floor":5,"key":"Guardian:PocketSentry"},{"floor":6,"key":"Blue Candle"},{"floor":7,"key":"Matryoshka"},{"floor":9,"key":"energizedSpire:DeadBattery"},{"floor":11,"key":"Kunai"},{"floor":19,"key":"Guardian:PocketSentry"},{"floor":20,"key":"Sozu"},{"floor":23,"key":"Matryoshka"},{"floor":24,"key":"Smiling Mask"},{"floor":24,"key":"Pantograph"},{"floor":26,"key":"trackpad:CultistFigurine"}],"event_choices":[{"damage_healed":0,"gold_gain":210,"player_choice":"GO RE GO ","damage_taken":42,"relics_obtained":["Guardian:PocketSentry"],"max_hp_gain":0,"max_hp_loss":0,"event_name":"betterSkull:BetterSkull","floor":3,"gold_loss":0,"cards_upgraded":[]},{"damage_healed":23,"gold_gain":0,"player_choice":"Healed and dodged fight","damage_taken":0,"max_hp_gain":0,"max_hp_loss":0,"event_name":"Mushrooms","floor":14,"gold_loss":0,"cards_obtained":["Parasite"]},{"damage_healed":0,"gold_gain":0,"player_choice":"Fight the Beast\u0027s assailants","damage_taken":0,"relics_obtained":["TheVixenMod:UmbreonRelic"],"max_hp_gain":0,"max_hp_loss":0,"event_name":"Creature of the Night","floor":22,"gold_loss":0}],"is_beta":false,"boss_relics":[{"not_picked":["Busted Crown","Empty Cage"],"picked":"Sozu"}],"items_purged_floors":[11,23],"is_endless":false,"potions_floor_spawned":[2,8,13,15,19],"killed_by":"Gremlin Leader","ascension_level":3}}