{"host":"4cz9gr89nglr7k8k","time":1611093956,"event":{"mods":["BaseMod","Minty Spire (QoL Compilation)","Relic Stats","Slay-I"],"gold_per_floor":[114,114,264,189,208,208,235,2,2,2,2],"floor_reached":10,"language":"DEU","playtime":207,"items_purged":["Strike_R"],"score":128,"play_id":"d8b9929c-d27f-413e-aba3-b04c3bcde951","local_time":"20210119230556","is_ascension_mode":true,"campfire_choices":[{"data":"Feed","floor":6,"key":"SMITH"}],"circlet_count":0,"master_deck":["AscendersBane","Strike_R","Strike_R","Strike_R","Strike_R","Defend_R","Defend_R","Defend_R","Defend_R","Bash","Feed+1","Disarm","Shrug It Off","Spot Weakness"],"relics":["Burning Blood","Calipers","Bag of Marbles","The Courier"],"acts_visited":["Exordium"],"potions_floor_usage":[7],"damage_taken":[{"damage":8,"enemies":"Small Slimes","floor":1,"turns":4},{"damage":9,"enemies":"2 Louse","floor":5,"turns":4},{"damage":46,"enemies":"Lagavulin","floor":7,"turns":7},{"damage":58,"enemies":"Gremlin Nob","floor":10,"turns":4}],"seed_played":"8911686968595716955","potions_obtained":[{"floor":1,"key":"Strength Potion"}],"is_trial":false,"path_per_floor":["M","?","?","?","M","R","E","$","T","E"],"character_chosen":"IRONCLAD","items_purchased":["Bag of Marbles"],"campfire_rested":0,"item_purchase_floors":[8],"current_hp_per_floor":[69,74,74,74,74,74,38,38,38,0,0],"gold":2,"neow_bonus":"ONE_RANDOM_RARE_CARD","is_daily":false,"chose_seed":false,"campfire_upgraded":1,"win_rate":0.0,"timestamp":1611093956,"path_taken":["M","?","?","?","M","R","E","?","T","E"],"items_purchased_type":["Relic"],"build_version":"2020-12-22","purchased_purges":1,"victory":false,"max_hp_per_floor":[78,83,83,83,86,86,90,90,90,90,90],"relic_stats":{"counters":[4,19],"obtain_stats":[{"Calipers":7,"The Courier":9,"Bag of Marbles":8,"Burning Blood":0},{"Calipers":3,"The Courier":3,"Bag of Marbles":3,"Burning Blood":0},{"Calipers":15,"The Courier":15,"Bag of Marbles":15,"Burning Blood":0}],"Burning Blood":18},"card_choices":[{"not_picked":["Battle Trance","Clothesline"],"picked":"Disarm","floor":1},{"not_picked":["Second Wind","Battle Trance"],"picked":"Shrug It Off","floor":5},{"not_picked":["Blood for Blood","Infernal Blade"],"picked":"Spot Weakness","floor":7}],"player_experience":1510648,"relics_obtained":[{"floor":7,"key":"Calipers"},{"floor":9,"key":"The Courier"}],"event_choices":[{"damage_healed":0,"gold_gain":0,"player_choice":"Donut","damage_taken":0,"max_hp_gain":5,"max_hp_loss":0,"event_name":"Big Fish","floor":2,"gold_loss":0},{"damage_healed":0,"gold_gain":150,"player_choice":"AGREE","damage_taken":0,"max_hp_gain":0,"max_hp_loss":0,"event_name":"Liars Game","floor":3,"gold_loss":0,"cards_obtained":["Doubt"]},{"cards_removed":["Doubt"],"damage_healed":0,"gold_gain":0,"player_choice":"Card Removal","damage_taken":0,"max_hp_gain":0,"max_hp_loss":0,"event_name":"The Cleric","floor":4,"gold_loss":75}],"is_beta":false,"boss_relics":[],"items_purged_floors":[8],"is_endless":false,"potions_floor_spawned":[1],"killed_by":"Gremlin Nob","ascension_level":20}}