{"host":"s35zr3gblm7slh1q","time":1611015712,"event":{"mods":["BaseMod","Colored Powertips","Downfall","Hermit","Highlight Path","Marisa????????","Minty Spire (QoL Compilation)","Permanent Neow","StSLib","The Disciple"],"gold_per_floor":[99,116,133,193,247,247,247,265,265,285,305,3,3,78,89,187,187,187,197,215,35,48,63,63,63,63,83,83,97,8,21,34,34,34,34],"floor_reached":33,"language":"ENG","playtime":2126,"items_purged":[],"score":268,"play_id":"b3ccfa7d-e08d-4c4f-8df6-6ab112aece4c","local_time":"20210118192152","is_ascension_mode":false,"campfire_choices":[{"data":"Slimebound:Split","floor":1,"key":"SMITH"},{"floor":6,"key":"REST"},{"floor":9,"key":"REST"},{"data":"Slimebound:SamplingLick","floor":13,"key":"SMITH"},{"data":"Slimebound:TongueLash","floor":18,"key":"SMITH"},{"floor":26,"key":"REST"}],"circlet_count":0,"master_deck":["Slimebound:Strike_Slimebound","Slimebound:Strike_Slimebound","Slimebound:Strike_Slimebound","Slimebound:Tackle","Slimebound:Defend_Slimebound","Slimebound:Defend_Slimebound","Slimebound:Defend_Slimebound","Slimebound:Defend_Slimebound","Slimebound:Split+1","Slimebound:CorrosiveSpit","Slimebound:LeechEnergy","Slimebound:TongueLash+1","Slimebound:ItLooksTasty","Slimebound:TongueLash","Slimebound:ItLooksTasty","Slimebound:SplitMire","Slimebound:SamplingLick+1","Slimebound:Schlurp","Slimebound:DisruptingSlam","Slimebound:PressTheAttack","Slimebound:SplitSpecialist","Slimebound:LeechLife","Slimebound:LevelUp","Slimebound:Repurpose+1","Slimebound:SpikyOuterGoop","Slimebound:AcidTongue","Slimebound:SpikyOuterGoop","Slimebound:RallyTheTroops","Slimebound:SplitAcid","Slimebound:SplitLeeching","Slimebound:LeechEnergy","Slimebound:SamplingLick","Slimebound:WasteNot","HandOfGreed","Slimebound:ItLooksTasty","Slimebound:SplitLeeching"],"relics":["Slimebound:AbsorbEndCombatUpgraded","Thread and Needle","Lantern","The Courier","Membership Card","Sundial","Blood Vial","Bronze Scales"],"acts_visited":["Exordium","TheCity"],"potions_floor_usage":[16,16,21,27,31,32,32,32],"damage_taken":[{"damage":6,"enemies":"Jaw Worm","floor":2,"turns":3},{"damage":7,"enemies":"Small Slimes","floor":3,"turns":3},{"damage":27,"enemies":"3 Sentries","floor":4,"turns":7},{"damage":0,"enemies":"Cultist","floor":8,"turns":3},{"damage":0,"enemies":"Large Slime","floor":10,"turns":4},{"damage":6,"enemies":"2 Fungi Beasts","floor":11,"turns":3},{"damage":0,"enemies":"downfall:FleeingMerchant","floor":12,"turns":4},{"damage":2,"enemies":"Blue Slaver","floor":15,"turns":3},{"damage":15,"enemies":"IC_STATUS_ARCHETYPE","floor":16,"turns":6},{"damage":3,"enemies":"Chosen","floor":19,"turns":4},{"damage":4,"enemies":"Shell Parasite","floor":20,"turns":5},{"damage":11,"enemies":"downfall:FleeingMerchant","floor":21,"turns":4},{"damage":27,"enemies":"Sentry and Sphere","floor":22,"turns":6},{"damage":24,"enemies":"Snake Plant","floor":23,"turns":5},{"damage":23,"enemies":"Snecko","floor":27,"turns":4},{"damage":11,"enemies":"3 Cultists","floor":29,"turns":5},{"damage":4,"enemies":"downfall:FleeingMerchant","floor":30,"turns":4},{"damage":19,"enemies":"Snake Plant","floor":31,"turns":3},{"damage":14,"enemies":"Snecko","floor":32,"turns":4},{"damage":83,"enemies":"SI_MIRROR_ARCHETYPE","floor":33,"turns":8}],"seed_played":"6420528809998306536","potions_obtained":[{"floor":3,"key":"SpeedPotion"},{"floor":11,"key":"EssenceOfSteel"},{"floor":15,"key":"LiquidBronze"},{"floor":16,"key":"champ:CounterPotion"},{"floor":20,"key":"Dexterity Potion"},{"floor":23,"key":"champ:CounterPotion"},{"floor":29,"key":"ColorlessPotion"},{"floor":31,"key":"BlessingOfTheForge"}],"is_trial":false,"path_per_floor":["R","M","M","?","T","R","T","M","R","M","M","$","R","?","M","B",null,"R","M","M","$","M","M","T","?","R","M","?","M","$","M","M","B"],"character_chosen":"SLIMEBOUND","items_purchased":["Slimebound:Schlurp","Membership Card","Slimebound:DisruptingSlam","Slimebound:PressTheAttack","Sundial","Slimebound:AcidTongue","Slimebound:SpikyOuterGoop","Slimebound:RallyTheTroops","Blood Vial","HandOfGreed"],"campfire_rested":3,"item_purchase_floors":[12,12,12,12,12,21,21,21,21,30],"current_hp_per_floor":[71,67,61,36,36,57,57,60,71,71,66,71,71,71,70,61,71,71,71,71,64,49,33,33,33,54,37,60,57,71,67,63,0,0,0],"gold":34,"neow_bonus":"TEN_PERCENT_HP_BONUS","is_daily":false,"chose_seed":false,"campfire_upgraded":3,"win_rate":0.0,"timestamp":1611015712,"path_taken":["R","M","M","?","?","R","T","M","R","M","M","$","R","?","M","BOSS","R","M","M","$","M","M","T","?","R","M","?","M","$","M","M","BOSS"],"items_purchased_type":["Card","Relic","Card","Card","Relic","Card","Card","Card","Relic","Card"],"build_version":"2020-12-22","purchased_purges":0,"victory":false,"max_hp_per_floor":[71,71,71,71,71,71,71,71,71,71,71,71,71,71,71,71,71,71,71,71,71,71,71,71,71,71,71,71,71,71,71,71,71,71,71],"card_choices":[{"not_picked":["Slimebound:Schlurp","Slimebound:Prepare"],"picked":"Slimebound:LeechEnergy","floor":2},{"not_picked":["Slimebound:ItLooksTasty","Slimebound:GrowthPunch"],"picked":"Slimebound:TongueLash","floor":3},{"not_picked":["Slimebound:FirmFortitude","Slimebound:GrowthPunch"],"picked":"Slimebound:ItLooksTasty","floor":4},{"not_picked":["Slimebound:GrowthPunch","Slimebound:SplitBruiser"],"picked":"Slimebound:TongueLash","floor":8},{"not_picked":["Slimebound:Chomp","Slimebound:SplitLeeching"],"picked":"Slimebound:ItLooksTasty","floor":10},{"not_picked":["Slimebound:SlimeTap","Slimebound:ItLooksTasty"],"picked":"Slimebound:SplitMire","floor":11},{"not_picked":["Slimebound:Chomp","Slimebound:ViciousTackle"],"picked":"Slimebound:SamplingLick","floor":12},{"not_picked":["Slimebound:SplitMire","Slimebound:Prepare"],"picked":"Slimebound:SplitSpecialist","floor":15},{"not_picked":["Slimebound:WasteNot","Slimebound:RallyTheTroops"],"picked":"Slimebound:LeechLife","floor":16},{"not_picked":["Slimebound:Chomp","Slimebound:RollThrough+1"],"picked":"Slimebound:LevelUp","floor":19},{"not_picked":["Slimebound:SplitBruiser+1","Slimebound:SlimeSpikes"],"picked":"Slimebound:Repurpose+1","floor":20},{"not_picked":["Slimebound:ServeAndProtect","Slimebound:PressTheAttack"],"picked":"Slimebound:SpikyOuterGoop","floor":21},{"not_picked":["Slimebound:GoopTackle","Slimebound:FlameTackle"],"picked":"Slimebound:SplitAcid","floor":22},{"not_picked":["Slimebound:Grow","Slimebound:GoopSpray"],"picked":"Slimebound:SplitLeeching","floor":23},{"not_picked":["Slimebound:FlameTackle+1","Slimebound:Prepare"],"picked":"Slimebound:LeechEnergy","floor":27},{"not_picked":["Slimebound:SplitLeeching","Slimebound:Teamwork"],"picked":"Slimebound:SamplingLick","floor":29},{"not_picked":["Slimebound:BestDefense","Slimebound:Nibble+1"],"picked":"Slimebound:WasteNot","floor":30},{"not_picked":["Slimebound:LeechEnergy","Slimebound:SplitBruiser+1"],"picked":"Slimebound:ItLooksTasty","floor":31},{"not_picked":["Slimebound:Prepare","Slimebound:SplitBruiser"],"picked":"Slimebound:SplitLeeching","floor":32}],"player_experience":361816,"relics_obtained":[{"floor":5,"key":"Lantern"},{"floor":7,"key":"The Courier"},{"floor":24,"key":"Bronze Scales"}],"event_choices":[{"damage_healed":23,"gold_gain":0,"player_choice":"Heal","damage_taken":0,"max_hp_gain":0,"max_hp_loss":0,"event_name":"The Library","floor":28,"gold_loss":0}],"is_beta":false,"boss_relics":[{"not_picked":["Cursed Key","Black Star"],"picked":"Slimebound:AbsorbEndCombatUpgraded"}],"items_purged_floors":[],"is_endless":false,"potions_floor_spawned":[3,11,15,16,20,23,29,31],"killed_by":"SI_MIRROR_ARCHETYPE","ascension_level":0}}