{"host":"foq4mrde4mssg7vt","time":1611067483,"event":{"mods":["AchievementEnabler","BaseMod","Colored Map","Colored Powertips","Highlight Path","Minty Spire (QoL Compilation)","Relic Stats","everything is the same but u backflip on backflip"],"gold_per_floor":[361,376,54,54,73,73,87,87,87,107,118,118,147,165,165,240,240,255,170,180,12,31,31,56,56,102,102,117,132,132,151,151,225,225,245,262,273,286,92,92,110,144,144,175,198,198,214,224,224,224,224,224,0,33,33,33],"floor_reached":55,"language":"ENG","playtime":3523,"items_purged":["Zap"],"score":1375,"play_id":"8ad05a9a-75dd-4c7b-b55e-0eeccecead7f","local_time":"20210119224443","is_ascension_mode":true,"campfire_choices":[{"data":"Barrage","floor":6.0,"key":"SMITH"},{"data":"Streamline","floor":8.0,"key":"SMITH"},{"data":"Reprogram","floor":15.0,"key":"SMITH"},{"floor":23.0,"key":"REST"},{"floor":25.0,"key":"REST"},{"floor":32.0,"key":"REST"},{"data":"Hologram","floor":40.0,"key":"SMITH"},{"floor":49.0,"key":"RECALL"},{"data":"Coolheaded","floor":52.0,"key":"SMITH"}],"circlet_count":0,"master_deck":["AscendersBane","Strike_B","Strike_B","Defend_B","Defend_B","Defend_B","Defend_B","Dualcast","Conserve Battery","Barrage+1","FTL","Streamline+1","Coolheaded+1","Rebound","Genetic Algorithm","Reprogram+1","Machine Learning+1","Sweeping Beam","Echo Form","Compile Driver","Leap","Reinforced Body","Steam Power","Coolheaded","Coolheaded+1","Buffer","Hologram+1","Undo","Flash of Steel","Reprogram"],"relics":["Cracked Core","Meat on the Bone","Mercury Hourglass","Sundial","Nuclear Battery","The Courier","Membership Card","Akabeko","Tiny Chest","Busted Crown","Art of War","HornCleat","Anchor","Frozen Egg 2","Ice Cream","Pantograph","StoneCalendar"],"acts_visited":["Exordium","TheCity","TheBeyond","TheEnding"],"potions_floor_usage":[55,55],"damage_taken":[{"damage":4.0,"enemies":"2 Louse","floor":1.0,"turns":2.0},{"damage":13.0,"enemies":"Small Slimes","floor":2.0,"turns":3.0},{"damage":0.0,"enemies":"Cultist","floor":5.0,"turns":3.0},{"damage":5.0,"enemies":"Looter","floor":7.0,"turns":4.0},{"damage":2.0,"enemies":"Exordium Wildlife","floor":10.0,"turns":4.0},{"damage":13.0,"enemies":"Large Slime","floor":11.0,"turns":3.0},{"damage":8.0,"enemies":"Gremlin Nob","floor":13.0,"turns":3.0},{"damage":3.0,"enemies":"Gremlin Gang","floor":14.0,"turns":4.0},{"damage":31.0,"enemies":"Slime Boss","floor":16.0,"turns":8.0},{"damage":16.0,"enemies":"Spheric Guardian","floor":18.0,"turns":4.0},{"damage":17.0,"enemies":"Chosen","floor":20.0,"turns":5.0},{"damage":32.0,"enemies":"3 Cultists","floor":22.0,"turns":5.0},{"damage":33.0,"enemies":"Slavers","floor":24.0,"turns":5.0},{"damage":9.0,"enemies":"Snake Plant","floor":28.0,"turns":3.0},{"damage":23.0,"enemies":"Cultist and Chosen","floor":29.0,"turns":6.0},{"damage":20.0,"enemies":"Snecko","floor":31.0,"turns":7.0},{"damage":3.0,"enemies":"Champ","floor":33.0,"turns":15.0},{"damage":0.0,"enemies":"Orb Walker","floor":35.0,"turns":4.0},{"damage":12.0,"enemies":"3 Darklings","floor":36.0,"turns":6.0},{"damage":0.0,"enemies":"4 Shapes","floor":37.0,"turns":9.0},{"damage":17.0,"enemies":"Transient","floor":38.0,"turns":6.0},{"damage":5.0,"enemies":"Spire Growth","floor":41.0,"turns":6.0},{"damage":18.0,"enemies":"Reptomancer","floor":42.0,"turns":9.0},{"damage":2.0,"enemies":"Giant Head","floor":44.0,"turns":9.0},{"damage":0.0,"enemies":"Jaw Worm Horde","floor":47.0,"turns":5.0},{"damage":0.0,"enemies":"4 Shapes","floor":48.0,"turns":4.0},{"damage":41.0,"enemies":"Time Eater","floor":50.0,"turns":15.0},{"damage":25.0,"enemies":"Shield and Spear","floor":54.0,"turns":14.0},{"damage":75,"enemies":"The Heart","floor":55,"turns":9}],"seed_played":"-5021477550048087631","potions_obtained":[{"floor":2.0,"key":"CultistPotion"},{"floor":7.0,"key":"PowerPotion"},{"floor":11.0,"key":"Explosive Potion"},{"floor":22.0,"key":"ColorlessPotion"},{"floor":29.0,"key":"Swift Potion"},{"floor":31.0,"key":"CultistPotion"},{"floor":36.0,"key":"Weak Potion"},{"floor":42.0,"key":"Swift Potion"}],"is_trial":false,"path_per_floor":["M","M","$","?","M","R","M","R","T","M","M","?","E","M","R","B",null,"M","?","M","$","M","R","E","R","T","?","M","M","?","M","R","B",null,"M","M","M","M","$","R","M","E","T","E","T","?","M","M","R","B",null,"R","$","E","B"],"character_chosen":"DEFECT","items_purchased":["FTL","Meat on the Bone","Membership Card","Reinforced Body","Hologram","Undo","Flash of Steel","Art of War","Ice Cream","Pantograph"],"campfire_rested":3,"item_purchase_floors":[3,3,21,21,39,39,39,39,53,53],"current_hp_per_floor":[42,29,29,29,41,41,36,36,36,46,45,45,37,46,46,27,60,44,44,39,39,19,40,19,40,40,40,43,32,32,24,45,42,64,64,52,52,47,47,47,42,36,36,46,46,46,46,46,46,17,58,58,58,45,0,0],"gold":33,"neow_bonus":"TWO_FIFTY_GOLD","is_daily":false,"chose_seed":false,"campfire_upgraded":5,"win_rate":0.0,"timestamp":1611067483,"path_taken":["M","M","$","?","M","R","M","R","T","M","M","?","E","M","R","BOSS","M","?","M","$","M","R","E","R","T","?","M","?","?","M","R","BOSS","M","M","M","M","$","R","M","E","T","E","?","?","M","M","R","BOSS","R","$","E","BOSS"],"items_purchased_type":["Card","Relic","Relic","Card","Card","Card","Card","Relic","Relic","Relic"],"build_version":"2020-12-22","purchased_purges":1,"victory":false,"max_hp_per_floor":[71,71,71,71,71,71,71,71,71,71,71,71,71,71,71,71,71,71,71,71,71,71,71,71,71,71,71,71,71,71,71,71,71,71,71,71,71,71,71,71,71,71,71,71,71,71,71,71,71,71,71,71,71,71,71,71],"relic_stats":{"Busted Crown":20,"counters":[29,180],"Sundial":[22],"Pantograph":25,"Tiny Chest":1,"StoneCalendar":[52],"Art of War":[15],"obtain_stats":[{"Ice Cream":53,"StoneCalendar":54,"The Courier":19,"Frozen Egg 2":44,"Akabeko":24,"Mercury Hourglass":9,"Nuclear Battery":17,"Anchor":43,"Busted Crown":34,"HornCleat":42,"Sundial":13,"Pantograph":53,"Tiny Chest":26,"Art of War":39,"Membership Card":21,"Cracked Core":0,"Meat on the Bone":3},{"Ice Cream":27,"StoneCalendar":28,"The Courier":10,"Frozen Egg 2":24,"Akabeko":13,"Mercury Hourglass":4,"Nuclear Battery":9,"Anchor":23,"Busted Crown":17,"HornCleat":23,"Sundial":7,"Pantograph":27,"Tiny Chest":13,"Art of War":21,"Membership Card":11,"Cracked Core":0,"Meat on the Bone":2},{"Ice Cream":157,"StoneCalendar":171,"The Courier":38,"Frozen Egg 2":133,"Akabeko":53,"Mercury Hourglass":12,"Nuclear Battery":34,"Anchor":124,"Busted Crown":84,"HornCleat":124,"Sundial":22,"Pantograph":157,"Tiny Chest":53,"Art of War":109,"Membership Card":43,"Cracked Core":0,"Meat on the Bone":5}],"Meat on the Bone":192,"Mercury Hourglass":[607]},"card_choices":[{"not_picked":["Beam Cell","Leap"],"picked":"Conserve Battery","floor":1.0},{"not_picked":["Conserve Battery","Beam Cell"],"picked":"Barrage","floor":2.0},{"not_picked":["Recycle","Turbo"],"picked":"Streamline","floor":5.0},{"not_picked":["Darkness","Loop"],"picked":"Coolheaded","floor":7.0},{"not_picked":["Tempest","Static Discharge"],"picked":"Rebound","floor":10.0},{"not_picked":["Storm","Beam Cell"],"picked":"Genetic Algorithm","floor":11.0},{"not_picked":["Redo","Gash"],"picked":"Machine Learning","floor":13.0},{"not_picked":["Undo","Conserve Battery"],"picked":"Sweeping Beam","floor":14.0},{"not_picked":["Core Surge","Multi-Cast"],"picked":"Echo Form","floor":16.0},{"not_picked":["Stack","Streamline"],"picked":"Compile Driver","floor":18.0},{"not_picked":["Loop","Barrage"],"picked":"Leap","floor":20.0},{"not_picked":["Sweeping Beam+1","Multi-Cast","Melter"],"picked":"SKIP","floor":22.0},{"not_picked":["Reprogram","Thunder Strike"],"picked":"Steam Power","floor":24.0},{"not_picked":["Beam Cell","Gash+1"],"picked":"Coolheaded","floor":28.0},{"not_picked":["Barrage","Ball Lightning"],"picked":"Coolheaded+1","floor":29.0},{"not_picked":["Leap","Loop","Redo"],"picked":"SKIP","floor":31.0},{"not_picked":["Fission","Rainbow"],"picked":"Buffer","floor":33.0},{"not_picked":["Chill"],"picked":"SKIP","floor":35.0},{"not_picked":["Streamline+1"],"picked":"SKIP","floor":36.0},{"not_picked":["Darkness"],"picked":"SKIP","floor":37.0},{"not_picked":["Heatsinks"],"picked":"SKIP","floor":38.0},{"not_picked":["Cold Snap"],"picked":"SKIP","floor":41.0},{"not_picked":["Barrage+1"],"picked":"SKIP","floor":42.0},{"not_picked":["Beam Cell+1"],"picked":"SKIP","floor":44.0},{"not_picked":["Chaos"],"picked":"SKIP","floor":47.0},{"not_picked":["Hologram"],"picked":"SKIP","floor":48.0},{"not_picked":[],"picked":"Reprogram","floor":54.0}],"player_experience":492827,"relics_obtained":[{"floor":9.0,"key":"Mercury Hourglass"},{"floor":13.0,"key":"Sundial"},{"floor":24.0,"key":"Akabeko"},{"floor":26.0,"key":"Tiny Chest"},{"floor":42.0,"key":"HornCleat"},{"floor":43.0,"key":"Anchor"},{"floor":44.0,"key":"Frozen Egg 2"},{"floor":54.0,"key":"StoneCalendar"}],"event_choices":[{"damage_healed":0.0,"max_hp_gain":0.0,"max_hp_loss":0.0,"gold_gain":0.0,"event_name":"Shining Light","player_choice":"Ignored","floor":4.0,"gold_loss":0.0,"damage_taken":0.0},{"damage_healed":0.0,"max_hp_gain":0.0,"max_hp_loss":0.0,"gold_gain":0.0,"cards_transformed":["Strike_B"],"event_name":"Transmorgrifier","player_choice":"Transformed","floor":12.0,"gold_loss":0.0,"damage_taken":0.0,"cards_obtained":["Reprogram"]},{"damage_healed":0.0,"max_hp_gain":0.0,"max_hp_loss":0.0,"gold_gain":0.0,"event_name":"Addict","player_choice":"Obtained Relic","floor":19.0,"gold_loss":85.0,"damage_taken":0.0,"relics_obtained":["The Courier"]},{"damage_healed":0.0,"max_hp_gain":0.0,"max_hp_loss":0.0,"gold_gain":0.0,"event_name":"Cursed Tome","player_choice":"Ignored","floor":27.0,"gold_loss":0.0,"damage_taken":0.0},{"damage_healed":0.0,"max_hp_gain":0.0,"max_hp_loss":0.0,"gold_gain":0.0,"event_name":"Upgrade Shrine","player_choice":"Upgraded","floor":30.0,"gold_loss":0.0,"damage_taken":0.0,"cards_upgraded":["Machine Learning"]},{"cards_removed":["Strike_B"],"damage_healed":0.0,"max_hp_gain":0.0,"max_hp_loss":0.0,"gold_gain":0.0,"event_name":"Bonfire Elementals","player_choice":"Offered Basic","floor":46.0,"gold_loss":0.0,"damage_taken":0.0}],"is_beta":false,"boss_relics":[{"not_picked":["Black Star","Sozu"],"picked":"Nuclear Battery"},{"not_picked":["Inserter","FrozenCore"],"picked":"Busted Crown"}],"items_purged_floors":[39],"is_endless":false,"potions_floor_spawned":[2,7,11,14,22,29,31,36,42,47],"killed_by":"The Heart","ascension_level":19}}