{"host":"6z37w3v1wo6fteqs","time":1611014795,"event":{"mods":["AchievementEnabler","BaseMod","Minty Spire (QoL Compilation)","Relic Stats"],"gold_per_floor":[113,113,129,147,147,173,173,196,196,215,14,14,25,25,25,120,120,140,140,159,172,187,214,214,227,227,246,246,88,121,121,121,222,222,236,248,299,299,152,177,177,196,247,247,100,134,134,152,152,152,152,152,12,41,41],"floor_reached":56,"language":"ENG","playtime":6725,"items_purged":["Strike_P"],"score":1295,"play_id":"0db79278-8289-47f3-abab-37a3c77d9d8c","local_time":"20210118160635","is_ascension_mode":false,"campfire_choices":[{"data":"Wallop","floor":7,"key":"SMITH"},{"data":"Nirvana","floor":12,"key":"SMITH"},{"data":"WheelKick","floor":15,"key":"SMITH"},{"data":"Omniscience","floor":24,"key":"SMITH"},{"data":"Meditate","floor":32,"key":"SMITH"},{"floor":41,"key":"RECALL"},{"data":"Weave","floor":44,"key":"SMITH"},{"data":"Tantrum","floor":49,"key":"SMITH"},{"data":"Vault","floor":52,"key":"SMITH"}],"circlet_count":0,"master_deck":["Defend_P","Defend_P","Defend_P","Eruption+1","Vigilance","Halt","JustLucky","FlurryOfBlows","Crescendo","Wallop+1","WheelKick+1","JustLucky","Nirvana+1","Meditate+1","Omniscience+1","WaveOfTheHand+1","SandsOfTime+1","Adaptation+1","Tantrum+1","CutThroughFate","ThirdEye","JustLucky","JustLucky","Weave+1","Establishment","ClearTheMind","J.A.X.","Vault+1","JustLucky+1","Meditate"],"relics":["PureWater","NeowsBlessing","Potion Belt","Bag of Preparation","Ornamental Fan","Astrolabe","Mango","Pear","White Beast Statue","Busted Crown","Thread and Needle","Centennial Puzzle","Pantograph","Lantern","Vajra","Sundial"],"acts_visited":["Exordium","TheCity","TheBeyond","TheEnding"],"potions_floor_usage":[6,23,37,38,50,54,55,55,55],"damage_taken":[{"damage":0,"enemies":"Small Slimes","floor":1,"turns":1},{"damage":0,"enemies":"Cultist","floor":3,"turns":1},{"damage":0,"enemies":"2 Louse","floor":4,"turns":1},{"damage":28,"enemies":"Lagavulin","floor":6,"turns":6},{"damage":0,"enemies":"Exordium Wildlife","floor":10,"turns":3},{"damage":0,"enemies":"Looter","floor":13,"turns":2},{"damage":15,"enemies":"Slime Boss","floor":16,"turns":5},{"damage":0,"enemies":"3 Byrds","floor":18,"turns":5},{"damage":0,"enemies":"2 Thieves","floor":20,"turns":2},{"damage":0,"enemies":"Shelled Parasite and Fungi","floor":21,"turns":3},{"damage":0,"enemies":"Cultist and Chosen","floor":22,"turns":4},{"damage":1,"enemies":"Gremlin Leader","floor":23,"turns":6},{"damage":4,"enemies":"3 Cultists","floor":25,"turns":5},{"damage":3,"enemies":"Snake Plant","floor":27,"turns":4},{"damage":1,"enemies":"Book of Stabbing","floor":30,"turns":4},{"damage":49,"enemies":"Collector","floor":33,"turns":8},{"damage":0,"enemies":"3 Shapes","floor":35,"turns":2},{"damage":4,"enemies":"Orb Walker","floor":36,"turns":3},{"damage":3,"enemies":"2 Orb Walkers","floor":37,"turns":3},{"damage":6,"enemies":"Nemesis","floor":40,"turns":3},{"damage":0,"enemies":"Transient","floor":42,"turns":5},{"damage":3,"enemies":"Reptomancer","floor":46,"turns":5},{"damage":4,"enemies":"4 Shapes","floor":48,"turns":3},{"damage":13,"enemies":"Time Eater","floor":50,"turns":7},{"damage":3,"enemies":"Shield and Spear","floor":54,"turns":3},{"damage":34,"enemies":"The Heart","floor":55,"turns":7}],"seed_played":"-7927388511226723234","potions_obtained":[{"floor":1,"key":"BlessingOfTheForge"},{"floor":13,"key":"BottledMiracle"},{"floor":20,"key":"FairyPotion"},{"floor":22,"key":"SpeedPotion"},{"floor":23,"key":"Dexterity Potion"},{"floor":25,"key":"DistilledChaos"},{"floor":30,"key":"LiquidBronze"},{"floor":36,"key":"Fruit Juice"},{"floor":37,"key":"SkillPotion"},{"floor":38,"key":"Ambrosia"},{"floor":38,"key":"LiquidMemories"},{"floor":46,"key":"CultistPotion"},{"floor":54,"key":"Fire Potion"}],"is_trial":false,"path_per_floor":["M","?","M","M","?","E","R","T","T","M","$","R","M","$","R","B",null,"M","?","M","M","M","E","R","M","T","M","?","$","E","?","R","B",null,"M","M","?","?","$","E","R","M","T","R","$","E","?","M","R","B",null,"R","$","E","B",null],"character_chosen":"WATCHER","items_purchased":["JustLucky","Nirvana","Establishment","Centennial Puzzle","Lantern","Meditate","CultistPotion"],"campfire_rested":0,"item_purchase_floors":[11,11,29,39,45,53,53],"current_hp_per_floor":[72,72,72,72,72,44,44,44,44,44,44,44,44,44,44,29,72,72,72,72,72,72,85,85,81,91,88,88,88,87,87,87,38,96,96,92,89,94,94,88,88,88,88,88,88,85,75,71,71,83,101,101,101,98,67],"gold":41,"neow_bonus":"THREE_ENEMY_KILL","is_daily":false,"chose_seed":false,"campfire_upgraded":8,"win_rate":0.0,"timestamp":1611014795,"path_taken":["M","?","M","?","?","E","R","?","T","M","$","R","M","?","R","BOSS","M","?","M","?","M","E","R","M","T","M","?","$","E","?","R","BOSS","M","M","?","?","$","E","R","?","T","R","?","E","?","M","R","BOSS","R","$","E","BOSS"],"items_purchased_type":["Card","Card","Card","Relic","Relic","Card","Potion"],"build_version":"2020-12-22","purchased_purges":1,"victory":true,"max_hp_per_floor":[72,72,72,72,72,72,72,72,72,72,72,72,72,72,72,72,72,72,72,72,72,72,86,86,86,96,96,96,96,96,96,96,96,96,96,96,96,101,101,101,101,101,101,101,101,101,101,101,101,101,101,101,101,101,101],"relic_stats":{"Centennial Puzzle":[18],"Busted Crown":22,"counters":[26,101],"Ornamental Fan":[296],"Sundial":[0],"Astrolabe":["WaveOfTheHand","Pray","SandsOfTime"],"Pantograph":28,"Bag of Preparation":[44],"obtain_stats":[{"Potion Belt":6,"Lantern":45,"Pear":26,"NeowsBlessing":0,"Astrolabe":17,"Vajra":46,"Mango":23,"Thread and Needle":37,"Bag of Preparation":8,"White Beast Statue":30,"Centennial Puzzle":39,"Busted Crown":34,"Ornamental Fan":9,"Sundial":54,"Pantograph":40,"PureWater":0},{"Potion Belt":4,"Lantern":21,"Pear":13,"NeowsBlessing":0,"Astrolabe":7,"Vajra":22,"Mango":12,"Thread and Needle":19,"Bag of Preparation":4,"White Beast Statue":15,"Centennial Puzzle":19,"Busted Crown":16,"Ornamental Fan":4,"Sundial":25,"Pantograph":20,"PureWater":0},{"Potion Belt":9,"Lantern":76,"Pear":44,"NeowsBlessing":0,"Astrolabe":19,"Vajra":81,"Mango":39,"Thread and Needle":68,"Bag of Preparation":9,"White Beast Statue":52,"Centennial Puzzle":68,"Busted Crown":60,"Ornamental Fan":9,"Sundial":94,"Pantograph":71,"PureWater":0}]},"card_choices":[{"not_picked":["DeceiveReality","LikeWater"],"picked":"Halt","floor":1},{"not_picked":["Vengeance","BowlingBash"],"picked":"FlurryOfBlows","floor":3},{"not_picked":["Worship","LikeWater"],"picked":"Crescendo","floor":4},{"not_picked":["Fasting2","Consecrate"],"picked":"Wallop","floor":6},{"not_picked":["ThirdEye","Judgement"],"picked":"WheelKick","floor":10},{"not_picked":["Consecrate","Worship"],"picked":"Meditate","floor":13},{"not_picked":["Brilliance","DevaForm"],"picked":"Omniscience","floor":16},{"not_picked":["BowlingBash","JustLucky"],"picked":"Adaptation+1","floor":18},{"not_picked":["Crescendo","FollowUp"],"picked":"Tantrum","floor":20},{"not_picked":["Vengeance+1","CrushJoints"],"picked":"CutThroughFate","floor":21},{"not_picked":["Pray","Crescendo"],"picked":"ThirdEye","floor":22},{"not_picked":["Judgement","Protect","WreathOfFlame"],"picked":"SKIP","floor":23},{"not_picked":["FlyingSleeves","Scrawl"],"picked":"JustLucky","floor":25},{"not_picked":["FlurryOfBlows+1","Evaluate"],"picked":"JustLucky","floor":27},{"not_picked":["Pray","EmptyFist"],"picked":"ClearTheMind","floor":30},{"not_picked":["Judgement","Omniscience"],"picked":"Vault","floor":33},{"not_picked":["Indignation"],"picked":"SKIP","floor":35},{"not_picked":["SandsOfTime"],"picked":"SKIP","floor":36},{"not_picked":[],"picked":"JustLucky+1","floor":40},{"not_picked":["CrushJoints"],"picked":"SKIP","floor":42},{"not_picked":["Protect"],"picked":"SKIP","floor":46},{"not_picked":["ClearTheMind"],"picked":"SKIP","floor":48},{"not_picked":["Consecrate"],"picked":"SKIP","floor":54}],"player_experience":11820,"relics_obtained":[{"floor":6,"key":"Potion Belt"},{"floor":8,"key":"Bag of Preparation"},{"floor":9,"key":"Ornamental Fan"},{"floor":23,"key":"Mango"},{"floor":26,"key":"Pear"},{"floor":30,"key":"White Beast Statue"},{"floor":37,"key":"Thread and Needle"},{"floor":40,"key":"Pantograph"},{"floor":46,"key":"Vajra"},{"floor":54,"key":"Sundial"}],"event_choices":[{"damage_healed":0,"gold_gain":0,"cards_transformed":["Strike_P"],"player_choice":"Transformed","damage_taken":0,"max_hp_gain":0,"max_hp_loss":0,"event_name":"Transmorgrifier","floor":2,"gold_loss":0,"cards_obtained":["JustLucky"]},{"damage_healed":0,"gold_gain":0,"player_choice":"Grow","damage_taken":0,"max_hp_gain":0,"max_hp_loss":0,"event_name":"Living Wall","floor":5,"gold_loss":0,"cards_upgraded":["Eruption"]},{"cards_removed":["Pray"],"damage_healed":0,"gold_gain":0,"player_choice":"Offered Uncommon","damage_taken":0,"max_hp_gain":0,"max_hp_loss":0,"event_name":"Bonfire Elementals","floor":19,"gold_loss":0},{"damage_healed":0,"gold_gain":0,"player_choice":"Read","damage_taken":0,"max_hp_gain":0,"max_hp_loss":0,"event_name":"The Library","floor":28,"gold_loss":0,"cards_obtained":["Weave"]},{"damage_healed":0,"gold_gain":0,"player_choice":"Obtain J.A.X.","damage_taken":0,"max_hp_gain":0,"max_hp_loss":0,"event_name":"Drug Dealer","floor":31,"gold_loss":0,"cards_obtained":["J.A.X."]},{"damage_healed":0,"gold_gain":0,"player_choice":"Fight","damage_taken":0,"max_hp_gain":0,"max_hp_loss":0,"event_name":"Mysterious Sphere","floor":37,"gold_loss":0},{"damage_healed":0,"gold_gain":0,"player_choice":"Got Potions","damage_taken":0,"max_hp_gain":0,"max_hp_loss":0,"event_name":"Lab","floor":38,"gold_loss":0},{"damage_healed":0,"gold_gain":0,"player_choice":"Memory 3","damage_taken":10,"max_hp_gain":0,"max_hp_loss":0,"event_name":"SensoryStone","floor":47,"gold_loss":0}],"is_beta":false,"boss_relics":[{"not_picked":["SlaversCollar","Snecko Eye"],"picked":"Astrolabe"},{"not_picked":["Tiny House","Cursed Key"],"picked":"Busted Crown"}],"items_purged_floors":[11],"is_endless":false,"potions_floor_spawned":[1,13,20,22,23,25,30,33,35,36,37,40,42,46,48,54],"ascension_level":0}}