{"host":"hqxy2g3i5ker09hc","time":1611088493,"event":{"mods":["2.2 Compatiblity","AlwaysNeverKeys","Aspiration","BaseMod","Beaked The Cultist","Better Match","Better Note","Better Sensory Stone","Better Silent Start","Better Third Choice","Better-Laid Plans","CCEM","CatGirl Mod","Chen","Conspire","Fireblade Mod","GifTheSpireLib","Gold Saver","Hubris","Ironclad Rager","Minty Spire (QoL Compilation)","MostiFishMod","Permanent Neow","Quarter Circle Forward PUNCH!","Quick Restart","Replay The Spire","Shop Mod","Small Relic Pack","Spikes Relics","StSLib","Stuff the Spire","The Animator","The Bug Knight","The Forsaken","The Wild Card","vexMod"],"gold_per_floor":[764,764,184,199,21,21,21,21,21,296,296,326,336,355,355,452,452,464,261,243,0,12,12,12,12,12,12,27,43,61,81,81,81,81],"floor_reached":33,"language":"ENG","playtime":2051,"items_purged":[],"score":285,"play_id":"a6498817-4020-45ee-883c-cce91bbb3c35","local_time":"20210119213453","is_ascension_mode":true,"campfire_choices":[{"data":"Dual Wield","floor":6,"key":"SMITH"},{"data":"ReplayTheSpireMod:Brewmster","floor":8,"key":"SMITH"},{"data":"Magnetism","floor":11,"key":"SMITH"},{"data":"Apotheosis","floor":23,"key":"SMITH"},{"data":"Searing Blow","floor":27,"key":"SMITH"},{"floor":32,"key":"REST"}],"circlet_count":0,"master_deck":["Strike_R","Strike_R","Strike_R","Strike_R","Defend_R","Defend_R","Defend_R","Defend_R","Bash","Perfected Strike","Shrug It Off","Inflame","Magnetism+1","ReplayTheSpireMod:Brewmster+1","hubris:Insight","Apotheosis+1","Dual Wield+1","Flex","Searing Blow+1","Disarm","Perfected Strike","ReplayTheSpireMod:Muscle Training","Limit Break","MostiFishMod:HellRitual","Metallicize","Armaments","Berserk"],"relics":["Burning Blood","DaveBox","NeowsBlessing","SynthV:TestCard","Nunchaku","ReplayTheSpireMod:ShopPack","Membership Card","qcfpunch:Black_Training_Shirt","Bag of Preparation","Spirit Poop","Dodecahedron","StuffTheSpire:CocoNut","CCEMRelics:DerglesHeadphones","CCEMRelics:CocoNut","Prayer Wheel","Question Card"],"acts_visited":["Exordium","TheCity"],"potions_floor_usage":[16,18,18,18,22,22,22,28,28,28,29,29,29,30,30,33,33],"damage_taken":[{"damage":0,"enemies":"Small Slimes","floor":1,"turns":1},{"damage":0,"enemies":"Jaw Worm","floor":4,"turns":1},{"damage":2,"enemies":"Lagavulin","floor":12,"turns":2},{"damage":3,"enemies":"2 Louse","floor":13,"turns":4},{"damage":43,"enemies":"Lots of Slimes","floor":14,"turns":4},{"damage":17,"enemies":"Hexaghost","floor":16,"turns":8},{"damage":10,"enemies":"Spheric Guardian","floor":18,"turns":3},{"damage":27,"enemies":"2 Thieves","floor":20,"turns":4},{"damage":16,"enemies":"Centurion and Healer","floor":22,"turns":7},{"damage":40,"enemies":"Shelled Parasite and Fungi","floor":28,"turns":6},{"damage":25,"enemies":"3 Cultists","floor":29,"turns":6},{"damage":1,"enemies":"conspire:HollyBat","floor":30,"turns":6},{"damage":32,"enemies":"Snecko","floor":31,"turns":5},{"damage":35,"enemies":"conspire:MysteriousRune","floor":33,"turns":5}],"seed_played":"3531692638961396201","potions_obtained":[{"floor":13,"key":"Block Potion"},{"floor":14,"key":"LifebloodPotion"},{"floor":16,"key":"Death Potion"},{"floor":20,"key":"DuplicationPotion"},{"floor":28,"key":"Venom Potion"}],"is_trial":false,"path_per_floor":["M","?","$","M","$","R","$","R","T","?","R","E","M","M","R","B",null,"M","$","M","$","M","R","?","T","T","R","M","M","M","M","R","B"],"character_chosen":"IRONCLAD","items_purchased":["Shrug It Off","Inflame","Magnetism","Nunchaku","ReplayTheSpireMod:ShopPack","Membership Card","Flex","Dodecahedron","StuffTheSpire:CocoNut","CCEMRelics:DerglesHeadphones","CCEMRelics:CocoNut"],"campfire_rested":1,"item_purchase_floors":[3,3,3,3,3,5,5,19,19,21,21],"current_hp_per_floor":[80,80,80,80,80,80,80,80,80,80,80,80,80,43,43,32,80,76,83,62,67,57,69,69,69,69,81,47,28,33,7,34,0,0],"gold":81,"neow_bonus":"THREE_ENEMY_KILL","is_daily":false,"chose_seed":false,"campfire_upgraded":5,"win_rate":0.0,"timestamp":1611088493,"path_taken":["M","?","$","M","$","R","?","R","T","?","R","E","?","M","R","BOSS","M","$","M","$","?","R","?","?","T","R","M","M","M","M","R","BOSS"],"items_purchased_type":["Card","Card","Card","Relic","Relic","Relic","Card","Relic","Relic","Relic","Relic"],"build_version":"2020-12-22","purchased_purges":0,"victory":false,"max_hp_per_floor":[80,80,80,80,80,80,80,80,80,80,80,80,80,80,80,80,80,80,87,87,92,92,92,92,92,92,92,92,92,92,92,92,92,92],"card_choices":[{"not_picked":["Body Slam","Clash"],"picked":"Perfected Strike","floor":1},{"not_picked":["Transmutation","Magnetism","MostiFishMod:Awakening","Chrysalis"],"picked":"ReplayTheSpireMod:Brewmster","floor":3},{"not_picked":["Finesse","StuffTheSpire:FreeRealEstate","PanicButton","Replay:Parry"],"picked":"hubris:Insight","floor":3},{"not_picked":["Blind","MostiFishMod:ButterFly","vexMod:StairwayStrike","Discovery"],"picked":"Apotheosis","floor":3},{"not_picked":["Second Wind","Thunderclap","Heavy Blade","Shrug It Off"],"picked":"Dual Wield","floor":4},{"not_picked":["Armaments","Sentinel","MostiFishMod:RainCloud","Dark Embrace"],"picked":"Searing Blow","floor":12},{"not_picked":["Havoc","Dropkick","Defy Death","StuffTheSpire:RockThrow","Body Slam"],"picked":"SKIP","floor":13},{"not_picked":["Heavy Blade","Twin Strike","Pommel Strike","Replay:Undeath\u0027s Touch"],"picked":"Disarm","floor":14},{"not_picked":["Shockwave","Havoc","Second Wind","StuffTheSpire:Incineration+1"],"picked":"Perfected Strike","floor":18},{"not_picked":["StuffTheSpire:Incineration+1","Defy Death","Sword Boomerang","Warcry"],"picked":"ReplayTheSpireMod:Muscle Training","floor":20},{"not_picked":["Rage+1","Hemogenesis","Metallicize","Warcry","Body Slam"],"picked":"SKIP","floor":22},{"not_picked":["Reckless Charge","Clothesline","True Grit","Carnage+1","Armaments+1"],"picked":"Limit Break","floor":28},{"not_picked":["ReplayTheSpireMod:Corrosion Curse","Intimidate","Blood for Blood","Iron Wave","Havoc","Replay:Undeath\u0027s Touch"],"picked":"SKIP","floor":28},{"not_picked":["ReplayTheSpireMod:Strike From Hell","Havoc","Intimidate","Hemokinesis","Power Through"],"picked":"MostiFishMod:HellRitual","floor":29},{"not_picked":["Sword Boomerang","StuffTheSpire:Pyroclast+1","MostiFishMod:#F4004","Thunderclap","hubris:ReadiedAction+1"],"picked":"Metallicize","floor":29},{"not_picked":["Run Through","ReplayTheSpireMod:Corrosion Curse","Havoc+1","hubris:ReadiedAction","Spot Weakness"],"picked":"Armaments","floor":30},{"not_picked":["conspire:Charge+1","StuffTheSpire:Incineration","MostiFishMod:#F4004","Perfected Strike","Clash+1","Wild Strike"],"picked":"SKIP","floor":30},{"not_picked":["StuffTheSpire:BloodClot+1","Warcry","Run Through","Havoc","Whirlwind"],"picked":"Berserk","floor":31},{"not_picked":["Clash","Sever Soul","Heavy Blade","Abandon","True Grit+1","StuffTheSpire:Slingshot"],"picked":"SKIP","floor":31}],"player_experience":649649,"relics_obtained":[{"floor":1,"key":"SynthV:TestCard"},{"floor":9,"key":"qcfpunch:Black_Training_Shirt"},{"floor":12,"key":"Bag of Preparation"},{"floor":25,"key":"Prayer Wheel"},{"floor":26,"key":"Question Card"}],"event_choices":[{"cards_removed":["Strike_R"],"damage_healed":0,"gold_gain":0,"player_choice":"Purged","damage_taken":0,"max_hp_gain":0,"max_hp_loss":0,"event_name":"Purifier","floor":2,"gold_loss":0},{"damage_healed":0,"gold_gain":275,"player_choice":"Desecrate","damage_taken":0,"max_hp_gain":0,"max_hp_loss":0,"event_name":"Golden Shrine","floor":10,"gold_loss":0,"cards_obtained":["Regret"]},{"cards_removed":["Regret"],"damage_healed":0,"gold_gain":0,"player_choice":"Offered Curse","damage_taken":0,"relics_obtained":["Spirit Poop"],"max_hp_gain":0,"max_hp_loss":0,"event_name":"Bonfire Elementals","floor":15,"gold_loss":0},{"damage_healed":0,"gold_gain":0,"player_choice":"Ignored","damage_taken":0,"max_hp_gain":0,"max_hp_loss":0,"event_name":"betterNote:BetterNote","floor":24,"gold_loss":0,"cards_obtained":["Defend_G"]}],"is_beta":false,"boss_relics":[{"not_picked":["Runic Dome","ReplayTheSpireMod:DimensionalGlitch","HaiYi:Twilight"]}],"items_purged_floors":[],"is_endless":false,"potions_floor_spawned":[13,14,16,20,22,28],"killed_by":"conspire:MysteriousRune","ascension_level":1}}