{"host":"l4kdldlios54gl54","time":1611027104,"event":{"mods":["AchievementEnabler","BaseMod","Colored Map","Colored Powertips","Minty Spire (QoL Compilation)","Random Character Button"],"gold_per_floor":[117,130,55,55,105,138,157,176,176,37,53,53,71,89,89,89,89],"floor_reached":16,"language":"ENG","playtime":424,"items_purged":["Strike_R","Strike_R"],"score":258,"play_id":"3f0b2500-f623-4d32-9237-bf9eea5d8e5b","local_time":"20210119043144","is_ascension_mode":true,"campfire_choices":[{"data":"Demon Form","floor":15,"key":"SMITH"}],"circlet_count":0,"master_deck":["AscendersBane","Strike_R","Strike_R","Defend_R","Defend_R","Defend_R","Defend_R","Bash","Iron Wave","Cleave","Wild Strike","Inflame","Demon Form+1","Power Through","Havoc"],"relics":["Burning Blood","NeowsBlessing","Question Card","Mummified Hand"],"acts_visited":["Exordium"],"potions_floor_usage":[13],"damage_taken":[{"damage":0,"enemies":"Cultist","floor":1,"turns":1},{"damage":0,"enemies":"Jaw Worm","floor":2,"turns":1},{"damage":0,"enemies":"3 Sentries","floor":6,"turns":1},{"damage":8,"enemies":"2 Louse","floor":7,"turns":4},{"damage":18,"enemies":"Red Slaver","floor":8,"turns":5},{"damage":16,"enemies":"Blue Slaver","floor":11,"turns":4},{"damage":19,"enemies":"Exordium Thugs","floor":13,"turns":4},{"damage":11,"enemies":"Lots of Slimes","floor":14,"turns":5},{"damage":37,"enemies":"Hexaghost","floor":16,"turns":7}],"seed_played":"-3167832312162329111","potions_obtained":[{"floor":8,"key":"ColorlessPotion"},{"floor":13,"key":"Ancient Potion"},{"floor":14,"key":"Energy Potion"}],"is_trial":false,"path_per_floor":["M","M","$","$","?","E","M","M","T","$","M","?","M","M","R","B"],"character_chosen":"IRONCLAD","items_purchased":["Inflame"],"campfire_rested":0,"item_purchase_floors":[10],"current_hp_per_floor":[74,75,75,75,68,74,72,60,60,60,50,50,37,32,32,0,0],"gold":89,"neow_bonus":"THREE_ENEMY_KILL","is_daily":false,"chose_seed":false,"campfire_upgraded":1,"win_rate":0.0,"timestamp":1611027104,"path_taken":["M","M","?","$","?","E","M","M","T","$","?","?","M","M","R","BOSS"],"items_purchased_type":["Card"],"build_version":"2020-12-22","purchased_purges":2,"victory":false,"max_hp_per_floor":[75,75,75,75,75,75,75,75,75,75,75,75,75,75,75,75,75],"card_choices":[{"not_picked":["Armaments","Fire Breathing","Havoc"],"picked":"SKIP","floor":1},{"not_picked":["Iron Wave","Sword Boomerang","Anger"],"picked":"SKIP","floor":2},{"not_picked":["Metallicize","True Grit"],"picked":"Iron Wave","floor":6},{"not_picked":["Sentinel","Clash","Armaments"],"picked":"Cleave","floor":7},{"not_picked":["Combust","Clothesline","Dual Wield"],"picked":"Wild Strike","floor":8},{"not_picked":["Pommel Strike","Intimidate","Armaments"],"picked":"Demon Form","floor":11},{"not_picked":["True Grit","Carnage","Armaments"],"picked":"Power Through","floor":13},{"not_picked":["Rupture","Perfected Strike","Heavy Blade"],"picked":"Havoc","floor":14}],"player_experience":878860,"relics_obtained":[{"floor":6,"key":"Question Card"},{"floor":9,"key":"Mummified Hand"}],"event_choices":[{"damage_healed":0,"gold_gain":50,"player_choice":"Touch","damage_taken":7,"max_hp_gain":0,"max_hp_loss":0,"event_name":"FaceTrader","floor":5,"gold_loss":0},{"cards_removed":["Strike_R"],"damage_healed":0,"gold_gain":0,"player_choice":"Offered Basic","damage_taken":0,"max_hp_gain":0,"max_hp_loss":0,"event_name":"Bonfire Elementals","floor":12,"gold_loss":0}],"is_beta":false,"boss_relics":[],"items_purged_floors":[3,10],"is_endless":false,"potions_floor_spawned":[8,13,14],"killed_by":"Hexaghost","ascension_level":20}}