{"host":"vyjryxuuuxkt43k4","time":1611025234,"event":{"mods":["AchievementEnabler","BaseMod","Colored Map","DeckTracker","Keyboard Shortcuts","Minty Spire (QoL Compilation)","Permanent Neow","Quick Restart","Rare Cards Sparkle","StSLib","SuperFastMode","everything is the same but u backflip on backflip"],"gold_per_floor":[115,290,305,305,10,43,43,78,102,163,177,192,142,157,157,259,259,276,78,89,89,102,102,119,149,199,199,199,210,72,92,92,195,195,211,211,9,22,42,75,75,126,152,177,188,188,206,6,6,6,6,6,6,31,31],"floor_reached":56,"language":"KOR","playtime":4245,"items_purged":["Strike_R","Strike_R","Strike_R","Strike_R","Doubt"],"score":1261,"play_id":"0c586950-7005-47cc-9658-dea53eef9cb3","local_time":"20210119120034","is_ascension_mode":false,"campfire_choices":[{"data":"Body Slam","floor":7.0,"key":"SMITH"},{"data":"Rampage","floor":15.0,"key":"SMITH"},{"data":"Demon Form","floor":23.0,"key":"SMITH"},{"data":"Battle Trance","floor":27.0,"key":"SMITH"},{"data":"Feel No Pain","floor":32.0,"key":"SMITH"},{"data":"Evolve","floor":41.0,"key":"SMITH"},{"data":"Double Tap","floor":46.0,"key":"SMITH"},{"floor":49.0,"key":"RECALL"},{"data":"Power Through","floor":52.0,"key":"SMITH"}],"circlet_count":0,"master_deck":["Defend_R","Defend_R+1","Defend_R","Defend_R+1","Bash","Body Slam+1","Rampage+1","Power Through+1","Headbutt","Shrug It Off","Battle Trance+1","Second Wind","Double Tap+1","Warcry+1","Demon Form+1","Feel No Pain+1","Pummel+1","Pommel Strike+1","Intimidate+1","Evolve+1","Warcry+1","Havoc+1","Dual Wield+1","Seeing Red+1","Reckless Charge+1"],"relics":["Burning Blood","NeowsBlessing","Question Card","Smiling Mask","Potion Belt","MealTicket","Blue Candle","Cursed Key","TheAbacus","Meat on the Bone","Spirit Poop","Mark of Pain","Toolbox","Kunai","CaptainsWheel","War Paint","Molten Egg 2","Sling","Centennial Puzzle"],"acts_visited":["Exordium","TheCity","TheBeyond","TheEnding"],"potions_floor_usage":[],"damage_taken":[{"damage":0.0,"enemies":"Jaw Worm","floor":1.0,"turns":1.0},{"damage":0.0,"enemies":"Small Slimes","floor":3.0,"turns":1.0},{"damage":0.0,"enemies":"Gremlin Nob","floor":6.0,"turns":1.0},{"damage":35.0,"enemies":"3 Sentries","floor":8.0,"turns":10.0},{"damage":30.0,"enemies":"Lagavulin Event","floor":10.0,"turns":6.0},{"damage":0.0,"enemies":"2 Louse","floor":11.0,"turns":2.0},{"damage":8.0,"enemies":"2 Fungi Beasts","floor":12.0,"turns":4.0},{"damage":7.0,"enemies":"3 Louse","floor":14.0,"turns":4.0},{"damage":27.0,"enemies":"Slime Boss","floor":16.0,"turns":8.0},{"damage":0.0,"enemies":"Chosen","floor":18.0,"turns":3.0},{"damage":4.0,"enemies":"3 Byrds","floor":20.0,"turns":6.0},{"damage":0.0,"enemies":"Shelled Parasite and Fungi","floor":22.0,"turns":4.0},{"damage":21.0,"enemies":"Cultist and Chosen","floor":24.0,"turns":7.0},{"damage":31.0,"enemies":"Book of Stabbing","floor":25.0,"turns":6.0},{"damage":24.0,"enemies":"Sentry and Sphere","floor":29.0,"turns":6.0},{"damage":8.0,"enemies":"Snecko","floor":31.0,"turns":6.0},{"damage":62.0,"enemies":"Automaton","floor":33.0,"turns":9.0},{"damage":0.0,"enemies":"Orb Walker","floor":35.0,"turns":3.0},{"damage":9.0,"enemies":"3 Shapes","floor":38.0,"turns":4.0},{"damage":3.0,"enemies":"Jaw Worm Horde","floor":39.0,"turns":4.0},{"damage":61.0,"enemies":"Reptomancer","floor":40.0,"turns":7.0},{"damage":11.0,"enemies":"2 Orb Walkers","floor":42.0,"turns":5.0},{"damage":1.0,"enemies":"Nemesis","floor":44.0,"turns":5.0},{"damage":20.0,"enemies":"Writhing Mass","floor":45.0,"turns":5.0},{"damage":0.0,"enemies":"Sphere and 2 Shapes","floor":47.0,"turns":5.0},{"damage":4.0,"enemies":"Donu and Deca","floor":50.0,"turns":6.0},{"damage":49.0,"enemies":"Shield and Spear","floor":54.0,"turns":6.0},{"damage":16,"enemies":"The Heart","floor":55,"turns":8}],"seed_played":"-7673620430930951967","potions_obtained":[{"floor":3.0,"key":"Energy Potion"},{"floor":8.0,"key":"GamblersBrew"},{"floor":10.0,"key":"FairyPotion"},{"floor":14.0,"key":"SkillPotion"},{"floor":18.0,"key":"GamblersBrew"},{"floor":22.0,"key":"SkillPotion"},{"floor":33.0,"key":"SkillPotion"},{"floor":35.0,"key":"SkillPotion"},{"floor":39.0,"key":"LiquidMemories"},{"floor":40.0,"key":"ElixirPotion"},{"floor":44.0,"key":"ColorlessPotion"},{"floor":47.0,"key":"Weak Potion"}],"is_trial":false,"path_per_floor":["M","?","M","?","$","E","R","E","T","?","M","M","$","M","R","B",null,"M","$","M","?","M","R","M","E","T","R","?","M","$","M","R","B",null,"M","?","$","M","M","E","R","?","T","E","M","R","M","$","R","B",null,"R","$","E","B",null],"character_chosen":"IRONCLAD","items_purchased":["Question Card","Power Through","TheAbacus","Feel No Pain","BloodPotion","Toolbox","Sling"],"campfire_rested":0,"item_purchase_floors":[5,5,19,30,30,37,48],"current_hp_per_floor":[80,80,80,73,73,79,79,50,50,26,32,30,45,44,44,23,80,80,80,80,65,71,71,56,31,31,31,31,25,57,55,55,43,85,85,85,85,82,85,42,42,49,49,54,52,52,58,73,73,75,85,85,85,54,56],"gold":31,"neow_bonus":"THREE_ENEMY_KILL","is_daily":false,"chose_seed":false,"campfire_upgraded":8,"win_rate":0.0,"timestamp":1611025234,"path_taken":["M","?","M","?","?","E","R","E","T","?","M","M","$","M","R","BOSS","M","$","M","?","M","R","M","E","T","R","?","M","$","?","R","BOSS","M","?","$","M","M","E","R","?","T","E","M","R","M","$","R","BOSS","R","$","E","BOSS"],"items_purchased_type":["Relic","Card","Relic","Card","Potion","Relic","Relic"],"build_version":"2020-12-22","purchased_purges":5,"victory":true,"max_hp_per_floor":[80,80,80,80,80,80,80,80,80,80,80,80,80,80,80,80,80,80,80,80,85,85,85,85,85,85,85,85,85,85,85,85,85,85,85,85,85,85,85,85,85,85,85,85,85,85,85,85,85,85,85,85,85,85,85],"card_choices":[{"not_picked":["Flex","Seeing Red"],"picked":"Body Slam","floor":1.0},{"not_picked":["Armaments","Flex"],"picked":"Rampage","floor":3.0},{"not_picked":["Flex","Wild Strike","True Grit","Sentinel"],"picked":"SKIP","floor":6.0},{"not_picked":["Perfected Strike","Warcry","Armaments"],"picked":"Headbutt","floor":8.0},{"not_picked":["Warcry","Flex","Spot Weakness"],"picked":"Shrug It Off","floor":11.0},{"not_picked":["Juggernaut","Combust","Infernal Blade"],"picked":"Battle Trance","floor":12.0},{"not_picked":["Havoc","Wild Strike","Pommel Strike"],"picked":"Second Wind","floor":14.0},{"not_picked":["Impervious","Demon Form","Immolate"],"picked":"Double Tap","floor":16.0},{"not_picked":["Perfected Strike","Spot Weakness","Twin Strike"],"picked":"Warcry+1","floor":18.0},{"not_picked":["Wild Strike","Flex","Anger","Twin Strike"],"picked":"SKIP","floor":20.0},{"not_picked":["Iron Wave","Clothesline","Clash"],"picked":"Demon Form","floor":22.0},{"not_picked":["Headbutt","Perfected Strike","Anger","Twin Strike"],"picked":"SKIP","floor":24.0},{"not_picked":["Rampage","Searing Blow","Twin Strike+1","Clash"],"picked":"SKIP","floor":25.0},{"not_picked":["Burning Pact","Battle Trance","Perfected Strike+1","Shrug It Off"],"picked":"SKIP","floor":29.0},{"not_picked":["Shrug It Off","Anger+1","Shockwave"],"picked":"Pummel+1","floor":31.0},{"not_picked":["Thunderclap","Iron Wave+1","Heavy Blade"],"picked":"Pommel Strike+1","floor":35.0},{"not_picked":["Impervious","Iron Wave","Perfected Strike"],"picked":"Intimidate+1","floor":38.0},{"not_picked":["Thunderclap","Heavy Blade","Iron Wave"],"picked":"Evolve","floor":39.0},{"not_picked":["Hemokinesis","Clothesline+1","True Grit"],"picked":"Warcry+1","floor":40.0},{"not_picked":["Warcry+1","Thunderclap+1","Clash"],"picked":"Havoc+1","floor":42.0},{"not_picked":["Thunderclap+1","Sword Boomerang+1","Immolate+1"],"picked":"Dual Wield+1","floor":44.0},{"not_picked":["True Grit","Pummel+1","Body Slam+1"],"picked":"Seeing Red+1","floor":45.0},{"not_picked":["Rupture","Sever Soul+1","Clash+1","Dual Wield+1"],"picked":"SKIP","floor":47.0},{"not_picked":["Carnage+1","Thunderclap+1","Juggernaut"],"picked":"Reckless Charge+1","floor":54.0}],"player_experience":123914,"relics_obtained":[{"floor":6.0,"key":"Smiling Mask"},{"floor":8.0,"key":"Potion Belt"},{"floor":9.0,"key":"MealTicket"},{"floor":10.0,"key":"Blue Candle"},{"floor":25.0,"key":"Meat on the Bone"},{"floor":40.0,"key":"Kunai"},{"floor":42.0,"key":"CaptainsWheel"},{"floor":43.0,"key":"War Paint"},{"floor":44.0,"key":"Molten Egg 2"},{"floor":54.0,"key":"Centennial Puzzle"}],"event_choices":[{"damage_healed":0.0,"max_hp_gain":0.0,"max_hp_loss":0.0,"gold_gain":175.0,"event_name":"Liars Game","player_choice":"AGREE","floor":2.0,"gold_loss":0.0,"damage_taken":0.0,"cards_obtained":["Doubt"]},{"cards_removed":["Doubt"],"damage_healed":0.0,"max_hp_gain":0.0,"max_hp_loss":0.0,"gold_gain":0.0,"event_name":"Golden Wing","player_choice":"Card Removal","floor":4.0,"gold_loss":0.0,"damage_taken":7.0},{"damage_healed":0.0,"max_hp_gain":0.0,"max_hp_loss":0.0,"gold_gain":0.0,"event_name":"Dead Adventurer","player_choice":"Searched \u00271\u0027 times","floor":10.0,"gold_loss":0.0,"damage_taken":0.0},{"damage_healed":0.0,"max_hp_gain":5.0,"max_hp_loss":0.0,"gold_gain":0.0,"event_name":"Forgotten Altar","player_choice":"Shed Blood","floor":21.0,"gold_loss":0.0,"damage_taken":20.0},{"cards_removed":["Pain"],"damage_healed":0.0,"max_hp_gain":0.0,"max_hp_loss":0.0,"gold_gain":0.0,"event_name":"Bonfire Elementals","player_choice":"Offered Curse","floor":28.0,"gold_loss":0.0,"damage_taken":0.0,"relics_obtained":["Spirit Poop"]},{"cards_removed":["Strike_R"],"damage_healed":0.0,"max_hp_gain":0.0,"max_hp_loss":0.0,"gold_gain":0.0,"event_name":"Falling","player_choice":"Removed Attack","floor":36.0,"gold_loss":0.0,"damage_taken":0.0},{"damage_healed":0.0,"max_hp_gain":0.0,"max_hp_loss":0.0,"gold_gain":0.0,"event_name":"Mysterious Sphere","player_choice":"Fight","floor":42.0,"gold_loss":0.0,"damage_taken":0.0}],"is_beta":false,"boss_relics":[{"not_picked":["Black Star","Busted Crown"],"picked":"Cursed Key"},{"not_picked":["Coffee Dripper","Runic Cube"],"picked":"Mark of Pain"}],"items_purged_floors":[13,19,30,37,48],"is_endless":false,"potions_floor_spawned":[3,8,10,14,18,22,33,35,39,40,44,47],"ascension_level":0}}