{"host":"8efry9zhj4tjp5kw","time":1611055564,"event":{"mods":["Act Like it!","Aspiration","Bard","BaseMod","Beaked The Cultist","Colored Map","Colored Powertips","Conspire","Downfall","Glutton Mod","Halation","Hallownest","Hermit","Highlight Path","Hubris","Infinite Spire","Jedi Mod","Jorbs\u0027s Wanderer Trilogy","Koishi","Mad Scientist","Marisa????????","Mimic Mod","Minty Spire (QoL Compilation)","Reworked Bosses","Shop Mod","StSLib","The Administrix","The Construct","The Disciple","The Elementalist","The Factory","The Jungle","The Mystic","The Necromancer","The Runesmith","The Servant 0.9.4","Unceasing Turn Reminder"],"gold_per_floor":[99,113,113,123,31,131,154,183,200,200,215,43,43,78,93,93,93],"floor_reached":16,"language":"ENG","playtime":948,"items_purged":["bronze:Strike"],"score":110,"play_id":"33340aeb-095b-4fd9-97d4-67290b6ae243","local_time":"20210119122604","is_ascension_mode":false,"campfire_choices":[{"data":"bronze:Replicate","floor":1.0,"key":"SMITH"},{"data":"bronze:DarkDash","floor":10.0,"key":"SMITH"},{"floor":13.0,"key":"REST"}],"circlet_count":0,"master_deck":["bronze:Strike","bronze:Strike","bronze:Strike","bronze:Defend","bronze:Defend","bronze:Defend","bronze:Defend","bronze:Replicate+1","bronze:Goto","bronze:DarkDash+1","bronze:Invalidate","bronze:FollowUp","bronze:Flail","bronze:ClassDefault","bronze:Frontload","bronze:FineTuning","bronze:BronzeArmor","bronze:Shell"],"relics":["bronze:BronzeCore","hubris:OldNail","beaked:ShinyBauble","aspiration:AnachronicSnailShell"],"acts_visited":["Exordium"],"potions_floor_usage":[16,16],"damage_taken":[{"damage":1.0,"enemies":"Jaw Worm","floor":2.0,"turns":3.0},{"damage":2.0,"enemies":"conspire:RoseBush","floor":4.0,"turns":3.0},{"damage":2.0,"enemies":"downfall:FleeingMerchant","floor":5.0,"turns":4.0},{"damage":24.0,"enemies":"Lagavulin","floor":8.0,"turns":6.0},{"damage":0.0,"enemies":"Small Slimes","floor":9.0,"turns":3.0},{"damage":17.0,"enemies":"Exordium Thugs","floor":11.0,"turns":3.0},{"damage":15.0,"enemies":"downfall:FleeingMerchant","floor":12.0,"turns":4.0},{"damage":35.0,"enemies":"3 Sentries","floor":14.0,"turns":8.0},{"damage":2.0,"enemies":"conspire:2 RoseBushes","floor":15.0,"turns":6.0},{"damage":5,"enemies":"IC_STATUS_ARCHETYPE","floor":16,"turns":4}],"seed_played":"5088387392235388475","potions_obtained":[{"floor":8.0,"key":"bronze:FreeFunctionsPotion"},{"floor":9.0,"key":"hexamod:SoulburnPotion"},{"floor":14.0,"key":"bronze:BurnAndBuffPotion"}],"is_trial":false,"path_per_floor":["R","M","?","M","$","?","T","E","M","R","M","$","R","E","M","B"],"character_chosen":"THE_AUTOMATON","items_purchased":["bronze:Flail","bronze:BronzeArmor"],"campfire_rested":1,"item_purchase_floors":[5,12],"current_hp_per_floor":[77,76,76,74,72,72,72,48,48,48,31,16,39,4,2,0,0],"gold":93,"neow_bonus":"TEN_PERCENT_HP_BONUS","is_daily":false,"chose_seed":false,"campfire_upgraded":2,"win_rate":0.0,"timestamp":1611055564,"path_taken":["R","M","?","M","?","?","T","E","M","R","M","$","R","E","M","BOSS"],"items_purchased_type":["Card","Card"],"build_version":"2020-12-22","purchased_purges":1,"victory":false,"max_hp_per_floor":[77,77,77,77,77,77,77,77,77,77,77,77,77,77,77,77,77],"card_choices":[{"not_picked":["bronze:BuggyMess","bronze:Repair"],"picked":"bronze:DarkDash","floor":2.0},{"not_picked":["bronze:Safeguard","bronze:Branch"],"picked":"bronze:Invalidate","floor":4.0},{"not_picked":["bronze:BuggyMess","bronze:Branch"],"picked":"bronze:FollowUp","floor":5.0},{"not_picked":["bronze:NullPointer","bronze:CloningBeam"],"picked":"bronze:ClassDefault","floor":8.0},{"not_picked":["bronze:OilSpill","bronze:WildBeam"],"picked":"bronze:Frontload","floor":9.0},{"not_picked":["bronze:GetLatest","bronze:Safeguard"],"picked":"bronze:FineTuning","floor":11.0},{"not_picked":["bronze:ThunderWave","bronze:BugBarrage","bronze:BurnOut"],"picked":"SKIP","floor":12.0},{"not_picked":["bronze:Frontload","bronze:WhirlingStrike","bronze:Backtrace"],"picked":"SKIP","floor":14.0},{"not_picked":["bronze:DelayedSlice","bronze:NullPointer"],"picked":"bronze:Shell","floor":15.0}],"player_experience":1065520,"relics_obtained":[{"floor":7.0,"key":"hubris:OldNail"},{"floor":8.0,"key":"beaked:ShinyBauble"},{"floor":14.0,"key":"aspiration:AnachronicSnailShell"}],"event_choices":[],"is_beta":false,"boss_relics":[],"items_purged_floors":[12],"is_endless":false,"potions_floor_spawned":[8,9,14],"killed_by":"IC_STATUS_ARCHETYPE","ascension_level":0}}