{"host":"fmwbmnqnrup981we","time":1611077371,"event":{"mods":["AchievementEnabler","Act Like it!","Alarm Clock","BaseMod","Better Altar","Better Match","Better Note","Better Skull","Better Synergies","Better Third Choice","Better Vampires","Block Reminder","Curses Come First","Displayed Cursed Tome","Downfall","Duelist Mod","Ekko","Elementarium","GungeonMod","HexUI Lib","HornydragonMod","Kratos Character Expansion","Marked Mod","Minty Spire (QoL Compilation)","Pikachu Mod","Poor People Problems","Quick Restart","Relic Stats","SIMod","StSLib","The Bug Knight","The Death Knight","The Forsaken","The Marked","The Necromancer","The Runesmith","The Servant 0.9.4","The Wild Card","TheHero","TheVacant","TheVelvet","Thieving Mod","Transform Curses","Waifu the Spire","Yuri Mod","everything is the same but u backflip on backflip"],"gold_per_floor":[119,119,169,219,237,237,271,285,285,304,354,354,404,416,416,516,566,585,635,685,735,754,754,785,804,804,324,324,342,342,375,375,474,474,489,509,609,629,640,669,669,669],"floor_reached":41,"language":"ENG","playtime":1488,"items_purged":["Regret"],"score":613,"play_id":"ee64df41-aacb-4b01-8cba-7124211600f3","local_time":"20210119172931","is_ascension_mode":true,"campfire_choices":[{"floor":6.0,"key":"RECALL"},{"floor":12.0,"key":"REST"},{"data":"theWildCard:Metatron","floor":15.0,"key":"SMITH"},{"floor":23.0,"key":"REST"},{"floor":28.0,"key":"REST"},{"floor":30.0,"key":"REST"},{"floor":32.0,"key":"REST"}],"circlet_count":0,"master_deck":["Strike_P","Strike_P","Strike_P+1","Strike_P","Defend_P","Defend_P","Defend_P","Defend_P","Eruption","Vigilance","FlurryOfBlows+1","Consecrate","TalkToTheHand+1","theWildCard:Metatron+1","Alpha+1","Weave","Madness+1","ForeignInfluence","JustLucky","Apotheosis","Halt","JustLucky","FlurryOfBlows","Prostrate","BattleHymn","JustLucky","Judgement","FlurryOfBlows+1","Weave+1","DevaForm","TalkToTheHand+1","Consecrate+1"],"relics":["PureWater","Juzu Bracelet","SsserpentHead","Pear","FossilizedHelix","GoldenEye","Dream Catcher","Tiny House","DeathKnight:PutricidesVial","DemoMod:Bottle","Orrery","DemoMod:BlueGuonStone","theForsaken:PaleLantern","TungstenRod","DemoMod:GlassGuonStoneRelic","DemoMod:WeirdEgg"],"acts_visited":["Exordium","TheCity","TheBeyond"],"potions_floor_usage":[37,37],"damage_taken":[{"damage":1.0,"enemies":"Cultist","floor":1.0,"turns":3.0},{"damage":0.0,"enemies":"Jaw Worm","floor":5.0,"turns":2.0},{"damage":31.0,"enemies":"Gremlin Nob","floor":7.0,"turns":5.0},{"damage":9.0,"enemies":"Small Slimes","floor":8.0,"turns":4.0},{"damage":1.0,"enemies":"Blue Slaver","floor":10.0,"turns":4.0},{"damage":4.0,"enemies":"3 Louse","floor":14.0,"turns":2.0},{"damage":0.0,"enemies":"Slime Boss","floor":16.0,"turns":5.0},{"damage":39.0,"enemies":"2 Thieves","floor":18.0,"turns":2.0},{"damage":0.0,"enemies":"Shell Parasite","floor":22.0,"turns":6.0},{"damage":32.0,"enemies":"Gremlin Leader","floor":24.0,"turns":5.0},{"damage":24.0,"enemies":"Snake Plant","floor":25.0,"turns":6.0},{"damage":0.0,"enemies":"Cultist and Chosen","floor":29.0,"turns":6.0},{"damage":28.0,"enemies":"Slavers","floor":31.0,"turns":3.0},{"damage":11.0,"enemies":"Collector","floor":33.0,"turns":7.0},{"damage":14,"enemies":"3 Darklings","floor":35,"turns":6},{"damage":2,"enemies":"3 Shapes","floor":36,"turns":3},{"damage":12,"enemies":"Mind Bloom Boss Battle","floor":37,"turns":8},{"damage":22,"enemies":"Spire Growth","floor":38,"turns":6},{"damage":0,"enemies":"Jaw Worm Horde","floor":39,"turns":2},{"damage":30,"enemies":"Reptomancer","floor":40,"turns":6},{"damage":13,"enemies":"Transient","floor":41,"turns":4}],"seed_played":"7117768384264484544","potions_obtained":[{"floor":1.0,"key":"BlessingOfTheForge"},{"floor":8.0,"key":"Energy Potion"},{"floor":10.0,"key":"champ:CounterPotion"},{"floor":14.0,"key":"Strength Potion"},{"floor":17.0,"key":"FairyPotion"},{"floor":22.0,"key":"DuplicationPotion"},{"floor":24.0,"key":"DuplicationPotion"},{"floor":25.0,"key":"BlessingOfTheForge"},{"floor":29.0,"key":"Explosive Potion"},{"floor":31.0,"key":"Energy Potion"},{"floor":36,"key":"Dexterity Potion"},{"floor":38,"key":"ThievingMod:ThievingPotion"},{"floor":40,"key":"GamblersBrew"}],"is_trial":false,"path_per_floor":["M","?","?","?","M","R","E","M","T","M","?","R","T","M","R","B",null,"M","?","?","?","M","R","E","M","T","$","R","M","R","E","R","B",null,"M","M","?","M","M","E","M"],"character_chosen":"WATCHER","items_purchased":["Apotheosis","Halt","JustLucky","Orrery"],"campfire_rested":5,"item_purchase_floors":[27,27,27,27],"current_hp_per_floor":[71,71,81,81,81,81,50,41,41,40,40,64,64,60,60,60,87,48,48,22,22,22,48,16,19,19,19,45,45,71,43,69,58,87,73,71,59,37,37,7,0,0],"gold":669,"neow_bonus":"RANDOM_COMMON_RELIC","is_daily":false,"chose_seed":false,"campfire_upgraded":1,"win_rate":0.0,"timestamp":1611077371,"path_taken":["M","?","?","?","M","R","E","M","T","M","?","R","?","M","R","BOSS","M","?","?","?","M","R","E","M","T","$","R","M","R","E","R","BOSS","M","M","?","M","M","E","M"],"items_purchased_type":["Card","Card","Card","Relic"],"build_version":"2020-12-22","purchased_purges":1,"victory":false,"max_hp_per_floor":[72,72,82,82,82,82,82,82,82,82,82,82,82,82,82,82,87,87,87,87,87,87,87,87,87,87,87,87,87,87,87,87,87,87,87,87,87,87,87,87,87,87],"relic_stats":{"SsserpentHead":400,"Dream Catcher":4,"counters":[21,95],"Juzu Bracelet":3,"GoldenEye":[46],"obtain_stats":[{"DemoMod:BlueGuonStone":31,"Pear":3,"Tiny House":17,"DemoMod:WeirdEgg":40,"DemoMod:GlassGuonStoneRelic":1,"theForsaken:PaleLantern":34,"Juzu Bracelet":0,"GoldenEye":7,"SsserpentHead":2,"Dream Catcher":13,"DeathKnight:PutricidesVial":24,"Orrery":27,"PureWater":0,"DemoMod:Bottle":26,"FossilizedHelix":4,"TungstenRod":37},{"DemoMod:BlueGuonStone":13,"Pear":1,"Tiny House":7,"DemoMod:WeirdEgg":20,"DemoMod:GlassGuonStoneRelic":1,"theForsaken:PaleLantern":14,"Juzu Bracelet":0,"GoldenEye":3,"SsserpentHead":1,"Dream Catcher":5,"DeathKnight:PutricidesVial":10,"Orrery":11,"PureWater":0,"DemoMod:Bottle":11,"FossilizedHelix":1,"TungstenRod":17},{"DemoMod:BlueGuonStone":53,"Pear":3,"Tiny House":25,"DemoMod:WeirdEgg":91,"DemoMod:GlassGuonStoneRelic":3,"theForsaken:PaleLantern":60,"Juzu Bracelet":0,"GoldenEye":10,"SsserpentHead":3,"Dream Catcher":18,"DeathKnight:PutricidesVial":38,"Orrery":44,"PureWater":0,"DemoMod:Bottle":44,"FossilizedHelix":3,"TungstenRod":77}],"TungstenRod":7},"card_choices":[{"not_picked":["PathToVictory","Halt"],"picked":"FlurryOfBlows","floor":1.0},{"not_picked":["LikeWater","CutThroughFate","Vengeance"],"picked":"SKIP","floor":5.0},{"not_picked":["CarveReality","WheelKick"],"picked":"Consecrate","floor":7.0},{"not_picked":["MarkedMod:FirstStrike","Wireheading"],"picked":"TalkToTheHand","floor":8.0},{"not_picked":["DeceiveReality","Protect","EmptyMind"],"picked":"SKIP","floor":10.0},{"not_picked":["Vengeance","Fasting2","Wallop"],"picked":"SKIP","floor":14.0},{"not_picked":["MarkedMod:NorthStar","Vault"],"picked":"Alpha","floor":16.0},{"not_picked":["Collect+1","Wallop"],"picked":"Weave","floor":18.0},{"not_picked":["MarkedMod:GracefulMovements","MarkedMod:NorthStar","MarkedMod:Acupuncture+1"],"picked":"SKIP","floor":22.0},{"not_picked":["ThirdEye","ClearTheMind"],"picked":"ForeignInfluence","floor":23.0},{"not_picked":["EmptyBody","MarkedMod:Acupuncture+1","ClearTheMind+1"],"picked":"SKIP","floor":24.0},{"not_picked":["MarkedMod:PinPointDefense+1","Sanctity"],"picked":"JustLucky","floor":25.0},{"not_picked":["Perseverance","FollowUp"],"picked":"FlurryOfBlows","floor":27.0},{"not_picked":["EmptyMind","Conclude"],"picked":"Prostrate","floor":27.0},{"not_picked":["Worship","Tantrum"],"picked":"BattleHymn","floor":27.0},{"not_picked":["Protect","SignatureMove"],"picked":"JustLucky","floor":27.0},{"not_picked":["Wallop","Study"],"picked":"Judgement","floor":27.0},{"not_picked":["BowlingBash","Evaluate"],"picked":"FlurryOfBlows+1","floor":28.0},{"not_picked":["ForeignInfluence","WindmillStrike","SashWhip"],"picked":"SKIP","floor":29.0},{"not_picked":["InnerPeace","SignatureMove"],"picked":"Weave+1","floor":31.0},{"not_picked":["ConjureBlade","MarkedMod:NorthStar"],"picked":"DevaForm","floor":33.0},{"not_picked":["MarkedMod:FirstStrike","BowlingBash"],"picked":"TalkToTheHand+1","floor":35},{"not_picked":["Evaluate","ClearTheMind+1","Perseverance"],"picked":"SKIP","floor":36},{"not_picked":["Evaluate","ClearTheMind+1","Perseverance"],"picked":"SKIP","floor":36},{"not_picked":["FollowUp+1","MarkedMod:OneThousandNeedles+1"],"picked":"Consecrate+1","floor":37},{"not_picked":["Pray+1","EmptyBody","EmptyFist"],"picked":"SKIP","floor":38},{"not_picked":["MarkedMod:GentlePulse+1","MentalFortress+1","SpiritShield"],"picked":"SKIP","floor":39},{"not_picked":["Wish","BattleHymn","MarkedMod:NorthStar"],"picked":"SKIP","floor":40}],"player_experience":458935,"relics_obtained":[{"floor":7.0,"key":"GoldenEye"},{"floor":13.0,"key":"Dream Catcher"},{"floor":24.0,"key":"DeathKnight:PutricidesVial"},{"floor":26.0,"key":"DemoMod:Bottle"},{"floor":31.0,"key":"DemoMod:BlueGuonStone"},{"floor":37,"key":"TungstenRod"},{"floor":40,"key":"DemoMod:WeirdEgg"}],"event_choices":[{"damage_healed":0.0,"max_hp_gain":0.0,"max_hp_loss":0.0,"gold_gain":0.0,"event_name":"FaceTrader","player_choice":"Trade","floor":2.0,"gold_loss":0.0,"damage_taken":0.0,"relics_obtained":["SsserpentHead"]},{"damage_healed":0.0,"max_hp_gain":0.0,"max_hp_loss":0.0,"gold_gain":0.0,"event_name":"Big Fish","player_choice":"Box","floor":3.0,"gold_loss":0.0,"damage_taken":0.0,"relics_obtained":["Pear"],"cards_obtained":["Regret"]},{"damage_healed":0.0,"max_hp_gain":0.0,"max_hp_loss":0.0,"gold_gain":0.0,"event_name":"WeMeetAgain","player_choice":"Gave Potion","floor":4.0,"gold_loss":0.0,"damage_taken":0.0,"relics_obtained":["FossilizedHelix"]},{"cards_removed":["theWildCard:Metatron"],"damage_healed":0.0,"max_hp_gain":0.0,"max_hp_loss":0.0,"gold_gain":0.0,"event_name":"betterNote:BetterNote","player_choice":"Take \u0026 Give","floor":19.0,"gold_loss":0.0,"damage_taken":0.0,"cards_obtained":["Madness"]},{"damage_healed":0,"gold_gain":0,"player_choice":"Fight","damage_taken":0,"max_hp_gain":0,"max_hp_loss":0,"event_name":"MindBloom","floor":37,"gold_loss":0}],"is_beta":false,"boss_relics":[{"not_picked":["Philosopher\u0027s Stone","VioletLotus"],"picked":"Tiny House"},{"not_picked":["Velvet Choker","Runesmith:UraniumAnvil"],"picked":"theForsaken:PaleLantern"}],"items_purged_floors":[27],"is_endless":false,"potions_floor_spawned":[1,8,10,14,22,24,25,29,31,36,38,40],"killed_by":"Transient","ascension_level":1}}