{"host":"o3nki8hvugtioqst","time":1611078111,"event":{"mods":["AchievementEnabler","BaseMod","Colored Map","Colored Powertips","Hubris","Infinite Spire","Minty Spire (QoL Compilation)","Quick Restart","Rare Cards Sparkle","Replay The Spire","StSLib","SuperFastMode","everything is the same but u backflip on backflip"],"gold_per_floor":[119,129,129,129,129,129,155,155,155,155,155,155,172,4,4,4,4],"floor_reached":16,"language":"ENG","playtime":449,"items_purged":[],"score":242,"play_id":"c37b648b-bdb4-4a9f-b1db-f579680bf1bd","local_time":"20210119194151","is_ascension_mode":true,"campfire_choices":[{"data":"Defend_P","floor":6.0,"key":"SMITH"},{"data":"Defend_P","floor":8.0,"key":"SMITH"},{"data":"Defend_P","floor":11.0,"key":"SMITH"},{"floor":15.0,"key":"REST"}],"circlet_count":0,"master_deck":["AscendersBane","Strike_P","Strike_P","Strike_P","Strike_P","Defend_P+1","Defend_P+1","Defend_P+1","Defend_P","Eruption","Vigilance","ThirdEye+1","Replay:Fractal Strike"],"relics":["PureWater","NeowsBlessing","hubris:Towel","hubris:ToyBattleship","Golden Egg","Juzu Bracelet"],"acts_visited":["Exordium"],"potions_floor_usage":[],"damage_taken":[{"damage":0.0,"enemies":"Cultist","floor":1.0,"turns":2.0},{"damage":0.0,"enemies":"2 Louse","floor":2.0,"turns":1.0},{"damage":0.0,"enemies":"Lagavulin","floor":7.0,"turns":1.0},{"damage":0.0,"enemies":"Jaw Worm","floor":13.0,"turns":4.0},{"damage":61,"enemies":"The Guardian","floor":16,"turns":15}],"seed_played":"-2301210976849342548","potions_obtained":[{"floor":13.0,"key":"DuplicationPotion"}],"is_trial":false,"path_per_floor":["M","M","?","?","$","R","E","R","T","$","R","?","M","$","R","B"],"character_chosen":"WATCHER","items_purchased":["Juzu Bracelet"],"campfire_rested":1,"item_purchase_floors":[14],"current_hp_per_floor":[61,61,61,61,61,61,61,61,61,61,61,44,44,44,64,3,3],"gold":4,"neow_bonus":"THREE_ENEMY_KILL","is_daily":false,"chose_seed":false,"campfire_upgraded":3,"win_rate":0.0,"timestamp":1611078111,"path_taken":["M","M","?","?","$","R","E","R","T","?","R","?","M","?","R","BOSS"],"items_purchased_type":["Relic"],"build_version":"2020-12-22","purchased_purges":0,"victory":false,"max_hp_per_floor":[68,68,68,68,68,68,68,68,68,68,68,68,68,68,68,68,68],"card_choices":[{"not_picked":["BowlingBash","CrushJoints"],"picked":"ThirdEye","floor":1.0},{"not_picked":["EmptyBody","Halt","TalkToTheHand"],"picked":"SKIP","floor":2.0},{"not_picked":["SashWhip","Collect","Evaluate"],"picked":"SKIP","floor":7.0},{"not_picked":["infinitespire:Menacing","ReplayTheSpireMod:??????????????????????"],"picked":"Replay:Fractal Strike","floor":12.0},{"not_picked":["Nirvana","Replay:ManipulateFuture","Weave"],"picked":"SKIP","floor":13.0}],"player_experience":232235,"relics_obtained":[{"floor":7.0,"key":"hubris:ToyBattleship"},{"floor":9.0,"key":"Golden Egg"}],"event_choices":[],"is_beta":false,"boss_relics":[],"items_purged_floors":[],"is_endless":false,"potions_floor_spawned":[13],"killed_by":"The Guardian","ascension_level":20}}