{"host":"jkgg7n5hn1slsm35","time":1611066357,"event":{"mods":["Aspiration","BaseMod","BetterRewards","Conspire","Googly Eyes","Gremlin Skip","Halation","Highlight Path","Hubris","Infinite Spire","Minty Spire (QoL Compilation)","Permanent Neow","StSLib","SuperFastMode","vexMod"],"gold_per_floor":[114,126,138,138,138,138,171,171,198,198,210,226,237,257,257,361,361,379,393,318,318,328,328,328,343,343,343,188,188,222,233,233,333,333,352,352,298,313,329,329,329,329,355,355,203,217,251,251,251,355,355,365,370,379,354,354,379,379,396,421,421,439,440,440,24,24,23,23],"floor_reached":67,"language":"ENG","playtime":1083,"items_purged":[],"score":940,"play_id":"338d4b86-d460-4899-86f5-cd74624c43b2","local_time":"20210119152557","daily_mods":["SealedDeck","Heirloom","DeadlyEvents","Elite Swarm"],"is_ascension_mode":false,"campfire_choices":[{"data":"Inflame","floor":6,"key":"SMITH"},{"data":"Heavy Blade","floor":8,"key":"SMITH"},{"data":"Rampage","floor":10,"key":"SMITH"},{"data":"Shrug It Off","floor":15,"key":"SMITH"},{"data":"Body Slam","floor":23,"key":"SMITH"},{"data":"Limit Break","floor":27,"key":"SMITH"},{"data":"Heavy Blade","floor":29,"key":"SMITH"},{"data":"infinitespire:Gouge","floor":32,"key":"SMITH"},{"data":"Body Slam","floor":40,"key":"SMITH"},{"data":"Pommel Strike","floor":42,"key":"SMITH"},{"data":"Cleave","floor":44,"key":"SMITH"},{"floor":49,"key":"REST"},{"data":"Body Slam","floor":58,"key":"SMITH"},{"floor":61,"key":"REST"},{"floor":64,"key":"REST"},{"floor":66,"key":"REST"}],"circlet_count":0,"master_deck":["Heavy Blade+1","Heavy Blade+1","Pommel Strike+1","Inflame+1","Twin Strike+1","Inflame+1","Rampage+1","Shrug It Off+1","Shrug It Off+1","Flex+1","Body Slam+1","Limit Break+1","infinitespire:Gouge+1","Cleave+1","Body Slam+1","Clash+1","Body Slam+1"],"relics":["Burning Blood","aspiration:HatOfInfinitePower","Bottled Lightning","infinitespire:Satchel","Sozu","hubris:BottledRain","halation:Toothbrush","halation:PromiseList","hubris:GlazedTorus","aspiration:WatcherSkillbook","hubris:Icosahedron","Bag of Marbles","halation:Jellyphish","MealTicket","vexMod:ImprovementManual","vexMod:BigBerry","hubris:Teleporter","Bronze Scales","Red Skull","infinitespire:Bottled Soul","Strange Spoon","infinitespire:Midas Blood","Busted Crown"],"acts_visited":["Exordium","TheCity","TheBeyond","Exordium"],"potions_floor_usage":[50],"damage_taken":[{"damage":0,"enemies":"infinitespire:Voidling","floor":1,"turns":2},{"damage":0,"enemies":"Jaw Worm","floor":2,"turns":3},{"damage":0,"enemies":"2 Louse","floor":3,"turns":2},{"damage":7,"enemies":"3 Sentries","floor":7,"turns":4},{"damage":2,"enemies":"Red Slaver","floor":11,"turns":2},{"damage":0,"enemies":"2 Fungi Beasts","floor":12,"turns":2},{"damage":0,"enemies":"Looter","floor":13,"turns":2},{"damage":0,"enemies":"3 Louse","floor":14,"turns":2},{"damage":7,"enemies":"The Guardian","floor":16,"turns":6},{"damage":8,"enemies":"Shell Parasite","floor":18,"turns":3},{"damage":10,"enemies":"2 Thieves","floor":19,"turns":3},{"damage":0,"enemies":"Snecko","floor":22,"turns":3},{"damage":0,"enemies":"3 Cultists","floor":25,"turns":3},{"damage":0,"enemies":"Nightmare","floor":30,"turns":4},{"damage":4,"enemies":"Snake Plant","floor":31,"turns":2},{"damage":11,"enemies":"conspire:MysteriousRune","floor":33,"turns":3},{"damage":11,"enemies":"3 Darklings","floor":35,"turns":3},{"damage":1,"enemies":"3 Shapes","floor":38,"turns":3},{"damage":10,"enemies":"Writhing Mass","floor":39,"turns":2},{"damage":0,"enemies":"Jaw Worm Horde","floor":46,"turns":2},{"damage":0,"enemies":"Giant Head","floor":47,"turns":4},{"damage":65,"enemies":"conspire:OrnateMirror","floor":50,"turns":4},{"damage":0,"enemies":"Small Slimes","floor":52,"turns":1},{"damage":0,"enemies":"Cultist","floor":53,"turns":1},{"damage":0,"enemies":"2 Louse","floor":54,"turns":1},{"damage":0,"enemies":"Lagavulin","floor":57,"turns":2},{"damage":17,"enemies":"3 Sentries","floor":59,"turns":3},{"damage":0,"enemies":"Lagavulin","floor":62,"turns":2},{"damage":2,"enemies":"Exordium Wildlife","floor":63,"turns":2},{"damage":120,"enemies":"Hexaghost","floor":67,"turns":2}],"seed_played":"7230259806376725573","potions_obtained":[{"floor":2,"key":"Regen Potion"},{"floor":3,"key":"ColorlessPotion"},{"floor":12,"key":"Block Potion"}],"is_trial":true,"path_per_floor":["M","M","M","$","?","R","E","R","T","R","M","M","M","M","R","B",null,"M","M","?","?","M","R","T","M","T","R","$","R","NM","M","R","B",null,"M","?","$","M","M","R","?","R","T","R","$","M","E","M","R","B",null,"M","M","M","?","$","E","R","E","T","R","E","M","R","$","R","B"],"character_chosen":"IRONCLAD","items_purchased":["halation:PromiseList","Body Slam","halation:Jellyphish","Strange Spoon","infinitespire:Midas Blood"],"campfire_rested":4,"item_purchase_floors":[28,37,45,65,65],"current_hp_per_floor":[80,80,80,80,64,64,63,63,63,63,67,73,79,80,80,79,80,78,74,74,74,80,80,80,80,80,80,80,80,80,80,80,75,80,75,75,75,80,76,76,76,76,76,76,76,80,80,80,80,21,110,110,118,118,118,118,118,118,107,107,118,118,118,118,118,118,0,0],"gold":23,"neow_bonus":"","is_daily":false,"chose_seed":false,"campfire_upgraded":12,"win_rate":0.0,"timestamp":1611066357,"path_taken":["M","M","?","$","?","R","E","R","T","R","?","M","M","M","R","BOSS","M","M","?","?","?","R","?","M","T","R","$","R","NM","M","R","BOSS","M","?","$","M","M","R","?","R","T","R","$","?","E","M","R","BOSS","M","M","M","?","?","E","R","?","T","R","E","M","R","$","R","BOSS"],"items_purchased_type":["Relic","Card","Relic","Relic","Relic"],"build_version":"2020-12-22","purchased_purges":0,"victory":false,"max_hp_per_floor":[80,80,80,80,80,80,80,80,80,80,80,80,80,80,80,80,80,80,80,80,80,80,80,80,80,80,80,80,80,80,80,80,80,80,80,80,80,80,80,80,80,80,80,80,80,80,80,80,80,80,110,110,118,118,118,118,118,118,118,118,118,118,118,118,118,118,118,118],"card_choices":[{"not_picked":["Blood for Blood","Anger","Heavy Blade"],"picked":"SKIP","floor":1},{"not_picked":["Twin Strike","Power Through","Pommel Strike"],"picked":"SKIP","floor":2},{"not_picked":["Uppercut","Twin Strike","True Grit"],"picked":"SKIP","floor":3},{"not_picked":["conspire:Purge","Berserk","Bludgeon"],"picked":"SKIP","floor":7},{"not_picked":["Headbutt","Warcry","Wild Strike"],"picked":"SKIP","floor":11},{"not_picked":["Flex","True Grit","Armaments"],"picked":"SKIP","floor":12},{"not_picked":["True Grit","Heavy Blade","Bloodletting"],"picked":"SKIP","floor":13},{"not_picked":["Dropkick","Wild Strike","Heavy Blade"],"picked":"SKIP","floor":14},{"not_picked":["Power Through","Havoc"],"picked":"Flex+1","floor":18},{"not_picked":["Pommel Strike","Sword Boomerang"],"picked":"Body Slam","floor":19},{"not_picked":["Flex","Anger","hubris:ReadiedAction"],"picked":"SKIP","floor":22},{"not_picked":["hubris:CleavingFinish","Body Slam"],"picked":"Limit Break","floor":25},{"not_picked":["infinitespire:Collect","infinitespire:Starlight"],"picked":"infinitespire:Gouge","floor":30},{"not_picked":["Impervious","hubris:StunningStrike","Offering"],"picked":"SKIP","floor":30},{"not_picked":["Warcry","Perfected Strike","Burning Pact"],"picked":"SKIP","floor":31},{"not_picked":["Burning Pact","hubris:SharpeningStone","Rampage"],"picked":"Cleave","floor":35},{"not_picked":["EmptyBody","Perfected Strike+1","Havoc","Warcry"],"picked":"SKIP","floor":38},{"not_picked":["Hemokinesis+1","Heavy Blade","Second Wind+1","True Grit"],"picked":"SKIP","floor":39},{"not_picked":["Conclude+1","Dual Wield+1","Protect"],"picked":"Clash+1","floor":46},{"not_picked":["Ragnarok","Scrawl","ConjureBlade","Fiend Fire"],"picked":"SKIP","floor":47},{"not_picked":["PathToVictory","Crescendo","JustLucky","Anger"],"picked":"SKIP","floor":52},{"not_picked":["ClearTheMind","Blood for Blood","Protect"],"picked":"Body Slam","floor":53},{"not_picked":["EmptyFist","conspire:ExplosiveBarrier","PathToVictory","Headbutt"],"picked":"SKIP","floor":54},{"not_picked":["Offering","conspire:Purge","Reaper","LessonLearned"],"picked":"SKIP","floor":57},{"not_picked":["Exhume","Devotion","Double Tap","Blasphemy"],"picked":"SKIP","floor":59},{"not_picked":["Scrawl","DeusExMachina","Demon Form","Vault"],"picked":"SKIP","floor":62},{"not_picked":["FlurryOfBlows","Spot Weakness","SandsOfTime","Halt"],"picked":"SKIP","floor":63}],"player_experience":1844706,"relics_obtained":[{"floor":7,"key":"Bottled Lightning"},{"floor":9,"key":"infinitespire:Satchel"},{"floor":24,"key":"hubris:BottledRain"},{"floor":26,"key":"halation:Toothbrush"},{"floor":30,"key":"hubris:GlazedTorus"},{"floor":43,"key":"Bag of Marbles"},{"floor":47,"key":"MealTicket"},{"floor":57,"key":"hubris:Teleporter"},{"floor":59,"key":"Bronze Scales"},{"floor":60,"key":"Red Skull"},{"floor":62,"key":"infinitespire:Bottled Soul"}],"event_choices":[{"damage_healed":0,"gold_gain":0,"player_choice":"Entered Light","damage_taken":16,"max_hp_gain":0,"max_hp_loss":0,"event_name":"Shining Light","floor":5,"gold_loss":0,"cards_upgraded":["Inflame","Shrug It Off"]},{"cards_removed":["Heavy Blade"],"damage_healed":0,"gold_gain":0,"player_choice":"Gave Gold","damage_taken":0,"max_hp_gain":0,"max_hp_loss":0,"event_name":"Beggar","floor":20,"gold_loss":75}],"is_beta":false,"boss_relics":[{"not_picked":["Runic Dome","Runic Pyramid"],"picked":"Sozu"},{"not_picked":["Astrolabe","halation:Yufonium"],"picked":"aspiration:WatcherSkillbook"},{"not_picked":["Runic Cube","conspire:RoyalGoblet"],"picked":"vexMod:BigBerry"}],"items_purged_floors":[],"is_endless":true,"potions_floor_spawned":[2,3,12,14,18,30,33,38,50,53,59,63],"killed_by":"Hexaghost","ascension_level":0}}