{"host":"fhl0aha90wvfvsew","time":1611037131,"event":{"mods":["BaseMod","Colored Powertips","Marisa£®ÏF”Í°°ƒß¿Ì…≥£©","Minty Spire (QoL Compilation)","Remilia£®¿Ÿ√◊¿Ú—«£©","Replay The Spire","StSLib","Youmu£®ªÍ∆«—˝√Œ£©","Yuyuko"],"gold_per_floor":[115,40,40,56,66,98,98,111,111,111,126,159,169,181,181,281,281,292,192,205,205,269,269,269],"floor_reached":23,"language":"ZHS","playtime":1025,"items_purged":["Strike_RM","Defend_RM"],"score":226,"play_id":"6f836b71-2020-4187-8650-4701420e2263","local_time":"20210119141851","is_ascension_mode":true,"campfire_choices":[{"data":"RedMoon","floor":7.0,"key":"SMITH"},{"data":"HunterOfTheNight","floor":10.0,"key":"SMITH"},{"data":"TransientEternity","floor":15.0,"key":"SMITH"}],"circlet_count":0,"master_deck":["Defend_RM","Defend_RM","Defend_RM","RedMoon+1","ScarletShoot","HunterOfTheNight+1","ScarletImprint","ScarletDevil","TransientEternity+1","LeisurelyOfLord","KillingBlow","ScarletCoffin","EternalNight","UnstableMagic+1","Voices"],"relics":["ScarletHat","NeowsBlessing","Chameleon Ring","Mercury Hourglass","Empty Cage","ReplayTheSpireMod:Ring of Addiction","ReplayTheSpireMod:Ring of Challenge","White Beast Statue","Potion Belt"],"acts_visited":["Exordium","TheCity"],"potions_floor_usage":[22,22],"damage_taken":[{"damage":0.0,"enemies":"Cultist","floor":1.0,"turns":1.0},{"damage":0.0,"enemies":"2 Louse","floor":4.0,"turns":1.0},{"damage":0.0,"enemies":"Jaw Worm","floor":5.0,"turns":1.0},{"damage":5.0,"enemies":"3 Sentries","floor":6.0,"turns":11.0},{"damage":11.0,"enemies":"Exordium Thugs","floor":8.0,"turns":4.0},{"damage":0.0,"enemies":"Exordium Wildlife","floor":11.0,"turns":4.0},{"damage":5.0,"enemies":"Gremlin Nob","floor":12.0,"turns":3.0},{"damage":2.0,"enemies":"Blue Slaver","floor":13.0,"turns":2.0},{"damage":0.0,"enemies":"2 Fungi Beasts","floor":14.0,"turns":2.0},{"damage":45.0,"enemies":"Hexaghost","floor":16.0,"turns":9.0},{"damage":0.0,"enemies":"Spheric Guardian","floor":18.0,"turns":1.0},{"damage":28.0,"enemies":"Shell Parasite","floor":20.0,"turns":2.0},{"damage":40,"enemies":"Chosen and Byrds","floor":22,"turns":3},{"damage":27,"enemies":"Book of Stabbing","floor":23,"turns":1}],"seed_played":"-4034659657555810643","potions_obtained":[{"floor":1.0,"key":"PowerPotion"},{"floor":4.0,"key":"LifebloodPotion"},{"floor":11.0,"key":"SpeedPotion"},{"floor":14.0,"key":"Explosive Potion"},{"floor":16.0,"key":"Regen Potion"},{"floor":18.0,"key":"Fire Potion"},{"floor":21.0,"key":"Elixir"},{"floor":21.0,"key":"ColorlessPotion"},{"floor":22,"key":"Explosive Potion"}],"is_trial":false,"path_per_floor":["M","$","?","M","M","E","R","M","T","R","M","E","M","M","R","B",null,"M","$","M","?","M","E"],"character_chosen":"REMILIA","items_purchased":[],"campfire_rested":0,"item_purchase_floors":[],"current_hp_per_floor":[75,75,75,75,75,70,70,59,59,59,60,58,57,60,60,23,75,75,75,47,47,25,0,0],"gold":269,"neow_bonus":"THREE_ENEMY_KILL","is_daily":false,"chose_seed":false,"campfire_upgraded":3,"win_rate":0.0,"timestamp":1611037131,"path_taken":["M","?","?","M","?","E","R","M","T","R","M","E","M","M","R","BOSS","M","$","M","?","M","E"],"items_purchased_type":[],"build_version":"2020-12-22","purchased_purges":2,"victory":false,"max_hp_per_floor":[75,75,75,75,75,75,75,75,75,75,75,75,75,75,75,75,75,75,75,75,75,75,75,75],"card_choices":[{"not_picked":["UnderTheZenith","RedRainbow"],"picked":"HunterOfTheNight","floor":1.0},{"not_picked":["CharismaGuard","MillenniumVampire"],"picked":"ScarletImprint","floor":4.0},{"not_picked":["FavorOfDestiny","NightDance"],"picked":"ScarletDevil","floor":5.0},{"not_picked":["ChainGang","BloodHunter"],"picked":"TransientEternity","floor":6.0},{"not_picked":["Stigmanizer","RedRainbow","ScarletImprint"],"picked":"SKIP","floor":8.0},{"not_picked":["MillenniumVampire","UnderTheZenith"],"picked":"LeisurelyOfLord","floor":11.0},{"not_picked":["ReincarnationDial","Septette"],"picked":"KillingBlow","floor":12.0},{"not_picked":["ScarletSymphony","FavorOfDestiny","BloodAndWine"],"picked":"SKIP","floor":13.0},{"not_picked":["SuperhumanBloodyKnife","BombardNight","UnstableMagic"],"picked":"SKIP","floor":14.0},{"not_picked":["BloodyCatastrophe","ChaoticDestiny"],"picked":"ScarletCoffin","floor":16.0},{"not_picked":["VampirishNight","StarOfDavid"],"picked":"EternalNight","floor":18.0},{"not_picked":["ScarletDevil","UltimateOffering"],"picked":"UnstableMagic+1","floor":20.0},{"not_picked":["UnderTheZenith","Stigmanizer","VampireSweep"],"picked":"SKIP","floor":22}],"player_experience":268311,"relics_obtained":[{"floor":6.0,"key":"Chameleon Ring"},{"floor":12.0,"key":"Mercury Hourglass"},{"floor":21.0,"key":"ReplayTheSpireMod:Ring of Addiction"},{"floor":21.0,"key":"ReplayTheSpireMod:Ring of Challenge"},{"floor":21.0,"key":"White Beast Statue"},{"floor":21.0,"key":"Potion Belt"}],"event_choices":[{"cards_removed":["Strike_RM"],"damage_healed":0.0,"max_hp_gain":0.0,"max_hp_loss":0.0,"gold_gain":0.0,"event_name":"Bonfire Elementals","player_choice":"Offered Basic","floor":3.0,"gold_loss":0.0,"damage_taken":0.0}],"is_beta":false,"boss_relics":[{"not_picked":["Painkiller Herb","Black Star"],"picked":"Empty Cage"}],"items_purged_floors":[2,19],"is_endless":false,"potions_floor_spawned":[1,4,11,14,16,18,22],"killed_by":"Book of Stabbing","ascension_level":2}}