{"host":"ccw6t0i2dpm5wyxf","time":1611030041,"event":{"mods":["AchievementEnabler","BaseMod","Colored Map","Minty Spire (QoL Compilation)","Permanent Neow","SuperFastMode"],"gold_per_floor":[109,127,56,68,83,83,97,97,120,120,120],"floor_reached":10,"language":"ENG","playtime":354,"items_purged":[],"score":90,"play_id":"9c040c88-fecf-419f-9187-ae08500d4d85","local_time":"20210118222041","is_ascension_mode":true,"campfire_choices":[{"data":"Reaper","floor":6,"key":"SMITH"}],"circlet_count":0,"master_deck":["AscendersBane","Strike_R","Strike_R","Strike_R","Strike_R","Defend_R","Defend_R","Defend_R","Defend_R","Bash","Reaper+1","Feel No Pain","Spot Weakness","Dark Embrace","Sentinel","Disarm"],"relics":["Burning Blood","Centennial Puzzle"],"acts_visited":["Exordium"],"potions_floor_usage":[4],"damage_taken":[{"damage":15,"enemies":"Cultist","floor":1,"turns":5},{"damage":6,"enemies":"2 Louse","floor":2,"turns":4},{"damage":6,"enemies":"Jaw Worm","floor":4,"turns":4},{"damage":21,"enemies":"Large Slime","floor":5,"turns":7},{"damage":36,"enemies":"Lots of Slimes","floor":7,"turns":6},{"damage":46,"enemies":"Lagavulin","floor":10,"turns":8}],"seed_played":"-5588327027656356798","potions_obtained":[{"floor":2,"key":"Dexterity Potion"},{"floor":4,"key":"Fruit Juice"}],"is_trial":false,"path_per_floor":["M","M","$","M","M","R","M","?","T","E"],"character_chosen":"IRONCLAD","items_purchased":["Dark Embrace"],"campfire_rested":0,"item_purchase_floors":[3],"current_hp_per_floor":[63,69,69,77,62,62,52,45,45,9,9],"gold":120,"neow_bonus":"THREE_RARE_CARDS","is_daily":false,"chose_seed":false,"campfire_upgraded":1,"win_rate":0.0,"timestamp":1611030041,"path_taken":["M","M","?","M","M","R","?","?","T","E"],"items_purchased_type":["Card"],"build_version":"2020-12-22","purchased_purges":0,"victory":false,"max_hp_per_floor":[72,72,72,77,77,77,77,77,77,77,77],"card_choices":[{"not_picked":["Offering","Immolate"],"picked":"Reaper","floor":0},{"not_picked":["Perfected Strike","Sword Boomerang"],"picked":"Feel No Pain","floor":1},{"not_picked":["Twin Strike","Carnage"],"picked":"Spot Weakness","floor":2},{"not_picked":["Metallicize","Shrug It Off"],"picked":"Sentinel","floor":4},{"not_picked":["Wild Strike","Thunderclap","Headbutt"],"picked":"SKIP","floor":5},{"not_picked":["Iron Wave","Whirlwind"],"picked":"Disarm","floor":7}],"player_experience":308326,"relics_obtained":[{"floor":9,"key":"Centennial Puzzle"}],"event_choices":[{"cards_removed":["Strike_R"],"damage_healed":0,"gold_gain":0,"player_choice":"Card Removal","damage_taken":7,"max_hp_gain":0,"max_hp_loss":0,"event_name":"Golden Wing","floor":8,"gold_loss":0}],"is_beta":false,"boss_relics":[],"items_purged_floors":[],"is_endless":false,"potions_floor_spawned":[2,4],"killed_by":"Lagavulin","ascension_level":10}}