{"host":"g5ztulhog0otympt","time":1611047401,"event":{"mods":["AchievementEnabler","BaseMod","Downfall","Hermit","Minty Spire (QoL Compilation)","StSLib","The Cursed"],"gold_per_floor":[19,19,32,32,44,44,44,74,100,100,160,178,192,260,260,362,362,362,362],"floor_reached":18,"language":"ENG","playtime":475,"items_purged":[],"score":164,"play_id":"ee093f04-ab2d-4cc4-bb40-09ac42aa9c86","local_time":"20210119111001","is_ascension_mode":false,"campfire_choices":[{"data":"Gash","floor":6,"key":"SMITH"},{"floor":10,"key":"REST"},{"floor":15,"key":"REST"}],"circlet_count":0,"master_deck":["Strike_B","Strike_B","Strike_B","Strike_B","Defend_B","Defend_B","Defend_B","Defend_B","Zap","Dualcast","Cold Snap+1","Gash+1","Lockon","Sweeping Beam","Genetic Algorithm","Reboot","Hyperbeam"],"relics":["Cracked Core","Ice Cream","SsserpentHead","Orichalcum","Anchor","Inserter"],"acts_visited":["Exordium","TheCity"],"potions_floor_usage":[16,16],"damage_taken":[{"damage":0,"enemies":"Small Slimes","floor":1,"turns":3},{"damage":6,"enemies":"Jaw Worm","floor":3,"turns":4},{"damage":0,"enemies":"Cultist","floor":5,"turns":3},{"damage":29,"enemies":"Lagavulin","floor":8,"turns":6},{"damage":9,"enemies":"Gremlin Gang","floor":11,"turns":4},{"damage":6,"enemies":"Exordium Thugs","floor":12,"turns":4},{"damage":13,"enemies":"Large Slime","floor":13,"turns":4},{"damage":3,"enemies":"Looter","floor":14,"turns":3},{"damage":41,"enemies":"The Guardian","floor":16,"turns":11},{"damage":0,"enemies":"3 Byrds","floor":18,"turns":2}],"seed_played":"-6541884338515607368","potions_obtained":[{"floor":12,"key":"bronze:BurnAndBuffPotion"},{"floor":14,"key":"Energy Potion"}],"is_trial":false,"path_per_floor":["M","?","M","?","M","R","$","E","T","R","M","M","M","M","R","B",null,"M"],"character_chosen":"DEFECT","items_purchased":[],"campfire_rested":2,"item_purchase_floors":[],"current_hp_per_floor":[75,75,69,69,69,69,69,40,40,62,53,47,34,31,53,12,75,75,75],"gold":362,"neow_bonus":"ONE_RARE_RELIC","is_daily":false,"chose_seed":false,"campfire_upgraded":1,"win_rate":0.0,"timestamp":1611047401,"path_taken":["M","?","M","?","M","R","$","E","T","R","?","M","M","?","R","BOSS","M"],"items_purchased_type":[],"build_version":"2020-12-22","purchased_purges":0,"victory":false,"max_hp_per_floor":[75,75,75,75,75,75,75,75,75,75,75,75,75,75,75,75,75,75,75],"card_choices":[{"not_picked":["Ball Lightning","Recycle"],"picked":"Cold Snap","floor":1},{"not_picked":["Redo","Go for the Eyes"],"picked":"Gash","floor":3},{"not_picked":["Coolheaded","Streamline","Barrage"],"picked":"SKIP","floor":5},{"not_picked":["Double Energy","Amplify"],"picked":"Lockon","floor":8},{"not_picked":["Leap","Coolheaded"],"picked":"Sweeping Beam","floor":11},{"not_picked":["Barrage","Force Field","Rebound"],"picked":"SKIP","floor":12},{"not_picked":["Barrage","Turbo"],"picked":"Genetic Algorithm","floor":13},{"not_picked":["Hologram","Ball Lightning"],"picked":"Reboot","floor":14},{"not_picked":["Fission","Reboot"],"picked":"Hyperbeam","floor":16}],"player_experience":101075,"relics_obtained":[{"floor":8,"key":"Orichalcum"},{"floor":9,"key":"Anchor"}],"event_choices":[{"damage_healed":0,"gold_gain":0,"player_choice":"Grow","damage_taken":0,"max_hp_gain":0,"max_hp_loss":0,"event_name":"Living Wall","floor":2,"gold_loss":0,"cards_upgraded":["Cold Snap"]},{"damage_healed":0,"gold_gain":0,"player_choice":"Trade","damage_taken":0,"relics_obtained":["SsserpentHead"],"max_hp_gain":0,"max_hp_loss":0,"event_name":"FaceTrader","floor":4,"gold_loss":0}],"is_beta":false,"boss_relics":[{"not_picked":["Velvet Choker","Busted Crown"],"picked":"Inserter"}],"items_purged_floors":[],"is_endless":false,"potions_floor_spawned":[12,14],"killed_by":"3 Byrds","ascension_level":0}}