{"host":"0j49nvi4cbm626s8","time":1611095993,"event":{"mods":["AchievementEnabler","BaseMod","Highlight Path","Marisa????????","Minty Spire (QoL Compilation)"],"gold_per_floor":[18,18,118,134,147,177,189,206,206,234,247,266,266,231,231,303,303,277,202,21,31,31,65,77,89,89],"floor_reached":25,"language":"ENG","playtime":990,"items_purged":["Strike_MRS"],"score":452,"play_id":"502d961b-b1c7-48ac-ae59-f748843abbcd","local_time":"20210119233953","is_ascension_mode":true,"campfire_choices":[{"floor":13,"key":"REST"},{"data":"OortCloud","floor":15,"key":"SMITH"},{"floor":24,"key":"REST"}],"circlet_count":0,"master_deck":["AscendersBane","Strike_MRS","Strike_MRS","Defend_MRS","Defend_MRS","Defend_MRS","Defend_MRS","MasterSpark","UpSweep","UltimateShortwave","MilkyWay","OortCloud+1","OortCloud","MilkyWay","NonDirectionalLaser","MilkyWay","OortCloud+1","EarthLightRay"],"relics":["MiniHakkero","Nunchaku","Sundial","Frozen Egg 2","MutagenicStrength","MawBank"],"acts_visited":["Exordium","TheCity"],"potions_floor_usage":[5,7,10,12],"damage_taken":[{"damage":7,"enemies":"Jaw Worm","floor":1,"turns":3},{"damage":7,"enemies":"Small Slimes","floor":4,"turns":3},{"damage":0,"enemies":"Cultist","floor":5,"turns":3},{"damage":4,"enemies":"Lagavulin","floor":6,"turns":7},{"damage":10,"enemies":"Lots of Slimes","floor":7,"turns":5},{"damage":2,"enemies":"Exordium Wildlife","floor":8,"turns":6},{"damage":31,"enemies":"Gremlin Nob","floor":10,"turns":5},{"damage":0,"enemies":"3 Louse","floor":11,"turns":7},{"damage":1,"enemies":"Looter","floor":12,"turns":4},{"damage":1,"enemies":"Hexaghost","floor":16,"turns":9},{"damage":18,"enemies":"2 Thieves","floor":18,"turns":5},{"damage":0,"enemies":"Spheric Guardian","floor":21,"turns":6},{"damage":41,"enemies":"Book of Stabbing","floor":23,"turns":9},{"damage":53,"enemies":"Gremlin Leader","floor":25,"turns":3}],"seed_played":"8444907282443345844","potions_obtained":[{"floor":1,"key":"Fruit Juice"},{"floor":4,"key":"Strength Potion"},{"floor":6,"key":"PowerPotion"},{"floor":10,"key":"Swift Potion"}],"is_trial":false,"path_per_floor":["M","?","?","M","M","E","M","M","T","E","M","M","R","?","R","B",null,"M","?","$","M","?","E","R","E"],"character_chosen":"MARISA","items_purchased":["OortCloud+1","EarthLightRay"],"campfire_rested":2,"item_purchase_floors":[20,20],"current_hp_per_floor":[56,56,56,49,54,50,40,38,38,7,7,6,28,46,46,45,68,50,50,50,54,54,17,39,0,0],"gold":89,"neow_bonus":"THREE_RARE_CARDS","is_daily":false,"chose_seed":false,"campfire_upgraded":1,"win_rate":0.0,"timestamp":1611095993,"path_taken":["M","?","?","?","M","E","M","M","T","E","?","M","R","?","R","BOSS","M","?","$","M","?","E","R","E"],"items_purchased_type":["Card","Card"],"build_version":"2020-12-22","purchased_purges":1,"victory":false,"max_hp_per_floor":[70,70,70,70,75,75,75,75,75,75,75,75,75,75,75,75,75,75,75,75,75,75,75,75,75,75],"card_choices":[{"not_picked":["MaximisePower","EscapeVelocity"],"picked":"UltimateShortwave","floor":0},{"not_picked":["PulseMagic","ChargeUpSpray"],"picked":"MilkyWay","floor":1},{"not_picked":["ShootTheMoon","DragonMeteor"],"picked":"OortCloud","floor":4},{"not_picked":["GasGiant","DoubleSpark","AsteroidBelt"],"picked":"SKIP","floor":5},{"not_picked":["ShootTheMoon","MeteoricShower"],"picked":"OortCloud","floor":6},{"not_picked":["StarBarrage","WitchLeyline"],"picked":"MilkyWay","floor":7},{"not_picked":["GrandCross","AsteroidBelt","SporeBomb"],"picked":"SKIP","floor":8},{"not_picked":["EventHorizon+1","EscapeVelocity+1","GrandCross"],"picked":"SKIP","floor":10},{"not_picked":["StarBarrage","IllusionStar"],"picked":"NonDirectionalLaser","floor":11},{"not_picked":["AsteroidBelt","ShootingEcho"],"picked":"MilkyWay","floor":12},{"not_picked":["LuminesStrike","DC","BlazeAway"],"picked":"SKIP","floor":18},{"not_picked":["GalacticHalo","OpenUniverse+1","LuminesStrike"],"picked":"SKIP","floor":21},{"not_picked":["Acceleration+1","Robbery","NonDirectionalLaser"],"picked":"SKIP","floor":23}],"player_experience":249791,"relics_obtained":[{"floor":6,"key":"Nunchaku"},{"floor":9,"key":"Sundial"},{"floor":10,"key":"Frozen Egg 2"},{"floor":23,"key":"MawBank"}],"event_choices":[{"damage_healed":0,"gold_gain":0,"player_choice":"Ignored","damage_taken":0,"max_hp_gain":0,"max_hp_loss":0,"event_name":"Liars Game","floor":2,"gold_loss":0},{"damage_healed":0,"gold_gain":100,"player_choice":"Gold","damage_taken":0,"max_hp_gain":0,"max_hp_loss":0,"event_name":"Wheel of Change","floor":3,"gold_loss":0},{"damage_healed":18,"gold_gain":0,"player_choice":"Healed","damage_taken":0,"max_hp_gain":0,"max_hp_loss":0,"event_name":"The Cleric","floor":14,"gold_loss":35},{"cards_removed":["Strike_MRS"],"damage_healed":0,"gold_gain":0,"player_choice":"Gave Gold","damage_taken":0,"max_hp_gain":0,"max_hp_loss":0,"event_name":"Beggar","floor":19,"gold_loss":75},{"damage_healed":0,"gold_gain":0,"player_choice":"Inject Mutagens","damage_taken":0,"relics_obtained":["MutagenicStrength"],"max_hp_gain":0,"max_hp_loss":0,"event_name":"Drug Dealer","floor":22,"gold_loss":0}],"is_beta":false,"boss_relics":[{"not_picked":["Snecko Eye","Fusion Hammer","Cursed Key"]}],"items_purged_floors":[20],"is_endless":false,"potions_floor_spawned":[1,4,6,10],"killed_by":"Gremlin Leader","ascension_level":15}}