{"host":"ik8ww1p4uabx5gam","time":1611016395,"event":{"mods":["Always Whale","Aspiration","BaseMod","Beaked The Cultist","Better Third Choice","BetterRewards","Colored Map","Colored Powertips","Conspire","Energized Spire","FetchMod","GifTheSpireLib","Hubris","Infinite Spire","Ironclad Rager","Jedi Mod","Minty Spire (QoL Compilation)","Random Character Button","Replay The Spire","Shop Mod","Spicy Shops","Spikes Relics","StSLib","Stuff the Spire","The Blue Laboratory","The Gatherer","Wandering Minibosses","??????REMEMod"],"gold_per_floor":[118,138,118,131,131,165,165,177,201,201,233,243,23,13,13,111,111,131,131,144,44,44,44,75,75,75,0,0,10,25,52,52,160,160,185,216,268,295,329,329,568,630,699,722,795,795,875,948,948,948],"floor_reached":51,"language":"ENG","playtime":2488,"items_purged":["Strike_G","Pride"],"score":1027,"play_id":"27a2f74e-cd44-443a-87e7-e9c9dd65dced","local_time":"20210118183315","is_ascension_mode":true,"campfire_choices":[{"data":"jedi:LeechingStrike","floor":7.0,"key":"SMITH"},{"data":"Replay:Poison Smokescreen","floor":10.0,"key":"SMITH"},{"data":"A Thousand Cuts","floor":15.0,"key":"SMITH"},{"data":"StuffTheSpire:Shiver","floor":23.0,"key":"SMITH"},{"data":"Cloak And Dagger","floor":25.0,"key":"SMITH"},{"data":"REME_GreenPollution","floor":32.0,"key":"SMITH"},{"data":"Blade Dance","floor":40.0,"key":"SMITH"},{"data":"Noxious Fumes","floor":46.0,"key":"SMITH"},{"floor":49.0,"key":"DIG"}],"circlet_count":0,"master_deck":["Strike_G+1","Strike_G","Strike_G","Defend_G","Defend_G","Defend_G","Defend_G","Defend_G","Survivor+1","Neutralize","jedi:LeechingStrike","Dagger Spray","Hidden Blade+1","Dash+1","Replay:Poison Smokescreen+1","StuffTheSpire:DoubleShiv","StuffTheSpire:Shiver+1","A Thousand Cuts+1","Dodge and Roll","Tools of the Trade","Blade Dance+1","Cloak And Dagger+1","Noxious Fumes+1","REME_GreenPollution+1","StuffTheSpire:Repulse+1","jedi:collectorvenom+1","Notoriety"],"relics":["REME_ComplimentaryCards","aspiration:Nostalgia","PureWater","jedi:arcanewood","aspiration:Lifesprig","War Paint","SacredBark","aspiration:RandomNobGenerator","jedi:angrymask","aspiration:FetidBarrel","jedi:cryingmask","StuffTheSpire:HeavyRock","Mummified Hand","hubris:TenFootPole","infinitespire:CheckeredPen","infinitespire:EvilPickle","REME_DemonsWealth","wanderingMiniBosses:ThiefScarf","Ring of the Snake","Oddly Smooth Stone","hubris:PeanutButter","RoseTintedShades","SpikesRelics:DaevaFist","beaked:ShinyBauble","Whetstone","hubris:Metronome"],"acts_visited":["Exordium","TheCity","TheBeyond"],"potions_floor_usage":[50,50],"damage_taken":[{"damage":0.0,"enemies":"Small Slimes","floor":1.0,"turns":4.0},{"damage":0.0,"enemies":"Cultist","floor":2.0,"turns":3.0},{"damage":0.0,"enemies":"2 Louse","floor":4.0,"turns":1.0},{"damage":7.0,"enemies":"Gremlin Nob","floor":6.0,"turns":4.0},{"damage":0.0,"enemies":"Looter","floor":8.0,"turns":2.0},{"damage":3.0,"enemies":"3 Sentries","floor":11.0,"turns":4.0},{"damage":0.0,"enemies":"2 Fungi Beasts","floor":12.0,"turns":3.0},{"damage":6.0,"enemies":"Blue Slaver","floor":14.0,"turns":6.0},{"damage":13.0,"enemies":"Hexaghost","floor":16.0,"turns":10.0},{"damage":12.0,"enemies":"Chosen","floor":18.0,"turns":5.0},{"damage":16.0,"enemies":"Shell Parasite","floor":20.0,"turns":5.0},{"damage":23.0,"enemies":"Replay:Snechameleon","floor":24.0,"turns":4.0},{"damage":0.0,"enemies":"Chosen and Byrds","floor":29.0,"turns":3.0},{"damage":0.0,"enemies":"conspire:HollyBat","floor":30.0,"turns":6.0},{"damage":5.0,"enemies":"Book of Stabbing","floor":31.0,"turns":4.0},{"damage":14.0,"enemies":"Pondfish","floor":33.0,"turns":8.0},{"damage":6.0,"enemies":"3 Darklings","floor":35.0,"turns":3.0},{"damage":1.0,"enemies":"Orb Walker","floor":36.0,"turns":3.0},{"damage":15.0,"enemies":"Jaw Worm Horde","floor":37.0,"turns":5.0},{"damage":0.0,"enemies":"Transient","floor":38.0,"turns":5.0},{"damage":0.0,"enemies":"Maw","floor":39.0,"turns":6.0},{"damage":0.0,"enemies":"Jaw Worm Horde","floor":41.0,"turns":3.0},{"damage":17.0,"enemies":"R_Hoarder","floor":42.0,"turns":6.0},{"damage":0.0,"enemies":"Giant Head","floor":45.0,"turns":6.0},{"damage":3.0,"enemies":"Reptomancer","floor":47.0,"turns":5.0},{"damage":0.0,"enemies":"Transient","floor":48.0,"turns":5.0},{"damage":76,"enemies":"conspire:OrnateMirror","floor":50,"turns":6}],"seed_played":"-5986479129176517205","potions_obtained":[{"floor":1.0,"key":"LiquidMemories"},{"floor":3.0,"key":"Explosive Potion"},{"floor":4.0,"key":"blueLaboratory:LouseDecoction"},{"floor":6.0,"key":"ColorlessPotion"},{"floor":14.0,"key":"Strength Potion"},{"floor":18.0,"key":"blueLaboratory:HorrorPotion"},{"floor":20.0,"key":"jedi:mysterypotion"},{"floor":33.0,"key":"blueLaboratory:HeartbeatPotion"},{"floor":37.0,"key":"blueLaboratory:PolymorphPotion"},{"floor":38.0,"key":"blueLaboratory:EnragingPotion"},{"floor":41.0,"key":"SkillPotion"},{"floor":42.0,"key":"blueLaboratory:NinjaPotion"}],"is_trial":false,"path_per_floor":["M","M","?","M","?","E","R","M","T","R","E","M","$","M","R","B",null,"M","AVR","M","$","?","R","E","R","T","$","?","M","M","E","R","B",null,"M","M","M","M","M","R","M","E","T","T","E","R","E","M","R_BF","B",null],"character_chosen":"THE_SILENT","items_purchased":["A Thousand Cuts","War Paint","aspiration:FetidBarrel"],"campfire_rested":0,"item_purchase_floors":[13,13,21],"current_hp_per_floor":[70,70,70,70,70,69,69,70,70,70,67,69,69,63,63,58,70,58,58,57,57,57,57,34,34,34,34,34,46,57,61,61,54,70,70,70,65,70,70,70,70,53,53,53,67,67,67,70,70,2],"gold":948,"neow_bonus":"NOSTALGIA","is_daily":false,"chose_seed":false,"campfire_upgraded":8,"win_rate":0.0,"timestamp":1611016395,"path_taken":["M","M","?","?","?","E","R","M","T","R","E","M","$","M","R","BOSS","M","AVR","M","$","?","R","E","R","T","$","?","?","?","E","R","BOSS","M","M","M","M","M","R","M","E","T","?","E","?","E","?","R_BF","BOSS"],"items_purchased_type":["Card","Relic","Relic"],"build_version":"2020-12-22","purchased_purges":2,"victory":true,"max_hp_per_floor":[70,70,70,70,70,70,70,70,70,70,70,70,70,70,70,70,70,70,70,70,70,70,70,70,70,70,70,70,70,70,70,70,70,70,70,70,70,70,70,70,70,70,70,70,70,70,70,70,70,70],"card_choices":[{"not_picked":["hubris:SlightOfHand","Deflect"],"picked":"Dagger Spray","floor":1.0},{"not_picked":["Caltrops","Deflect","Fluid Movement"],"picked":"SKIP","floor":2.0},{"not_picked":["Dagger Spray","Blade Dance"],"picked":"Hidden Blade","floor":4.0},{"not_picked":["Deadly Poison","Prepared","Sucker Punch"],"picked":"SKIP","floor":6.0},{"not_picked":["Draining Mist","Prepared"],"picked":"Replay:Poison Smokescreen","floor":8.0},{"not_picked":["Acrobatics","StuffTheSpire:Python"],"picked":"StuffTheSpire:DoubleShiv","floor":11.0},{"not_picked":["Expertise","Well Laid Plans"],"picked":"StuffTheSpire:Shiver","floor":12.0},{"not_picked":["Deflect","Bane"],"picked":"Dodge and Roll","floor":14.0},{"not_picked":["REME_SpectralBlade","Envenom"],"picked":"Tools of the Trade","floor":16.0},{"not_picked":["StuffTheSpire:Injection+1","PiercingWail"],"picked":"Blade Dance","floor":18.0},{"not_picked":["StuffTheSpire:ClusterCrunch+1","Concentrate+1","StuffTheSpire:DoubleShiv+1"],"picked":"SKIP","floor":20.0},{"not_picked":["Sucker Punch","Finisher"],"picked":"Cloak And Dagger","floor":24.0},{"not_picked":["Toxin Wave","Sucker Punch+1","jedi:pocketpoison"],"picked":"SKIP","floor":29.0},{"not_picked":["Cloak And Dagger+1","Backflip"],"picked":"Noxious Fumes","floor":30.0},{"not_picked":["Escape Plan","REME_ShadowStrike"],"picked":"REME_GreenPollution","floor":31.0},{"not_picked":["StuffTheSpire:Injection+1","Deadly Poison","Underhanded Strike","Replay:Hysterical Blindness"],"picked":"SKIP","floor":35.0},{"not_picked":["ReplayTheSpireMod:Shiv Toss","StuffTheSpire:ClusterCrunch","conspire:NecroticWound"],"picked":"StuffTheSpire:Repulse+1","floor":36.0},{"not_picked":["Bane+1","Unload","Hidden Blade","Writhe"],"picked":"SKIP","floor":37.0},{"not_picked":["Bane+1","ReplayTheSpireMod:Exploit Weakness+1","Outmaneuver","Replay:Hysterical Blindness"],"picked":"SKIP","floor":38.0},{"not_picked":["StuffTheSpire:Injection","Unload","StuffTheSpire:GnomedCurse"],"picked":"jedi:collectorvenom+1","floor":39.0},{"not_picked":["Quick Slash+1","jedi:collectorvenom+1","Cloak And Dagger+1"],"picked":"Notoriety","floor":41.0},{"not_picked":["jedi:acidrain","Footwork+1","Shame"],"picked":"jedi:collectorvenom+1","floor":42.0},{"not_picked":["Endless Agony","Sneak Up+1","hubris:Lust"],"picked":"jedi:collectorvenom+1","floor":45.0},{"not_picked":["jedi:unstablefumes","StuffTheSpire:ClusterCrunch","Deadly Poison"],"picked":"jedi:collectorvenom+1","floor":47.0},{"not_picked":["jedi:poisonivy+1","Crippling Poison","hubris:Envy"],"picked":"jedi:collectorvenom+1","floor":48.0}],"player_experience":1007897,"relics_obtained":[{"floor":6.0,"key":"jedi:arcanewood"},{"floor":9.0,"key":"aspiration:Lifesprig"},{"floor":11.0,"key":"Oddly Smooth Stone"},{"floor":22.0,"key":"jedi:cryingmask"},{"floor":24.0,"key":"StuffTheSpire:HeavyRock"},{"floor":26.0,"key":"Mummified Hand"},{"floor":31.0,"key":"infinitespire:CheckeredPen"},{"floor":37.0,"key":"wanderingMiniBosses:ThiefScarf"},{"floor":37.0,"key":"Ring of the Snake"},{"floor":37.0,"key":"Oddly Smooth Stone"},{"floor":42.0,"key":"hubris:PeanutButter"},{"floor":43.0,"key":"RoseTintedShades"},{"floor":44.0,"key":"SpikesRelics:DaevaFist"},{"floor":45.0,"key":"beaked:ShinyBauble"},{"floor":47.0,"key":"Whetstone"},{"floor":49.0,"key":"hubris:Metronome"}],"event_choices":[{"damage_healed":0.0,"max_hp_gain":0.0,"max_hp_loss":0.0,"gold_gain":0.0,"event_name":"The Woman in Blue","player_choice":"Bought 1 Potion","floor":3.0,"gold_loss":0.0,"damage_taken":0.0},{"damage_healed":0.0,"max_hp_gain":0.0,"max_hp_loss":0.0,"gold_gain":0.0,"event_name":"The Mausoleum","player_choice":"Opened","floor":28.0,"gold_loss":0.0,"damage_taken":0.0,"relics_obtained":["hubris:TenFootPole"]}],"is_beta":false,"boss_relics":[{"not_picked":["hubris:RunicObelisk","energizedSpire:SpiderWeb"],"picked":"SacredBark"},{"not_picked":["Painkiller Herb","Astrolabe"],"picked":"REME_DemonsWealth"}],"items_purged_floors":[19,27],"is_endless":false,"potions_floor_spawned":[1,4,6,14,18,20,33,37,38,41,42],"ascension_level":1}}