{"host":"xkfvvb2eqyo6l3km","time":1611097722,"event":{"mods":["AchievementEnabler","AlwaysNeverKeys","BaseMod","Better Third Choice","BetterRewards","Card Forge","Colored Map","Colored Powertips","DeckTracker","Energized Spire","Force Act Four","Jorbs\u0027s Wanderer Trilogy","Minty Spire (QoL Compilation)","Permanent Neow","Replay The Spire","Spicy Shops","StSLib","The Blackbeard","The Blue Laboratory","The Disciple","The Hierophant","The Necromancer","The Sage","The Valiant","vexMod"],"gold_per_floor":[109,69,89,99,51,51,4,30,53,67,67,102,115,130,130,232,232,250,250,1,21,21,21],"floor_reached":22,"language":"ENG","playtime":1052,"items_purged":["Strike_G"],"score":258,"play_id":"6d279ba6-8c60-4721-b698-ed4f06b047fa","local_time":"20210119210842","is_ascension_mode":true,"campfire_choices":[{"data":"Neutralize","floor":6,"key":"SMITH"},{"floor":15,"key":"REST"}],"circlet_count":0,"master_deck":["Strike_G","Strike_G","Strike_G","Strike_G","Defend_G","Defend_G","Defend_G","Defend_G","Defend_G","Survivor","Neutralize+1","Blur","Quick Slash","Dagger Throw","Sucker Punch","Sucker Punch","Dagger Spray","Cloak And Dagger","Finisher+1","Backflip+1","Choke","Flying Knee","Underhanded Strike"],"relics":["Ring of the Snake","Hammer of Thor","Seething Fire","Anvil of the Gods","BargainBundle","Mercury Hourglass","Pet Ghost","ReplayTheSpireMod:Ninjato","Lantern","ReplayTheSpireMod:Lightbulb","Gremlin Food","Replay:Bronze Core","sagemod:Flying_Carpet","vexMod:Dragonfruit"],"acts_visited":["Exordium","TheCity"],"potions_floor_usage":[8,21],"damage_taken":[{"damage":0,"enemies":"Small Slimes","floor":1,"turns":2},{"damage":0,"enemies":"Cultist","floor":3,"turns":3},{"damage":0,"enemies":"2 Louse","floor":4,"turns":2},{"damage":7,"enemies":"Gremlin Nob","floor":8,"turns":4},{"damage":0,"enemies":"Blue Slaver","floor":10,"turns":3},{"damage":5,"enemies":"3 Sentries","floor":12,"turns":4},{"damage":0,"enemies":"Red Slaver","floor":13,"turns":2},{"damage":0,"enemies":"Looter","floor":14,"turns":1},{"damage":0,"enemies":"Slime Boss","floor":16,"turns":8},{"damage":6,"enemies":"3 Byrds","floor":18,"turns":4},{"damage":11,"enemies":"2 Thieves","floor":21,"turns":3},{"damage":47,"enemies":"3 Cultists","floor":22,"turns":6}],"seed_played":"-5530307439505802986","potions_obtained":[{"floor":2,"key":"ColorlessPotion"},{"floor":2,"key":"blueLaboratory:ImpenetrablePotion"},{"floor":14,"key":"blueLaboratory:BottleOfVodka"}],"is_trial":false,"path_per_floor":["M","?","M","M","$","R","$","E","T","M","?","E","M","M","R_BF","B",null,"M","?","$","M","M"],"character_chosen":"THE_SILENT","items_purchased":["BargainBundle","Block Potion","Explosive Potion","Blur","Mercury Hourglass","Pet Ghost","ReplayTheSpireMod:Ninjato","Sucker Punch","Dagger Spray","vexMod:Dragonfruit"],"campfire_rested":1,"item_purchase_floors":[0,0,0,0,0,0,0,5,7,20],"current_hp_per_floor":[49,49,49,49,49,49,49,42,42,42,42,37,37,37,58,58,70,64,49,54,43,0,0],"gold":21,"neow_bonus":"","is_daily":false,"chose_seed":false,"campfire_upgraded":1,"win_rate":0.0,"timestamp":1611097722,"path_taken":["M","?","M","M","?","R","$","E","T","M","?","E","M","?","R_BF","BOSS","M","?","$","M","M"],"items_purchased_type":["Relic","Potion","Potion","Card","Relic","Relic","Relic","Card","Card","Relic"],"build_version":"2020-12-22","purchased_purges":1,"victory":false,"max_hp_per_floor":[70,70,70,70,70,70,70,70,70,70,70,70,70,70,70,70,70,70,49,54,54,54,54],"card_choices":[{"not_picked":["Hidden Blade","Backflip"],"picked":"Quick Slash","floor":1},{"not_picked":["Prepared","Slice"],"picked":"Dagger Throw","floor":3},{"not_picked":["Backflip","Bouncing Flask"],"picked":"Sucker Punch","floor":4},{"not_picked":["Bouncing Flask","ReplayTheSpireMod:Tripwire"],"picked":"Cloak And Dagger","floor":8},{"not_picked":["Hidden Blade","Blur"],"picked":"Finisher","floor":10},{"not_picked":["Distraction","Poisoned Stab"],"picked":"Backflip","floor":12},{"not_picked":["Deadly Poison","Underhanded Strike"],"picked":"Choke","floor":13},{"not_picked":["Dagger Throw","ReplayTheSpireMod:Shiv Toss"],"picked":"Flying Knee","floor":14},{"not_picked":["Predator","Concentrate+1"],"picked":"Underhanded Strike","floor":18},{"not_picked":["Bane","Deflect","Bouncing Flask+1"],"picked":"SKIP","floor":21}],"player_experience":267705,"relics_obtained":[{"floor":8,"key":"Lantern"},{"floor":9,"key":"ReplayTheSpireMod:Lightbulb"},{"floor":12,"key":"Gremlin Food"}],"event_choices":[{"damage_healed":0,"gold_gain":0,"player_choice":"Bought 3 Potions","damage_taken":0,"max_hp_gain":0,"max_hp_loss":0,"event_name":"The Woman in Blue","floor":2,"gold_loss":0},{"damage_healed":0,"gold_gain":0,"player_choice":"Forge","damage_taken":0,"max_hp_gain":0,"max_hp_loss":0,"event_name":"Accursed Blacksmith","floor":11,"gold_loss":0,"cards_upgraded":["Finisher"]}],"is_beta":false,"boss_relics":[{"not_picked":["vexMod:MegatonBomb","energizedSpire:HighHeels"],"picked":"Replay:Bronze Core"}],"items_purged_floors":[0],"is_endless":false,"potions_floor_spawned":[12,13,14,21],"killed_by":"3 Cultists","ascension_level":1}}