{"host":"daa8jqyg4gqfaysm","time":1611047353,"event":{"mods":["BaseMod","Colored Powertips","Minty Spire (QoL Compilation)","StSLib"],"gold_per_floor":[113,132,0,17,17,17,36,36,36,36,69,69,80,108,108,185,185,198,215,53,63,77,77,102,102,128,139,165,10,20,20,20,20,20],"floor_reached":33,"language":"ENG","playtime":1144,"items_purged":["Strike_G","Strike_G"],"score":694,"play_id":"d0610378-7edd-4206-88a5-c7d00b2af5ff","local_time":"20210119170913","is_ascension_mode":true,"campfire_choices":[{"floor":6,"key":"REST"},{"data":"Glass Knife","floor":8,"key":"SMITH"},{"data":"Neutralize","floor":12,"key":"SMITH"},{"data":"Panacea","floor":15,"key":"SMITH"},{"data":"Wraith Form v2","floor":23,"key":"SMITH"},{"floor":25,"key":"REST"},{"data":"Ghostly","floor":32,"key":"SMITH"}],"circlet_count":0,"master_deck":["AscendersBane","Strike_G","Strike_G+1","Strike_G+1","Defend_G","Defend_G","Defend_G","Defend_G","Defend_G","Survivor","Neutralize+1","Panacea+1","Quick Slash","Glass Knife+1","Backstab+1","Blade Dance","Calculated Gamble","Masterful Stab+1","Escape Plan","Corpse Explosion","Deflect","Wraith Form v2+1","PiercingWail+1","Escape Plan","Ghostly+1","Ghostly","Ghostly"],"relics":["Ring of the Serpent","Gremlin Horn","Oddly Smooth Stone","Bag of Marbles","Singing Bowl","Whetstone","HornCleat"],"acts_visited":["Exordium","TheCity"],"potions_floor_usage":[11,16,16,16,19,21,24,24,24,33],"damage_taken":[{"damage":23,"enemies":"Cultist","floor":1,"turns":6},{"damage":2,"enemies":"2 Louse","floor":2,"turns":3},{"damage":0,"enemies":"Jaw Worm","floor":4,"turns":3},{"damage":1,"enemies":"Blue Slaver","floor":7,"turns":4},{"damage":12,"enemies":"3 Sentries","floor":11,"turns":4},{"damage":0,"enemies":"2 Fungi Beasts","floor":13,"turns":1},{"damage":0,"enemies":"Gremlin Nob","floor":14,"turns":3},{"damage":6,"enemies":"Hexaghost","floor":16,"turns":9},{"damage":13,"enemies":"2 Thieves","floor":18,"turns":3},{"damage":12,"enemies":"Spheric Guardian","floor":19,"turns":4},{"damage":24,"enemies":"Shelled Parasite and Fungi","floor":21,"turns":6},{"damage":25,"enemies":"Chosen and Byrds","floor":22,"turns":5},{"damage":1,"enemies":"Gremlin Leader","floor":24,"turns":8},{"damage":1,"enemies":"Centurion and Healer","floor":27,"turns":5},{"damage":4,"enemies":"Slavers","floor":28,"turns":5},{"damage":11,"enemies":"Snake Plant","floor":30,"turns":5},{"damage":33,"enemies":"Automaton","floor":33,"turns":12}],"seed_played":"7271953176287904260","potions_obtained":[{"floor":4,"key":"EntropicBrew"},{"floor":11,"key":"Explosive Potion"},{"floor":13,"key":"PowerPotion"},{"floor":18,"key":"EntropicBrew"},{"floor":19,"key":"Regen Potion"}],"is_trial":false,"path_per_floor":["M","M","$","M","?","R","M","R","T","?","E","R","M","E","R","B",null,"M","M","$","M","M","R","E","R","T","M","E","$","M","?","R","B"],"character_chosen":"THE_SILENT","items_purchased":["Strength Potion","Bag of Marbles","FearPotion"],"campfire_rested":2,"item_purchase_floors":[3,20,29],"current_hp_per_floor":[36,34,34,34,14,33,32,32,32,54,42,42,42,42,42,36,59,46,46,46,36,11,11,10,29,29,28,26,26,17,17,17,0,0],"gold":20,"neow_bonus":"RANDOM_COLORLESS","is_daily":false,"chose_seed":false,"campfire_upgraded":5,"win_rate":0.0,"timestamp":1611047353,"path_taken":["M","?","$","M","?","R","M","R","T","?","E","R","M","E","R","BOSS","M","M","$","M","M","R","E","R","T","M","E","$","M","?","R","BOSS"],"items_purchased_type":["Potion","Relic","Potion"],"build_version":"2020-12-22","purchased_purges":2,"victory":false,"max_hp_per_floor":[66,66,66,66,66,66,66,66,66,66,66,66,66,66,66,66,66,66,66,66,66,66,66,66,66,66,66,68,68,70,35,35,35,35],"card_choices":[{"not_picked":["Impatience","Madness"],"picked":"Panacea","floor":0},{"not_picked":["Cloak And Dagger","Bane"],"picked":"Quick Slash","floor":1},{"not_picked":["Skewer","Poisoned Stab"],"picked":"Glass Knife","floor":2},{"not_picked":["Predator","Underhanded Strike"],"picked":"Backstab","floor":4},{"not_picked":["Flying Knee","Outmaneuver"],"picked":"Blade Dance","floor":7},{"not_picked":["Reflex","Quick Slash"],"picked":"Calculated Gamble","floor":11},{"not_picked":["Riddle With Holes","Crippling Poison"],"picked":"Masterful Stab","floor":13},{"not_picked":["Choke","Riddle With Holes"],"picked":"Escape Plan","floor":14},{"not_picked":["Doppelganger","Malaise"],"picked":"Corpse Explosion","floor":16},{"not_picked":["Outmaneuver","Poisoned Stab+1","Deadly Poison"],"picked":"SKIP","floor":18},{"not_picked":["Sucker Punch","Reflex","Heel Hook"],"picked":"SKIP","floor":19},{"not_picked":["Outmaneuver","Acrobatics"],"picked":"Deflect","floor":21},{"not_picked":["Quick Slash","Bane"],"picked":"Wraith Form v2","floor":22},{"not_picked":["Deflect","Reflex"],"picked":"PiercingWail+1","floor":24},{"not_picked":["Dagger Throw","Blade Dance"],"picked":"Escape Plan","floor":27},{"not_picked":["Escape Plan","Deadly Poison","Sucker Punch"],"picked":"Singing Bowl","floor":28},{"not_picked":["Dagger Spray","Underhanded Strike","Slice"],"picked":"Singing Bowl","floor":30}],"player_experience":840113,"relics_obtained":[{"floor":11,"key":"Gremlin Horn"},{"floor":14,"key":"Oddly Smooth Stone"},{"floor":24,"key":"Singing Bowl"},{"floor":26,"key":"Whetstone"},{"floor":28,"key":"HornCleat"}],"event_choices":[{"damage_healed":0,"gold_gain":0,"player_choice":"Entered Light","damage_taken":20,"max_hp_gain":0,"max_hp_loss":0,"event_name":"Shining Light","floor":5,"gold_loss":0,"cards_upgraded":["Strike_G","Backstab"]},{"damage_healed":22,"gold_gain":0,"player_choice":"Banana","damage_taken":0,"max_hp_gain":0,"max_hp_loss":0,"event_name":"Big Fish","floor":10,"gold_loss":0},{"damage_healed":0,"gold_gain":0,"player_choice":"Became a Ghost","damage_taken":0,"max_hp_gain":0,"max_hp_loss":35,"event_name":"Ghosts","floor":31,"gold_loss":0,"cards_obtained":["Ghostly","Ghostly","Ghostly"]}],"is_beta":false,"boss_relics":[{"not_picked":["Snecko Eye","Ectoplasm"],"picked":"Ring of the Serpent"}],"items_purged_floors":[3,29],"is_endless":false,"potions_floor_spawned":[4,7,11,13,14,18,19],"killed_by":"Automaton","ascension_level":20}}