{"host":"b5mzvg96njlg7ry9","time":1611073634,"event":{"mods":["AlwaysNeverKeys","BaseMod","Colored Map","Colored Powertips","Downfall","Highlight Path","Minty Spire (QoL Compilation)","Quick Restart","Relic Sorter","StSLib","SuperFastMode","everything is the same but u backflip on backflip"],"gold_per_floor":[299,316,316,329,239,259,259,593,693,712,741,757,782,799,812,915,915,915,934,934,934,699,731,757,757,487,512,512,546,556,591,611,708,708,708,726,331,431,41,68,68,88,88,88,136,163,174,200,211,211,211,236,485,485,485,485],"floor_reached":57,"language":"ENG","playtime":2773,"items_purged":["bronze:Defend","bronze:Defend","bronze:Turbo","bronze:Goto"],"score":1720,"play_id":"e680ca48-3a34-4e64-b315-d4088b82d431","local_time":"20210119172714","is_ascension_mode":true,"campfire_choices":[{"data":"bronze:Replicate","floor":1,"key":"SMITH"},{"data":"bronze:HardenedForm","floor":18,"key":"SMITH"},{"data":"1","floor":25,"key":"LIFT"},{"data":"2","floor":28,"key":"LIFT"},{"data":"3","floor":35,"key":"LIFT"},{"data":"bronze:BronzeOrb","floor":54,"key":"SMITH"}],"circlet_count":0,"master_deck":["bronze:Replicate+1","bronze:InfiniteLoop+1","bronze:InfiniteBeams+1","bronze:FineTuning","bronze:FineTuning","bronze:HardenedForm+1","bronze:ChosenStrike","bronze:FindAndReplace","bronze:Repair","bronze:BronzeOrb+1","Master of Strategy"],"relics":["bronze:BronzeCore","downfall:HeartBlessingRed","downfall:HeartBlessingGreen","downfall:HeartBlessingBlue","Art of War","Old Coin","Shovel","Lantern","Velvet Choker","downfall:KnowingSkull","Girya","Happy Flower","Mercury Hourglass","PreservedInsect","Tiny Chest","Blue Candle","MealTicket","Ginger","Coffee Dripper","Kunai","Potion Belt","champ:Barbells","Gremlin Horn","Orichalcum","Ornamental Fan","Unceasing Top","Lizard Tail","hexamod:BolsterEngine","Anchor","Bag of Preparation","Vajra","Mummified Hand","ClockworkSouvenir"],"acts_visited":["Exordium","TheCity","TheBeyond","TheEnding"],"potions_floor_usage":[13,13,19,27,29,30,31,36,38,38,49,50,50,55,55,56,56],"damage_taken":[{"damage":1,"enemies":"2 Louse","floor":2,"turns":4},{"damage":0,"enemies":"Cultist","floor":4,"turns":2},{"damage":10,"enemies":"downfall:FleeingMerchant","floor":5,"turns":4},{"damage":0,"enemies":"Small Slimes","floor":6,"turns":1},{"damage":6,"enemies":"3 Sentries","floor":8,"turns":4},{"damage":6,"enemies":"3 Louse","floor":10,"turns":2},{"damage":0,"enemies":"Lagavulin","floor":11,"turns":3},{"damage":6,"enemies":"Blue Slaver","floor":12,"turns":2},{"damage":3,"enemies":"3 Sentries","floor":13,"turns":3},{"damage":6,"enemies":"2 Fungi Beasts","floor":14,"turns":2},{"damage":0,"enemies":"Large Slime","floor":15,"turns":3},{"damage":16,"enemies":"IC_STATUS_ARCHETYPE","floor":16,"turns":4},{"damage":0,"enemies":"Shell Parasite","floor":19,"turns":3},{"damage":5,"enemies":"downfall:FleeingMerchant","floor":22,"turns":4},{"damage":0,"enemies":"Gremlin Leader","floor":23,"turns":4},{"damage":18,"enemies":"Book of Stabbing","floor":27,"turns":3},{"damage":37,"enemies":"Slavers","floor":29,"turns":2},{"damage":0,"enemies":"Spheric Guardian","floor":30,"turns":1},{"damage":5,"enemies":"Gremlin Leader","floor":31,"turns":2},{"damage":0,"enemies":"Centurion and Healer","floor":32,"turns":3},{"damage":0,"enemies":"WA_ARCHETYPE_CALM","floor":33,"turns":4},{"damage":6,"enemies":"3 Darklings","floor":36,"turns":3},{"damage":0,"enemies":"downfall:LadyInBlue","floor":38,"turns":4},{"damage":8,"enemies":"Orb Walker","floor":42,"turns":2},{"damage":53,"enemies":"2 Orb Walkers","floor":45,"turns":4},{"damage":5,"enemies":"Giant Head","floor":46,"turns":3},{"damage":0,"enemies":"Maw","floor":47,"turns":4},{"damage":0,"enemies":"Nemesis","floor":48,"turns":3},{"damage":5,"enemies":"Sphere and 2 Shapes","floor":49,"turns":3},{"damage":8,"enemies":"SI_POISON_ARCHETYPE","floor":50,"turns":4},{"damage":1,"enemies":"downfall:CharBossMerchant","floor":52,"turns":4},{"damage":17,"enemies":"downfall:NeowBoss","floor":55,"turns":8},{"damage":7,"enemies":"downfall:NeowBossFinal","floor":56,"turns":5}],"seed_played":"8912175555372662993","potions_obtained":[{"floor":4,"key":"Strength Potion"},{"floor":10,"key":"bronze:FreeFunctionsPotion"},{"floor":11,"key":"DistilledChaos"},{"floor":15,"key":"LiquidMemories"},{"floor":16,"key":"FearPotion"},{"floor":29,"key":"Fire Potion"},{"floor":30,"key":"LiquidBronze"},{"floor":32,"key":"Guardian:BlockOnCardUsePotion"},{"floor":36,"key":"bronze:CleanCodePotion"},{"floor":38,"key":"Weak Potion"},{"floor":38,"key":"Block Potion"},{"floor":38,"key":"LiquidBronze"},{"floor":46,"key":"Guardian:BlockOnCardUsePotion"},{"floor":47,"key":"AttackPotion"},{"floor":52,"key":"Fruit Juice"}],"is_trial":false,"path_per_floor":["R","M","?","M","$","M","T","E","?","M","E","M","E","M","M","B",null,"R","M","?","?","$","E","T","R","$","E","R","E","M","E","M","B",null,"R","M","$","?","$","T","T","M","T","?","?","E","M","E","M","B",null,"E","$","R","B","B",null],"character_chosen":"THE_AUTOMATON","items_purchased":["Girya","Happy Flower","Tiny Chest","Kunai","champ:Barbells","Gremlin Horn","Vajra","Mummified Hand","ClockworkSouvenir","Master of Strategy"],"campfire_rested":0,"item_purchase_floors":[22,22,26,37,39,39,53,53,53,53],"current_hp_per_floor":[80,79,80,80,70,70,70,64,64,58,58,52,49,43,43,27,80,80,80,80,73,68,68,68,68,68,50,50,13,13,8,15,24,80,80,80,80,80,80,80,80,79,79,79,33,35,42,49,51,50,80,80,80,80,68,68],"gold":485,"neow_bonus":"TRANSFORM_CARD","is_daily":false,"chose_seed":false,"campfire_upgraded":3,"win_rate":0.0,"timestamp":1611073634,"path_taken":["R","M","?","M","$","?","T","E","?","M","E","M","E","?","M","BOSS","R","M","?","?","$","E","T","R","$","E","R","E","M","E","M","BOSS","R","M","$","?","$","?","T","?","?","?","?","E","M","E","M","BOSS","E","$","R","BOSS","BOSS"],"items_purchased_type":["Relic","Relic","Relic","Relic","Relic","Relic","Relic","Relic","Relic","Card"],"build_version":"2020-12-22","purchased_purges":4,"victory":true,"max_hp_per_floor":[80,80,80,80,80,80,80,80,80,80,80,80,80,80,80,80,80,80,80,80,80,80,80,80,80,80,80,80,80,80,80,80,80,80,80,80,80,80,80,80,80,80,80,80,80,80,80,80,80,80,80,80,80,80,85,85],"card_choices":[{"not_picked":["bronze:OilSpill","bronze:Frontload","bronze:Invalidate"],"picked":"SKIP","floor":2},{"not_picked":["bronze:OilSpill","bronze:Frontload","bronze:Invalidate"],"picked":"SKIP","floor":2},{"not_picked":["bronze:OilSpill","bronze:Frontload","bronze:Invalidate"],"picked":"SKIP","floor":2},{"not_picked":["bronze:CutThrough","bronze:Separator","bronze:Return"],"picked":"SKIP","floor":4},{"not_picked":["bronze:Constructor","bronze:Branch","bronze:Deprecate"],"picked":"SKIP","floor":5},{"not_picked":["bronze:Shell","bronze:ForLoop","bronze:BuggyMess"],"picked":"SKIP","floor":6},{"not_picked":["bronze:Constructor","bronze:Invalidate","bronze:FineTuning"],"picked":"SKIP","floor":8},{"not_picked":["bronze:Shield","bronze:BurnOut","bronze:Separator"],"picked":"SKIP","floor":10},{"not_picked":["bronze:DelayedGuard","bronze:DarkDash","bronze:DigitalCarnage"],"picked":"SKIP","floor":11},{"not_picked":["bronze:Allocate","bronze:Philosophize","bronze:DelayedGuard"],"picked":"SKIP","floor":12},{"not_picked":["bronze:Frontload","bronze:BronzeOrb"],"picked":"bronze:FineTuning","floor":13},{"not_picked":["bronze:Shell","bronze:Return"],"picked":"bronze:Turbo","floor":14},{"not_picked":["bronze:Branch","bronze:OilSpill"],"picked":"bronze:FineTuning","floor":15},{"not_picked":["bronze:HyperBeam","bronze:SpaghettiCode"],"picked":"bronze:HardenedForm","floor":16},{"not_picked":["bronze:Return","bronze:Shield"],"picked":"bronze:ChosenStrike","floor":19},{"not_picked":["bronze:InfiniteBeams","bronze:ItsAFeature","bronze:DelayedGuard"],"picked":"SKIP","floor":22},{"not_picked":["bronze:MaxOutput","bronze:Shield+1","bronze:ClassDefault"],"picked":"SKIP","floor":23},{"not_picked":["bronze:Philosophize+1","bronze:Branch+1","bronze:DelayedGuard+1"],"picked":"SKIP","floor":27},{"not_picked":["bronze:MaxOutput","bronze:FineTuning","bronze:Refactor"],"picked":"SKIP","floor":29},{"not_picked":["bronze:DelayedGuard","bronze:BugBarrage"],"picked":"bronze:FindAndReplace","floor":30},{"not_picked":["bronze:Safeguard","bronze:Turbo+1"],"picked":"bronze:Repair","floor":31},{"not_picked":["bronze:WildBeam","bronze:Allocate"],"picked":"bronze:BronzeOrb","floor":32},{"not_picked":["bronze:WhirlingStrike+1","bronze:BugBarrage+1","bronze:DelayedGuard"],"picked":"SKIP","floor":36},{"not_picked":["bronze:Shield+1","bronze:Fortify+1","bronze:ForLoop+1"],"picked":"SKIP","floor":42},{"not_picked":["bronze:WhirlingStrike","bronze:WildBeam+1","bronze:Branch+1"],"picked":"SKIP","floor":46},{"not_picked":["bronze:Deprecate","bronze:Flail+1","bronze:Frontload"],"picked":"SKIP","floor":47},{"not_picked":["bronze:Refactor+1","bronze:Overload+1","bronze:Turbo"],"picked":"SKIP","floor":48},{"not_picked":["bronze:Invalidate+1","bronze:DelayedSlice+1","bronze:ForceShield"],"picked":"SKIP","floor":49},{"not_picked":["bronze:Invalidate+1","bronze:DelayedSlice+1","bronze:ForceShield"],"picked":"SKIP","floor":49},{"not_picked":["bronze:SpaghettiCode","bronze:CleanCode","bronze:DigitalCarnage"],"picked":"SKIP","floor":52}],"player_experience":814732,"relics_obtained":[{"floor":7,"key":"Art of War"},{"floor":8,"key":"Old Coin"},{"floor":11,"key":"Shovel"},{"floor":13,"key":"Lantern"},{"floor":23,"key":"Mercury Hourglass"},{"floor":24,"key":"PreservedInsect"},{"floor":27,"key":"Blue Candle"},{"floor":29,"key":"MealTicket"},{"floor":31,"key":"Ginger"},{"floor":38,"key":"Potion Belt"},{"floor":40,"key":"Orichalcum"},{"floor":41,"key":"Ornamental Fan"},{"floor":43,"key":"Unceasing Top"},{"floor":45,"key":"Lizard Tail"},{"floor":46,"key":"hexamod:BolsterEngine"},{"floor":48,"key":"Anchor"},{"floor":52,"key":"Bag of Preparation"}],"event_choices":[{"cards_removed":["bronze:Optimize"],"damage_healed":1,"gold_gain":0,"player_choice":"Offered Uncommon","damage_taken":0,"max_hp_gain":0,"max_hp_loss":0,"event_name":"Bonfire Elementals","floor":3,"gold_loss":0},{"damage_healed":0,"gold_gain":0,"player_choice":"Ignored","damage_taken":0,"max_hp_gain":0,"max_hp_loss":0,"event_name":"Vampires","floor":20,"gold_loss":0},{"damage_healed":0,"gold_gain":0,"player_choice":"Fight","damage_taken":0,"max_hp_gain":0,"max_hp_loss":0,"event_name":"Mysterious Sphere","floor":45,"gold_loss":0}],"is_beta":false,"boss_relics":[{"not_picked":["Pandora\u0027s Box","Fusion Hammer"],"picked":"Velvet Choker"},{"not_picked":["Snecko Eye","bronze:MakeshiftBattery"],"picked":"Coffee Dripper"}],"items_purged_floors":[5,22,26,37],"is_endless":false,"potions_floor_spawned":[4,10,11,15,16,29,30,32,33,36,46,47,48,49,52],"ascension_level":1}}