{"host":"nptej036rrbiurf5","time":1611060965,"event":{"mods":["BaseMod","Colored Map","Colored Powertips","DeckTracker","Minty Spire (QoL Compilation)","StSLib","SuperFastMode"],"gold_per_floor":[110,110,110,35,48,76,89,104,104,116,132,165,165,175,175,246,246,261,41,0,0,0,0,0],"floor_reached":23,"language":"KOR","playtime":445,"items_purged":["Strike_R"],"score":452,"play_id":"27a84da7-0646-4165-9165-597a70b501f8","local_time":"20210119215605","is_ascension_mode":true,"campfire_choices":[{"data":"Inflame","floor":13.0,"key":"SMITH"},{"data":"Limit Break","floor":15.0,"key":"SMITH"}],"circlet_count":0,"master_deck":["AscendersBane","Strike_R+1","Strike_R+1","Defend_R","Defend_R","Defend_R","Bash","Inflame+1","Power Through","Limit Break+1","Twin Strike","Flex","Evolve","Battle Trance","Shockwave","Double Tap","Pommel Strike","Heavy Blade","Whirlwind","Shrug It Off"],"relics":["Burning Blood","NeowsBlessing","Prayer Wheel","The Courier","Ornamental Fan","Empty Cage","PreservedInsect","Mummified Hand"],"acts_visited":["Exordium","TheCity"],"potions_floor_usage":[23],"damage_taken":[{"damage":2.0,"enemies":"2 Louse","floor":1.0,"turns":2.0},{"damage":0.0,"enemies":"Jaw Worm","floor":5.0,"turns":1.0},{"damage":0.0,"enemies":"3 Sentries","floor":6.0,"turns":2.0},{"damage":6.0,"enemies":"Cultist","floor":7.0,"turns":4.0},{"damage":9.0,"enemies":"Exordium Wildlife","floor":8.0,"turns":5.0},{"damage":3.0,"enemies":"3 Louse","floor":10.0,"turns":4.0},{"damage":21.0,"enemies":"Blue Slaver","floor":11.0,"turns":3.0},{"damage":14.0,"enemies":"Gremlin Nob","floor":12.0,"turns":3.0},{"damage":12.0,"enemies":"Looter","floor":14.0,"turns":3.0},{"damage":23.0,"enemies":"Slime Boss","floor":16.0,"turns":5.0},{"damage":18.0,"enemies":"3 Byrds","floor":18.0,"turns":6.0},{"damage":29,"enemies":"Slavers","floor":23,"turns":2}],"seed_played":"1421392472260781506","potions_obtained":[{"floor":1.0,"key":"PowerPotion"},{"floor":5.0,"key":"BloodPotion"},{"floor":18.0,"key":"Strength Potion"}],"is_trial":false,"path_per_floor":["M","?","?","$","M","E","M","M","T","M","M","E","R","M","R","B",null,"M","$","?","?","T","E"],"character_chosen":"IRONCLAD","items_purchased":["PreservedInsect","Whirlwind","Shrug It Off"],"campfire_rested":0,"item_purchase_floors":[19,19,19],"current_hp_per_floor":[72,49,49,49,55,61,61,58,58,61,46,38,38,47,47,30,64,52,52,52,31,31,2,2],"gold":0,"neow_bonus":"THREE_ENEMY_KILL","is_daily":false,"chose_seed":false,"campfire_upgraded":2,"win_rate":0.0,"timestamp":1611060965,"path_taken":["M","?","?","$","M","E","M","M","T","M","?","E","R","M","R","BOSS","M","$","?","?","?","E"],"items_purchased_type":["Relic","Card","Card"],"build_version":"2020-12-22","purchased_purges":1,"victory":false,"max_hp_per_floor":[75,75,75,75,75,75,75,75,75,75,75,75,75,75,75,75,75,75,75,75,80,80,80,80],"card_choices":[{"not_picked":["Dual Wield","Heavy Blade"],"picked":"Inflame","floor":1.0},{"not_picked":["Flex","True Grit"],"picked":"Power Through","floor":5.0},{"not_picked":["Sword Boomerang","Combust"],"picked":"Limit Break","floor":6.0},{"not_picked":["Cleave","Seeing Red"],"picked":"Twin Strike","floor":7.0},{"not_picked":["Ghostly Armor","Whirlwind"],"picked":"Flex","floor":7.0},{"not_picked":["Clothesline","True Grit"],"picked":"Evolve","floor":8.0},{"not_picked":["Perfected Strike","Infernal Blade","Metallicize"],"picked":"SKIP","floor":8.0},{"not_picked":["Twin Strike","Rampage","Carnage"],"picked":"SKIP","floor":10.0},{"not_picked":["Clash","Havoc","Perfected Strike"],"picked":"SKIP","floor":10.0},{"not_picked":["Cleave","Bludgeon"],"picked":"Battle Trance","floor":11.0},{"not_picked":["Armaments","Iron Wave","Warcry"],"picked":"SKIP","floor":11.0},{"not_picked":["Armaments","Infernal Blade"],"picked":"Shockwave","floor":12.0},{"not_picked":["True Grit","Body Slam","Rupture"],"picked":"SKIP","floor":14.0},{"not_picked":["True Grit","Twin Strike","Intimidate"],"picked":"SKIP","floor":14.0},{"not_picked":["Barricade","Brutality"],"picked":"Double Tap","floor":16.0},{"not_picked":["Wild Strike+1","Armaments"],"picked":"Pommel Strike","floor":18.0},{"not_picked":["Thunderclap","Metallicize"],"picked":"Heavy Blade","floor":18.0}],"player_experience":895130,"relics_obtained":[{"floor":6.0,"key":"Prayer Wheel"},{"floor":9.0,"key":"The Courier"},{"floor":12.0,"key":"Ornamental Fan"},{"floor":22,"key":"Mummified Hand"}],"event_choices":[{"damage_healed":0.0,"max_hp_gain":0.0,"max_hp_loss":0.0,"gold_gain":0.0,"event_name":"Shining Light","player_choice":"Entered Light","floor":2.0,"gold_loss":0.0,"damage_taken":23.0,"cards_upgraded":["Strike_R","Strike_R"]},{"cards_removed":["Strike_R"],"damage_healed":0.0,"max_hp_gain":0.0,"max_hp_loss":0.0,"gold_gain":0.0,"event_name":"Purifier","player_choice":"Purged","floor":3.0,"gold_loss":0.0,"damage_taken":0.0},{"damage_healed":0,"gold_gain":0,"player_choice":"Paid Fearfully","damage_taken":0,"max_hp_gain":0,"max_hp_loss":0,"event_name":"Masked Bandits","floor":20,"gold_loss":41},{"damage_healed":0,"gold_gain":0,"player_choice":"Shed Blood","damage_taken":26,"max_hp_gain":5,"max_hp_loss":0,"event_name":"Forgotten Altar","floor":21,"gold_loss":0}],"is_beta":false,"boss_relics":[{"not_picked":["Busted Crown","Snecko Eye"],"picked":"Empty Cage"}],"items_purged_floors":[4],"is_endless":false,"potions_floor_spawned":[1,5,8,10,18],"killed_by":"Slavers","ascension_level":20}}