{"host":"dftyqn972q7tuon4","time":1611084346,"event":{"mods":["AchievementEnabler","BaseMod","Better Altar","Better Match","Better Note","Better Sensory Stone","Better Skull","Better Third Choice","Colored Powertips","Highlight Path","Minty Spire (QoL Compilation)","Permanent Neow","Quick Restart","StSLib"],"gold_per_floor":[144,0,0,0,45,45,45,11,36,60,10,100,145,190,190,490,490,535,580,43,88,88,178,178,223,248,248,293,338,338,38,38,338,338,383,33,78,123,168,168,213,258,283,328,328,418,3,105,105,105],"floor_reached":51,"language":"ENG","playtime":3485,"items_purged":["Strike_P","Transmutation","Parasite"],"score":824,"play_id":"dc060e9c-ed65-4fd3-aed9-6a3512292bde","local_time":"20210119202546","daily_mods":["Allstar","Time Dilation","Midas"],"is_ascension_mode":false,"campfire_choices":[{"floor":6.0,"key":"REST"},{"floor":15.0,"key":"REST"},{"floor":24.0,"key":"REST"},{"floor":32.0,"key":"DIG"},{"floor":40.0,"key":"DIG"},{"floor":45.0,"key":"REST"},{"floor":49.0,"key":"DIG"}],"circlet_count":0,"master_deck":["Eruption","Vigilance","Impatience","Mind Blast","Secret Technique","Bandage Up+1","Evaluate+1","Enlightenment","Inflame","Evaluate","Nirvana","DevaForm","CutThroughFate","FlurryOfBlows","Devotion","Brilliance","CutThroughFate+1","CutThroughFate","Apotheosis","FollowUp+1","RitualDagger","Wallop","ThirdEye","Necronomicurse","Halt+1","WindmillStrike","DevaForm","LessonLearned","EmptyFist","Devotion","Ragnarok","Meditate","Indignation+1","LessonLearned","Weave+1","FlurryOfBlows+1","Prostrate","ThirdEye","Prostrate","LikeWater+1","Brilliance","Nirvana","ThirdEye","Collect"],"relics":["PureWater","Boot","Damaru","Odd Mushroom","Lantern","Runic Pyramid","Medical Kit","Pen Nib","Ornamental Fan","Orichalcum","Necronomicon","Dead Branch","Shovel","Question Card","Pandora\u0027s Box","Shuriken","Mercury Hourglass","Oddly Smooth Stone","TeardropLocket","Membership Card","Anchor","Ginger","War Paint"],"acts_visited":["Exordium","TheCity","TheBeyond"],"potions_floor_usage":[50,50],"damage_taken":[{"damage":0.0,"enemies":"Small Slimes","floor":1.0,"turns":3.0},{"damage":11.0,"enemies":"Jaw Worm","floor":5.0,"turns":3.0},{"damage":17.0,"enemies":"The Mushroom Lair","floor":10.0,"turns":8.0},{"damage":23.0,"enemies":"3 Sentries","floor":12.0,"turns":9.0},{"damage":0.0,"enemies":"2 Louse","floor":13.0,"turns":2.0},{"damage":0.0,"enemies":"2 Fungi Beasts","floor":14.0,"turns":2.0},{"damage":34.0,"enemies":"Hexaghost","floor":16.0,"turns":7.0},{"damage":5.0,"enemies":"Spheric Guardian","floor":18.0,"turns":3.0},{"damage":11.0,"enemies":"3 Byrds","floor":19.0,"turns":4.0},{"damage":18.0,"enemies":"Shelled Parasite and Fungi","floor":21.0,"turns":4.0},{"damage":14.0,"enemies":"Gremlin Leader","floor":23.0,"turns":2.0},{"damage":24.0,"enemies":"Snake Plant","floor":25.0,"turns":3.0},{"damage":3.0,"enemies":"Sentry and Sphere","floor":28.0,"turns":4.0},{"damage":0.0,"enemies":"Centurion and Healer","floor":29.0,"turns":3.0},{"damage":0.0,"enemies":"Champ","floor":33.0,"turns":4.0},{"damage":16.0,"enemies":"3 Shapes","floor":35.0,"turns":3.0},{"damage":0.0,"enemies":"Orb Walker","floor":37.0,"turns":1.0},{"damage":0.0,"enemies":"Transient","floor":38.0,"turns":5.0},{"damage":18.0,"enemies":"Maw","floor":39.0,"turns":3.0},{"damage":0.0,"enemies":"Writhing Mass","floor":41.0,"turns":2.0},{"damage":5.0,"enemies":"Sphere and 2 Shapes","floor":42.0,"turns":2.0},{"damage":26.0,"enemies":"Spire Growth","floor":44.0,"turns":3.0},{"damage":0.0,"enemies":"Nemesis","floor":46.0,"turns":1.0},{"damage":0.0,"enemies":"2 Orb Walkers","floor":48.0,"turns":2.0},{"damage":25,"enemies":"Donu and Deca","floor":50,"turns":5}],"seed_played":"3706737729498028133","potions_obtained":[{"floor":1.0,"key":"SpeedPotion"},{"floor":5.0,"key":"SpeedPotion"},{"floor":14.0,"key":"SkillPotion"},{"floor":19.0,"key":"Regen Potion"},{"floor":21.0,"key":"GamblersBrew"},{"floor":29.0,"key":"BlessingOfTheForge"},{"floor":35.0,"key":"AttackPotion"},{"floor":37.0,"key":"Energy Potion"},{"floor":38.0,"key":"PowerPotion"},{"floor":44.0,"key":"Ambrosia"}],"is_trial":false,"path_per_floor":["M","?","?","$","M","R","?","$","T","?","?","E","M","M","R","B",null,"M","M","$","M","?","E","R","M","T","?","M","M","?","$","R","B",null,"M","$","M","M","M","R","M","M","T","M","R","E","$","?","R","B",null],"character_chosen":"WATCHER","items_purchased":["Nirvana","Apotheosis","Medical Kit","Pen Nib","Shovel","Shuriken","Membership Card","Brilliance","Nirvana","Anchor","ThirdEye"],"campfire_rested":4,"item_purchase_floors":[8,20,20,20,31,36,47,47,47,47,47],"current_hp_per_floor":[72,78,69,69,62,78,71,71,71,58,58,39,43,47,70,40,78,77,66,66,64,58,50,73,53,53,37,38,44,44,44,44,50,78,68,68,72,76,58,58,64,59,59,33,56,56,56,56,56,31],"gold":105,"neow_bonus":"","is_daily":true,"chose_seed":false,"campfire_upgraded":0,"win_rate":0.0,"timestamp":1611084346,"path_taken":["M","?","?","?","M","R","?","$","T","?","?","E","M","?","R","BOSS","M","M","$","M","?","E","R","M","T","?","M","M","?","?","R","BOSS","M","$","M","M","M","R","M","M","T","M","R","E","$","?","R","BOSS"],"items_purchased_type":["Card","Card","Relic","Relic","Relic","Relic","Relic","Card","Card","Relic","Card"],"build_version":"2020-12-22","purchased_purges":3,"victory":true,"max_hp_per_floor":[72,78,78,78,78,78,78,78,78,78,78,78,78,78,78,78,78,78,78,78,78,78,78,78,78,78,78,78,78,78,78,78,78,78,78,78,78,78,78,78,78,78,78,78,78,78,75,75,75,75],"card_choices":[{"not_picked":["Prostrate","SandsOfTime"],"picked":"Evaluate","floor":1.0},{"not_picked":["ClearTheMind","FollowUp"],"picked":"Evaluate","floor":5.0},{"not_picked":["FlurryOfBlows","EmptyBody"],"picked":"DevaForm","floor":10.0},{"not_picked":["FlyingSleeves","Evaluate"],"picked":"CutThroughFate","floor":12.0},{"not_picked":["EmptyBody","Consecrate"],"picked":"FlurryOfBlows","floor":13.0},{"not_picked":["Evaluate","FollowUp"],"picked":"Devotion","floor":14.0},{"not_picked":["Alpha","Ragnarok"],"picked":"Brilliance","floor":16.0},{"not_picked":["Crescendo","FollowUp"],"picked":"CutThroughFate+1","floor":18.0},{"not_picked":["Halt","Prostrate"],"picked":"CutThroughFate","floor":19.0},{"not_picked":["Adaptation","ClearTheMind"],"picked":"FollowUp","floor":21.0},{"not_picked":["EmptyBody+1","Halt"],"picked":"Wallop","floor":23.0},{"not_picked":["Halt","Establishment"],"picked":"ThirdEye","floor":25.0},{"not_picked":["EmptyFist","Study"],"picked":"Halt+1","floor":28.0},{"not_picked":["FlyingSleeves","CrushJoints"],"picked":"WindmillStrike","floor":29.0},{"not_picked":["DeusExMachina","Scrawl","Blasphemy"],"picked":"DevaForm","floor":33.0},{"not_picked":["FlurryOfBlows","SashWhip","SandsOfTime+1"],"picked":"Indignation+1","floor":35.0},{"not_picked":["Consecrate","PathToVictory","BowlingBash+1"],"picked":"LessonLearned","floor":37.0},{"not_picked":["ThirdEye+1","Worship+1","EmptyFist+1"],"picked":"Weave+1","floor":38.0},{"not_picked":["Swivel+1","PathToVictory+1","Prostrate+1"],"picked":"FlurryOfBlows+1","floor":39.0},{"not_picked":["EmptyBody","Swivel+1","SandsOfTime"],"picked":"Prostrate","floor":41.0},{"not_picked":["Sanctity+1","Consecrate","Halt"],"picked":"ThirdEye","floor":42.0},{"not_picked":["JustLucky","Evaluate","Swivel"],"picked":"Prostrate","floor":44.0},{"not_picked":["CarveReality","BowlingBash+1","Halt"],"picked":"LikeWater+1","floor":46.0},{"not_picked":["Vengeance+1","EmptyFist","Evaluate"],"picked":"Collect","floor":48.0}],"player_experience":709870,"relics_obtained":[{"floor":9.0,"key":"Damaru"},{"floor":10.0,"key":"Odd Mushroom"},{"floor":12.0,"key":"Lantern"},{"floor":23.0,"key":"Ornamental Fan"},{"floor":26.0,"key":"Orichalcum"},{"floor":27.0,"key":"Necronomicon"},{"floor":32.0,"key":"Question Card"},{"floor":40.0,"key":"Mercury Hourglass"},{"floor":43.0,"key":"Oddly Smooth Stone"},{"floor":46.0,"key":"TeardropLocket"},{"floor":48.0,"key":"Ginger"},{"floor":49.0,"key":"War Paint"}],"event_choices":[{"damage_healed":0.0,"max_hp_gain":0.0,"max_hp_loss":0.0,"gold_gain":0.0,"event_name":"betterThird:BetterSerpent","player_choice":"RENOUNCE","floor":2.0,"gold_loss":144.0,"damage_taken":144.0,"cards_obtained":["Enlightenment"]},{"cards_removed":["Strike_P"],"damage_healed":0.0,"max_hp_gain":0.0,"max_hp_loss":0.0,"gold_gain":0.0,"event_name":"Golden Wing","player_choice":"Card Removal","floor":7.0,"gold_loss":0.0,"damage_taken":7.0},{"damage_healed":0.0,"max_hp_gain":0.0,"max_hp_loss":0.0,"gold_gain":0.0,"event_name":"Mushrooms","player_choice":"Fought Mushrooms","floor":10.0,"gold_loss":0.0,"damage_taken":0.0},{"cards_removed":["Defend_P"],"damage_healed":0.0,"max_hp_gain":0.0,"max_hp_loss":0.0,"gold_gain":0.0,"event_name":"The Cleric","player_choice":"Card Removal","floor":11.0,"gold_loss":50.0,"damage_taken":0.0},{"damage_healed":0.0,"max_hp_gain":0.0,"max_hp_loss":0.0,"gold_gain":0.0,"event_name":"betterThird:BetterNest","player_choice":"Dagger","floor":22.0,"gold_loss":0.0,"damage_taken":6.0,"cards_obtained":["RitualDagger"]},{"damage_healed":0.0,"max_hp_gain":0.0,"max_hp_loss":0.0,"gold_gain":0.0,"event_name":"Cursed Tome","player_choice":"Obtained Book","floor":27.0,"gold_loss":0.0,"damage_taken":16.0},{"damage_healed":0.0,"max_hp_gain":0.0,"max_hp_loss":0.0,"gold_gain":0.0,"event_name":"The Mausoleum","player_choice":"Opened","floor":30.0,"gold_loss":0.0,"damage_taken":0.0,"relics_obtained":["Dead Branch"]},{"damage_healed":0.0,"max_hp_gain":0.0,"max_hp_loss":0.0,"gold_gain":0.0,"event_name":"Mysterious Sphere","player_choice":"Fight","floor":48.0,"gold_loss":0.0,"damage_taken":0.0}],"is_beta":false,"boss_relics":[{"not_picked":["Velvet Choker","Black Star"],"picked":"Runic Pyramid"},{"not_picked":["VioletLotus","HolyWater"],"picked":"Pandora\u0027s Box"}],"items_purged_floors":[20,36,47],"is_endless":false,"potions_floor_spawned":[1,5,14,19,21,29,35,37,38,39,44],"ascension_level":0}}