{"host":"3zmssa4s99zhxek5","time":1611038694,"event":{"mods":["AchievementEnabler","BaseMod","Minty Spire (QoL Compilation)","Permanent Neow","Relic Stats"],"gold_per_floor":[112,123,135,60,60,90,109,109,109],"floor_reached":8,"language":"KOR","playtime":376,"items_purged":[],"score":116,"play_id":"1655ff0f-5811-4924-898d-1a7e212765bb","local_time":"20210119154454","is_ascension_mode":true,"campfire_choices":[],"circlet_count":0,"master_deck":["AscendersBane","Strike_R","Strike_R","Strike_R","Strike_R","Defend_R","Defend_R","Defend_R","Defend_R","Bash+1","Clash","Spot Weakness","Twin Strike","Sword Boomerang","Shockwave"],"relics":["Burning Blood","CultistMask","Singing Bowl"],"acts_visited":["Exordium"],"potions_floor_usage":[6],"damage_taken":[{"damage":6,"enemies":"Jaw Worm","floor":1,"turns":6},{"damage":7,"enemies":"Small Slimes","floor":2,"turns":3},{"damage":1,"enemies":"Cultist","floor":3,"turns":3},{"damage":46,"enemies":"Gremlin Nob","floor":6,"turns":4},{"damage":12,"enemies":"3 Louse","floor":7,"turns":4},{"damage":35,"enemies":"3 Sentries","floor":8,"turns":4}],"seed_played":"-9019443985224833809","potions_obtained":[{"floor":1,"key":"SkillPotion"}],"is_trial":false,"path_per_floor":["M","M","M","?","?","E","M","E"],"character_chosen":"IRONCLAD","items_purchased":[],"campfire_rested":0,"item_purchase_floors":[],"current_hp_per_floor":[68,67,72,72,72,32,26,0,0],"gold":109,"neow_bonus":"UPGRADE_CARD","is_daily":false,"chose_seed":false,"campfire_upgraded":0,"win_rate":0.0,"timestamp":1611038694,"path_taken":["M","M","M","?","?","E","M","E"],"items_purchased_type":[],"build_version":"2020-12-22","purchased_purges":0,"victory":false,"max_hp_per_floor":[75,75,75,75,75,75,75,75,75],"relic_stats":{"Singing Bowl":0,"counters":[6,24],"obtain_stats":[{"Singing Bowl":6,"CultistMask":5,"Burning Blood":0},{"Singing Bowl":4,"CultistMask":3,"Burning Blood":0},{"Singing Bowl":16,"CultistMask":12,"Burning Blood":0}],"Burning Blood":30},"card_choices":[{"not_picked":["Infernal Blade","Flex"],"picked":"Clash","floor":1},{"not_picked":["Wild Strike","Power Through"],"picked":"Spot Weakness","floor":2},{"not_picked":["Combust","Clothesline"],"picked":"Twin Strike","floor":3},{"not_picked":["Cleave","Intimidate"],"picked":"Sword Boomerang","floor":6},{"not_picked":["Thunderclap","Wild Strike"],"picked":"Shockwave","floor":7}],"player_experience":1520815,"relics_obtained":[{"floor":6,"key":"Singing Bowl"}],"event_choices":[{"cards_removed":["Strike_R"],"damage_healed":0,"gold_gain":0,"player_choice":"Card Removal","damage_taken":0,"max_hp_gain":0,"max_hp_loss":0,"event_name":"The Cleric","floor":4,"gold_loss":75},{"damage_healed":0,"gold_gain":0,"player_choice":"Trade","damage_taken":0,"relics_obtained":["CultistMask"],"max_hp_gain":0,"max_hp_loss":0,"event_name":"FaceTrader","floor":5,"gold_loss":0}],"is_beta":false,"boss_relics":[],"items_purged_floors":[],"is_endless":false,"potions_floor_spawned":[1],"killed_by":"3 Sentries","ascension_level":20}}