{"host":"xm0tf1maiknh0fp9","time":1611080910,"event":{"mods":["BaseMod","Colored Map","Colored Powertips","Googly Eyes","Minty Spire (QoL Compilation)","Replay The Spire","StSLib"],"gold_per_floor":[116,116,116,36,36,66,66,80,80,108,108,125,80,90,90,191,241,152,167,82,44,44,44,74,87,87,87,102,2,32,45,45,145,145,165,165,40,54,73,73,92,92,160,195,195,208,238,148,148,148],"floor_reached":51,"language":"ENG","playtime":1417,"items_purged":["Regret","Strike_G","Strike_G"],"score":1209,"play_id":"ea3ae748-ca99-498a-bea1-20bbdf84034f","local_time":"20210119132830","is_ascension_mode":true,"campfire_choices":[{"data":"ReplayTheSpireMod:Scrap Shanks","floor":7.0,"key":"SMITH"},{"data":"Prepared","floor":11.0,"key":"SMITH"},{"data":"Accuracy","floor":15.0,"key":"SMITH"},{"data":"ReplayTheSpireMod:Scrap Shanks","floor":23.0,"key":"SMITH"},{"data":"Acrobatics","floor":27.0,"key":"SMITH"},{"data":"Prepared","floor":32,"key":"SMITH"},{"data":"Finisher","floor":40,"key":"SMITH"},{"data":"After Image","floor":42,"key":"SMITH"},{"data":"Underhanded Strike","floor":49,"key":"SMITH"}],"circlet_count":0,"master_deck":["Strike_G+1","Defend_G","Defend_G","Defend_G","Defend_G","Defend_G+1","Survivor","Acrobatics+1","Terror+1","ReplayTheSpireMod:Scrap Shanks+1","Underhanded Strike+1","Prepared+1","Accuracy+1","Adrenaline+1","Underhanded Strike+1","ReplayTheSpireMod:Scrap Shanks+1","Prepared+1","After Image+1","Finisher+1"],"relics":["Ring of the Snake","NeowsBlessing","Replay:Wax Seal","Orichalcum","Snack Pack","ReplayTheSpireMod:Shallot","Tiny House","Mercury Hourglass","ReplayTheSpireMod:TigerMarble","Centennial Puzzle","Whetstone","WristBlade","InkBottle","HornCleat","Oddly Smooth Stone"],"acts_visited":["Exordium","TheCity","TheBeyond"],"potions_floor_usage":[39,46,46,50,50],"damage_taken":[{"damage":0.0,"enemies":"2 Louse","floor":1.0,"turns":1.0},{"damage":0.0,"enemies":"Replay:BlueRogue","floor":6.0,"turns":1.0},{"damage":0.0,"enemies":"Small Slimes","floor":8.0,"turns":1.0},{"damage":12.0,"enemies":"Gremlin Nob","floor":10.0,"turns":4.0},{"damage":0.0,"enemies":"Cultist","floor":12.0,"turns":2.0},{"damage":2.0,"enemies":"Looter","floor":14.0,"turns":3.0},{"damage":24.0,"enemies":"Hexaghost","floor":16.0,"turns":8.0},{"damage":3.0,"enemies":"Chosen","floor":18.0,"turns":3.0},{"damage":3.0,"enemies":"Spheric Guardian","floor":19.0,"turns":4.0},{"damage":9.0,"enemies":"Gremlin Leader","floor":24.0,"turns":4.0},{"damage":10.0,"enemies":"Snake Plant","floor":25.0,"turns":3.0},{"damage":0.0,"enemies":"Cultist and Chosen","floor":28.0,"turns":2.0},{"damage":0.0,"enemies":"Slavers","floor":30.0,"turns":3.0},{"damage":0.0,"enemies":"Shelled Parasite and Fungi","floor":31.0,"turns":2.0},{"damage":18,"enemies":"Champ","floor":33,"turns":3},{"damage":10,"enemies":"3 Shapes","floor":35,"turns":3},{"damage":0,"enemies":"Orb Walker","floor":38,"turns":2},{"damage":0,"enemies":"Transient","floor":39,"turns":5},{"damage":0,"enemies":"Sphere and 2 Shapes","floor":41,"turns":1},{"damage":0,"enemies":"Reptomancer","floor":44,"turns":2},{"damage":3,"enemies":"Writhing Mass","floor":46,"turns":2},{"damage":0,"enemies":"R_Hoarder","floor":47,"turns":4},{"damage":29,"enemies":"Time Eater","floor":50,"turns":4}],"seed_played":"-1652235487892223895","potions_obtained":[{"floor":8.0,"key":"Block Potion"},{"floor":16.0,"key":"AttackPotion"},{"floor":17.0,"key":"Elixir"},{"floor":24.0,"key":"Explosive Potion"},{"floor":30.0,"key":"Strength Potion"},{"floor":41,"key":"BlessingOfTheForge"},{"floor":47,"key":"FearPotion"}],"is_trial":false,"path_per_floor":["M","?","?","$","?","E","R","M","T","E","R","M","$","M","R","B",null,"M","M","?","$","?","R","E","M","T","R","M","$","E","M","R","B",null,"M","?","$","M","M","R","M","R","T","E","?","M","E","?","R","B",null],"character_chosen":"THE_SILENT","items_purchased":["ReplayTheSpireMod:Scrap Shanks","Accuracy","ReplayTheSpireMod:Scrap Shanks"],"campfire_rested":0,"item_purchase_floors":[4,13,21],"current_hp_per_floor":[63,63,63,63,63,63,63,63,63,53,53,57,57,57,57,39,67,68,69,69,69,69,69,66,60,60,60,66,66,72,75,75,61,72,66,66,66,68,71,71,71,71,71,71,71,71,71,71,71,52],"gold":148,"neow_bonus":"THREE_ENEMY_KILL","is_daily":false,"chose_seed":false,"campfire_upgraded":9,"win_rate":0.0,"timestamp":1611080910,"path_taken":["M","?","?","$","?","E","R","M","T","E","R","M","$","M","R","BOSS","M","M","?","$","?","R","E","M","T","R","M","$","E","?","R","BOSS","M","?","$","M","M","R","M","R","T","E","?","?","E","?","R","BOSS"],"items_purchased_type":["Card","Card","Card"],"build_version":"2020-12-22","purchased_purges":3,"victory":true,"max_hp_per_floor":[70,70,70,70,70,70,70,70,70,70,70,70,70,70,70,70,75,75,75,75,75,75,75,75,75,75,75,75,75,75,75,75,75,75,75,71,71,71,71,71,71,71,71,71,71,71,71,71,71,71],"card_choices":[{"not_picked":["Dagger Throw","Escape Plan"],"picked":"Acrobatics","floor":1.0},{"not_picked":["Blade Dance","Backflip"],"picked":"Underhanded Strike","floor":6.0},{"not_picked":["Quick Slash","Setup","Poisoned Stab"],"picked":"SKIP","floor":8.0},{"not_picked":["Calculated Gamble","Bane"],"picked":"Prepared","floor":10.0},{"not_picked":["Blade Dance","Phantasmal Killer","Backflip"],"picked":"SKIP","floor":12.0},{"not_picked":["Skewer","Infinite Blades","Fluid Movement"],"picked":"SKIP","floor":14.0},{"not_picked":["Corpse Explosion","Bullet Time"],"picked":"Adrenaline","floor":16.0},{"not_picked":["Dagger Throw","Well Laid Plans"],"picked":"Underhanded Strike","floor":18.0},{"not_picked":["Sneak Up","Crippling Poison","Hidden Blade"],"picked":"SKIP","floor":19.0},{"not_picked":["Tactician","Draining Mist","Skewer"],"picked":"SKIP","floor":24.0},{"not_picked":["Dodge and Roll","Leg Sweep","Draining Mist"],"picked":"SKIP","floor":25.0},{"not_picked":["Concentrate","Dodge and Roll","Riddle With Holes"],"picked":"SKIP","floor":28.0},{"not_picked":["Outmaneuver","Replay:Bag of Tricks","Dagger Spray"],"picked":"SKIP","floor":30.0},{"not_picked":["Sucker Punch","Poisoned Stab"],"picked":"Prepared","floor":31.0},{"not_picked":["Burst","Envenom"],"picked":"After Image","floor":33},{"not_picked":["Noxious Fumes","Poisoned Stab","Finisher"],"picked":"SKIP","floor":35},{"not_picked":["Noxious Fumes","Poisoned Stab"],"picked":"Finisher","floor":35},{"not_picked":["Dagger Throw+1","Terror+1","Backflip+1"],"picked":"SKIP","floor":38},{"not_picked":["Finisher","Flying Knee","Dodge and Roll"],"picked":"SKIP","floor":39},{"not_picked":["Slice","Terror+1","Expertise"],"picked":"SKIP","floor":41},{"not_picked":["Bouncing Flask+1","Prepared+1","Outmaneuver"],"picked":"SKIP","floor":44},{"not_picked":["Quick Slash+1","Acrobatics","Outmaneuver+1"],"picked":"SKIP","floor":46},{"not_picked":["Glass Knife","Expertise","Poisoned Stab"],"picked":"SKIP","floor":47}],"player_experience":141505,"relics_obtained":[{"floor":6.0,"key":"Orichalcum"},{"floor":9.0,"key":"Snack Pack"},{"floor":10.0,"key":"ReplayTheSpireMod:Shallot"},{"floor":24.0,"key":"ReplayTheSpireMod:TigerMarble"},{"floor":26.0,"key":"Centennial Puzzle"},{"floor":30.0,"key":"Whetstone"},{"floor":43,"key":"InkBottle"},{"floor":44,"key":"HornCleat"},{"floor":47,"key":"Oddly Smooth Stone"}],"event_choices":[{"damage_healed":0.0,"max_hp_gain":0.0,"max_hp_loss":0.0,"gold_gain":0.0,"event_name":"Big Fish","player_choice":"Box","floor":5.0,"gold_loss":0.0,"damage_taken":0.0,"relics_obtained":["Replay:Wax Seal"],"cards_obtained":["Regret"]},{"damage_healed":0.0,"max_hp_gain":0.0,"max_hp_loss":0.0,"gold_gain":0.0,"event_name":"Addict","player_choice":"Obtained Relic","floor":20.0,"gold_loss":85.0,"damage_taken":0.0,"relics_obtained":["Mercury Hourglass"]},{"cards_removed":["Strike_G"],"damage_healed":0.0,"max_hp_gain":0.0,"max_hp_loss":0.0,"gold_gain":0.0,"event_name":"Bonfire Elementals","player_choice":"Offered Basic","floor":22.0,"gold_loss":0.0,"damage_taken":0.0},{"damage_healed":0,"gold_gain":0,"player_choice":"Max HP","damage_taken":0,"max_hp_gain":0,"max_hp_loss":4,"event_name":"Winding Halls","floor":36,"gold_loss":0},{"damage_healed":0,"gold_gain":0,"player_choice":"Ignored","damage_taken":0,"max_hp_gain":0,"max_hp_loss":0,"event_name":"SecretPortal","floor":45,"gold_loss":0},{"cards_removed":["Strike_G"],"damage_healed":0,"gold_gain":0,"player_choice":"Upgrade and Remove","damage_taken":0,"max_hp_gain":0,"max_hp_loss":0,"event_name":"Designer","floor":48,"gold_loss":90,"cards_upgraded":["Defend_G"]}],"is_beta":false,"boss_relics":[{"not_picked":["Snecko Eye","ReplayTheSpireMod:DimensionalGlitch"],"picked":"Tiny House"},{"not_picked":["Calling Bell","Empty Cage"],"picked":"WristBlade"}],"items_purged_floors":[13,29,37],"is_endless":false,"potions_floor_spawned":[8,16,24,25,30,31,35,41,44,47],"ascension_level":8}}