{"host":"i7jfea87xc8lz16p","time":1611059376,"event":{"mods":["AchievementEnabler","BaseMod","Colored Powertips","Minty Spire (QoL Compilation)","Relic Stats"],"gold_per_floor":[110,120,120,131,145,145,175,187,187,17,17,17,17,48,48,124,124,139,139,39,57,70,95,107,133,168,206,218,249,261,273,285,374,386,408,434,46,46,0,11,26,26,49,49,60,95,113,127,127,127,127],"floor_reached":52,"language":"ENG","playtime":4094,"items_purged":["Strike_B","Pain","Sweeping Beam+1"],"score":1864,"play_id":"e25d30ec-f108-4166-92df-3356555c2746","local_time":"20210119132936","is_ascension_mode":true,"campfire_choices":[{"data":"Go for the Eyes","floor":6,"key":"SMITH"},{"data":"Sweeping Beam","floor":11,"key":"SMITH"},{"data":"Zap","floor":13,"key":"SMITH"},{"data":"Buffer","floor":15,"key":"SMITH"},{"floor":24,"key":"REST"},{"data":"Self Repair","floor":28,"key":"SMITH"},{"data":"Echo Form","floor":30,"key":"SMITH"},{"data":"Glacier","floor":32,"key":"SMITH"},{"data":"Defragment","floor":42,"key":"SMITH"},{"data":"Glacier","floor":44,"key":"SMITH"},{"data":"Panache","floor":49,"key":"SMITH"}],"circlet_count":0,"master_deck":["AscendersBane","Zap+1","Dualcast","Glacier+1","Cold Snap+1","Glacier+1","Go for the Eyes+1","Self Repair+1","Capacitor+1","Coolheaded+1","Buffer+1","Core Surge+1","Recycle+1","Echo Form+1","Barrage+1","Leap+1","Steam Power+1","Electrodynamics","Conserve Battery+1","Hologram+1","Seek+1","Steam Power+1","Consume+1","White Noise+1","Amplify+1","Turbo+1","Dark Shackles+1","Static Discharge","Defragment+1","Ball Lightning+1","Master of Strategy+1","Panache+1"],"relics":["Cracked Core","Sundial","Toxic Egg 2","Matryoshka","Pandora\u0027s Box","WarpedTongs","MawBank","White Beast Statue","Whetstone","Bottled Flame","GremlinMask","SlaversCollar","Red Mask","Dream Catcher","CeramicFish","Bottled Lightning"],"acts_visited":["Exordium","TheCity","TheBeyond"],"potions_floor_usage":[7,14,23,27,35,41,51,51],"damage_taken":[{"damage":5,"enemies":"Small Slimes","floor":1,"turns":3},{"damage":1,"enemies":"Cultist","floor":2,"turns":3},{"damage":1,"enemies":"Jaw Worm","floor":4,"turns":4},{"damage":0,"enemies":"3 Louse","floor":5,"turns":5},{"damage":13,"enemies":"3 Sentries","floor":7,"turns":16},{"damage":0,"enemies":"2 Fungi Beasts","floor":8,"turns":4},{"damage":4,"enemies":"Lagavulin","floor":14,"turns":7},{"damage":31,"enemies":"Slime Boss","floor":16,"turns":16},{"damage":7,"enemies":"Spheric Guardian","floor":18,"turns":5},{"damage":8,"enemies":"Shell Parasite","floor":21,"turns":4},{"damage":15,"enemies":"Shelled Parasite and Fungi","floor":22,"turns":6},{"damage":33,"enemies":"Gremlin Leader","floor":23,"turns":5},{"damage":0,"enemies":"Snecko","floor":25,"turns":8},{"damage":32,"enemies":"Slavers","floor":27,"turns":4},{"damage":6,"enemies":"Sentry and Sphere","floor":29,"turns":6},{"damage":1,"enemies":"Champ","floor":33,"turns":12},{"damage":50,"enemies":"3 Darklings","floor":35,"turns":7},{"damage":3,"enemies":"Orb Walker","floor":36,"turns":6},{"damage":0,"enemies":"Transient","floor":40,"turns":6},{"damage":0,"enemies":"Writhing Mass","floor":41,"turns":8},{"damage":17,"enemies":"Jaw Worm Horde","floor":45,"turns":2},{"damage":15,"enemies":"Nemesis","floor":46,"turns":7},{"damage":7,"enemies":"4 Shapes","floor":48,"turns":4},{"damage":0,"enemies":"Donu and Deca","floor":50,"turns":6},{"damage":32,"enemies":"Awakened One","floor":51,"turns":9}],"seed_played":"-8874812655985232913","potions_obtained":[{"floor":2,"key":"Dexterity Potion"},{"floor":4,"key":"FocusPotion"},{"floor":16,"key":"Explosive Potion"},{"floor":25,"key":"AttackPotion"},{"floor":27,"key":"SpeedPotion"},{"floor":29,"key":"SmokeBomb"},{"floor":33,"key":"SkillPotion"},{"floor":35,"key":"CultistPotion"},{"floor":36,"key":"ColorlessPotion"},{"floor":40,"key":"PowerPotion"},{"floor":41,"key":"SpeedPotion"},{"floor":48,"key":"Energy Potion"}],"is_trial":false,"path_per_floor":["M","M","?","M","M","R","E","M","T","$","R","?","R","E","R","B",null,"M","?","$","M","M","E","R","M","T","E","R","M","R","?","R","B",null,"M","M","$","?","?","M","M","R","T","R","M","E","?","M","R","B","B",null],"character_chosen":"DEFECT","items_purchased":["Capacitor","Coolheaded+1","PotionOfCapacity","Dark Shackles+1","Static Discharge"],"campfire_rested":1,"item_purchase_floors":[10,10,37,37,37],"current_hp_per_floor":[59,58,58,57,57,57,44,51,51,51,51,51,51,54,54,30,61,61,61,61,60,65,39,60,71,71,46,46,60,60,60,60,69,71,41,38,38,38,38,58,71,71,71,71,64,69,59,71,71,71,39],"gold":127,"neow_bonus":"REMOVE_CARD","is_daily":false,"chose_seed":false,"campfire_upgraded":10,"win_rate":0.0,"timestamp":1611059376,"path_taken":["M","M","?","M","M","R","E","M","T","$","R","?","R","E","R","BOSS","M","?","$","?","M","E","R","M","T","E","R","M","R","?","R","BOSS","M","?","$","?","?","M","M","R","T","R","M","E","?","M","R","BOSS","BOSS"],"items_purchased_type":["Card","Card","Potion","Card","Card"],"build_version":"2020-12-22","purchased_purges":3,"victory":true,"max_hp_per_floor":[71,71,71,71,71,71,71,71,71,71,71,71,71,71,71,71,71,71,71,71,71,71,71,71,71,71,71,71,71,71,71,71,71,71,71,71,71,71,71,71,71,71,71,71,71,71,71,71,71,71,71],"relic_stats":{"Dream Catcher":0,"counters":[25,163],"Sundial":[20],"CeramicFish":27,"Pandora\u0027s Box":["Recycle","Echo Form","Barrage","Leap","Steam Power","Electrodynamics"],"Whetstone":["Barrage","Core Surge"],"MawBank":168,"obtain_stats":[{"CeramicFish":43,"GremlinMask":31,"Whetstone":26,"MawBank":23,"White Beast Statue":26,"WarpedTongs":19,"SlaversCollar":34,"Bottled Flame":27,"Dream Catcher":43,"Matryoshka":14,"Sundial":7,"Pandora\u0027s Box":17,"Red Mask":39,"Bottled Lightning":46,"Toxic Egg 2":9,"Cracked Core":0},{"CeramicFish":20,"GremlinMask":15,"Whetstone":13,"MawBank":12,"White Beast Statue":13,"WarpedTongs":9,"SlaversCollar":16,"Bottled Flame":14,"Dream Catcher":20,"Matryoshka":7,"Sundial":5,"Pandora\u0027s Box":8,"Red Mask":18,"Bottled Lightning":22,"Toxic Egg 2":6,"Cracked Core":0},{"CeramicFish":135,"GremlinMask":96,"Whetstone":86,"MawBank":78,"White Beast Statue":86,"WarpedTongs":63,"SlaversCollar":108,"Bottled Flame":90,"Dream Catcher":135,"Matryoshka":42,"Sundial":31,"Pandora\u0027s Box":58,"Red Mask":121,"Bottled Lightning":144,"Toxic Egg 2":35,"Cracked Core":0}],"WarpedTongs":[50]},"card_choices":[{"not_picked":["Conserve Battery","Genetic Algorithm"],"picked":"Glacier","floor":1},{"not_picked":["Compile Driver","BootSequence"],"picked":"Cold Snap","floor":2},{"not_picked":["Redo","Beam Cell"],"picked":"Glacier","floor":4},{"not_picked":["Streamline","Hologram"],"picked":"Go for the Eyes","floor":5},{"not_picked":["Seek","FTL"],"picked":"Self Repair","floor":7},{"not_picked":["Tempest","Go for the Eyes"],"picked":"Sweeping Beam","floor":8},{"not_picked":["Reboot+1","Streamline"],"picked":"Buffer","floor":14},{"not_picked":["Reboot+1","Amplify+1"],"picked":"Core Surge","floor":16},{"not_picked":["Compile Driver","Beam Cell"],"picked":"Conserve Battery+1","floor":18},{"not_picked":["Sweeping Beam","Aggregate+1"],"picked":"Hologram+1","floor":21},{"not_picked":["Compile Driver+1","Capacitor","Go for the Eyes"],"picked":"SKIP","floor":22},{"not_picked":["Compile Driver+1","Capacitor","Go for the Eyes"],"picked":"SKIP","floor":22},{"not_picked":["Compile Driver","Go for the Eyes"],"picked":"Seek+1","floor":23},{"not_picked":["Redo+1","Streamline"],"picked":"Steam Power+1","floor":25},{"not_picked":["Sweeping Beam","Turbo+1"],"picked":"Consume+1","floor":27},{"not_picked":["Self Repair","Compile Driver"],"picked":"White Noise+1","floor":29},{"not_picked":["All For One","Hyperbeam"],"picked":"Amplify+1","floor":33},{"not_picked":["Sunder+1","Cold Snap"],"picked":"Turbo+1","floor":35},{"not_picked":["Redo+1","Go for the Eyes","Sunder"],"picked":"SKIP","floor":36},{"not_picked":["Compile Driver","Melter","Sunder"],"picked":"SKIP","floor":40},{"not_picked":["Hologram+1","Turbo+1"],"picked":"Defragment","floor":41},{"not_picked":["Hologram+1","Sweeping Beam+1","Genetic Algorithm+1"],"picked":"SKIP","floor":45},{"not_picked":["Steam+1","Echo Form"],"picked":"Ball Lightning+1","floor":46},{"not_picked":["Deep Breath+1","Good Instincts+1"],"picked":"Master of Strategy+1","floor":47},{"not_picked":["Master of Strategy+1","Magnetism"],"picked":"Panache","floor":47},{"not_picked":["Ball Lightning","Hello World+1","Leap+1"],"picked":"SKIP","floor":48}],"player_experience":1810426,"relics_obtained":[{"floor":7,"key":"Sundial"},{"floor":9,"key":"Toxic Egg 2"},{"floor":14,"key":"Matryoshka"},{"floor":23,"key":"MawBank"},{"floor":26,"key":"White Beast Statue"},{"floor":26,"key":"Whetstone"},{"floor":27,"key":"Bottled Flame"},{"floor":43,"key":"Dream Catcher"},{"floor":43,"key":"CeramicFish"},{"floor":46,"key":"Bottled Lightning"}],"event_choices":[{"damage_healed":0,"gold_gain":0,"player_choice":"Grow","damage_taken":0,"max_hp_gain":0,"max_hp_loss":0,"event_name":"Living Wall","floor":3,"gold_loss":0,"cards_upgraded":["Cold Snap"]},{"damage_healed":0,"gold_gain":0,"player_choice":"Upgraded","damage_taken":0,"max_hp_gain":0,"max_hp_loss":0,"event_name":"Upgrade Shrine","floor":12,"gold_loss":0,"cards_upgraded":["Capacitor"]},{"damage_healed":0,"gold_gain":0,"player_choice":"Rummage","damage_taken":0,"relics_obtained":["WarpedTongs"],"max_hp_gain":0,"max_hp_loss":0,"event_name":"Accursed Blacksmith","floor":19,"gold_loss":0,"cards_obtained":["Pain"]},{"damage_healed":0,"gold_gain":0,"player_choice":"Trade","damage_taken":0,"relics_obtained":["GremlinMask"],"max_hp_gain":0,"max_hp_loss":0,"event_name":"FaceTrader","floor":31,"gold_loss":0},{"damage_healed":0,"gold_gain":0,"player_choice":"Ignored","damage_taken":0,"max_hp_gain":0,"max_hp_loss":0,"event_name":"Mysterious Sphere","floor":38,"gold_loss":0},{"damage_healed":0,"gold_gain":0,"player_choice":"Paid","damage_taken":0,"relics_obtained":["Red Mask"],"max_hp_gain":0,"max_hp_loss":0,"event_name":"Tomb of Lord Red Mask","floor":39,"gold_loss":46},{"damage_healed":0,"gold_gain":0,"player_choice":"Memory 3","damage_taken":10,"max_hp_gain":0,"max_hp_loss":0,"event_name":"SensoryStone","floor":47,"gold_loss":0}],"is_beta":false,"boss_relics":[{"not_picked":["Runic Pyramid","Calling Bell"],"picked":"Pandora\u0027s Box"},{"not_picked":["Runic Dome","Nuclear Battery"],"picked":"SlaversCollar"}],"items_purged_floors":[10,20,37],"is_endless":false,"potions_floor_spawned":[2,4,16,25,27,29,33,35,36,40,41,45,46,48],"ascension_level":20}}