{"host":"m9i7qe3hvz6jihjh","time":1611066991,"event":{"mods":["BaseMod","Colored Powertips","Infinite Spire","Minty Spire (QoL Compilation)","Quick Restart","StSLib","The Animator","Waifu the Spire"],"gold_per_floor":[113,41,41,62,77,77,152,152,152,152,327,354,41,41,41,53,53],"floor_reached":16,"language":"ENG","playtime":295,"items_purged":[],"score":88,"play_id":"905fe647-b78a-4b54-b224-36ad995a873c","local_time":"20210119153631","is_ascension_mode":false,"campfire_choices":[{"data":"animator:GoblinSlayer","floor":6,"key":"SMITH"},{"data":"animator:GuildGirl","floor":8,"key":"SMITH"},{"data":"animator:IrohaTamaki","floor":10,"key":"SMITH"},{"data":"animator:Kazuma","floor":15,"key":"SMITH"}],"circlet_count":0,"master_deck":["animator:Strike_MadokaMagica","animator:Defend_MadokaMagica","animator:Strike","animator:Strike","animator:Strike","animator:Defend","animator:Defend","animator:Defend","animator:IrohaTamaki+1","animator:YuiTsuruno","animator:GuildGirl+1","animator:GoblinSlayer+1","Parasite","animator:SakuraMatou","animator:Kazuma+1","Doubt","animator:KrulTepes"],"relics":["animator:LivingPicture","animator:TheMissingPiece","animator:PurgingStone","NeowsBlessing","animator:EngravedStaff","Du-Vu Doll"],"acts_visited":["Exordium"],"potions_floor_usage":[],"damage_taken":[{"damage":0,"enemies":"Jaw Worm","floor":1,"turns":1},{"damage":0,"enemies":"Cultist","floor":4,"turns":1},{"damage":0,"enemies":"Small Slimes","floor":5,"turns":1},{"damage":11,"enemies":"3 Louse","floor":12,"turns":4},{"damage":47,"enemies":"Slime Boss","floor":16,"turns":8}],"seed_played":"-8439342602498983195","potions_obtained":[{"floor":12,"key":"Dexterity Potion"}],"is_trial":false,"path_per_floor":["M","$","?","M","M","R","?","R","T","R","?","M","$","?","R","B"],"character_chosen":"THE_ANIMATOR","items_purchased":["animator:GuildGirl","Du-Vu Doll"],"campfire_rested":0,"item_purchase_floors":[2,13],"current_hp_per_floor":[66,66,66,66,66,66,55,55,55,55,55,44,44,44,44,0,0],"gold":53,"neow_bonus":"THREE_ENEMY_KILL","is_daily":false,"chose_seed":false,"campfire_upgraded":4,"win_rate":0.0,"timestamp":1611066991,"path_taken":["M","$","?","?","M","R","?","R","T","R","?","M","$","?","R","BOSS"],"items_purchased_type":["Card","Relic"],"build_version":"2020-12-22","purchased_purges":0,"victory":false,"max_hp_per_floor":[66,66,66,66,66,66,66,66,66,66,66,66,66,66,66,66,66],"card_choices":[{"not_picked":["animator:Kuribayashi","animator:AcuraAkari","animator:Hitei"],"picked":"SKIP","floor":1},{"not_picked":["animator:Arpeggio","animator:LizardPriest"],"picked":"animator:SakuraMatou","floor":4},{"not_picked":["animator:Nanami","animator:Genos"],"picked":"animator:Kazuma","floor":5},{"not_picked":["animator:Shinoa","animator:HiiragiShinya"],"picked":"animator:KrulTepes","floor":12}],"player_experience":910458,"relics_obtained":[{"floor":9,"key":"animator:EngravedStaff"}],"event_choices":[{"damage_healed":0,"gold_gain":0,"player_choice":"2 cards matched","damage_taken":0,"max_hp_gain":0,"max_hp_loss":0,"event_name":"Match and Keep!","floor":3,"gold_loss":0,"cards_obtained":["animator:GoblinSlayer","Parasite"]},{"damage_healed":0,"gold_gain":75,"player_choice":"Gather Gold","damage_taken":11,"max_hp_gain":0,"max_hp_loss":0,"event_name":"World of Goop","floor":7,"gold_loss":0},{"damage_healed":0,"gold_gain":175,"player_choice":"AGREE","damage_taken":0,"max_hp_gain":0,"max_hp_loss":0,"event_name":"Liars Game","floor":11,"gold_loss":0,"cards_obtained":["Doubt"]},{"damage_healed":0,"gold_gain":0,"player_choice":"Ignored","damage_taken":0,"max_hp_gain":0,"max_hp_loss":0,"event_name":"Fountain of Cleansing","floor":14,"gold_loss":0}],"is_beta":false,"boss_relics":[],"items_purged_floors":[],"is_endless":false,"potions_floor_spawned":[12],"killed_by":"Slime Boss","ascension_level":0}}