{"host":"p5axfb00mxhraew6","time":1611065916,"event":{"mods":["Abigail Mod","Act Like it!","BaseMod","CapriCore","Friendly Minions","GifTheSpireLib","Jedi Mod","KomeijiMod","Lobotomy","MarisaÅiñ∂âJÅ@ñÇóùçπÅj","Minty Spire (QoL Compilation)","Prisma Mod","ReimuÅiîé??öÎÅj","RemiliaÅiÂQïƒ‰ª?Åj","SOSÅiézîb?îVéqÅj","StSLib","Td1madao Mod","The Alterego","The Immortal","The Problem Sleuth","Yakumo Yukari mod"],"gold_per_floor":[215,215,59,72,84,84,94,128,128,159,60,135,135,195,195,344,344,364,364,364,19,86,86,116,116,116,185,247,327,387,453,453,603,603,620,720,790,239,308,308,384,453,476,543,626,423,423,484,484,534,534,534,534,1,29,79],"floor_reached":57,"language":"ENG","playtime":4036,"items_purged":["PrismaMod:MiyuCheapChannelRandom"],"score":1446,"play_id":"e4344ef4-4113-4a50-aa9b-c3b0a76c0a71","local_time":"20210119231836","is_ascension_mode":true,"campfire_choices":[{"data":"PrismaMod:MiyuUncommonDexBuff","floor":6,"key":"SMITH"},{"data":"PrismaMod:MiyuCheapChannelDefend","floor":13,"key":"SMITH"},{"data":"PrismaMod:MiyuChristmas","floor":15,"key":"SMITH"},{"data":"PrismaMod:MiyuUncommonDexBuff","floor":23,"key":"SMITH"},{"data":"PrismaMod:MiyuUncommonStrBuff","floor":25,"key":"SMITH"},{"floor":32,"key":"RECALL"},{"data":"PrismaMod:MiyuCheapPlate","floor":40,"key":"SMITH"},{"data":"PrismaMod:MiyuUncommonDexBuff","floor":49,"key":"SMITH"},{"data":"PrismaMod:MiyuUncommonAttack","floor":53,"key":"SMITH"}],"circlet_count":0,"master_deck":["PrismaMod:MiyuCommonDefend+1","PrismaMod:MiyuCommonDefend+1","PrismaMod:MiyuCommonDefend+1","PrismaMod:MiyuCommonDefend+1","PrismaMod:MiyuCommonDefend+1","PrismaMod:MiyuCommonAttack+1","PrismaMod:MiyuCommonAttack+1","PrismaMod:MiyuCommonAttack+1","PrismaMod:MiyuCommonAttack+1","PrismaMod:MiyuCommonAttack+1","PrismaMod:MiyuCheapChannelAttack","PrismaMod:MiyuCheapChannelDefend+1","PrismaMod:MiyuCheapAttack2","PrismaMod:MiyuUncommonDexBuff+1","PrismaMod:MiyuUncommonStrBuff+1","PrismaMod:MiyuUncommonPlate","PrismaMod:MiyuCheapChannelVul","PrismaMod:MiyuDevil","PrismaMod:MiyuChristmas+1","PrismaMod:MiyuUncommonAttack+1","PrismaMod:MiyuUncommonPlate+1","PrismaMod:MiyuCheapChannelWeak+1","PrismaMod:MiyuEvokeBuffStr+1","PrismaMod:MiyuEvokeAll+1","PrismaMod:MiyuBride+1","PrismaMod:MiyuUncommonDexBuff+1","PrismaMod:MiyuOrbIncreasePerm+1","PrismaMod:MiyuDefendChannelDefend+1","PrismaMod:MiyuUncommonAOEAttack+1","PrismaMod:MiyuBride+1","CurseOfTheBell","PrismaMod:MiyuCheapPlate+1","PrismaMod:MiyuCheapPlate+1","PrismaMod:MiyuUberAttack+1","PrismaMod:MiyuCarnivalAttack+1","PrismaMod:MiyuUncommonDexBuff+1","Confused","PrismaMod:MiyuUncommonAttack+1","PrismaMod:MiyuCheapPlate","PrismaMod:MiyuChannelAttackEvoke+1","PrismaMod:MiyuCheapPlate"],"relics":["PrismaMod:PrismaSapphire","Blood Vial","Orrery","Tea:ReiMu","Toxic Egg 2","HoshigumaDish","Singing Bowl","jedi:hotpepper","Mummified Hand","Boot","Anchor","Ginger","Calling Bell","Regal Pillow","InkBottle","ShirouKen","StoneCalendar","Pear","Bronze Scales","jedi:arcanewood","Molten Egg 2","Oddly Smooth Stone","ClockworkSouvenir","RuthlessExorcism:ReiMu","Lantern"],"acts_visited":["Exordium","TheCity","TheBeyond","TheEnding"],"potions_floor_usage":[10,12,14,29,33,37,55,55,55,56,56,56],"damage_taken":[{"damage":2,"enemies":"2 Louse","floor":1,"turns":4},{"damage":0,"enemies":"Cultist","floor":4,"turns":4},{"damage":0,"enemies":"Small Slimes","floor":5,"turns":3},{"damage":5,"enemies":"Exordium Wildlife","floor":7,"turns":5},{"damage":1,"enemies":"3 Sentries","floor":8,"turns":8},{"damage":14,"enemies":"Gremlin Nob","floor":10,"turns":4},{"damage":17,"enemies":"3 Sentries","floor":12,"turns":8},{"damage":2,"enemies":"Lots of Slimes","floor":14,"turns":5},{"damage":6,"enemies":"The Guardian","floor":16,"turns":11},{"damage":0,"enemies":"3 Byrds","floor":18,"turns":5},{"damage":0,"enemies":"Shell Parasite","floor":22,"turns":5},{"damage":11,"enemies":"Gremlin Leader","floor":24,"turns":8},{"damage":8,"enemies":"Shelled Parasite and Fungi","floor":27,"turns":4},{"damage":0,"enemies":"3 Cultists","floor":28,"turns":5},{"damage":1,"enemies":"Slavers","floor":29,"turns":5},{"damage":0,"enemies":"Cultist and Chosen","floor":30,"turns":6},{"damage":0,"enemies":"Snake Plant","floor":31,"turns":4},{"damage":15,"enemies":"Collector","floor":33,"turns":7},{"damage":0,"enemies":"Orb Walker","floor":35,"turns":4},{"damage":0,"enemies":"3 Shapes","floor":37,"turns":9},{"damage":0,"enemies":"Spire Growth","floor":39,"turns":5},{"damage":7,"enemies":"Nemesis","floor":41,"turns":5},{"damage":0,"enemies":"4 Shapes","floor":42,"turns":7},{"damage":0,"enemies":"Writhing Mass","floor":44,"turns":4},{"damage":0,"enemies":"Reptomancer","floor":45,"turns":7},{"damage":0,"enemies":"3 Darklings","floor":48,"turns":5},{"damage":60,"enemies":"Awakened One","floor":50,"turns":14},{"damage":33,"enemies":"Shield and Spear","floor":55,"turns":4},{"damage":27,"enemies":"The Heart","floor":56,"turns":9}],"seed_played":"7346073023543723538","potions_obtained":[{"floor":1,"key":"Energy Potion"},{"floor":4,"key":"JyouchiReiPotion"},{"floor":8,"key":"AttackPotion"},{"floor":12,"key":"jedi:StrikingPotion"},{"floor":14,"key":"GrandPatriotsElixir:ReiMu"},{"floor":24,"key":"jedi:StrikingPotion"},{"floor":29,"key":"Explosive Potion"},{"floor":30,"key":"Explosive Potion"},{"floor":41,"key":"Strength Potion"},{"floor":42,"key":"FearPotion"},{"floor":48,"key":"EntropicBrew"}],"is_trial":false,"path_per_floor":["M","?","$","M","M","R","M","E","T","E","$","E","R","M","R","B",null,"M","?","T","$","M","R","E","R","T","M","M","E","M","M","R","B",null,"M","?","M","$","M","R","E","M","T","M","E","$","?","M","R","B",null,null,"R","$","E","B",null],"character_chosen":"MIYU","items_purchased":["Orrery","PrismaMod:MiyuCheapChannelWeak+1","PrismaMod:MiyuEvokeBuffStr+1","PrismaMod:MiyuUncommonDexBuff","Mummified Hand","StoneCalendar","Pear","Oddly Smooth Stone","PrismaMod:MiyuUncommonDexBuff","ClockworkSouvenir","PrismaMod:MiyuCheapPlate","PrismaMod:MiyuChannelAttackEvoke+1","RuthlessExorcism:ReiMu"],"campfire_rested":0,"item_purchase_floors":[3,11,11,21,21,38,38,46,46,54,54,54,54],"current_hp_per_floor":[73,73,73,75,75,75,70,71,71,59,59,46,46,46,46,42,57,58,58,58,58,59,59,48,48,48,43,46,47,50,52,52,39,62,62,62,63,68,68,68,61,68,68,70,70,70,70,70,70,14,14,70,70,70,37,16],"gold":79,"neow_bonus":"HUNDRED_GOLD","is_daily":false,"chose_seed":false,"campfire_upgraded":8,"win_rate":0.0,"timestamp":1611065916,"path_taken":["M","?","$","M","M","R","?","E","T","E","$","E","R","M","R","BOSS","M","?","?","$","M","R","E","R","T","M","M","E","M","M","R","BOSS","M","?","M","$","M","R","E","M","T","?","E","$","?","M","R","BOSS","R","$","E","BOSS"],"items_purchased_type":["Relic","Card","Card","Card","Relic","Relic","Relic","Relic","Card","Relic","Card","Card","Relic"],"build_version":"2020-12-22","purchased_purges":1,"victory":true,"max_hp_per_floor":[75,75,75,75,75,75,75,75,75,75,75,77,77,77,77,77,57,58,58,58,58,59,59,59,59,59,60,61,61,62,62,62,62,62,62,62,63,68,68,68,68,69,69,70,70,70,70,70,70,70,70,70,70,70,70,70],"card_choices":[{"not_picked":["PrismaMod:MiyuAttackChannelVul","PrismaMod:MiyuMaid"],"picked":"PrismaMod:MiyuCheapAttack2","floor":1},{"not_picked":["PrismaMod:MiyuUncommonStrBuff","PrismaMod:MiyuCheapChannelWeak"],"picked":"PrismaMod:MiyuUncommonDexBuff","floor":3},{"not_picked":["PrismaMod:MiyuUberAOEAttack","PrismaMod:MiyuCheapChannelWeak"],"picked":"PrismaMod:MiyuUncommonStrBuff","floor":3},{"not_picked":["PrismaMod:MiyuCarnivalAttack","PrismaMod:MiyuMaid"],"picked":"PrismaMod:MiyuUncommonPlate","floor":3},{"not_picked":["PrismaMod:MiyuDefenseExplosion","PrismaMod:MiyuEvokeCheapDefend"],"picked":"PrismaMod:MiyuCheapChannelVul","floor":3},{"not_picked":["PrismaMod:MiyuUberAttack","PrismaMod:MiyuEvokeAll"],"picked":"PrismaMod:MiyuDevil","floor":4},{"not_picked":["PrismaMod:MiyuMaid","PrismaMod:MiyuEvokeAll"],"picked":"PrismaMod:MiyuCheapChannelRandom","floor":5},{"not_picked":["PrismaMod:MiyuCheapAttack2","PrismaMod:MiyuDevil"],"picked":"PrismaMod:MiyuChristmas","floor":7},{"not_picked":["PrismaMod:MiyuUberAOEAttack","PrismaMod:MiyuUncommonAOEAttack"],"picked":"PrismaMod:MiyuUncommonAttack","floor":8},{"not_picked":["PrismaMod:MiyuAttackChannelAttack","PrismaMod:MiyuEvokeAll+1"],"picked":"PrismaMod:MiyuUncommonPlate+1","floor":10},{"not_picked":["PrismaMod:MiyuDefenseAbsorbMinor+1","PrismaMod:MiyuCheapChannelRandom+1","PrismaMod:MiyuUberAOEAttack"],"picked":"Singing Bowl","floor":12},{"not_picked":["PrismaMod:MiyuDefenseRemoval+1","PrismaMod:MiyuMaid+1"],"picked":"PrismaMod:MiyuEvokeAll+1","floor":14},{"not_picked":["PrismaMod:MiyuCheapDefend2+1","PrismaMod:MiyuEvokeAllAttack"],"picked":"PrismaMod:MiyuBride+1","floor":16},{"not_picked":["PrismaMod:MiyuDefenseRemoval+1","PrismaMod:MiyuCheapAttack1+1","PrismaMod:MiyuUncommonAOEAttack"],"picked":"Singing Bowl","floor":18},{"not_picked":["PrismaMod:MiyuCheapChannelWeak+1","PrismaMod:MiyuUncommonAttack","PrismaMod:MiyuDefenseExplosion+1"],"picked":"Singing Bowl","floor":22},{"not_picked":["PrismaMod:MiyuDevil","PrismaMod:MiyuUncommonDexBuff"],"picked":"PrismaMod:MiyuOrbIncreasePerm+1","floor":24},{"not_picked":["PrismaMod:MiyuDefenseExplosion+1","PrismaMod:MiyuCommonAOEAttack","PrismaMod:MiyuAttackChannelVul"],"picked":"Singing Bowl","floor":27},{"not_picked":["PrismaMod:MiyuCheapChannelRandom+1","PrismaMod:MiyuUncommonAttack","PrismaMod:MiyuCheapAttack2"],"picked":"Singing Bowl","floor":28},{"not_picked":["PrismaMod:MiyuAttackChannelAttack+1","PrismaMod:MiyuMaid+1"],"picked":"PrismaMod:MiyuDefendChannelDefend+1","floor":29},{"not_picked":["PrismaMod:MiyuCheapChannelVul+1","PrismaMod:MiyuCheapAttack1","PrismaMod:MiyuDefenseRemoval+1"],"picked":"Singing Bowl","floor":30},{"not_picked":["PrismaMod:MiyuCheapAttack1","PrismaMod:MiyuEvokeBuffStr+1"],"picked":"PrismaMod:MiyuUncommonAOEAttack+1","floor":31},{"not_picked":["PrismaMod:MiyuEvokeAllAttack","PrismaMod:MiyuCheapDefend2+1"],"picked":"PrismaMod:MiyuBride+1","floor":33},{"not_picked":["PrismaMod:MiyuCheapChannelDefend+1","PrismaMod:MiyuEvokeCheapDefend+1"],"picked":"PrismaMod:MiyuCheapPlate+1","floor":35},{"not_picked":["PrismaMod:MiyuDefenseExplosion","PrismaMod:MiyuUberAttack","PrismaMod:MiyuCheapAttack2"],"picked":"Singing Bowl","floor":37},{"not_picked":["PrismaMod:MiyuCheapChannelWeak+1","PrismaMod:MiyuChristmas+1"],"picked":"PrismaMod:MiyuCheapPlate","floor":39},{"not_picked":["PrismaMod:MiyuCommonAOEAttack","PrismaMod:MiyuCheapChannelWeak+1"],"picked":"PrismaMod:MiyuUberAttack+1","floor":41},{"not_picked":["PrismaMod:MiyuCheapChannelVul+1","PrismaMod:MiyuCommonAOEAttack+1","PrismaMod:MiyuAttackChannelVul"],"picked":"Singing Bowl","floor":42},{"not_picked":["PrismaMod:MiyuUberAOEAttack","PrismaMod:MiyuEvokeAllAttack","PrismaMod:MiyuCheapChannelHeal+1"],"picked":"Singing Bowl","floor":44},{"not_picked":["PrismaMod:MiyuUncommonAOEAttack+1","PrismaMod:MiyuUberAttack+1"],"picked":"PrismaMod:MiyuCarnivalAttack+1","floor":45},{"not_picked":["PrismaMod:MiyuEvokeBuffStr+1","PrismaMod:MiyuCheapAttack2+1"],"picked":"PrismaMod:MiyuUncommonAttack+1","floor":48},{"not_picked":["PrismaMod:MiyuCheapDexBuff+1","PrismaMod:MiyuEvokeCheapAttack+1"],"picked":"PrismaMod:MiyuCheapPlate","floor":55}],"player_experience":1255168,"relics_obtained":[{"floor":8,"key":"Tea:ReiMu"},{"floor":9,"key":"Toxic Egg 2"},{"floor":10,"key":"HoshigumaDish"},{"floor":12,"key":"Singing Bowl"},{"floor":24,"key":"Boot"},{"floor":26,"key":"Anchor"},{"floor":29,"key":"Ginger"},{"floor":34,"key":"Regal Pillow"},{"floor":34,"key":"InkBottle"},{"floor":34,"key":"ShirouKen"},{"floor":41,"key":"Bronze Scales"},{"floor":43,"key":"jedi:arcanewood"},{"floor":45,"key":"Molten Egg 2"},{"floor":55,"key":"Lantern"}],"event_choices":[{"damage_healed":0,"gold_gain":0,"player_choice":"Gave Potion","damage_taken":0,"relics_obtained":["Blood Vial"],"max_hp_gain":0,"max_hp_loss":0,"event_name":"WeMeetAgain","floor":2,"gold_loss":0},{"damage_healed":0,"gold_gain":0,"player_choice":"Simplicity","damage_taken":0,"max_hp_gain":0,"max_hp_loss":0,"event_name":"Back to Basics","floor":19,"gold_loss":0,"cards_upgraded":["PrismaMod:MiyuCommonDefend","PrismaMod:MiyuCommonDefend","PrismaMod:MiyuCommonDefend","PrismaMod:MiyuCommonDefend","PrismaMod:MiyuCommonDefend","PrismaMod:MiyuCommonAttack","PrismaMod:MiyuCommonAttack","PrismaMod:MiyuCommonAttack","PrismaMod:MiyuCommonAttack","PrismaMod:MiyuCommonAttack"]},{"damage_healed":0,"gold_gain":100,"player_choice":"Pray","damage_taken":0,"max_hp_gain":0,"max_hp_loss":0,"event_name":"Golden Shrine","floor":36,"gold_loss":0}],"is_beta":false,"boss_relics":[{"not_picked":["Tiny House","Astrolabe"],"picked":"jedi:hotpepper"},{"not_picked":["Empty Cage","Pandora\u0027s Box"],"picked":"Calling Bell"}],"items_purged_floors":[21],"is_endless":false,"potions_floor_spawned":[1,4,8,12,14,24,29,30,41,42,44,48],"ascension_level":2}}