{"host":"j6locglyv7e0c0tm","time":1611093586,"event":{"mods":["BaseMod","Better Altar","Better Match","Better Note","Better Sensory Stone","Better Skull","Better Third Choice","Better Vampires","BetterRewards","Card Forge","Colored Powertips","Custom Start","DeckTracker","Googly Eyes","Hermit","Highlight Path","Jorbs\u0027s Wanderer Trilogy","Marked Mod","Minty Spire (QoL Compilation)","Relic Stats","Replay The Spire","Shade Mod","Shop Mod","StSLib","Swap Starting Deck Mod","The Runesmith","TheFirefly"],"gold_per_floor":[110,37,37,139,156,156,185,185,185,185,214,214,1,24,24,119,119,131,406,222,241,50,50,60,60,106,120,150,167,167,178,178,277,277,293,218,218,218,61,61,73,73,96,96,96],"floor_reached":44,"language":"ENG","playtime":2463,"items_purged":["Strike_P","Regret"],"score":455,"play_id":"c25dc818-c545-4044-b2ad-8c4f55937e71","local_time":"20210120085946","is_ascension_mode":false,"campfire_choices":[{"floor":6.0,"key":"RECALL"},{"data":"MarkedMod:OneThousandNeedles","floor":8.0,"key":"SMITH"},{"data":"Eruption","floor":10.0,"key":"SMITH"},{"data":"MarkedMod:GentlePulse","floor":12.0,"key":"SMITH"},{"data":"Replay:LoomingThreat","floor":15.0,"key":"SMITH"},{"data":"expansioncontent:QuickStudy","floor":23.0,"key":"SMITH"},{"data":"Establishment","floor":25.0,"key":"SMITH"},{"data":"Fasting2","floor":40,"key":"SMITH"}],"circlet_count":0,"master_deck":["Strike_P","Strike_P","Defend_P","Defend_P","Defend_P","Defend_P","Eruption+1","Vigilance","MarkedMod:OneThousandNeedles+1","Halt+1","CutThroughFate","Halt","Replay:LoomingThreat+1","MarkedMod:GentlePulse+1","EmptyFist","Replay:Hum","Replay:ManipulateFuture","EmptyFist","Establishment+1","DeceiveReality","Protect","CutThroughFate","Madness+1","WindmillStrike","ThirdEye","JustLucky","Meditate","Devotion","EmptyFist+1","Fasting2+1","Replay:BluntJabs","Wallop","Writhe"],"relics":["PureWater","Hammer of Thor","Seething Fire","Anvil of the Gods","NeowsBlessing","Juzu Bracelet","Strawberry","Replay:Wax Seal","GoldenEye","Vajra","Odd Mushroom","ReplayTheSpireMod:Onyx Gauntlets","PreservedInsect","Gremlin Horn","ChewingGum"],"acts_visited":["Exordium","TheCity","TheBeyond"],"potions_floor_usage":[35],"damage_taken":[{"damage":0.0,"enemies":"Cultist","floor":1.0,"turns":1.0},{"damage":0.0,"enemies":"Jaw Worm","floor":5.0,"turns":1.0},{"damage":0.0,"enemies":"3 Sentries","floor":7.0,"turns":2.0},{"damage":36.0,"enemies":"Lagavulin","floor":11.0,"turns":4.0},{"damage":8.0,"enemies":"The Mushroom Lair","floor":14.0,"turns":4.0},{"damage":17.0,"enemies":"Fading Forest","floor":16.0,"turns":11.0},{"damage":5.0,"enemies":"Chosen","floor":18.0,"turns":4.0},{"damage":18.0,"enemies":"3 Byrds","floor":21.0,"turns":4.0},{"damage":0.0,"enemies":"Snecko","floor":24.0,"turns":4.0},{"damage":5.0,"enemies":"Cultist and Chosen","floor":27.0,"turns":5.0},{"damage":34.0,"enemies":"Gremlin Leader","floor":28.0,"turns":6.0},{"damage":1.0,"enemies":"Snake Plant","floor":29.0,"turns":4.0},{"damage":2.0,"enemies":"Snecko","floor":31.0,"turns":6.0},{"damage":17.0,"enemies":"Champ","floor":33.0,"turns":7.0},{"damage":41,"enemies":"3 Darklings","floor":35,"turns":4},{"damage":28,"enemies":"3 Shapes","floor":41,"turns":4},{"damage":30,"enemies":"Jaw Worm Horde","floor":44,"turns":3}],"seed_played":"4196646215250227497","potions_obtained":[{"floor":7.0,"key":"Venom Potion"},{"floor":11.0,"key":"ColorlessPotion"},{"floor":14.0,"key":"Death Potion"},{"floor":21.0,"key":"sneckomod:MuddlingPotion"},{"floor":31.0,"key":"Strength Potion"},{"floor":41,"key":"Milkshake"}],"is_trial":false,"path_per_floor":["M","$","?","?","M","R","E","R","T","R","E","R","$","?","R","B",null,"M","?","$","M","$","R","M","R","T","M","E","M","?","M","R","B",null,"M","?","?","?","$","R","M","?","T","M"],"character_chosen":"WATCHER","items_purchased":["MarkedMod:OneThousandNeedles","EmptyFist","Replay:Hum","Replay:ManipulateFuture","DeceiveReality","Protect","expansioncontent:QuickStudy","Fasting2","Replay:BluntJabs","Wallop"],"campfire_rested":0,"item_purchase_floors":[2,13,13,13,20,20,22,39,39,39],"current_hp_per_floor":[72,72,72,79,79,79,79,79,79,79,43,43,43,35,35,28,79,74,74,74,56,56,56,56,56,56,51,17,16,16,14,37,28,79,38,38,38,38,38,38,10,30,30,0,0],"gold":96,"neow_bonus":"THREE_ENEMY_KILL","is_daily":false,"chose_seed":false,"campfire_upgraded":7,"win_rate":0.0,"timestamp":1611093586,"path_taken":["M","$","?","?","M","R","E","R","T","R","E","R","$","?","R","BOSS","M","?","$","M","$","R","M","R","T","M","E","M","?","M","R","BOSS","M","?","?","?","$","R","M","?","T","M"],"items_purchased_type":["Card","Card","Card","Card","Card","Card","Undefined","Card","Card","Card"],"build_version":"2020-12-22","purchased_purges":2,"victory":false,"max_hp_per_floor":[72,72,72,79,79,79,79,79,79,79,79,79,79,79,79,79,79,79,79,79,79,79,79,79,79,79,79,79,79,79,79,79,79,79,79,79,79,79,79,79,79,79,79,79,79],"relic_stats":{"Gremlin Horn":[5,5],"counters":[17,74],"PreservedInsect":46,"Juzu Bracelet":3,"GoldenEye":[97],"obtain_stats":[{"NeowsBlessing":0,"Gremlin Horn":28,"Vajra":11,"Hammer of Thor":0,"PreservedInsect":26,"Juzu Bracelet":3,"Seething Fire":0,"Odd Mushroom":14,"GoldenEye":9,"Anvil of the Gods":0,"Strawberry":4,"ChewingGum":34,"PureWater":0,"Replay:Wax Seal":7,"ReplayTheSpireMod:Onyx Gauntlets":17},{"NeowsBlessing":0,"Gremlin Horn":11,"Vajra":4,"Hammer of Thor":0,"PreservedInsect":9,"Juzu Bracelet":1,"Seething Fire":0,"Odd Mushroom":5,"GoldenEye":3,"Anvil of the Gods":0,"Strawberry":1,"ChewingGum":14,"PureWater":0,"Replay:Wax Seal":3,"ReplayTheSpireMod:Onyx Gauntlets":6},{"NeowsBlessing":0,"Gremlin Horn":46,"Vajra":8,"Hammer of Thor":0,"PreservedInsect":35,"Juzu Bracelet":1,"Seething Fire":0,"Odd Mushroom":12,"GoldenEye":4,"Anvil of the Gods":0,"Strawberry":1,"ChewingGum":63,"PureWater":0,"Replay:Wax Seal":4,"ReplayTheSpireMod:Onyx Gauntlets":23}]},"card_choices":[{"not_picked":["Evaluate","Crescendo"],"picked":"ThirdEye","floor":1.0},{"not_picked":["Crescendo","InnerPeace"],"picked":"Halt","floor":4.0},{"not_picked":["SashWhip","Protect"],"picked":"CutThroughFate","floor":4.0},{"not_picked":["JustLucky","BowlingBash"],"picked":"Halt","floor":5.0},{"not_picked":["FearNoEvil","Replay:Vibes"],"picked":"Replay:LoomingThreat","floor":7.0},{"not_picked":["FollowUp","InnerPeace"],"picked":"MarkedMod:GentlePulse","floor":11.0},{"not_picked":["Consecrate","CutThroughFate"],"picked":"EmptyFist","floor":14.0},{"not_picked":["Brilliance","Devotion"],"picked":"Establishment","floor":16.0},{"not_picked":["Replay:Anticipation+1","Study+1","Replay:AtTheReady+1"],"picked":"SKIP","floor":18.0},{"not_picked":["SashWhip","ThirdEye+1"],"picked":"CutThroughFate","floor":21.0},{"not_picked":["BowlingBash","TalkToTheHand","FlyingSleeves"],"picked":"SKIP","floor":24.0},{"not_picked":["SignatureMove+1","EmptyBody+1"],"picked":"WindmillStrike","floor":27.0},{"not_picked":["Vault","CutThroughFate"],"picked":"ThirdEye","floor":28.0},{"not_picked":["MarkedMod:GentlePulse","Replay:BluntJabs+1"],"picked":"JustLucky","floor":29.0},{"not_picked":["Evaluate","Replay:AllIn"],"picked":"Meditate","floor":31.0},{"not_picked":["Replay:AllIn","Wish"],"picked":"Devotion","floor":33.0},{"not_picked":["ThirdEye+1","FearNoEvil","MarkedMod:FirstStrike"],"picked":"SKIP","floor":35},{"not_picked":["Consecrate+1","CrushJoints+1"],"picked":"EmptyFist+1","floor":36},{"not_picked":["MarkedMod:GentlePulse","ForeignInfluence+1","Replay:Battleflow"],"picked":"SKIP","floor":41}],"player_experience":794339,"relics_obtained":[{"floor":4.0,"key":"Strawberry"},{"floor":7.0,"key":"Replay:Wax Seal"},{"floor":9.0,"key":"GoldenEye"},{"floor":11.0,"key":"Vajra"},{"floor":14.0,"key":"Odd Mushroom"},{"floor":26.0,"key":"PreservedInsect"},{"floor":28.0,"key":"Gremlin Horn"}],"event_choices":[{"cards_removed":["ThirdEye"],"damage_healed":0.0,"max_hp_gain":0.0,"max_hp_loss":0.0,"gold_gain":0.0,"event_name":"WeMeetAgain","player_choice":"Gave Card","floor":3.0,"gold_loss":0.0,"damage_taken":0.0,"relics_obtained":["Juzu Bracelet"]},{"damage_healed":0.0,"max_hp_gain":0.0,"max_hp_loss":0.0,"gold_gain":0.0,"event_name":"Mushrooms","player_choice":"Fought Mushrooms","floor":14.0,"gold_loss":0.0,"damage_taken":0.0},{"damage_healed":0.0,"max_hp_gain":0.0,"max_hp_loss":0.0,"gold_gain":275.0,"event_name":"Golden Shrine","player_choice":"Desecrate","floor":19.0,"gold_loss":0.0,"damage_taken":0.0,"cards_obtained":["Regret"]},{"damage_healed":0.0,"max_hp_gain":0.0,"max_hp_loss":0.0,"gold_gain":0.0,"event_name":"betterNote:BetterNote","player_choice":"Ignored","floor":30.0,"gold_loss":0.0,"damage_taken":0.0,"cards_obtained":["Defragment"]},{"damage_healed":0,"gold_gain":0,"player_choice":"2","damage_taken":0,"max_hp_gain":0,"max_hp_loss":0,"event_name":"betterMatch:BetterMatch","floor":36,"gold_loss":0,"cards_obtained":["betterMatch:CommonCard"]},{"cards_removed":["Strike_P"],"damage_healed":0,"gold_gain":0,"player_choice":"Purged","damage_taken":0,"max_hp_gain":0,"max_hp_loss":0,"event_name":"Purifier","floor":37,"gold_loss":0},{"damage_healed":0,"gold_gain":0,"player_choice":"Ignored","damage_taken":0,"max_hp_gain":0,"max_hp_loss":0,"event_name":"Tomb of Lord Red Mask","floor":38,"gold_loss":0},{"damage_healed":20,"gold_gain":0,"player_choice":"Writhe","damage_taken":0,"max_hp_gain":0,"max_hp_loss":0,"event_name":"Winding Halls","floor":42,"gold_loss":0,"cards_obtained":["Writhe"]}],"is_beta":false,"boss_relics":[{"not_picked":["Pandora\u0027s Box","Sozu"],"picked":"ReplayTheSpireMod:Onyx Gauntlets"},{"not_picked":["Cursed Key","Honey Jar"],"picked":"ChewingGum"}],"items_purged_floors":[13,20],"is_endless":false,"potions_floor_spawned":[7,11,14,21,28,31,41],"killed_by":"Jaw Worm Horde","ascension_level":0}}