{"host":"r53pw7z744tg3fxg","time":1611089279,"event":{"mods":["AchievementEnabler","BaseMod","Colored Map","Colored Powertips","Highlight Path","Minty Spire (QoL Compilation)","Quick Restart","Transform Curses"],"gold_per_floor":[119,133,133,30,41,41,75,95,122,179,179,209,18,18,18,95,95,108,55,55,70,82,82,108,108,108,134,148,148,148,161,161,240,290,301,301,62,85,119,119,153,153,178,196,196,215,243,263,263,263,263],"floor_reached":50,"language":"ENG","playtime":1933,"items_purged":[],"score":963,"play_id":"8872bea9-cf05-4611-9fa2-294c3e086b70","local_time":"20210119134759","is_ascension_mode":true,"campfire_choices":[{"floor":6.0,"key":"REST"},{"floor":11.0,"key":"REST"},{"floor":15.0,"key":"REST"},{"floor":23.0,"key":"REST"},{"floor":25.0,"key":"REST"},{"data":"Apotheosis","floor":29.0,"key":"SMITH"},{"floor":32.0,"key":"REST"},{"floor":40.0,"key":"REST"},{"floor":42.0,"key":"DIG"},{"floor":45.0,"key":"REST"},{"floor":49.0,"key":"REST"}],"circlet_count":0,"master_deck":["AscendersBane","Strike_P+1","Strike_P","Strike_P","Strike_P+1","Defend_P","Defend_P+1","Defend_P","Defend_P+1","Eruption+1","Vigilance+1","DeceiveReality","CarveReality+1","Bandage Up","FearNoEvil","TalkToTheHand","BowlingBash","FollowUp+1","FlurryOfBlows","Apotheosis+1","Judgement","WindmillStrike+1","Consecrate","Necronomicurse","EmptyBody","ReachHeaven","Meditate","MasterReality","Prostrate","LessonLearned+1","PathToVictory","Halt","Pray","Prostrate+1","Prostrate","The Bomb","Bandage Up","WheelKick+1","PathToVictory","ClearTheMind"],"relics":["PureWater","Boot","Oddly Smooth Stone","Whetstone","MealTicket","Strawberry","SlaversCollar","Necronomicon","Tiny Chest","Molten Egg 2","Red Mask","Tiny House","Sling","CeramicFish","Shovel","Omamori","Ancient Tea Set","War Paint"],"acts_visited":["Exordium","TheCity","TheBeyond"],"potions_floor_usage":[50],"damage_taken":[{"damage":5.0,"enemies":"2 Louse","floor":1.0,"turns":3.0},{"damage":4.0,"enemies":"Jaw Worm","floor":2.0,"turns":3.0},{"damage":0.0,"enemies":"Small Slimes","floor":5.0,"turns":3.0},{"damage":26.0,"enemies":"Gremlin Nob","floor":7.0,"turns":4.0},{"damage":0.0,"enemies":"Looter","floor":8.0,"turns":1.0},{"damage":0.0,"enemies":"Gremlin Nob","floor":10.0,"turns":1.0},{"damage":20.0,"enemies":"Lagavulin","floor":12.0,"turns":6.0},{"damage":1.0,"enemies":"The Guardian","floor":16.0,"turns":11.0},{"damage":7.0,"enemies":"3 Byrds","floor":18.0,"turns":4.0},{"damage":15.0,"enemies":"2 Thieves","floor":21.0,"turns":3.0},{"damage":0.0,"enemies":"Snecko","floor":22.0,"turns":3.0},{"damage":26.0,"enemies":"Slavers","floor":24.0,"turns":6.0},{"damage":10.0,"enemies":"Masked Bandits","floor":27.0,"turns":5.0},{"damage":1.0,"enemies":"Centurion and Healer","floor":28.0,"turns":5.0},{"damage":1.0,"enemies":"3 Cultists","floor":31.0,"turns":3.0},{"damage":70.0,"enemies":"Automaton","floor":33.0,"turns":10.0},{"damage":51.0,"enemies":"3 Darklings","floor":35.0,"turns":8.0},{"damage":6.0,"enemies":"Mind Bloom Boss Battle","floor":39.0,"turns":6.0},{"damage":7.0,"enemies":"Giant Head","floor":41.0,"turns":5.0},{"damage":5.0,"enemies":"Orb Walker","floor":46.0,"turns":3.0},{"damage":47.0,"enemies":"Writhing Mass","floor":47.0,"turns":7.0},{"damage":1.0,"enemies":"Sphere and 2 Shapes","floor":48.0,"turns":3.0},{"damage":84,"enemies":"Awakened One","floor":50,"turns":4}],"seed_played":"2492848958850978925","potions_obtained":[{"floor":1.0,"key":"Swift Potion"},{"floor":7.0,"key":"Strength Potion"},{"floor":8.0,"key":"FearPotion"},{"floor":12.0,"key":"Strength Potion"},{"floor":16.0,"key":"Weak Potion"},{"floor":21.0,"key":"StancePotion"},{"floor":22.0,"key":"Weak Potion"},{"floor":34.0,"key":"SteroidPotion"},{"floor":35.0,"key":"GamblersBrew"},{"floor":47.0,"key":"LiquidMemories"}],"is_trial":false,"path_per_floor":["M","M","?","$","M","R","E","M","T","?","R","E","$","?","R","B",null,"M","$","?","M","M","R","E","R","T","?","M","R","?","M","R","B",null,"M","?","$","T","?","R","E","R","T","?","R","M","M","M","R","B"],"character_chosen":"WATCHER","items_purchased":["Bandage Up","Apotheosis","Consecrate","Sling","Pray"],"campfire_rested":9,"item_purchase_floors":[4,13,19,37,37],"current_hp_per_floor":[56,52,41,41,45,65,42,46,46,46,66,55,70,47,69,74,75,68,75,54,39,39,61,41,63,63,57,60,60,39,44,68,4,66,21,21,36,36,34,59,56,56,56,51,76,75,36,39,64,0,0],"gold":263,"neow_bonus":"UPGRADE_CARD","is_daily":false,"chose_seed":false,"campfire_upgraded":1,"win_rate":0.0,"timestamp":1611089279,"path_taken":["M","M","?","$","M","R","E","M","T","?","R","E","?","?","R","BOSS","M","$","?","M","M","R","E","R","T","?","M","R","?","M","R","BOSS","M","?","$","?","?","R","E","R","T","?","R","M","?","M","R","BOSS"],"items_purchased_type":["Card","Card","Card","Relic","Card"],"build_version":"2020-12-22","purchased_purges":0,"victory":false,"max_hp_per_floor":[68,68,68,68,68,68,68,68,68,68,68,75,75,75,75,75,75,75,75,75,75,75,75,75,75,75,75,75,75,80,80,80,80,85,85,85,85,85,85,85,85,85,85,85,85,85,85,85,85,85,85],"card_choices":[{"not_picked":["SashWhip","EmptyFist"],"picked":"DeceiveReality","floor":1.0},{"not_picked":["Wireheading","Prostrate"],"picked":"CarveReality","floor":2.0},{"not_picked":["LikeWater","ClearTheMind"],"picked":"FearNoEvil","floor":5.0},{"not_picked":["JustLucky","FlyingSleeves"],"picked":"TalkToTheHand","floor":7.0},{"not_picked":["Protect","DeceiveReality"],"picked":"BowlingBash","floor":8.0},{"not_picked":["Nirvana","Protect"],"picked":"FollowUp","floor":10.0},{"not_picked":["ClearTheMind","CutThroughFate"],"picked":"FlurryOfBlows","floor":12.0},{"not_picked":["DeusExMachina","LessonLearned"],"picked":"Judgement","floor":16.0},{"not_picked":["Swivel+1","Pray+1"],"picked":"WindmillStrike+1","floor":18.0},{"not_picked":["EmptyFist","Vengeance"],"picked":"EmptyBody","floor":21.0},{"not_picked":["Protect","MentalFortress","BowlingBash"],"picked":"SKIP","floor":22.0},{"not_picked":["CutThroughFate","Evaluate"],"picked":"ReachHeaven","floor":24.0},{"not_picked":["Study","CrushJoints+1"],"picked":"Meditate","floor":27.0},{"not_picked":["BowlingBash+1","Tantrum+1"],"picked":"MasterReality","floor":28.0},{"not_picked":["CrushJoints+1","JustLucky+1"],"picked":"Prostrate","floor":31.0},{"not_picked":["DeusExMachina","Scrawl"],"picked":"LessonLearned+1","floor":33.0},{"not_picked":["Halt","Perseverance"],"picked":"PathToVictory","floor":34.0},{"not_picked":["Crescendo","Blasphemy"],"picked":"Halt","floor":35.0},{"not_picked":["Consecrate+1","SignatureMove+1"],"picked":"Prostrate+1","floor":39.0},{"not_picked":["MentalFortress","Evaluate+1"],"picked":"Prostrate","floor":41.0},{"not_picked":["Dark Shackles","Swift Strike+1"],"picked":"The Bomb","floor":44.0},{"not_picked":["The Bomb","Secret Weapon"],"picked":"Bandage Up","floor":44.0},{"not_picked":["FlyingSleeves+1","SashWhip+1"],"picked":"WheelKick+1","floor":46.0},{"not_picked":["JustLucky+1","Collect+1"],"picked":"PathToVictory","floor":47.0},{"not_picked":["Indignation","Vengeance"],"picked":"ClearTheMind","floor":48.0}],"player_experience":1313973,"relics_obtained":[{"floor":7.0,"key":"Oddly Smooth Stone"},{"floor":9.0,"key":"Whetstone"},{"floor":10.0,"key":"MealTicket"},{"floor":12.0,"key":"Strawberry"},{"floor":20.0,"key":"Necronomicon"},{"floor":24.0,"key":"Tiny Chest"},{"floor":26.0,"key":"Molten Egg 2"},{"floor":27.0,"key":"Red Mask"},{"floor":38.0,"key":"CeramicFish"},{"floor":39.0,"key":"Shovel"},{"floor":41.0,"key":"Omamori"},{"floor":42.0,"key":"Ancient Tea Set"},{"floor":43.0,"key":"War Paint"}],"event_choices":[{"damage_healed":0.0,"max_hp_gain":0.0,"max_hp_loss":0.0,"gold_gain":0.0,"event_name":"Scrap Ooze","player_choice":"Success","floor":3.0,"gold_loss":0.0,"damage_taken":11.0,"relics_obtained":["Boot"]},{"damage_healed":0.0,"max_hp_gain":0.0,"max_hp_loss":0.0,"gold_gain":0.0,"event_name":"Dead Adventurer","player_choice":"Searched \u00271\u0027 times","floor":10.0,"gold_loss":0.0,"damage_taken":0.0},{"damage_healed":0.0,"max_hp_gain":0.0,"max_hp_loss":0.0,"gold_gain":0.0,"event_name":"Shining Light","player_choice":"Entered Light","floor":14.0,"gold_loss":0.0,"damage_taken":23.0,"cards_upgraded":["Strike_P","Defend_P"]},{"damage_healed":0.0,"max_hp_gain":0.0,"max_hp_loss":0.0,"gold_gain":0.0,"event_name":"Cursed Tome","player_choice":"Obtained Book","floor":20.0,"gold_loss":0.0,"damage_taken":21.0},{"damage_healed":0.0,"max_hp_gain":0.0,"max_hp_loss":0.0,"gold_gain":0.0,"event_name":"Masked Bandits","player_choice":"Fought Bandits","floor":27.0,"gold_loss":0.0,"damage_taken":0.0},{"damage_healed":0.0,"max_hp_gain":5.0,"max_hp_loss":0.0,"gold_gain":0.0,"event_name":"Forgotten Altar","player_choice":"Shed Blood","floor":30.0,"gold_loss":0.0,"damage_taken":26.0},{"damage_healed":0.0,"max_hp_gain":0.0,"max_hp_loss":0.0,"gold_gain":0.0,"event_name":"SecretPortal","player_choice":"Ignored","floor":36.0,"gold_loss":0.0,"damage_taken":0.0},{"damage_healed":0.0,"max_hp_gain":0.0,"max_hp_loss":0.0,"gold_gain":0.0,"event_name":"MindBloom","player_choice":"Fight","floor":39.0,"gold_loss":0.0,"damage_taken":0.0},{"damage_healed":0.0,"max_hp_gain":0.0,"max_hp_loss":0.0,"gold_gain":0.0,"event_name":"SensoryStone","player_choice":"Memory 2","floor":44.0,"gold_loss":0.0,"damage_taken":5.0}],"is_beta":false,"boss_relics":[{"not_picked":["Black Star","Sozu"],"picked":"SlaversCollar"},{"not_picked":["Cursed Key","Runic Dome"],"picked":"Tiny House"}],"items_purged_floors":[],"is_endless":false,"potions_floor_spawned":[1,7,8,12,16,21,22,35,47],"killed_by":"Awakened One","ascension_level":16}}