{"host":"la6t950uoatqs0xt","time":1611027561,"event":{"mods":["AchievementEnabler","BaseMod","Colored Powertips","Minty Spire (QoL Compilation)","Quick Restart","Rare Cards Sparkle"],"gold_per_floor":[118,133,133,133,144,171,171,171,196,229,229,329,341,318,318,423,423,434,237,187,202,213,213,213],"floor_reached":23,"language":"ENG","playtime":716,"items_purged":[],"score":229,"play_id":"614a10cf-22a2-4c76-9727-3483e74203ba","local_time":"20210118223921","is_ascension_mode":true,"campfire_choices":[{"floor":8,"key":"REST"},{"floor":11,"key":"REST"},{"floor":15,"key":"REST"}],"circlet_count":0,"master_deck":["Strike_G","Strike_G","Strike_G","Strike_G","Defend_G","Defend_G","Defend_G","Defend_G","Survivor","Neutralize","Bouncing Flask","Deadly Poison","Deadly Poison","Catalyst","Envenom","Catalyst","Poisoned Stab"],"relics":["Ring of the Snake","Bronze Scales","Bag of Preparation","Dream Catcher","Strawberry","SlaversCollar","Snake Skull"],"acts_visited":["Exordium","TheCity"],"potions_floor_usage":[6,10,16,18,23,23,23],"damage_taken":[{"damage":0,"enemies":"2 Louse","floor":1,"turns":3},{"damage":0,"enemies":"Cultist","floor":2,"turns":3},{"damage":0,"enemies":"Jaw Worm","floor":5,"turns":3},{"damage":20,"enemies":"Lagavulin","floor":6,"turns":5},{"damage":44,"enemies":"3 Sentries","floor":10,"turns":7},{"damage":2,"enemies":"Red Slaver","floor":13,"turns":3},{"damage":4,"enemies":"The Guardian","floor":16,"turns":5},{"damage":1,"enemies":"3 Byrds","floor":18,"turns":3},{"damage":13,"enemies":"Shell Parasite","floor":21,"turns":5},{"damage":19,"enemies":"Centurion and Healer","floor":22,"turns":7},{"damage":45,"enemies":"Slavers","floor":23,"turns":3}],"seed_played":"-8092202381208314943","potions_obtained":[{"floor":5,"key":"CunningPotion"},{"floor":6,"key":"AttackPotion"},{"floor":10,"key":"Explosive Potion"},{"floor":13,"key":"BlessingOfTheForge"},{"floor":18,"key":"LiquidBronze"},{"floor":22,"key":"FearPotion"}],"is_trial":false,"path_per_floor":["M","M","?","?","M","E","$","R","T","E","R","?","M","?","R","B",null,"M","$","?","M","M","E"],"character_chosen":"THE_SILENT","items_purchased":["Snake Skull","Poison Potion"],"campfire_rested":3,"item_purchase_floors":[19,19],"current_hp_per_floor":[70,70,58,58,58,38,38,59,59,22,45,45,43,43,66,62,77,76,76,76,63,44,0,0],"gold":213,"neow_bonus":"REMOVE_CARD","is_daily":false,"chose_seed":false,"campfire_upgraded":0,"win_rate":0.0,"timestamp":1611027561,"path_taken":["M","M","?","?","?","E","$","R","T","E","R","?","?","?","R","BOSS","M","$","?","?","M","E"],"items_purchased_type":["Relic","Potion"],"build_version":"2020-12-22","purchased_purges":0,"victory":false,"max_hp_per_floor":[70,70,70,70,70,70,70,70,70,77,77,77,77,77,77,77,77,77,77,77,77,77,77,77],"card_choices":[{"not_picked":["Flying Knee","Leg Sweep"],"picked":"Bouncing Flask","floor":1},{"not_picked":["Cloak And Dagger","Calculated Gamble"],"picked":"Deadly Poison","floor":2},{"not_picked":["Slice","Blade Dance","All Out Attack"],"picked":"SKIP","floor":5},{"not_picked":["Calculated Gamble","Underhanded Strike"],"picked":"Deadly Poison","floor":6},{"not_picked":["Prepared","Deflect","Terror"],"picked":"SKIP","floor":10},{"not_picked":["Slice","Concentrate"],"picked":"Catalyst","floor":11},{"not_picked":["Underhanded Strike","Blade Dance","Backflip"],"picked":"SKIP","floor":13},{"not_picked":["Malaise","After Image"],"picked":"Envenom","floor":16},{"not_picked":["Dagger Spray+1","Acrobatics","Setup"],"picked":"SKIP","floor":18},{"not_picked":["Cloak And Dagger+1","Caltrops"],"picked":"Catalyst","floor":21},{"not_picked":["Caltrops","Deadly Poison"],"picked":"Poisoned Stab","floor":22}],"player_experience":263604,"relics_obtained":[{"floor":6,"key":"Bag of Preparation"},{"floor":9,"key":"Dream Catcher"},{"floor":10,"key":"Strawberry"}],"event_choices":[{"damage_healed":0,"gold_gain":0,"player_choice":"Success","damage_taken":12,"relics_obtained":["Bronze Scales"],"max_hp_gain":0,"max_hp_loss":0,"event_name":"Scrap Ooze","floor":3,"gold_loss":0},{"cards_removed":["Strike_G"],"damage_healed":0,"gold_gain":0,"player_choice":"Purged","damage_taken":0,"max_hp_gain":0,"max_hp_loss":0,"event_name":"Purifier","floor":4,"gold_loss":0},{"damage_healed":0,"gold_gain":100,"player_choice":"Pray","damage_taken":0,"max_hp_gain":0,"max_hp_loss":0,"event_name":"Golden Shrine","floor":12,"gold_loss":0},{"damage_healed":0,"gold_gain":0,"player_choice":"Left Gold","damage_taken":0,"max_hp_gain":0,"max_hp_loss":0,"event_name":"World of Goop","floor":14,"gold_loss":23},{"damage_healed":0,"gold_gain":0,"player_choice":"Bet on Murderer","damage_taken":0,"max_hp_gain":0,"max_hp_loss":0,"event_name":"The Joust","floor":20,"gold_loss":50}],"is_beta":false,"boss_relics":[{"not_picked":["Busted Crown","HoveringKite"],"picked":"SlaversCollar"}],"items_purged_floors":[],"is_endless":false,"potions_floor_spawned":[5,6,10,13,18,22],"killed_by":"Slavers","ascension_level":3}}