{"host":"7fyy23rucerupe6i","time":1611032840,"event":{"mods":["AchievementEnabler","Act Like it!","BaseMod","BetterRewards","Colored Map","Colored Powertips","Conspire","Custom Start","Downfall","Marisa£®ÏF”Í°°ƒß¿Ì…≥£©","Minty Spire (QoL Compilation)","Quick Restart","Shop Mod","Spicy Shops","StSLib","SuperFastMode","The Factory","The Jungle","UnlockEverythingMod"],"gold_per_floor":[99,99,99,99,126,171,252,439,491,532,554,566,612,624,677,689,689],"floor_reached":16,"language":"ZHS","playtime":701,"items_purged":[],"score":141,"play_id":"f6468b91-dfcf-4765-9a67-68fd63ec1fd9","local_time":"20210119130720","is_ascension_mode":false,"campfire_choices":[{"data":"sneckomod:TailWhip","floor":1,"key":"SMITH"},{"data":"sneckomod:SerpentMind","floor":12,"key":"SMITH"}],"circlet_count":0,"master_deck":["sneckomod:Strike","sneckomod:Strike","sneckomod:Strike","sneckomod:Defend+1","sneckomod:Defend","sneckomod:Defend+1","sneckomod:TailWhip+1","sneckomod:SnekBite","sneckomod:Unknown","sneckomod:Unknown","sneckomod:UnknownStrength","sneckomod:SerpentMind+1","Doubt","sneckomod:CheapStock","sneckomod:Restock+1","sneckomod:MorePower","downfall:Malfunctioning","sneckomod:UnknownRareAttack+1","MagicChant"],"relics":["sneckomod:SneckoSoul","downfall:HeartsMalice","MawBank","Lantern","Shuriken","Vajra","Regal Pillow"],"acts_visited":["Exordium"],"potions_floor_usage":[13,16,16],"damage_taken":[{"damage":0,"enemies":"Small Slimes","floor":2,"turns":1},{"damage":0,"enemies":"Jaw Worm","floor":3,"turns":1},{"damage":0,"enemies":"3 Sentries","floor":6,"turns":1},{"damage":6,"enemies":"Cultist","floor":9,"turns":3},{"damage":31,"enemies":"Gremlin Nob","floor":10,"turns":6},{"damage":2,"enemies":"Large Slime","floor":11,"turns":8},{"damage":12,"enemies":"3 Sentries","floor":13,"turns":4},{"damage":27,"enemies":"3 Louse","floor":15,"turns":7},{"damage":9,"enemies":"WA_ARCHETYPE_RETAIN","floor":16,"turns":2}],"seed_played":"-7765656049586682465","potions_obtained":[{"floor":9,"key":"Slimebound:ThreeZeroPotion"},{"floor":11,"key":"Fire Potion"},{"floor":13,"key":"BlessingOfTheForge"}],"is_trial":false,"path_per_floor":["R","M","M","?","T","E","T","?","M","E","M","R","E","?","M","B"],"character_chosen":"THE_SNECKO","items_purchased":[],"campfire_rested":0,"item_purchase_floors":[],"current_hp_per_floor":[90,90,90,90,90,90,90,90,84,53,51,51,39,39,12,3,3],"gold":689,"neow_bonus":"THREE_ENEMY_KILL","is_daily":false,"chose_seed":false,"campfire_upgraded":2,"win_rate":0.0,"timestamp":1611032840,"path_taken":["R","M","M","?","?","E","T","?","?","E","M","R","E","?","M","BOSS"],"items_purchased_type":[],"build_version":"2020-12-22","purchased_purges":0,"victory":false,"max_hp_per_floor":[90,90,90,90,90,90,90,90,90,90,90,90,90,90,90,90,90],"card_choices":[{"not_picked":["sneckomod:SoulCleanse","sneckomod:Unknown1Cost","sneckomod:RainOfDice"],"picked":"SKIP","floor":2},{"not_picked":["sneckomod:UnknownCommonAttack","sneckomod:MixItUp"],"picked":"sneckomod:UnknownStrength","floor":3},{"not_picked":["sneckomod:Nope","sneckomod:MorePower"],"picked":"sneckomod:SerpentMind","floor":6},{"not_picked":["sneckomod:DefensiveFlair","sneckomod:SoulDraw"],"picked":"sneckomod:CheapStock","floor":9},{"not_picked":["sneckomod:DiceBlock","sneckomod:QuickMove"],"picked":"sneckomod:Restock","floor":10},{"not_picked":["sneckomod:SnekBeam","sneckomod:DiceBlock"],"picked":"sneckomod:Unknown1Cost","floor":11},{"not_picked":["sneckomod:UnknownWeak","sneckomod:PureSnecko"],"picked":"sneckomod:MorePower","floor":13},{"not_picked":["sneckomod:UnknownClassHEXA_GHOST_PURPLE+1","sneckomod:Unknown+1"],"picked":"sneckomod:UnknownRareAttack+1","floor":15},{"not_picked":["sneckomod:UnknownColorless","sneckomod:UnknownCommonSkill","sneckomod:SlitherStrike"],"picked":"SKIP","floor":15}],"player_experience":344716,"relics_obtained":[{"floor":5,"key":"MawBank"},{"floor":6,"key":"Lantern"},{"floor":7,"key":"Shuriken"},{"floor":10,"key":"Vajra"},{"floor":13,"key":"Regal Pillow"}],"event_choices":[{"damage_healed":0,"gold_gain":0,"player_choice":"Leave","damage_taken":0,"max_hp_gain":0,"max_hp_loss":0,"event_name":"conspire:Investor","floor":4,"gold_loss":0}],"is_beta":false,"boss_relics":[],"items_purged_floors":[],"is_endless":false,"potions_floor_spawned":[9,11,13],"killed_by":"WA_ARCHETYPE_RETAIN","ascension_level":0}}