{"host":"8efry9zhj4tjp5kw","time":1611067297,"event":{"mods":["Act Like it!","Aspiration","Bard","BaseMod","Beaked The Cultist","Colored Map","Colored Powertips","Conspire","Downfall","Glutton Mod","Halation","Hallownest","Hermit","Highlight Path","Hubris","Infinite Spire","Jedi Mod","Jorbs\u0027s Wanderer Trilogy","Koishi","Mad Scientist","Marisa????????","Mimic Mod","Minty Spire (QoL Compilation)","Reworked Bosses","Shop Mod","StSLib","The Administrix","The Construct","The Disciple","The Elementalist","The Factory","The Jungle","The Mystic","The Necromancer","The Runesmith","The Servant 0.9.4","Unceasing Turn Reminder"],"gold_per_floor":[99,111,111,111,111,125,125,152,184,13,40,40,40,50,64,64,64],"floor_reached":16,"language":"ENG","playtime":1197,"items_purged":[],"score":113,"play_id":"5b2e43ed-be67-4499-9e14-38068f44e40b","local_time":"20210119154137","is_ascension_mode":true,"campfire_choices":[{"data":"bronze:Goto","floor":1.0,"key":"SMITH"},{"data":"bronze:Branch","floor":12.0,"key":"SMITH"}],"circlet_count":0,"master_deck":["bronze:Strike","bronze:Strike","bronze:Strike","bronze:Strike","bronze:Defend","bronze:Defend","bronze:Defend","bronze:Defend","bronze:Replicate","bronze:Goto+1","bronze:FindAndReplace","bronze:Separator+1","bronze:Branch+1","bronze:Shell","bronze:Separator","bronze:FollowUp"],"relics":["bronze:BronzeCore","aspiration:HummingbirdHeart","hubris:SlimyHat","aspiration:TomeofQuesting","Anchor","jedi:arcanewood","infinitespire:Golems Mask"],"acts_visited":["Exordium"],"potions_floor_usage":[16,16],"damage_taken":[{"damage":6.0,"enemies":"Jaw Worm","floor":2.0,"turns":3.0},{"damage":5.0,"enemies":"Small Slimes","floor":6.0,"turns":2.0},{"damage":9.0,"enemies":"3 Sentries","floor":9.0,"turns":6.0},{"damage":0.0,"enemies":"downfall:FleeingMerchant","floor":10.0,"turns":4.0},{"damage":8.0,"enemies":"Lagavulin","floor":11.0,"turns":6.0},{"damage":0.0,"enemies":"Cultist","floor":13.0,"turns":1.0},{"damage":0.0,"enemies":"Exordium Wildlife","floor":14.0,"turns":4.0},{"damage":0.0,"enemies":"Large Slime","floor":15.0,"turns":3.0},{"damage":44,"enemies":"SI_SHIV_ARCHETYPE","floor":16,"turns":7}],"seed_played":"-2202818488270670903","potions_obtained":[{"floor":2.0,"key":"DistilledChaos"},{"floor":6.0,"key":"CultistPotion"},{"floor":15.0,"key":"PowerPotion"}],"is_trial":false,"path_per_floor":["R","M","?","T","?","M","T","T","E","$","E","R","M","M","M","B"],"character_chosen":"THE_AUTOMATON","items_purchased":["jedi:arcanewood"],"campfire_rested":0,"item_purchase_floors":[10],"current_hp_per_floor":[70,64,64,64,64,59,59,59,50,50,42,42,42,42,42,0,0],"gold":64,"neow_bonus":"ONE_RANDOM_RARE_CARD","is_daily":false,"chose_seed":false,"campfire_upgraded":2,"win_rate":0.0,"timestamp":1611067297,"path_taken":["R","M","?","?","?","M","T","?","E","$","E","R","M","?","M","BOSS"],"items_purchased_type":["Relic"],"build_version":"2020-12-22","purchased_purges":0,"victory":false,"max_hp_per_floor":[70,70,70,70,70,70,70,70,70,70,70,70,70,70,70,70,70],"card_choices":[{"not_picked":["bronze:DelayedSlice","bronze:CutThrough"],"picked":"bronze:Separator","floor":2.0},{"not_picked":["bronze:BuggyMess","bronze:Invalidate","bronze:Return"],"picked":"SKIP","floor":6.0},{"not_picked":["bronze:DigitalCarnage","bronze:FineTuning","bronze:NullPointer"],"picked":"SKIP","floor":9.0},{"not_picked":["bronze:ForceShield","bronze:Assembly"],"picked":"bronze:Branch","floor":10.0},{"not_picked":["bronze:NullPointer","bronze:Deprecate"],"picked":"bronze:Shell","floor":11.0},{"not_picked":["bronze:WhirlingStrike","bronze:BuggyMess","bronze:Overload"],"picked":"SKIP","floor":13.0},{"not_picked":["bronze:BugBarrage","bronze:WildBeam"],"picked":"bronze:Separator","floor":14.0},{"not_picked":["bronze:BugBarrage","bronze:Virus"],"picked":"bronze:FollowUp","floor":15.0}],"player_experience":1070620,"relics_obtained":[{"floor":4.0,"key":"aspiration:HummingbirdHeart"},{"floor":7.0,"key":"hubris:SlimyHat"},{"floor":8.0,"key":"aspiration:TomeofQuesting"},{"floor":9.0,"key":"Anchor"},{"floor":11.0,"key":"infinitespire:Golems Mask"}],"event_choices":[],"is_beta":false,"boss_relics":[],"items_purged_floors":[],"is_endless":false,"potions_floor_spawned":[2,6,15],"killed_by":"SI_SHIV_ARCHETYPE","ascension_level":1}}