{"host":"ak97kadm4gobvh6l","time":1611100569,"event":{"mods":["BaseMod","Downfall","Minty Spire (QoL Compilation)","StSLib"],"gold_per_floor":[99,199,199,218,229,257,269,281,305,317,348,380,264,277,290,385,385,385,404,52,69,79,90,90,101,101,101,295,305,105,139,153,257,257,157,174,188,199,74,103,152,152,180,180,180,180,180,194,207,207,207,241,40,40,40,40],"floor_reached":57,"language":"ENG","playtime":7092,"items_purged":["bronze:Strike","bronze:Strike","bronze:Strike"],"score":1713,"play_id":"7ef9de47-c267-43dd-9fd4-1ed30f3d33ea","local_time":"20210120005609","is_ascension_mode":false,"campfire_choices":[{"data":"bronze:Replicate","floor":1,"key":"SMITH"},{"floor":8,"key":"REST"},{"data":"bronze:BuggyMess","floor":10,"key":"SMITH"},{"floor":18,"key":"RECALL"},{"floor":26,"key":"REST"},{"floor":30,"key":"REST"},{"data":"bronze:Verify","floor":35,"key":"SMITH"},{"data":"bronze:ClassDefault","floor":44,"key":"SMITH"},{"data":"bronze:MaxOutput","floor":47,"key":"SMITH"},{"data":"bronze:MaxOutput","floor":54,"key":"SMITH"}],"circlet_count":0,"master_deck":["bronze:Defend","bronze:Defend","bronze:Replicate+1","bronze:Goto+1","bronze:BuggyMess+1","bronze:ItsAFeature","bronze:Allocate","bronze:FineTuning","bronze:Iterate","bronze:ClassDefault+1","bronze:FollowUp","bronze:CutThrough","bronze:HardenedForm","bronze:BugBarrage+1","bronze:HardenedForm","bronze:MaxOutput+1","bronze:Return","bronze:MaxOutput+1","bronze:ClassDefault+1","bronze:Branch+1","bronze:MaxOutput+1","bronze:Repulsor","bronze:BugBarrage","bronze:Branch+1","bronze:Verify+1","bronze:ItsAFeature+1","bronze:BugBarrage+1","bronze:HardenedForm","bronze:ForLoop","bronze:Return+1","bronze:ClassDefault","bronze:Iterate","expansioncontent:InvincibleStrength"],"relics":["bronze:BronzeCore","MawBank","FossilizedHelix","SlaversCollar","Mummified Hand","downfall:HeartBlessingRed","downfall:HeartBlessingBlue","Bottled Tornado","Philosopher\u0027s Stone","downfall:HeartBlessingGreen","Art of War","Happy Flower","hexamod:BolsterEngine","Bottled Lightning"],"acts_visited":["Exordium","TheCity","TheBeyond","TheEnding"],"potions_floor_usage":[11,15,16,16,16,55,55,55],"damage_taken":[{"damage":0,"enemies":"Small Slimes","floor":4,"turns":3},{"damage":4,"enemies":"2 Louse","floor":5,"turns":3},{"damage":27,"enemies":"Gremlin Nob","floor":6,"turns":4},{"damage":0,"enemies":"Cultist","floor":9,"turns":4},{"damage":11,"enemies":"Lots of Slimes","floor":11,"turns":3},{"damage":2,"enemies":"Blue Slaver","floor":12,"turns":4},{"damage":2,"enemies":"downfall:FleeingMerchant","floor":13,"turns":4},{"damage":1,"enemies":"3 Louse","floor":14,"turns":5},{"damage":3,"enemies":"Lots of Slimes","floor":15,"turns":5},{"damage":1,"enemies":"WA_ARCHETYPE_RETAIN","floor":16,"turns":3},{"damage":11,"enemies":"Spheric Guardian","floor":19,"turns":5},{"damage":3,"enemies":"downfall:FleeingMerchant","floor":20,"turns":4},{"damage":0,"enemies":"Shelled Parasite and Fungi","floor":21,"turns":3},{"damage":0,"enemies":"Chosen and Byrds","floor":22,"turns":4},{"damage":20,"enemies":"Snake Plant","floor":23,"turns":4},{"damage":10,"enemies":"Sentry and Sphere","floor":25,"turns":4},{"damage":0,"enemies":"downfall:FleeingMerchant","floor":28,"turns":4},{"damage":8,"enemies":"Centurion and Healer","floor":29,"turns":3},{"damage":6,"enemies":"Book of Stabbing","floor":31,"turns":3},{"damage":0,"enemies":"Cultist and Chosen","floor":32,"turns":3},{"damage":0,"enemies":"IC_MUSHROOM_ARCHETYPE","floor":33,"turns":5},{"damage":0,"enemies":"3 Shapes","floor":36,"turns":2},{"damage":0,"enemies":"Orb Walker","floor":37,"turns":3},{"damage":0,"enemies":"Maw","floor":38,"turns":4},{"damage":0,"enemies":"Reptomancer","floor":40,"turns":4},{"damage":7,"enemies":"Nemesis","floor":43,"turns":3},{"damage":0,"enemies":"Spire Growth","floor":48,"turns":2},{"damage":0,"enemies":"Jaw Worm Horde","floor":49,"turns":3},{"damage":0,"enemies":"SI_POISON_ARCHETYPE","floor":50,"turns":4},{"damage":0,"enemies":"downfall:CharBossMerchant","floor":52,"turns":4},{"damage":0,"enemies":"downfall:NeowBoss","floor":55,"turns":6},{"damage":15,"enemies":"downfall:NeowBossFinal","floor":56,"turns":6}],"seed_played":"2704111685141702461","potions_obtained":[{"floor":6,"key":"Block Potion"},{"floor":11,"key":"Strength Potion"},{"floor":12,"key":"EssenceOfSteel"},{"floor":14,"key":"AttackPotion"},{"floor":15,"key":"ColorlessPotion"},{"floor":21,"key":"FearPotion"},{"floor":22,"key":"Strength Potion"},{"floor":23,"key":"FearPotion"},{"floor":29,"key":"EntropicBrew"},{"floor":31,"key":"EssenceOfSteel"}],"is_trial":false,"path_per_floor":["R","?","?","M","M","E","T","R","M","R","M","M","$","M","M","B",null,"R","M","$","M","M","M","T","M","R","?","$","M","R","E","M","B",null,"R","M","M","M","$","E","T","?","E","R","$","?","R","M","M","B",null,"E","$","R","B","B",null],"character_chosen":"THE_AUTOMATON","items_purchased":["bronze:ClassDefault","Mummified Hand","bronze:MaxOutput","bronze:MaxOutput","bronze:ClassDefault","bronze:Iterate","expansioncontent:InvincibleStrength"],"campfire_rested":3,"item_purchase_floors":[13,20,20,28,53,53,53],"current_hp_per_floor":[49,49,49,49,45,18,18,39,39,39,28,26,24,23,20,19,70,70,59,56,56,56,36,36,26,47,47,47,39,73,67,67,67,80,80,80,80,80,80,80,80,80,73,73,73,73,73,73,73,73,80,80,80,80,80,65],"gold":40,"neow_bonus":"REMOVE_TWO","is_daily":false,"chose_seed":false,"campfire_upgraded":6,"win_rate":0.0,"timestamp":1611100569,"path_taken":["R","?","?","M","M","E","T","R","M","R","M","M","$","M","M","BOSS","R","M","$","M","?","?","T","M","R","?","$","M","R","E","M","BOSS","R","M","M","M","$","E","T","?","E","R","$","?","R","M","M","BOSS","E","$","R","BOSS","BOSS"],"items_purchased_type":["Card","Relic","Card","Card","Card","Card","Card"],"build_version":"2020-12-22","purchased_purges":3,"victory":true,"max_hp_per_floor":[70,70,70,70,70,70,70,70,70,70,70,70,70,70,70,70,70,70,70,70,70,70,70,70,70,70,70,70,70,80,80,80,80,80,80,80,80,80,80,80,80,80,80,80,80,80,80,80,80,80,80,80,80,80,80,80],"card_choices":[{"not_picked":["bronze:DelayedGuard","bronze:FineTuning"],"picked":"bronze:BuggyMess","floor":4},{"not_picked":["bronze:Shield","bronze:OilSpill"],"picked":"bronze:ItsAFeature","floor":5},{"not_picked":["bronze:BitShift","bronze:Invalidate"],"picked":"bronze:Allocate","floor":6},{"not_picked":["bronze:Iterate","bronze:DelayedSlice"],"picked":"bronze:FineTuning","floor":9},{"not_picked":["bronze:CleanCode","bronze:Deprecate","bronze:Allocate"],"picked":"SKIP","floor":11},{"not_picked":["bronze:WildBeam","bronze:Branch"],"picked":"bronze:Iterate","floor":12},{"not_picked":["bronze:Optimize","bronze:Allocate","bronze:Frontload"],"picked":"SKIP","floor":13},{"not_picked":["bronze:OilSpill","bronze:DelayedGuard"],"picked":"bronze:FollowUp","floor":14},{"not_picked":["bronze:FineTuning","bronze:DelayedSlice"],"picked":"bronze:CutThrough","floor":15},{"not_picked":["bronze:Assembly","bronze:SpaghettiCode"],"picked":"bronze:HardenedForm","floor":16},{"not_picked":["bronze:BuggyMess","bronze:Overheat"],"picked":"bronze:BugBarrage+1","floor":19},{"not_picked":["bronze:ChosenStrike","bronze:WhirlingStrike"],"picked":"bronze:HardenedForm","floor":20},{"not_picked":["bronze:WildBeam+1","bronze:Deprecate"],"picked":"bronze:Return","floor":21},{"not_picked":["bronze:Separator","bronze:BitShift"],"picked":"bronze:MaxOutput+1","floor":22},{"not_picked":["bronze:ForLoop+1","bronze:DelayedGuard"],"picked":"bronze:ClassDefault+1","floor":23},{"not_picked":["bronze:ChildClass","bronze:Overheat"],"picked":"bronze:Branch+1","floor":25},{"not_picked":["bronze:Deprecate","bronze:Turbo","bronze:Philosophize+1"],"picked":"SKIP","floor":28},{"not_picked":["bronze:Frontload+1","bronze:WhirlingStrike"],"picked":"bronze:Repulsor","floor":29},{"not_picked":["bronze:Break","bronze:Separator+1"],"picked":"bronze:BugBarrage","floor":31},{"not_picked":["bronze:DelayedSlice","bronze:Separator+1"],"picked":"bronze:Branch+1","floor":32},{"not_picked":["bronze:AlphaBuild","bronze:RecursiveStrike"],"picked":"bronze:Verify","floor":33},{"not_picked":["bronze:Shield","bronze:Turbo"],"picked":"bronze:ItsAFeature+1","floor":36},{"not_picked":["bronze:BitShift","bronze:ChosenStrike+1","bronze:Invalidate+1"],"picked":"SKIP","floor":37},{"not_picked":["bronze:Optimize","bronze:Return","bronze:Frontload+1"],"picked":"SKIP","floor":38},{"not_picked":["bronze:BitShift","bronze:HyperBeam"],"picked":"bronze:BugBarrage+1","floor":40},{"not_picked":["bronze:ClassDefault","bronze:Flail+1"],"picked":"bronze:HardenedForm","floor":43},{"not_picked":["bronze:WildBeam+1","bronze:Branch"],"picked":"bronze:Return+1","floor":48},{"not_picked":["bronze:FineTuning","bronze:ForLoop","bronze:Overload"],"picked":"SKIP","floor":49},{"not_picked":["bronze:Shield","bronze:Backtrace+1","bronze:DigitalCarnage"],"picked":"SKIP","floor":52}],"player_experience":1032285,"relics_obtained":[{"floor":6,"key":"MawBank"},{"floor":7,"key":"FossilizedHelix"},{"floor":31,"key":"Bottled Tornado"},{"floor":40,"key":"Art of War"},{"floor":41,"key":"Happy Flower"},{"floor":43,"key":"hexamod:BolsterEngine"},{"floor":52,"key":"Bottled Lightning"}],"event_choices":[{"damage_healed":0,"gold_gain":0,"player_choice":"Ignored","damage_taken":0,"max_hp_gain":0,"max_hp_loss":0,"event_name":"Ghosts","floor":27,"gold_loss":0}],"is_beta":false,"boss_relics":[{"not_picked":["Coffee Dripper","SacredBark"],"picked":"SlaversCollar"},{"not_picked":["Empty Cage","Busted Crown"],"picked":"Philosopher\u0027s Stone"}],"items_purged_floors":[13,28,39],"is_endless":false,"potions_floor_spawned":[6,11,12,14,15,21,22,23,29,31,32,36,40,49,52],"ascension_level":0}}