{"host":"1c17lcvl7acx821p","time":1611095393,"event":{"mods":["AchievementEnabler","BaseMod","Colored Map","Minty Spire (QoL Compilation)","StSLib"],"gold_per_floor":[18,32,52,64,82,82,107,118,143,156,256,281,281,312,312,416,416,429,429,441,540,559,586,586,621,621,621,621,636,636,256,256,351,351,364,74,74,88,113,142,142,154,199,210,245,295,312,344,344,344],"floor_reached":51,"language":"ENG","playtime":2119,"items_purged":["Decay","Strike_B"],"score":1046,"play_id":"cc8f6c69-2a1a-4b15-a3a2-dc8f0d1742c0","local_time":"20210120002953","is_ascension_mode":true,"campfire_choices":[{"data":"Streamline","floor":6.0,"key":"SMITH"},{"floor":13.0,"key":"REST"},{"floor":15.0,"key":"REST"},{"floor":24.0,"key":"REST"},{"floor":27.0,"key":"REST"},{"floor":32.0,"key":"REST"},{"floor":41,"key":"REST"},{"data":"Fission","floor":49,"key":"SMITH"}],"circlet_count":0,"master_deck":["Strike_B","Strike_B","Defend_B","Defend_B","Defend_B","Zap","Dualcast","Rebound","Reinforced Body","Streamline+1","Storm","Sweeping Beam","Heatsinks","Auto Shields","Core Surge","Biased Cognition","Gash+1","Loop","Defragment","Coolheaded","Storm+1","Self Repair+1","Seek","Fission+1","Amplify","Self Repair+1","Echo Form+1","Dark Shackles","Capacitor+1","Leap+1","Reinforced Body","Buffer+1"],"relics":["Cracked Core","Incense Burner","Tiny Chest","Cables","Ancient Tea Set","Black Star","PreservedInsect","Akabeko","Blood Vial","Oddly Smooth Stone","Centennial Puzzle","Bottled Tornado","Frozen Egg 2","Velvet Choker","Happy Flower","Regal Pillow","Shuriken","Art of War","Bag of Preparation","InkBottle","Ginger","Gremlin Horn","Toxic Egg 2"],"acts_visited":["Exordium","TheCity","TheBeyond"],"potions_floor_usage":[47,47],"damage_taken":[{"damage":8.0,"enemies":"2 Louse","floor":1.0,"turns":3.0},{"damage":0.0,"enemies":"Cultist","floor":2.0,"turns":4.0},{"damage":7.0,"enemies":"Jaw Worm","floor":3.0,"turns":2.0},{"damage":3.0,"enemies":"2 Fungi Beasts","floor":4.0,"turns":3.0},{"damage":15.0,"enemies":"3 Louse","floor":5.0,"turns":4.0},{"damage":10.0,"enemies":"Lagavulin","floor":7.0,"turns":7.0},{"damage":12.0,"enemies":"Exordium Thugs","floor":8.0,"turns":3.0},{"damage":0.0,"enemies":"2 Fungi Beasts","floor":10.0,"turns":2.0},{"damage":7.0,"enemies":"Gremlin Nob","floor":12.0,"turns":3.0},{"damage":26.0,"enemies":"Lagavulin","floor":14.0,"turns":6.0},{"damage":10.0,"enemies":"The Guardian","floor":16.0,"turns":10.0},{"damage":0.0,"enemies":"Spheric Guardian","floor":18.0,"turns":3.0},{"damage":1.0,"enemies":"Chosen","floor":20.0,"turns":3.0},{"damage":15.0,"enemies":"Centurion and Healer","floor":22.0,"turns":7.0},{"damage":32.0,"enemies":"Slavers","floor":23.0,"turns":5.0},{"damage":30.0,"enemies":"Book of Stabbing","floor":25.0,"turns":3.0},{"damage":24.0,"enemies":"Snake Plant","floor":29.0,"turns":3.0},{"damage":27.0,"enemies":"Collector","floor":33.0,"turns":7.0},{"damage":14,"enemies":"3 Darklings","floor":35,"turns":5},{"damage":11,"enemies":"3 Shapes","floor":38,"turns":3},{"damage":43,"enemies":"Reptomancer","floor":40,"turns":3},{"damage":9,"enemies":"Spire Growth","floor":42,"turns":3},{"damage":27,"enemies":"Jaw Worm Horde","floor":44,"turns":3},{"damage":17,"enemies":"Giant Head","floor":45,"turns":4},{"damage":12,"enemies":"Mind Bloom Boss Battle","floor":46,"turns":5},{"damage":10,"enemies":"Transient","floor":47,"turns":5},{"damage":14,"enemies":"Reptomancer","floor":48,"turns":4},{"damage":28,"enemies":"Donu and Deca","floor":50,"turns":8}],"seed_played":"-4736799732536187413","potions_obtained":[{"floor":2.0,"key":"SkillPotion"},{"floor":3.0,"key":"CultistPotion"},{"floor":4.0,"key":"Block Potion"},{"floor":5.0,"key":"Swift Potion"},{"floor":14.0,"key":"DistilledChaos"},{"floor":16.0,"key":"Dexterity Potion"},{"floor":18.0,"key":"Strength Potion"},{"floor":20.0,"key":"Fire Potion"},{"floor":22.0,"key":"SmokeBomb"},{"floor":40,"key":"DuplicationPotion"},{"floor":45,"key":"Regen Potion"},{"floor":46,"key":"Explosive Potion"}],"is_trial":false,"path_per_floor":["M","M","M","M","M","R","E","M","T","M","?","E","R","E","R","B",null,"M","T","M","?","M","E","R","E","T","R","T","M","?","$","R","B",null,"M","$","?","M","T","E","R","M","T","M","E","?","M","E","R","B",null],"character_chosen":"DEFECT","items_purchased":["Self Repair+1","Seek","Fission","Happy Flower","Self Repair+1"],"campfire_rested":6,"item_purchase_floors":[31,31,31,36,36],"current_hp_per_floor":[60,60,53,50,35,35,25,13,13,13,13,6,28,2,24,14,60,60,60,59,59,44,12,34,6,6,28,28,6,6,6,28,13,60,58,58,58,59,59,28,65,58,58,33,38,58,75,75,75,75],"gold":344,"neow_bonus":"REMOVE_TWO","is_daily":false,"chose_seed":false,"campfire_upgraded":2,"win_rate":0.0,"timestamp":1611095393,"path_taken":["M","M","M","M","M","R","E","M","T","M","?","E","R","E","R","BOSS","M","?","M","?","M","E","R","E","T","R","?","M","?","$","R","BOSS","M","$","?","?","?","E","R","M","T","M","E","?","M","E","R","BOSS"],"items_purchased_type":["Card","Card","Card","Relic","Card"],"build_version":"2020-12-22","purchased_purges":2,"victory":true,"max_hp_per_floor":[75,75,75,75,75,75,75,75,75,75,75,75,75,75,75,75,75,75,75,75,75,75,75,75,75,75,75,75,75,75,75,75,75,75,75,75,75,75,75,75,75,75,75,75,75,75,75,75,75,75],"card_choices":[{"not_picked":["Hologram","Reprogram"],"picked":"Rebound","floor":1.0},{"not_picked":["Static Discharge","Self Repair"],"picked":"Reinforced Body","floor":2.0},{"not_picked":["Sweeping Beam","Coolheaded"],"picked":"Streamline","floor":3.0},{"not_picked":["Reinforced Body","Chill"],"picked":"Storm","floor":4.0},{"not_picked":["Coolheaded","Rebound"],"picked":"Sweeping Beam","floor":5.0},{"not_picked":["Barrage","Conserve Battery"],"picked":"Heatsinks","floor":7.0},{"not_picked":["Cold Snap","Sunder","Ball Lightning"],"picked":"SKIP","floor":8.0},{"not_picked":["Rebound","Hologram"],"picked":"Auto Shields","floor":10.0},{"not_picked":["Conserve Battery","Compile Driver","Gash"],"picked":"SKIP","floor":12.0},{"not_picked":["Go for the Eyes","Multi-Cast"],"picked":"Core Surge","floor":14.0},{"not_picked":["Fission","Reboot"],"picked":"Biased Cognition","floor":16.0},{"not_picked":["Gash+1","Beam Cell","Sweeping Beam"],"picked":"SKIP","floor":18.0},{"not_picked":["Beam Cell","Sweeping Beam"],"picked":"Gash+1","floor":18.0},{"not_picked":["Ball Lightning+1","Coolheaded"],"picked":"Loop","floor":20.0},{"not_picked":["Go for the Eyes+1","Melter"],"picked":"Defragment","floor":22.0},{"not_picked":["Sunder","Self Repair"],"picked":"Coolheaded","floor":23.0},{"not_picked":["Aggregate","Ball Lightning","Genetic Algorithm"],"picked":"SKIP","floor":25.0},{"not_picked":["Genetic Algorithm","Gash"],"picked":"Storm+1","floor":29.0},{"not_picked":["Meteor Strike","Core Surge"],"picked":"Amplify","floor":33.0},{"not_picked":["Steam+1","Barrage","Blizzard"],"picked":"SKIP","floor":35},{"not_picked":["Fusion","Go for the Eyes","Rebound+1"],"picked":"SKIP","floor":38},{"not_picked":["Beam Cell","Compile Driver+1"],"picked":"Capacitor+1","floor":40},{"not_picked":["Skim","Auto Shields","Steam"],"picked":"SKIP","floor":42},{"not_picked":["Beam Cell+1","FTL+1","Conserve Battery"],"picked":"SKIP","floor":44},{"not_picked":["Melter+1","Ball Lightning","Beam Cell"],"picked":"SKIP","floor":45},{"not_picked":["Machine Learning+1","Self Repair+1"],"picked":"Leap+1","floor":46},{"not_picked":["Lockon+1","Steam+1"],"picked":"Reinforced Body","floor":47},{"not_picked":["Stack+1","Conserve Battery+1"],"picked":"Buffer+1","floor":48}],"player_experience":144418,"relics_obtained":[{"floor":7.0,"key":"Incense Burner"},{"floor":9.0,"key":"Tiny Chest"},{"floor":12.0,"key":"Cables"},{"floor":14.0,"key":"Ancient Tea Set"},{"floor":19.0,"key":"PreservedInsect"},{"floor":23.0,"key":"Akabeko"},{"floor":23.0,"key":"Blood Vial"},{"floor":25.0,"key":"Oddly Smooth Stone"},{"floor":25.0,"key":"Centennial Puzzle"},{"floor":26.0,"key":"Bottled Tornado"},{"floor":28.0,"key":"Frozen Egg 2"},{"floor":39,"key":"Regal Pillow"},{"floor":40,"key":"Shuriken"},{"floor":40,"key":"Art of War"},{"floor":45,"key":"Bag of Preparation"},{"floor":45,"key":"InkBottle"},{"floor":46,"key":"Ginger"},{"floor":48,"key":"Gremlin Horn"},{"floor":48,"key":"Toxic Egg 2"}],"event_choices":[{"damage_healed":0.0,"max_hp_gain":0.0,"max_hp_loss":0.0,"gold_gain":100.0,"event_name":"Golden Shrine","player_choice":"Pray","floor":11.0,"gold_loss":0.0,"damage_taken":0.0},{"damage_healed":0.0,"max_hp_gain":0.0,"max_hp_loss":0.0,"gold_gain":99.0,"event_name":"Nest","player_choice":"Stole From Cult","floor":21.0,"gold_loss":0.0,"damage_taken":0.0},{"damage_healed":0.0,"max_hp_gain":0.0,"max_hp_loss":0.0,"gold_gain":0.0,"event_name":"Forgotten Altar","player_choice":"Smashed Altar","floor":30.0,"gold_loss":0.0,"damage_taken":0.0,"cards_obtained":["Decay"]},{"damage_healed":0,"gold_gain":0,"player_choice":"2 cards matched","damage_taken":0,"max_hp_gain":0,"max_hp_loss":0,"event_name":"Match and Keep!","floor":37,"gold_loss":0,"cards_obtained":["Echo Form","Dark Shackles"]},{"damage_healed":0,"gold_gain":0,"player_choice":"Fight","damage_taken":0,"max_hp_gain":0,"max_hp_loss":0,"event_name":"MindBloom","floor":46,"gold_loss":0}],"is_beta":false,"boss_relics":[{"not_picked":["Sozu","Busted Crown"],"picked":"Black Star"},{"not_picked":["Snecko Eye","Runic Dome"],"picked":"Velvet Choker"}],"items_purged_floors":[31,36],"is_endless":false,"potions_floor_spawned":[2,3,4,5,14,16,18,20,22,40,45,46],"ascension_level":6}}