{"host":"ecaj4hn004xnnrw9","time":1611055959,"event":{"mods":["AchievementEnabler","BaseMod","Better Third Choice","Card Forge","Hermit","Hubris","Infinite Spire","Jorbs\u0027s Wanderer Trilogy","Minty Spire (QoL Compilation)","Quick Restart","Relic Stats","Shop Mod","StSLib","The Construct","The Jungle","The Runesmith"],"gold_per_floor":[114,124,124,199,199,233,233,258,309,309,325,325,353,106,106,210,210,230,230,230,230,230,230,265,265,289,316,326,326,326,342,342,442,442,455,455,455,473,181,181,216,216,242,271,288,301,301,313,313,313],"floor_reached":51,"language":"ENG","playtime":2662,"items_purged":["Strike_G","Strike_G","Bane","Caltrops"],"score":1184,"play_id":"96181e51-3455-4797-b172-c2dc012ee332","local_time":"20210119113239","is_ascension_mode":true,"campfire_choices":[{"data":"Neutralize","floor":7,"key":"SMITH"},{"floor":10,"key":"REST"},{"data":"Dagger Throw","floor":12,"key":"SMITH"},{"data":"Predator","floor":15,"key":"SMITH"},{"data":"Cloak And Dagger","floor":23,"key":"SMITH"},{"floor":25,"key":"REST"},{"data":"infinitespire:Collect","floor":30,"key":"SMITH"},{"data":"Backflip","floor":32,"key":"SMITH"},{"data":"infinitespire:TheBestDefense","floor":40,"key":"SMITH"},{"data":"Calculated Gamble","floor":42,"key":"SMITH"},{"floor":49,"key":"REST"},{"data":"A Thousand Cuts","floor":49,"key":"SMITH"}],"circlet_count":0,"master_deck":["Survivor","Neutralize+1","Blade Dance+1","Blur+1","Dagger Throw+1","Well Laid Plans","Backflip+1","Predator+1","Cloak And Dagger+1","After Image","infinitespire:Punishment+1","infinitespire:Collect+1","Deflect","Burst","Flying Knee","Blade Dance","Burst","Terror","Noxious Fumes","infinitespire:TheBestDefense+1","PiercingWail+1","Calculated Gamble+1","A Thousand Cuts+1","Crippling Poison+1","Deflect","Escape Plan+1","infinitespire:Punishment","Blur"],"relics":["Ring of the Snake","Hammer of Thor","Seething Fire","Anvil of the Gods","NeowsBlessing","Bag of Marbles","Art of War","Dream Catcher","Orichalcum","WristBlade","Sling","Bottled Tornado","hubris:Towel","hubris:AncientText","War Paint","Oddly Smooth Stone","hubris:BottledHeart","Pandora\u0027s Box","Happy Flower","PreservedInsect","infinitespire:Beetle Shell","infinitespire:Magic Flask","infinitespire:Cupcake","Orrery"],"acts_visited":["Exordium","TheCity","TheBeyond"],"potions_floor_usage":[8,13,13,16,24,50,50],"damage_taken":[{"damage":0,"enemies":"2 Louse","floor":1,"turns":1},{"damage":0,"enemies":"Jaw Worm","floor":2,"turns":1},{"damage":0,"enemies":"Gremlin Nob","floor":6,"turns":1},{"damage":17,"enemies":"Lagavulin","floor":8,"turns":8},{"damage":0,"enemies":"Cultist","floor":11,"turns":2},{"damage":20,"enemies":"Gremlin Nob","floor":13,"turns":5},{"damage":35,"enemies":"Hexaghost","floor":16,"turns":11},{"damage":8,"enemies":"Shell Parasite","floor":18,"turns":5},{"damage":20,"enemies":"Slavers","floor":24,"turns":4},{"damage":1,"enemies":"Book of Stabbing","floor":27,"turns":3},{"damage":0,"enemies":"Chosen","floor":28,"turns":1},{"damage":0,"enemies":"Centurion and Healer","floor":31,"turns":3},{"damage":0,"enemies":"Automaton","floor":33,"turns":9},{"damage":0,"enemies":"3 Darklings","floor":35,"turns":5},{"damage":0,"enemies":"3 Shapes","floor":38,"turns":3},{"damage":0,"enemies":"Reptomancer","floor":41,"turns":3},{"damage":0,"enemies":"Giant Head","floor":44,"turns":3},{"damage":0,"enemies":"Spire Growth","floor":45,"turns":3},{"damage":0,"enemies":"Jaw Worm Horde","floor":46,"turns":3},{"damage":0,"enemies":"Transient","floor":48,"turns":5},{"damage":0,"enemies":"Donu and Deca","floor":50,"turns":5}],"seed_played":"-9097646662520542638","potions_obtained":[{"floor":1,"key":"FearPotion"},{"floor":8,"key":"Block Potion"},{"floor":11,"key":"LiquidBronze"},{"floor":18,"key":"Weak Potion"},{"floor":33,"key":"DuplicationPotion"},{"floor":35,"key":"LiquidMemories"},{"floor":46,"key":"EssenceOfSteel"}],"is_trial":false,"path_per_floor":["M","M","?","?","?","E","R","E","T","R","M","R","E","$","R","B",null,"M","AVR","T","?","?","R","E","R","T","E","M","?","R","M","R","B",null,"M","?","?","M","$","R","E","R","T","E","M","M","AVR","M","R","B",null],"character_chosen":"THE_SILENT","items_purchased":["Predator","PowerPotion","Cloak And Dagger","Happy Flower","Calculated Gamble"],"campfire_rested":3,"item_purchase_floors":[14,14,14,39,39],"current_hp_per_floor":[70,70,70,59,64,64,64,47,47,69,69,69,49,49,49,14,60,52,52,52,52,52,52,32,54,54,53,53,1,1,1,1,1,1,1,1,1,1,1,1,1,1,1,1,1,1,1,1,1,1],"gold":313,"neow_bonus":"THREE_ENEMY_KILL","is_daily":false,"chose_seed":false,"campfire_upgraded":9,"win_rate":0.0,"timestamp":1611055959,"path_taken":["M","M","?","?","?","E","R","E","T","R","M","R","E","?","R","BOSS","M","AVR","?","?","?","R","E","R","T","E","?","?","R","M","R","BOSS","M","?","?","M","$","R","E","R","T","E","?","M","AVR","M","R","BOSS"],"items_purchased_type":["Card","Potion","Card","Relic","Card"],"build_version":"2020-12-22","purchased_purges":4,"victory":true,"max_hp_per_floor":[70,70,70,70,75,75,75,75,75,75,75,75,75,75,75,75,75,75,75,75,75,75,75,75,75,75,75,75,1,1,1,1,1,1,1,1,1,1,1,1,1,1,1,1,1,1,1,1,1,1],"relic_stats":{"Dream Catcher":3,"Happy Flower":[7],"counters":[21,84],"Pandora\u0027s Box":["Flying Knee","Bane","Blade Dance","Caltrops","Burst","Terror","Noxious Fumes","Sucker Punch"],"PreservedInsect":125,"Art of War":[3],"Orichalcum":[0],"War Paint":["Blur","Defend_G"],"obtain_stats":[{"NeowsBlessing":0,"Happy Flower":39,"Oddly Smooth Stone":27,"Hammer of Thor":0,"PreservedInsect":41,"infinitespire:Beetle Shell":43,"Seething Fire":0,"infinitespire:Magic Flask":44,"Orichalcum":13,"Bottled Tornado":20,"hubris:Towel":21,"War Paint":26,"Sling":19,"Dream Catcher":9,"WristBlade":17,"Anvil of the Gods":0,"hubris:BottledHeart":29,"Orrery":47,"Pandora\u0027s Box":34,"Bag of Marbles":6,"Art of War":8,"hubris:AncientText":24,"Ring of the Snake":0,"infinitespire:Cupcake":47},{"NeowsBlessing":0,"Happy Flower":15,"Oddly Smooth Stone":10,"Hammer of Thor":0,"PreservedInsect":16,"infinitespire:Beetle Shell":16,"Seething Fire":0,"infinitespire:Magic Flask":17,"Orichalcum":6,"Bottled Tornado":8,"hubris:Towel":8,"War Paint":9,"Sling":8,"Dream Catcher":4,"WristBlade":7,"Anvil of the Gods":0,"hubris:BottledHeart":11,"Orrery":19,"Pandora\u0027s Box":13,"Bag of Marbles":3,"Art of War":4,"hubris:AncientText":9,"Ring of the Snake":0,"infinitespire:Cupcake":19},{"NeowsBlessing":0,"Happy Flower":62,"Oddly Smooth Stone":41,"Hammer of Thor":0,"PreservedInsect":65,"infinitespire:Beetle Shell":65,"Seething Fire":0,"infinitespire:Magic Flask":68,"Orichalcum":18,"Bottled Tornado":34,"hubris:Towel":34,"War Paint":38,"Sling":34,"Dream Catcher":11,"WristBlade":29,"Anvil of the Gods":0,"hubris:BottledHeart":42,"Orrery":74,"Pandora\u0027s Box":54,"Bag of Marbles":3,"Art of War":11,"hubris:AncientText":38,"Ring of the Snake":0,"infinitespire:Cupcake":74}],"Ring of the Snake":[42]},"card_choices":[{"not_picked":["Cloak And Dagger","Dagger Throw"],"picked":"Blade Dance","floor":1},{"not_picked":["Quick Slash","Underhanded Strike"],"picked":"Blur","floor":2},{"not_picked":["Leg Sweep","Deflect"],"picked":"Dagger Throw","floor":6},{"not_picked":["Flying Knee","Tools of the Trade"],"picked":"Well Laid Plans","floor":8},{"not_picked":["Bane","Sucker Punch"],"picked":"Backflip","floor":10},{"not_picked":["hubris:TrickCloak","Dagger Throw","Flying Knee"],"picked":"SKIP","floor":11},{"not_picked":["Dodge and Roll","Distraction","Underhanded Strike"],"picked":"SKIP","floor":13},{"not_picked":["Malaise","Night Terror"],"picked":"After Image","floor":16},{"not_picked":["Sucker Punch","Underhanded Strike+1","hubris:SlightOfHand+1"],"picked":"SKIP","floor":18},{"not_picked":["Dodge and Roll","Phantasmal Killer","Backflip"],"picked":"SKIP","floor":24},{"not_picked":["Bane","Backstab","Masterful Stab"],"picked":"SKIP","floor":27},{"not_picked":["Acrobatics+1","Underhanded Strike+1","Slice"],"picked":"SKIP","floor":28},{"not_picked":["Storm of Steel","Tactician"],"picked":"Deflect","floor":31},{"not_picked":["Grand Finale","Phantasmal Killer"],"picked":"Burst","floor":33},{"not_picked":["Quick Slash+1","Sucker Punch+1","Acrobatics"],"picked":"SKIP","floor":35},{"not_picked":["infinitespire:Collect","infinitespire:DeathsTouch"],"picked":"infinitespire:TheBestDefense","floor":36},{"not_picked":["Predator+1","Outmaneuver"],"picked":"PiercingWail+1","floor":38},{"not_picked":["Quick Slash+1","Catalyst+1","All Out Attack"],"picked":"SKIP","floor":41},{"not_picked":["Dash","Dodge and Roll+1"],"picked":"A Thousand Cuts","floor":44},{"not_picked":["Quick Slash","hubris:Sniper+1","Tactician"],"picked":"SKIP","floor":45},{"not_picked":["Backstab","Acrobatics","hubris:TrickCloak"],"picked":"SKIP","floor":46},{"not_picked":["Acrobatics","Predator+1"],"picked":"Crippling Poison+1","floor":47},{"not_picked":["Leg Sweep","Backflip"],"picked":"Deflect","floor":47},{"not_picked":["Blade Dance","Poisoned Stab+1"],"picked":"Escape Plan+1","floor":47},{"not_picked":["Cloak And Dagger+1","Backflip","Acrobatics+1"],"picked":"SKIP","floor":48},{"not_picked":["Dagger Spray","Deadly Poison+1"],"picked":"Blur","floor":49}],"player_experience":364317,"relics_obtained":[{"floor":6,"key":"Bag of Marbles"},{"floor":8,"key":"Art of War"},{"floor":9,"key":"Dream Catcher"},{"floor":13,"key":"Orichalcum"},{"floor":20,"key":"Bottled Tornado"},{"floor":24,"key":"hubris:AncientText"},{"floor":26,"key":"War Paint"},{"floor":27,"key":"Oddly Smooth Stone"},{"floor":41,"key":"PreservedInsect"},{"floor":43,"key":"infinitespire:Beetle Shell"},{"floor":44,"key":"infinitespire:Magic Flask"}],"event_choices":[{"damage_healed":0,"gold_gain":0,"player_choice":"Grow","damage_taken":0,"max_hp_gain":0,"max_hp_loss":0,"event_name":"Living Wall","floor":3,"gold_loss":0,"cards_upgraded":["Blade Dance"]},{"damage_healed":0,"gold_gain":75,"player_choice":"Gold","damage_taken":11,"max_hp_gain":0,"max_hp_loss":0,"event_name":"betterThird:BetterGoop","floor":4,"gold_loss":0},{"damage_healed":0,"gold_gain":0,"player_choice":"Donut","damage_taken":0,"max_hp_gain":5,"max_hp_loss":0,"event_name":"Big Fish","floor":5,"gold_loss":0},{"damage_healed":0,"gold_gain":0,"player_choice":"Upgraded","damage_taken":0,"max_hp_gain":0,"max_hp_loss":0,"event_name":"Upgrade Shrine","floor":22,"gold_loss":0,"cards_upgraded":["infinitespire:Punishment"]},{"cards_removed":["Sucker Punch"],"damage_healed":5,"gold_gain":0,"player_choice":"Offered Common","damage_taken":0,"max_hp_gain":0,"max_hp_loss":0,"event_name":"Bonfire Elementals","floor":37,"gold_loss":0},{"cards_removed":["Sucker Punch"],"damage_healed":5,"gold_gain":0,"player_choice":"Offered Special","damage_taken":0,"max_hp_gain":0,"max_hp_loss":0,"event_name":"Bonfire Elementals","floor":37,"gold_loss":0}],"is_beta":false,"boss_relics":[{"not_picked":["construct:WeddingRing","hubris:RunicObelisk"],"picked":"WristBlade"},{"not_picked":["Tiny House","hubris:CrackedHourglass"],"picked":"Pandora\u0027s Box"}],"items_purged_floors":[14,19,39,47],"is_endless":false,"potions_floor_spawned":[1,8,11,18,33,35,46,48],"ascension_level":5}}