{"host":"dyudzmz1c60osjjw","time":1611043423,"event":{"mods":["AchievementEnabler","BaseMod","BetterRewards","Colored Map","Conspire","Downfall","Duelist Mod","Friendly Minions","Hermit","Hubris","Infinite Spire","Koishi","Marisa????????","Minty Spire (QoL Compilation)","StSLib","The Administrix","The Animator","The Cursed","The Disciple","The Mystic","The Runesmith","The Servant 0.9.4"],"gold_per_floor":[199,216,216,227,227,238,286,302,302,326,373,395,107,144,168,180,180,180],"floor_reached":16,"language":"ENG","playtime":1450,"items_purged":[],"score":104,"play_id":"cfb2502c-cba6-46bd-b44f-7e47b30349ea","local_time":"20210119190343","is_ascension_mode":false,"campfire_choices":[{"floor":1,"key":"RECALL"},{"floor":13,"key":"REST"}],"circlet_count":0,"master_deck":["hexamod:Strike","hexamod:Strike","hexamod:Strike","hexamod:Defend","hexamod:Defend","hexamod:Defend","hexamod:Defend","hexamod:Sear","hexamod:Float","hexamod:RecurringNightmare","Regret","hexamod:HauntingEcho","hexamod:ThermalTransfer","hexamod:ThirdSeal","hexamod:ForkedFlame","hexamod:SpectersWail","hexamod:ChargedBarrage","hexamod:SoulSteal","hexamod:TimeOfNeed","hexamod:Incineration","hexamod:ShieldOfDarkness"],"relics":["hexamod:SpiritBrand","hubris:DeckOfHolding","MawBank","HornCleat","downfall:HeartBlessingRed","downfall:HeartBlessingGreen","downfall:HeartBlessingBlue","Prayer Wheel"],"acts_visited":["Exordium"],"potions_floor_usage":[11,14,14,15],"damage_taken":[{"damage":0,"enemies":"Cultist","floor":2,"turns":3},{"damage":6,"enemies":"Small Slimes","floor":4,"turns":5},{"damage":4,"enemies":"2 Louse","floor":6,"turns":3},{"damage":6,"enemies":"Exordium Thugs","floor":8,"turns":4},{"damage":14,"enemies":"conspire:2 RoseBushes","floor":10,"turns":4},{"damage":20,"enemies":"Lagavulin","floor":11,"turns":4},{"damage":7,"enemies":"Exordium Wildlife","floor":12,"turns":4},{"damage":1,"enemies":"conspire:MimicChest","floor":14,"turns":4},{"damage":16,"enemies":"Lots of Slimes","floor":15,"turns":4},{"damage":35,"enemies":"IC_STATUS_ARCHETYPE","floor":16,"turns":8}],"seed_played":"7265511693738662421","potions_obtained":[{"floor":8,"key":"AttackPotion"},{"floor":11,"key":"BlessingOfTheForge"},{"floor":12,"key":"champ:CounterPotion"},{"floor":14,"key":"GamblersBrew"}],"is_trial":false,"path_per_floor":["R","M","?","M","?","M","T","M","T","M","E","M","R","?","M","B"],"character_chosen":"THE_SPIRIT","items_purchased":[],"campfire_rested":1,"item_purchase_floors":[],"current_hp_per_floor":[70,70,70,64,64,60,60,54,54,40,20,13,47,46,30,0,0,0],"gold":180,"neow_bonus":"HUNDRED_GOLD","is_daily":false,"chose_seed":false,"campfire_upgraded":0,"win_rate":0.0,"timestamp":1611043423,"path_taken":["R","M","?","M","?","M","T","M","?","M","E","?","R","?","M","BOSS"],"items_purchased_type":[],"build_version":"2020-12-22","purchased_purges":0,"victory":false,"max_hp_per_floor":[70,70,70,70,70,70,70,70,70,70,70,70,80,80,80,80,80,80],"card_choices":[{"not_picked":["hexamod:Hexaguard","hexamod:NightmareGuise"],"picked":"hexamod:RecurringNightmare","floor":2},{"not_picked":["hexamod:Firestarter","hexamod:ThermalTransfer"],"picked":"hexamod:HauntingEcho","floor":4},{"not_picked":["hexamod:CatchUp","hexamod:GhostOfSpirePast"],"picked":"hexamod:ThermalTransfer","floor":6},{"not_picked":["hexamod:SpectersWail","hexamod:SwordOfDarkness"],"picked":"hexamod:ThirdSeal","floor":8},{"not_picked":["hexamod:BacktrackSmack","hexamod:HeatShield"],"picked":"hexamod:ForkedFlame","floor":10},{"not_picked":["hexamod:BurningTouch","hexamod:GhostLash"],"picked":"hexamod:SpectersWail","floor":11},{"not_picked":["hexamod:RecurringNightmare","hexamod:SwordOfDarkness"],"picked":"hexamod:ChargedBarrage","floor":12},{"not_picked":["hexamod:PhantomCloak","hexamod:RetreatToShadows"],"picked":"hexamod:SoulSteal","floor":12},{"not_picked":["hexamod:RecurringNightmare","hexamod:EtherealExpedition"],"picked":"hexamod:TimeOfNeed","floor":14},{"not_picked":["hexamod:GhostOfSpirePast","hexamod:HauntingEcho"],"picked":"hexamod:Incineration","floor":15},{"not_picked":["hexamod:DynamicBlow","hexamod:GhostShield"],"picked":"hexamod:ShieldOfDarkness","floor":15},{"not_picked":["hexamod:InspiringFlames","hexamod:HeatMetal","hexamod:NightmareGuise"],"picked":"SKIP","floor":15}],"player_experience":176559,"relics_obtained":[{"floor":9,"key":"MawBank"},{"floor":11,"key":"HornCleat"},{"floor":14,"key":"Prayer Wheel"}],"event_choices":[{"damage_healed":0,"gold_gain":0,"player_choice":"Box","damage_taken":0,"relics_obtained":["hubris:DeckOfHolding"],"max_hp_gain":0,"max_hp_loss":0,"event_name":"Big Fish","floor":3,"gold_loss":0,"cards_obtained":["Regret"]}],"is_beta":false,"boss_relics":[],"items_purged_floors":[],"is_endless":false,"potions_floor_spawned":[8,11,12,14],"killed_by":"IC_STATUS_ARCHETYPE","ascension_level":0}}