{"host":"dowi7cgbhepuzvpj","time":1611092666,"event":{"mods":["AchievementEnabler","BaseMod","Colored Map","Highlight Path","Keyboard Shortcuts","Minty Spire (QoL Compilation)","Permanent Neow","Quick Restart","StSLib","SuperFastMode"],"gold_per_floor":[115,265,265,190,25,25,45,45,125,143,163,238,256,256,256,256,256],"floor_reached":16,"language":"KOR","playtime":226,"items_purged":["Strike_G"],"score":180,"play_id":"318671c7-8906-4b31-9e37-449c2b5f82f5","local_time":"20210120064426","is_ascension_mode":true,"campfire_choices":[{"data":"Neutralize","floor":6.0,"key":"SMITH"},{"data":"Deadly Poison","floor":8.0,"key":"SMITH"},{"data":"Deadly Poison","floor":15.0,"key":"SMITH"}],"circlet_count":0,"master_deck":["AscendersBane","Strike_G","Strike_G","Strike_G","Strike_G","Defend_G","Defend_G","Defend_G","Defend_G","Defend_G","Survivor","Neutralize+1","Deadly Poison+1","Escape Plan","Poisoned Stab","Deadly Poison+1","Dodge and Roll","Flying Knee"],"relics":["Sozu","Pantograph","Happy Flower"],"acts_visited":["Exordium"],"potions_floor_usage":[],"damage_taken":[{"damage":0.0,"enemies":"Jaw Worm","floor":1.0,"turns":4.0},{"damage":0.0,"enemies":"2 Louse","floor":7.0,"turns":3.0},{"damage":7.0,"enemies":"Small Slimes","floor":10.0,"turns":3.0},{"damage":6.0,"enemies":"2 Fungi Beasts","floor":11.0,"turns":4.0},{"damage":9.0,"enemies":"3 Louse","floor":13.0,"turns":4.0},{"damage":30,"enemies":"The Guardian","floor":16,"turns":6}],"seed_played":"-5465522526683852318","potions_obtained":[],"is_trial":false,"path_per_floor":["M","?","?","?","$","R","M","R","T","M","M","?","M","?","R","B"],"character_chosen":"THE_SILENT","items_purchased":["Escape Plan"],"campfire_rested":0,"item_purchase_floors":[5],"current_hp_per_floor":[59,59,64,64,64,64,64,64,64,57,51,40,31,5,5,0,0],"gold":256,"neow_bonus":"BOSS_RELIC","is_daily":false,"chose_seed":false,"campfire_upgraded":3,"win_rate":0.0,"timestamp":1611092666,"path_taken":["M","?","?","?","$","R","M","R","T","M","M","?","M","?","R","BOSS"],"items_purchased_type":["Card"],"build_version":"2020-12-22","purchased_purges":1,"victory":false,"max_hp_per_floor":[66,66,71,71,71,71,71,71,71,71,71,71,71,71,71,71,71],"card_choices":[{"not_picked":["Outmaneuver","Prepared"],"picked":"Deadly Poison","floor":1.0},{"not_picked":["Underhanded Strike","Sucker Punch"],"picked":"Poisoned Stab","floor":7.0},{"not_picked":["Dodge and Roll","Distraction"],"picked":"Deadly Poison","floor":10.0},{"not_picked":["Prepared","Infinite Blades"],"picked":"Dodge and Roll","floor":11.0},{"not_picked":["Slice","A Thousand Cuts"],"picked":"Flying Knee","floor":13.0}],"player_experience":829983,"relics_obtained":[{"floor":9.0,"key":"Pantograph"}],"event_choices":[{"damage_healed":0.0,"max_hp_gain":0.0,"max_hp_loss":0.0,"gold_gain":150.0,"event_name":"Liars Game","player_choice":"AGREE","floor":2.0,"gold_loss":0.0,"damage_taken":0.0,"cards_obtained":["Doubt"]},{"damage_healed":0.0,"max_hp_gain":5.0,"max_hp_loss":0.0,"gold_gain":0.0,"event_name":"Big Fish","player_choice":"Donut","floor":3.0,"gold_loss":0.0,"damage_taken":0.0},{"cards_removed":["Doubt"],"damage_healed":0.0,"max_hp_gain":0.0,"max_hp_loss":0.0,"gold_gain":0.0,"event_name":"The Cleric","player_choice":"Card Removal","floor":4.0,"gold_loss":75.0,"damage_taken":0.0},{"damage_healed":0.0,"max_hp_gain":0.0,"max_hp_loss":0.0,"gold_gain":75.0,"event_name":"World of Goop","player_choice":"Gather Gold","floor":12.0,"gold_loss":0.0,"damage_taken":11.0},{"damage_healed":0.0,"max_hp_gain":0.0,"max_hp_loss":0.0,"gold_gain":0.0,"event_name":"Scrap Ooze","player_choice":"Success","floor":14.0,"gold_loss":0.0,"damage_taken":26.0,"relics_obtained":["Happy Flower"]}],"is_beta":false,"boss_relics":[],"items_purged_floors":[5],"is_endless":false,"potions_floor_spawned":[11,13],"killed_by":"The Guardian","ascension_level":20}}