{"host":"k3cqai9776irl0xe","time":1611017080,"event":{"mods":["BaseMod","Duelist Mod","GifTheSpireLib","Minty Spire (QoL Compilation)","StSLib","The Alterego","The Bug Knight"],"gold_per_floor":[117,292,592,610,57,87,12,12,38,38,55,83,94,105,105,210,210,230,230,199,209,209,234,234,245,291,303,315,340,352,364,376,487,499,527,539,0,14,14,14,43,43,43,43,43,57,72,86,86,86,86],"floor_reached":50,"language":"ENG","playtime":5501,"items_purged":["HollowMod:GoodIntentions+1"],"score":575,"play_id":"04cbad9d-c3b1-4cd5-94d3-f9b5b7fa83ce","local_time":"20210118194440","is_ascension_mode":false,"campfire_choices":[{"data":"Apotheosis","floor":8,"key":"SMITH"},{"data":"HollowMod:SharpenedShadows","floor":10,"key":"SMITH"},{"data":"HollowMod:ShadowDash","floor":15,"key":"SMITH"},{"data":"Doubt","floor":24,"key":"PURGE"},{"floor":28,"key":"REST"},{"data":"HollowMod:ShadowDash","floor":32,"key":"SMITH"},{"data":"HollowMod:DungDefenderAura","floor":40,"key":"PURGE"},{"floor":45,"key":"REST"},{"floor":49,"key":"REST"}],"circlet_count":0,"master_deck":["HollowMod:NailStrikeStart","HollowMod:NailStrikeStart","HollowMod:NailStrikeStart","HollowMod:QuickDashStart","HollowMod:QuickDashStart","HollowMod:QuickDashStart","HollowMod:QuickDashStart+1","HollowMod:FocusHealStart+1","HollowMod:PogoStrike","HollowMod:SharpenedShadows+1","HollowMod:WraithStrike","Apotheosis+1","HollowMod:HuntersJournal","HollowMod:ShadowDash+1","HollowMod:DescendingDark","HollowMod:ShadowDash+1","HollowMod:MonarchWings","HollowMod:HornetsHelp","CurseOfTheBell","HollowMod:FallenFury+1","HollowMod:DescendingDark","HollowMod:HornetsHelp","HollowMod:RecoilStrike","HollowMod:DescendingDark","HollowMod:HornetsHelp","HollowMod:CycloneSlash+1","Madness","Madness","HollowMod:ShapeofUnn","Mayhem","Forethought","HollowMod:ShadowDash+1","HollowMod:ChannelNail"],"relics":["HollowMod:VesselMask","NeowsBlessing","Old Coin","HollowMod:LumaflyLanternRelic","Lantern","Boot","Bottled Flame","Calling Bell","Strawberry","Pear","Peace Pipe","Omamori","MawBank","War Paint","Busted Crown","Kunai","White Beast Statue","Toy Ornithopter"],"acts_visited":["Exordium","TheCity","TheBeyond"],"potions_floor_usage":[18,41,47,50,50,50],"damage_taken":[{"damage":0,"enemies":"Jaw Worm","floor":1,"turns":1},{"damage":0,"enemies":"2 Louse","floor":4,"turns":1},{"damage":0,"enemies":"HollowMod:MossKnight","floor":6,"turns":1},{"damage":2,"enemies":"Small Slimes","floor":11,"turns":4},{"damage":38,"enemies":"3 Sentries","floor":12,"turns":10},{"damage":9,"enemies":"Exordium Thugs","floor":13,"turns":5},{"damage":0,"enemies":"3 Louse","floor":14,"turns":3},{"damage":53,"enemies":"Hexaghost","floor":16,"turns":11},{"damage":17,"enemies":"Spheric Guardian","floor":18,"turns":5},{"damage":32,"enemies":"2 Thieves","floor":20,"turns":5},{"damage":6,"enemies":"Centurion and Healer","floor":21,"turns":10},{"damage":34,"enemies":"HollowMod:Nosk","floor":23,"turns":13},{"damage":2,"enemies":"Snake Plant","floor":25,"turns":5},{"damage":13,"enemies":"Shelled Parasite and Fungi","floor":29,"turns":5},{"damage":47,"enemies":"HollowMod:NKGrimm","floor":33,"turns":11},{"damage":7,"enemies":"3 Shapes","floor":35,"turns":5},{"damage":6,"enemies":"3 Darklings","floor":38,"turns":3},{"damage":53,"enemies":"Reptomancer","floor":41,"turns":8},{"damage":0,"enemies":"Maw","floor":46,"turns":7},{"damage":25,"enemies":"HollowMod:SlobberingHusk","floor":47,"turns":8},{"damage":41,"enemies":"Spire Growth","floor":48,"turns":5},{"damage":81,"enemies":"Donu and Deca","floor":50,"turns":6}],"seed_played":"981666242944517690","potions_obtained":[{"floor":1,"key":"SteroidPotion"},{"floor":4,"key":"CultistPotion"},{"floor":13,"key":"BlessingOfTheForge"},{"floor":23,"key":"GamblersBrew"},{"floor":25,"key":"EssenceOfSteel"},{"floor":35,"key":"ColorlessPotion"},{"floor":41,"key":"BlessingOfTheForge"},{"floor":46,"key":"Fire Potion"},{"floor":47,"key":"BlessingOfTheForge"},{"floor":48,"key":"AttackPotion"}],"is_trial":false,"path_per_floor":["M","?","?","M","$","E","?","R","T","R","M","E","M","M","R","B",null,"M","?","M","M","?","E","R","M","T","?","R","M","$","?","R","B",null,"M","?","$","M","?","R","E","?","T","?","R","M","M","M","R","B"],"character_chosen":"THE_BUGKNIGHT","items_purchased":["HollowMod:DungDefenderAura","HollowMod:WraithStrike","Apotheosis","HollowMod:LumaflyLanternRelic","Kunai","HollowMod:ShapeofUnn","Mayhem"],"campfire_rested":3,"item_purchase_floors":[5,5,5,5,37,37,37],"current_hp_per_floor":[75,75,72,72,72,72,77,77,77,77,75,47,48,48,48,1,97,86,86,60,60,60,38,38,42,42,42,71,64,64,64,64,17,97,96,84,84,78,78,78,31,31,31,31,60,70,60,25,54,0,0],"gold":86,"neow_bonus":"THREE_ENEMY_KILL","is_daily":false,"chose_seed":false,"campfire_upgraded":4,"win_rate":0.0,"timestamp":1611017080,"path_taken":["M","?","?","M","$","E","?","R","T","R","M","E","?","M","R","BOSS","M","?","M","M","?","E","R","M","T","?","R","M","$","?","R","BOSS","M","?","$","M","?","R","E","?","T","?","R","M","M","M","R","BOSS"],"items_purchased_type":["Card","Card","Card","Relic","Relic","Card","Card"],"build_version":"2020-12-22","purchased_purges":1,"victory":false,"max_hp_per_floor":[75,75,75,75,75,75,80,80,80,80,80,80,80,80,80,80,97,97,97,97,97,97,97,97,97,97,97,97,97,97,97,97,97,97,97,97,97,97,97,97,97,97,97,97,97,97,97,97,97,97,97],"card_choices":[{"not_picked":["HollowMod:MawleksShell","HollowMod:InfectionAssault"],"picked":"HollowMod:VengefulVoid","floor":1},{"not_picked":["HollowMod:Grubsong","HollowMod:ShadowDash"],"picked":"HollowMod:SharpenedShadows","floor":4},{"not_picked":["HollowMod:SiblingsSouls","HollowMod:MantisMark"],"picked":"HollowMod:HuntersJournal","floor":6},{"not_picked":["HollowMod:BaldurShell","HollowMod:SharpenedNail"],"picked":"HollowMod:ShadowDash","floor":11},{"not_picked":["HollowMod:InfectionAssault","HollowMod:SharpenedShadows"],"picked":"HollowMod:DescendingDark","floor":12},{"not_picked":["HollowMod:SharpenedNail","HollowMod:SiblingsSouls"],"picked":"HollowMod:ShadowDash","floor":13},{"not_picked":["HollowMod:InfectedAttack","HollowMod:TaintedHusks"],"picked":"HollowMod:MonarchWings","floor":14},{"not_picked":["HollowMod:NewInfectedGuardian","HollowMod:theNailsmith"],"picked":"HollowMod:HornetsHelp","floor":16},{"not_picked":["HollowMod:BaldurShell","HollowMod:DesolateDive+1","HollowMod:CrystalDash"],"picked":"SKIP","floor":18},{"not_picked":["HollowMod:InfectionAssault","HollowMod:SoulStrike"],"picked":"HollowMod:FallenFury+1","floor":20},{"not_picked":["HollowMod:WraithStrike+1","HollowMod:HowlingWraiths"],"picked":"HollowMod:DescendingDark","floor":21},{"not_picked":["HollowMod:HowlingWraiths","HollowMod:NewGlowingWomb"],"picked":"HollowMod:HornetsHelp","floor":23},{"not_picked":["HollowMod:TaintedHusks","HollowMod:NewLittleFool"],"picked":"HollowMod:GoodIntentions+1","floor":25},{"not_picked":["HollowMod:DashSlash","HollowMod:TaintedHusks"],"picked":"HollowMod:RecoilStrike","floor":29},{"not_picked":["HollowMod:Hiveblood","HollowMod:AwokenDreamNail"],"picked":"HollowMod:HornetsHelp","floor":33},{"not_picked":[],"picked":"HollowMod:CycloneSlash+1","floor":35},{"not_picked":["HollowMod:NewLittleFool"],"picked":"SKIP","floor":38},{"not_picked":[],"picked":"Forethought","floor":39},{"not_picked":[],"picked":"HollowMod:ShadowDash+1","floor":41},{"not_picked":[],"picked":"HollowMod:ChannelNail","floor":46},{"not_picked":["HollowMod:LifebloodCocoon"],"picked":"SKIP","floor":47},{"not_picked":["HollowMod:NewJinnsSoul+1"],"picked":"SKIP","floor":48}],"player_experience":31396,"relics_obtained":[{"floor":6,"key":"Lantern"},{"floor":9,"key":"Boot"},{"floor":12,"key":"Bottled Flame"},{"floor":17,"key":"Strawberry"},{"floor":17,"key":"Pear"},{"floor":17,"key":"Peace Pipe"},{"floor":23,"key":"Omamori"},{"floor":26,"key":"MawBank"},{"floor":41,"key":"White Beast Statue"},{"floor":43,"key":"Toy Ornithopter"}],"event_choices":[{"damage_healed":0,"gold_gain":175,"player_choice":"AGREE","damage_taken":0,"max_hp_gain":0,"max_hp_loss":0,"event_name":"Liars Game","floor":2,"gold_loss":0,"cards_obtained":["Doubt"]},{"damage_healed":0,"gold_gain":0,"player_choice":"Success","damage_taken":3,"relics_obtained":["Old Coin"],"max_hp_gain":0,"max_hp_loss":0,"event_name":"Scrap Ooze","floor":3,"gold_loss":0},{"cards_removed":["HollowMod:NailStrikeStart"],"damage_healed":0,"gold_gain":0,"player_choice":"Elegance","damage_taken":0,"max_hp_gain":0,"max_hp_loss":0,"event_name":"Back to Basics","floor":19,"gold_loss":0},{"damage_healed":0,"gold_gain":0,"player_choice":"Ignored","damage_taken":0,"max_hp_gain":0,"max_hp_loss":0,"event_name":"Ghosts","floor":22,"gold_loss":0},{"damage_healed":0,"gold_gain":0,"player_choice":"Stole Relic","damage_taken":0,"relics_obtained":["War Paint"],"max_hp_gain":0,"max_hp_loss":0,"event_name":"Addict","floor":27,"gold_loss":0,"cards_obtained":["Shame"]},{"damage_healed":0,"gold_gain":0,"player_choice":"Read","damage_taken":0,"max_hp_gain":0,"max_hp_loss":0,"event_name":"The Library","floor":31,"gold_loss":0,"cards_obtained":["HollowMod:DescendingDark"]},{"damage_healed":0,"gold_gain":0,"player_choice":"Embrace Madness","damage_taken":12,"max_hp_gain":0,"max_hp_loss":0,"event_name":"Winding Halls","floor":36,"gold_loss":0,"cards_obtained":["Madness","Madness"]},{"damage_healed":0,"gold_gain":0,"player_choice":"Memory 1","damage_taken":0,"max_hp_gain":0,"max_hp_loss":0,"event_name":"SensoryStone","floor":39,"gold_loss":0},{"cards_removed":["HollowMod:VengefulVoid"],"damage_healed":0,"gold_gain":0,"player_choice":"Removed Attack","damage_taken":0,"max_hp_gain":0,"max_hp_loss":0,"event_name":"Falling","floor":42,"gold_loss":0},{"damage_healed":0,"gold_gain":0,"player_choice":"Cursed","damage_taken":0,"max_hp_gain":0,"max_hp_loss":0,"event_name":"Wheel of Change","floor":44,"gold_loss":0,"cards_obtained":["Decay"]}],"is_beta":false,"boss_relics":[{"not_picked":["Runic Pyramid","Ectoplasm"],"picked":"Calling Bell"},{"not_picked":["Empty Cage","Coffee Dripper"],"picked":"Busted Crown"}],"items_purged_floors":[37],"is_endless":false,"potions_floor_spawned":[1,4,13,23,25,35,41,46,47,48],"killed_by":"Donu and Deca","ascension_level":0}}