{"host":"l5xpox9cbdko122s","time":1611070381,"event":{"mods":["BaseMod","Minty Spire (QoL Compilation)"],"gold_per_floor":[219,35,35,54,66,82,82,32,32,48,67,96,96,110,110,206,206,218,218,218,236,58,89,89,100,100,115,115,133,149,149,149],"floor_reached":31,"language":"ENG","playtime":1542,"items_purged":["Defend_R","Clumsy"],"score":311,"play_id":"c033dbbf-60ce-44a7-b0e3-559b7496a6c9","local_time":"20210119103301","is_ascension_mode":false,"campfire_choices":[{"floor":7,"key":"RECALL"},{"floor":15,"key":"REST"},{"floor":24,"key":"REST"}],"circlet_count":0,"master_deck":["Strike_R","Strike_R","Strike_R","Strike_R","Defend_R","Defend_R","Defend_R","Bash","Spot Weakness+1","Pommel Strike","Spot Weakness+1","Exhume+1","Flex+1","Writhe","Inflame"],"relics":["Burning Blood","Membership Card","Singing Bowl","Toxic Egg 2","Cursed Key","StrikeDummy","Mango","Bag of Marbles"],"acts_visited":["Exordium","TheCity"],"potions_floor_usage":[5,6,11,12,25,27,29,31],"damage_taken":[{"damage":1,"enemies":"Cultist","floor":1,"turns":3},{"damage":6,"enemies":"Jaw Worm","floor":4,"turns":3},{"damage":5,"enemies":"Small Slimes","floor":5,"turns":3},{"damage":13,"enemies":"Red Slaver","floor":6,"turns":2},{"damage":0,"enemies":"Large Slime","floor":10,"turns":4},{"damage":12,"enemies":"Exordium Thugs","floor":11,"turns":5},{"damage":35,"enemies":"3 Sentries","floor":12,"turns":7},{"damage":2,"enemies":"2 Fungi Beasts","floor":14,"turns":3},{"damage":41,"enemies":"The Guardian","floor":16,"turns":9},{"damage":26,"enemies":"2 Thieves","floor":18,"turns":4},{"damage":0,"enemies":"Chosen","floor":21,"turns":3},{"damage":55,"enemies":"Book of Stabbing","floor":23,"turns":5},{"damage":39,"enemies":"Shelled Parasite and Fungi","floor":25,"turns":4},{"damage":19,"enemies":"Cultist and Chosen","floor":27,"turns":5},{"damage":8,"enemies":"3 Cultists","floor":29,"turns":5},{"damage":25,"enemies":"Snecko","floor":30,"turns":4},{"damage":18,"enemies":"Shelled Parasite and Fungi","floor":31,"turns":2}],"seed_played":"1477874883233552760","potions_obtained":[{"floor":1,"key":"Explosive Potion"},{"floor":5,"key":"AttackPotion"},{"floor":6,"key":"Regen Potion"},{"floor":11,"key":"Weak Potion"},{"floor":14,"key":"GamblersBrew"},{"floor":25,"key":"Energy Potion"},{"floor":27,"key":"HeartOfIron"},{"floor":30,"key":"FearPotion"}],"is_trial":false,"path_per_floor":["M","$","?","M","M","M","R","?","T","M","M","E","?","M","R","B",null,"M","T","?","M","$","E","R","M","T","M","?","M","M","M"],"character_chosen":"IRONCLAD","items_purchased":["Membership Card","StrikeDummy"],"campfire_rested":2,"item_purchase_floors":[2,22],"current_hp_per_floor":[80,80,80,80,80,73,73,73,73,79,80,51,51,57,82,49,86,68,68,68,74,74,41,72,41,41,30,30,30,11,0,0],"gold":149,"neow_bonus":"HUNDRED_GOLD","is_daily":false,"chose_seed":false,"campfire_upgraded":0,"win_rate":0.0,"timestamp":1611070381,"path_taken":["M","?","?","M","M","M","R","?","T","M","M","E","?","?","R","BOSS","M","?","?","M","$","E","R","M","T","?","?","M","M","M"],"items_purchased_type":["Relic","Relic"],"build_version":"2020-12-22","purchased_purges":2,"victory":false,"max_hp_per_floor":[80,80,80,80,80,80,80,80,80,80,82,82,82,84,84,86,86,88,88,88,88,88,104,104,106,106,108,108,110,110,110,110],"card_choices":[{"not_picked":["Sentinel","Body Slam"],"picked":"Spot Weakness","floor":1},{"not_picked":["Infernal Blade","Thunderclap","Seeing Red"],"picked":"SKIP","floor":4},{"not_picked":["Infernal Blade","Havoc"],"picked":"Pommel Strike","floor":5},{"not_picked":["Thunderclap","Battle Trance","Clash"],"picked":"SKIP","floor":6},{"not_picked":["Clothesline","Carnage"],"picked":"Pommel Strike","floor":10},{"not_picked":["Intimidate","Double Tap","Power Through"],"picked":"Singing Bowl","floor":11},{"not_picked":["Heavy Blade","Carnage"],"picked":"Spot Weakness+1","floor":12},{"not_picked":["Sever Soul","Clash","Fire Breathing"],"picked":"Singing Bowl","floor":14},{"not_picked":["Exhume+1","Juggernaut","Corruption"],"picked":"Singing Bowl","floor":16},{"not_picked":["Clothesline","Shrug It Off+1","Havoc+1"],"picked":"Singing Bowl","floor":18},{"not_picked":["Wild Strike","Thunderclap+1"],"picked":"Flex+1","floor":21},{"not_picked":["Cleave","Fire Breathing","Evolve"],"picked":"Singing Bowl","floor":23},{"not_picked":["Twin Strike","Warcry+1","Fire Breathing"],"picked":"Singing Bowl","floor":25},{"not_picked":["Clash","Shrug It Off+1","Thunderclap"],"picked":"Singing Bowl","floor":27},{"not_picked":["Disarm+1","Fiend Fire","Bloodletting+1"],"picked":"Singing Bowl","floor":29},{"not_picked":["Warcry+1","Anger"],"picked":"Inflame","floor":30}],"player_experience":129520,"relics_obtained":[{"floor":9,"key":"Singing Bowl"},{"floor":12,"key":"Toxic Egg 2"},{"floor":23,"key":"Mango"},{"floor":26,"key":"Bag of Marbles"}],"event_choices":[{"damage_healed":0,"gold_gain":0,"player_choice":"Grow","damage_taken":0,"max_hp_gain":0,"max_hp_loss":0,"event_name":"Living Wall","floor":3,"gold_loss":0,"cards_upgraded":["Spot Weakness"]},{"cards_removed":["Strike_R"],"damage_healed":0,"gold_gain":0,"player_choice":"Card Removal","damage_taken":0,"max_hp_gain":0,"max_hp_loss":0,"event_name":"The Cleric","floor":8,"gold_loss":50},{"damage_healed":0,"gold_gain":0,"cards_transformed":["Pommel Strike"],"player_choice":"Transformed","damage_taken":0,"max_hp_gain":0,"max_hp_loss":0,"event_name":"Transmorgrifier","floor":13,"gold_loss":0,"cards_obtained":["Combust"]},{"damage_healed":0,"gold_gain":0,"cards_transformed":["Combust"],"player_choice":"Transformed","damage_taken":0,"max_hp_gain":0,"max_hp_loss":0,"event_name":"Transmorgrifier","floor":20,"gold_loss":0,"cards_obtained":["Exhume"]},{"damage_healed":0,"gold_gain":0,"player_choice":"Ignored","damage_taken":0,"max_hp_gain":0,"max_hp_loss":0,"event_name":"Ghosts","floor":28,"gold_loss":0}],"is_beta":false,"boss_relics":[{"not_picked":["Snecko Eye","Ectoplasm"],"picked":"Cursed Key"}],"items_purged_floors":[2,22],"is_endless":false,"potions_floor_spawned":[1,5,6,11,14,25,27,30],"killed_by":"Shelled Parasite and Fungi","ascension_level":0}}