{"host":"9czo1ewqehy3yunx","time":1611068461,"event":{"mods":["Act Like it!","BaseMod","CapriCore","DeckTracker","GifTheSpireLib","Hermit","Keyboard Shortcuts","Minty Spire (QoL Compilation)","Permanent Neow","Quick Restart","StSLib","SuperFastMode"],"gold_per_floor":[117,134,134,193,169,169,169],"floor_reached":6,"language":"KOR","playtime":178,"items_purged":[],"score":34,"play_id":"998106fd-b0cd-4f73-9a6e-cbd6342aa48e","local_time":"20210120000101","is_ascension_mode":false,"campfire_choices":[],"circlet_count":0,"master_deck":["hermit:Strike_Hermit","hermit:Strike_Hermit","hermit:Strike_Hermit","hermit:Strike_Hermit","hermit:Defend_Hermit","hermit:Defend_Hermit","hermit:Defend_Hermit","hermit:Defend_Hermit","hermit:Snapshot","hermit:Covet","hermit:Magnum","hermit:Determination+1","hermit:Feint","hermit:Glare"],"relics":["hermit:Momento"],"acts_visited":["Exordium"],"potions_floor_usage":[],"damage_taken":[{"damage":5,"enemies":"Small Slimes","floor":1,"turns":3},{"damage":6,"enemies":"Jaw Worm","floor":2,"turns":3},{"damage":0,"enemies":"3 Sentries","floor":6,"turns":1}],"seed_played":"-6312000927015115647","potions_obtained":[{"floor":2,"key":"Swift Potion"}],"is_trial":false,"path_per_floor":["M","M","?","?","$","E"],"character_chosen":"HERMIT","items_purchased":["hermit:Glare"],"campfire_rested":0,"item_purchase_floors":[5],"current_hp_per_floor":[70,64,64,64,64,64,64],"gold":169,"neow_bonus":"ONE_RANDOM_RARE_CARD","is_daily":false,"chose_seed":false,"campfire_upgraded":0,"win_rate":0.0,"timestamp":1611068461,"path_taken":["M","M","?","?","$","E"],"items_purchased_type":["Card"],"build_version":"2020-12-22","purchased_purges":0,"victory":false,"max_hp_per_floor":[75,75,75,75,75,75,75],"card_choices":[{"not_picked":["hermit:CalledShot","hermit:HoleUp"],"picked":"hermit:Determination","floor":1},{"not_picked":["hermit:Quickdraw","hermit:BigShot"],"picked":"hermit:Feint","floor":2}],"player_experience":195614,"relics_obtained":[],"event_choices":[{"damage_healed":0,"gold_gain":0,"player_choice":"Grow","damage_taken":0,"max_hp_gain":0,"max_hp_loss":0,"event_name":"Living Wall","floor":3,"gold_loss":0,"cards_upgraded":["hermit:Determination"]},{"damage_healed":0,"gold_gain":59,"player_choice":"Gained Gold","damage_taken":0,"max_hp_gain":0,"max_hp_loss":0,"event_name":"Golden Wing","floor":4,"gold_loss":0}],"is_beta":false,"boss_relics":[],"items_purged_floors":[],"is_endless":false,"potions_floor_spawned":[2],"killed_by":"3 Sentries","ascension_level":0}}