{"host":"gqw4el7xk6pl8jgw","time":1611099813,"event":{"mods":["BaseMod","BetterRewards","Colored Map","Hermit","Highlight Path","Minty Spire (QoL Compilation)","Spicy Shops","StSLib","SuperFastMode","The Cursed","The Hierophant"],"gold_per_floor":[115,115,115,131,151,151,175,188,188,213,213,388,407,431,431,431,431],"floor_reached":16,"language":"ENG","playtime":230,"items_purged":[],"score":121,"play_id":"06d4adf1-9911-4cf3-9527-94f20b88016d","local_time":"20210120004333","is_ascension_mode":false,"campfire_choices":[{"data":"Feed","floor":6,"key":"SMITH"},{"data":"Armaments","floor":11,"key":"SMITH"},{"floor":15,"key":"REST"}],"circlet_count":0,"master_deck":["Strike_R","Strike_R","Strike_R","Strike_R","Defend_R","Defend_R","Defend_R","Defend_R","Bash","Thunderclap","Feed+1","Armaments+1","Doubt"],"relics":["Burning Blood","Bag of Marbles","Golden Idol","Singing Bowl"],"acts_visited":["Exordium"],"potions_floor_usage":[16],"damage_taken":[{"damage":5,"enemies":"Jaw Worm","floor":1,"turns":4},{"damage":0,"enemies":"2 Louse","floor":4,"turns":2},{"damage":6,"enemies":"Cultist","floor":5,"turns":3},{"damage":12,"enemies":"Blue Slaver","floor":7,"turns":3},{"damage":24,"enemies":"Large Slime","floor":8,"turns":6},{"damage":9,"enemies":"3 Louse","floor":10,"turns":3},{"damage":5,"enemies":"Looter","floor":13,"turns":3},{"damage":16,"enemies":"Large Slime","floor":14,"turns":9},{"damage":88,"enemies":"Hexaghost","floor":16,"turns":10}],"seed_played":"-4897857711595568355","potions_obtained":[{"floor":4,"key":"BloodPotion"},{"floor":5,"key":"LiquidBronze"},{"floor":10,"key":"HeartOfIron"}],"is_trial":false,"path_per_floor":["M","?","?","M","M","R","M","M","T","M","R","?","M","M","R","B"],"character_chosen":"IRONCLAD","items_purchased":[],"campfire_rested":1,"item_purchase_floors":[],"current_hp_per_floor":[80,60,60,66,66,66,64,46,46,49,49,49,56,52,82,0,0],"gold":431,"neow_bonus":"RANDOM_COMMON_RELIC","is_daily":false,"chose_seed":false,"campfire_upgraded":2,"win_rate":0.0,"timestamp":1611099813,"path_taken":["M","?","?","M","M","R","M","M","T","?","R","?","M","M","R","BOSS"],"items_purchased_type":[],"build_version":"2020-12-22","purchased_purges":0,"victory":false,"max_hp_per_floor":[80,80,80,80,80,80,84,84,84,90,90,90,96,102,102,102,102],"card_choices":[{"not_picked":["Sword Boomerang","Wild Strike"],"picked":"Thunderclap","floor":1},{"not_picked":["Headbutt","Pommel Strike"],"picked":"Feed","floor":4},{"not_picked":["Burning Pact","Pummel","Pommel Strike"],"picked":"SKIP","floor":5},{"not_picked":["Wild Strike","Combust","Shrug It Off"],"picked":"SKIP","floor":7},{"not_picked":["Shrug It Off","Sword Boomerang"],"picked":"Armaments","floor":8},{"not_picked":["Iron Wave","Power Through","Second Wind"],"picked":"Singing Bowl","floor":10},{"not_picked":["Uppercut","Wild Strike","Perfected Strike"],"picked":"Singing Bowl","floor":13},{"not_picked":["Shrug It Off","Corruption","Wild Strike"],"picked":"Singing Bowl","floor":14}],"player_experience":713297,"relics_obtained":[{"floor":9,"key":"Singing Bowl"}],"event_choices":[{"damage_healed":0,"gold_gain":0,"player_choice":"Take Damage","damage_taken":20,"relics_obtained":["Golden Idol"],"max_hp_gain":0,"max_hp_loss":0,"event_name":"Golden Idol","floor":2,"gold_loss":0},{"cards_removed":["Strike_R"],"damage_healed":0,"gold_gain":0,"player_choice":"Offered Basic","damage_taken":0,"max_hp_gain":0,"max_hp_loss":0,"event_name":"Bonfire Elementals","floor":3,"gold_loss":0},{"damage_healed":0,"gold_gain":175,"player_choice":"AGREE","damage_taken":0,"max_hp_gain":0,"max_hp_loss":0,"event_name":"Liars Game","floor":12,"gold_loss":0,"cards_obtained":["Doubt"]}],"is_beta":false,"boss_relics":[],"items_purged_floors":[],"is_endless":false,"potions_floor_spawned":[4,5,10],"killed_by":"Hexaghost","ascension_level":0}}