{"host":"6bsan6hkua32tfq7","time":1611020777,"event":{"mods":["BaseMod","Better Third Choice","Colored Map","Highlight Path","Minty Spire (QoL Compilation)","StSLib"],"gold_per_floor":[217,244,259,275,287,320,320,351,351,97,97,97,97,130,130,201,201,220,236,236,136,136,136,148,160,160,35,35,35],"floor_reached":28,"language":"ENG","playtime":798,"items_purged":["Strike_B","Defend_B","Strike_B"],"score":472,"play_id":"5a21a2d6-bb2d-4d06-9dcd-aa8288349da3","local_time":"20210119024617","is_ascension_mode":true,"campfire_choices":[{"floor":7,"key":"REST"},{"floor":11,"key":"REST"},{"data":"Loop","floor":13,"key":"SMITH"},{"data":"Discovery","floor":15,"key":"SMITH"},{"floor":23,"key":"REST"}],"circlet_count":0,"master_deck":["AscendersBane","Strike_B","Strike_B","Defend_B","Defend_B+1","Defend_B","Zap","Dualcast","Ball Lightning","Gash","Darkness","Glacier+1","Discovery+1","Loop+1","Self Repair","Fission"],"relics":["Cracked Core","Happy Flower","Centennial Puzzle","Pantograph","Mercury Hourglass","War Paint","Fusion Hammer"],"acts_visited":["Exordium","TheCity"],"potions_floor_usage":[6,8,24,28],"damage_taken":[{"damage":7,"enemies":"Cultist","floor":1,"turns":4},{"damage":0,"enemies":"Small Slimes","floor":3,"turns":2},{"damage":0,"enemies":"2 Louse","floor":4,"turns":2},{"damage":14,"enemies":"Red Slaver","floor":5,"turns":3},{"damage":44,"enemies":"Gremlin Nob","floor":6,"turns":4},{"damage":15,"enemies":"3 Sentries","floor":8,"turns":6},{"damage":36,"enemies":"Gremlin Nob","floor":14,"turns":5},{"damage":45,"enemies":"Slime Boss","floor":16,"turns":7},{"damage":10,"enemies":"Spheric Guardian","floor":18,"turns":4},{"damage":31,"enemies":"Shell Parasite","floor":19,"turns":5},{"damage":3,"enemies":"3 Cultists","floor":24,"turns":4},{"damage":12,"enemies":"Snecko","floor":25,"turns":5},{"damage":41,"enemies":"Gremlin Leader","floor":28,"turns":5}],"seed_played":"-4486490694751581459","potions_obtained":[{"floor":1,"key":"Energy Potion"},{"floor":3,"key":"Strength Potion"},{"floor":14,"key":"Explosive Potion"},{"floor":25,"key":"PowerPotion"}],"is_trial":false,"path_per_floor":["M","T","M","M","M","E","R","E","T","$","R","?","R","E","R","B",null,"M","M","?","$","?","R","M","M","T","$","E"],"character_chosen":"DEFECT","items_purchased":["Discovery","Loop"],"campfire_rested":3,"item_purchase_floors":[10,10],"current_hp_per_floor":[57,57,57,57,50,13,34,19,19,19,40,71,71,35,35,22,59,56,32,12,12,27,49,46,41,41,41,0,0],"gold":35,"neow_bonus":"HUNDRED_GOLD","is_daily":false,"chose_seed":false,"campfire_upgraded":2,"win_rate":0.0,"timestamp":1611020777,"path_taken":["M","?","?","M","M","E","R","E","T","?","R","?","R","E","R","BOSS","M","M","?","$","?","R","M","M","T","$","E"],"items_purchased_type":["Card","Card"],"build_version":"2020-12-22","purchased_purges":3,"victory":false,"max_hp_per_floor":[71,71,71,71,71,71,71,71,71,71,71,71,71,71,71,71,71,71,71,76,76,76,76,76,76,76,76,76,76],"card_choices":[{"not_picked":["Self Repair","Undo"],"picked":"Ball Lightning","floor":1},{"not_picked":["Compile Driver","Leap"],"picked":"Gash","floor":3},{"not_picked":["Rainbow","Go for the Eyes"],"picked":"Self Repair","floor":4},{"not_picked":["Conserve Battery","Aggregate"],"picked":"Darkness","floor":5},{"not_picked":["Fission","Tempest"],"picked":"Glacier","floor":6},{"not_picked":["Scrape","Reprogram","Fusion"],"picked":"SKIP","floor":8},{"not_picked":["Reinforced Body","Ball Lightning"],"picked":"Self Repair","floor":14},{"not_picked":["Biased Cognition","Seek"],"picked":"Fission","floor":16},{"not_picked":["Coolheaded","Cold Snap","Gash"],"picked":"SKIP","floor":18},{"not_picked":["Blizzard","Force Field","Hologram"],"picked":"SKIP","floor":19},{"not_picked":["Leap+1","Go for the Eyes","Melter"],"picked":"SKIP","floor":24},{"not_picked":["Rebound+1","Ball Lightning","Force Field"],"picked":"SKIP","floor":25}],"player_experience":5311466,"relics_obtained":[{"floor":2,"key":"Happy Flower"},{"floor":6,"key":"Centennial Puzzle"},{"floor":8,"key":"Pantograph"},{"floor":9,"key":"Mercury Hourglass"},{"floor":14,"key":"War Paint"}],"event_choices":[{"cards_removed":["Self Repair"],"damage_healed":31,"gold_gain":0,"player_choice":"Offered Uncommon","damage_taken":0,"max_hp_gain":0,"max_hp_loss":0,"event_name":"Bonfire Elementals","floor":12,"gold_loss":0},{"damage_healed":0,"gold_gain":0,"player_choice":"Shed Blood","damage_taken":25,"max_hp_gain":5,"max_hp_loss":0,"event_name":"Forgotten Altar","floor":20,"gold_loss":0},{"damage_healed":15,"gold_gain":0,"player_choice":"Heal","damage_taken":0,"max_hp_gain":0,"max_hp_loss":0,"event_name":"The Library","floor":22,"gold_loss":0}],"is_beta":false,"boss_relics":[{"not_picked":["Coffee Dripper","Black Star"],"picked":"Fusion Hammer"}],"items_purged_floors":[10,21,27],"is_endless":false,"potions_floor_spawned":[1,3,14,25],"killed_by":"Gremlin Leader","ascension_level":20}}