{"host":"p5axfb00mxhraew6","time":1611061713,"event":{"mods":["Abigail Mod","Act Like it!","BaseMod","CapriCore","Friendly Minions","GifTheSpireLib","Jedi Mod","KomeijiMod","Lobotomy","Marisa（霧雨　魔理沙）","Minty Spire (QoL Compilation)","Prisma Mod","Reimu（博??梦）","Remilia（蕾米莉?）","SOS（斯巴?之子）","StSLib","Td1madao Mod","The Alterego","The Immortal","The Problem Sleuth","Yakumo Yukari mod"],"gold_per_floor":[119,28,28,40,40,40,99,99,99],"floor_reached":8,"language":"ENG","playtime":265,"items_purged":[],"score":66,"play_id":"ed6df81f-df63-4436-8ecb-98648481e547","local_time":"20210119220833","is_ascension_mode":true,"campfire_choices":[{"data":"MikOfLucky:ReiMu","floor":6,"key":"SMITH"}],"circlet_count":0,"master_deck":["AscendersBane","Strike_Lin:ReiMu","Strike_Lin:ReiMu","Strike_Lin:ReiMu","Strike_Lin:ReiMu","Defend_Lin:ReiMu","Defend_Lin:ReiMu","Defend_Lin:ReiMu","Defend_Lin:ReiMu","NB:ReiMu","Stagnation:ReiMu","SpreadBorder2:ReiMu","Conquer:ReiMu","Amulet:ReiMu","NB:ReiMu","MikOfLucky:ReiMu+1","SpringWay:ReiMu"],"relics":["FlyPower:ReiMu","Vajra"],"acts_visited":["Exordium"],"potions_floor_usage":[7],"damage_taken":[{"damage":0,"enemies":"2 Louse","floor":1,"turns":5},{"damage":1,"enemies":"Cultist","floor":4,"turns":4},{"damage":52,"enemies":"Gremlin Nob","floor":7,"turns":5},{"damage":8,"enemies":"Gremlin Nob","floor":8,"turns":2}],"seed_played":"2633244072391492568","potions_obtained":[{"floor":1,"key":"AttackPotion"}],"is_trial":false,"path_per_floor":["M","$","?","M","$","R","?","E"],"character_chosen":"REIMU","items_purchased":["Conquer:ReiMu","Amulet:ReiMu"],"campfire_rested":0,"item_purchase_floors":[2,2],"current_hp_per_floor":[59,59,59,58,58,58,6,0,0],"gold":99,"neow_bonus":"THREE_CARDS","is_daily":false,"chose_seed":false,"campfire_upgraded":1,"win_rate":0.0,"timestamp":1611061713,"path_taken":["M","$","?","?","?","R","?","E"],"items_purchased_type":["Card","Card"],"build_version":"2020-12-22","purchased_purges":0,"victory":false,"max_hp_per_floor":[65,65,65,65,65,65,65,65,65],"card_choices":[{"not_picked":["FineLineFantasy:ReiMu","Enchanting:ReiMu"],"picked":"SpreadBorder2:ReiMu","floor":0},{"not_picked":["PassingAway:ReiMu","SubcavityInstant:ReiMu","MountainWay:ReiMu"],"picked":"SKIP","floor":1},{"not_picked":["SpringWay:ReiMu","Conquer:ReiMu"],"picked":"MikOfLucky:ReiMu","floor":4},{"not_picked":["AirStrike:ReiMu","Meditation:ReiMu"],"picked":"SpringWay:ReiMu","floor":7}],"player_experience":1254903,"relics_obtained":[{"floor":7,"key":"Vajra"}],"event_choices":[{"damage_healed":0,"gold_gain":0,"player_choice":"1 cards matched","damage_taken":0,"max_hp_gain":0,"max_hp_loss":0,"event_name":"Match and Keep!","floor":3,"gold_loss":0,"cards_obtained":["NB:ReiMu"]},{"damage_healed":0,"gold_gain":30,"player_choice":"Searched \u00272\u0027 times","damage_taken":0,"max_hp_gain":0,"max_hp_loss":0,"event_name":"Dead Adventurer","floor":7,"gold_loss":0}],"is_beta":false,"boss_relics":[],"items_purged_floors":[],"is_endless":false,"potions_floor_spawned":[1],"killed_by":"Gremlin Nob","ascension_level":10}}