{"host":"ogu62mnru5djd3ck","time":1611084090,"event":{"mods":["AchievementEnabler","Act Like it!","BaseMod","Better Skull","Colored Map","Colored Powertips","Custom Start","GifTheSpireLib","Gold Saver","Highlight Path","Minty Spire (QoL Compilation)","Rare Cards Sparkle","SOS???????","StSLib","Steal the Spire","The Wild Card"],"gold_per_floor":[748,768,843,593,558,558,739,739],"floor_reached":7,"language":"ENG","playtime":258,"items_purged":[],"score":39,"play_id":"c61fa7b9-f73b-4ed4-a158-57e7ef48c23e","local_time":"20210119202130","is_ascension_mode":false,"campfire_choices":[{"data":"theWildCard:Arsene","floor":6.0,"key":"SMITH"}],"circlet_count":0,"master_deck":["theWildCard:BasicStrike","theWildCard:BasicStrike","theWildCard:BasicStrike","theWildCard:BasicStrike","theWildCard:BasicDefend","theWildCard:BasicDefend","theWildCard:BasicDefend","theWildCard:BasicDefend","theWildCard:CallToAdventure","theWildCard:Arsene+1","theWildCard:MaskChange","theWildCard:IdentityTheft","theWildCard:PowerOfTheArcana","theWildCard:Michael"],"relics":["theWildCard:VelvetContract","Blood Vial"],"acts_visited":[],"potions_floor_usage":[],"damage_taken":[{"damage":0.0,"enemies":"Jaw Worm","floor":1.0,"turns":3.0},{"damage":0.0,"enemies":"2 Louse","floor":2.0,"turns":3.0},{"damage":0,"enemies":"3 Sentries","floor":7,"turns":1}],"seed_played":"455615592057886183","potions_obtained":[{"floor":0.0,"key":"FairyPotion"},{"floor":0.0,"key":"EssenceOfSteel"},{"floor":0.0,"key":"Fire Potion"}],"is_trial":false,"path_per_floor":["M","M","?","$","?","R","E"],"character_chosen":"THE_WILD_CARD","items_purchased":["theWildCard:PowerOfTheArcana","theWildCard:Michael","Blood Vial"],"campfire_rested":0,"item_purchase_floors":[4,4,4],"current_hp_per_floor":[60,60,49,49,60,60,60,60],"gold":739,"neow_bonus":"THREE_SMALL_POTIONS","is_daily":false,"chose_seed":false,"campfire_upgraded":1,"win_rate":0.0,"timestamp":1611084090,"path_taken":["M","M","?","$","?","R","E"],"items_purchased_type":["Card","Card","Relic"],"build_version":"2020-12-22","purchased_purges":0,"victory":false,"max_hp_per_floor":[60,60,60,60,60,60,60,60],"card_choices":[{"not_picked":["theWildCard:BladeOfGenerations","theWildCard:PaleRider"],"picked":"theWildCard:MaskChange","floor":1.0},{"not_picked":["theWildCard:MaskChange","theWildCard:MagicalMight"],"picked":"theWildCard:IdentityTheft","floor":2.0}],"player_experience":119967,"relics_obtained":[],"event_choices":[{"damage_healed":0.0,"max_hp_gain":0.0,"max_hp_loss":0.0,"gold_gain":75.0,"event_name":"World of Goop","player_choice":"Gather Gold","floor":3.0,"gold_loss":0.0,"damage_taken":11.0},{"damage_healed":15.0,"max_hp_gain":0.0,"max_hp_loss":0.0,"gold_gain":0.0,"event_name":"The Cleric","player_choice":"Healed","floor":5.0,"gold_loss":35.0,"damage_taken":0.0}],"is_beta":false,"boss_relics":[],"items_purged_floors":[],"is_endless":false,"potions_floor_spawned":[],"killed_by":"3 Sentries","ascension_level":0}}