{"host":"appz8zkad29u9482","time":1611089764,"event":{"mods":["2.2 Compatiblity","Act Like it!","Aspiration","BaseMod","Beaked The Cultist","Better Altar","Better Match","Better Note","Better Sensory Stone","Better Skull","Better Third Choice","BetterRewards","CapriCore","Chen","Conspire","Disable Question Mark Monsters","Energized Spire","Gensokyo","GifTheSpireLib","Gold Saver","Halation","Hermit","Hubris","Infinite Spire","Jedi Mod","Lobotomy","LobotomyExtend","Marisa????????","Minty Spire (QoL Compilation)","Permanent Neow","Reimu??????","Replay The Spire","Spicy Shops","StSLib","Strawberry Spire","Stuff the Spire","The Administrix","The Bug Knight","The Construct","The Cursed","The Hierophant","The Immortal","The Servant 0.9.4","yUi"],"gold_per_floor":[351,351,351,368,368,368,388,388,413,413,413,413,413,448,448,551,501,513,463,463,463,493,493,528,591,591,618,618,639,639,47,47,163,163,195,0,0,73,77,77],"floor_reached":39,"language":"ENG","playtime":1531,"items_purged":[],"score":435,"play_id":"6d147475-5d06-474d-9466-705998c7f873","local_time":"20210119105604","is_ascension_mode":true,"campfire_choices":[{"data":"1","floor":6,"key":"LIFT"},{"data":"2","floor":8,"key":"LIFT"},{"data":"3","floor":10,"key":"LIFT"},{"data":"Defend_B","floor":13,"key":"SMITH"},{"data":"Defend_B","floor":15,"key":"SMITH"},{"floor":23,"key":"REST"},{"data":"Defend_B","floor":28,"key":"SMITH"},{"data":"beaked:Insight","floor":30,"key":"SMITH"},{"floor":32,"key":"REST"}],"circlet_count":0,"master_deck":["Strike_B+1","Strike_B","Strike_B","Defend_B+1","Defend_B+1","Defend_B+1","Defend_B+1","Zap","Dualcast","strawberrySpire:AngeryBot+1","Crystallizer+1","FTL+1","Strike_B","strawberrySpire:Disconnect","StuffTheSpire:Rend","conspire:SpireCoStock","Hologram+1","strawberrySpire:HateBit","Conserve Battery+1","beaked:Insight+1","Self Repair","Crystallizer","beaked:KnowThyFoe","BootSequence+1","Gash"],"relics":["Cracked Core","Girya","StuffTheSpire:ForceGauntlet","LetterFromLob","conspire:TopHat","Simple Rune","Question Card","infinitespire:FocusingShard","energizedSpire:HugeHouse","Replay:Bandana","jedi:crownofsimplicity","hubris:DisguiseKit","hubris:BottledRain","Blue Doll","HollowMod:PaleOreRelic","conspire:TreasureMap","ReplayTheSpireMod:TigerMarble","hubris:RunicObelisk","Red Mask","ReplayTheSpireMod:Ring of Challenge"],"acts_visited":["Exordium","TheCity","TheBeyond"],"potions_floor_usage":[27,27],"damage_taken":[{"damage":0,"enemies":"Small Slimes","floor":1,"turns":3},{"damage":2,"enemies":"Jaw Worm","floor":4,"turns":3},{"damage":1,"enemies":"Cultist","floor":7,"turns":3},{"damage":2,"enemies":"3 Sentries","floor":14,"turns":5},{"damage":14,"enemies":"The Guardian","floor":16,"turns":10},{"damage":7,"enemies":"Chosen","floor":18,"turns":3},{"damage":13,"enemies":"3 Byrds","floor":22,"turns":3},{"damage":0,"enemies":"Centurion and Healer","floor":24,"turns":4},{"damage":5,"enemies":"Book of Stabbing","floor":25,"turns":5},{"damage":0,"enemies":"Shelled Parasite and Fungi","floor":27,"turns":3},{"damage":2,"enemies":"Snecko","floor":29,"turns":4},{"damage":12,"enemies":"Champ","floor":33,"turns":7},{"damage":18,"enemies":"3 Darklings","floor":35,"turns":5},{"damage":42,"enemies":"3 Shapes","floor":38,"turns":5},{"damage":30,"enemies":"2 Orb Walkers","floor":39,"turns":2}],"seed_played":"-2057541820531356059","potions_obtained":[{"floor":4,"key":"EssenceOfSteel"},{"floor":14,"key":"SpeedPotion"},{"floor":24,"key":"Explosive Potion"},{"floor":25,"key":"jedi:StrikingPotion"},{"floor":38,"key":"Swift Potion"}],"is_trial":false,"path_per_floor":["M","?","T","M","?","R","M","R","T","R","M","T","R","E","R","B",null,"M","?","?","$","M","R","M","E","T","M","R","M","R","$","R","B",null,"M","?","?","M","?"],"character_chosen":"DEFECT","items_purchased":["Replay:Bandana","jedi:crownofsimplicity","Blue Doll","HollowMod:PaleOreRelic","Crystallizer","conspire:TreasureMap","ReplayTheSpireMod:TigerMarble"],"campfire_rested":2,"item_purchase_floors":[21,21,31,31,31,31,31],"current_hp_per_floor":[68,68,68,66,66,66,65,65,65,65,68,68,68,66,66,52,63,56,56,56,36,23,41,41,36,36,36,36,34,34,34,52,50,63,52,52,52,20,0,0],"gold":77,"neow_bonus":"ONE_RARE_RELIC","is_daily":false,"chose_seed":false,"campfire_upgraded":4,"win_rate":0.0,"timestamp":1611089764,"path_taken":["M","?","?","M","?","R","M","R","T","R","M","?","R","E","R","BOSS","M","?","?","?","M","R","M","E","T","M","R","M","R","$","R","BOSS","M","?","?","M","?"],"items_purchased_type":["Relic","Relic","Relic","Relic","Card","Relic","Relic"],"build_version":"2020-12-22","purchased_purges":0,"victory":false,"max_hp_per_floor":[68,68,68,68,68,68,68,68,68,68,68,68,68,68,68,68,63,63,63,63,63,63,63,63,63,63,63,63,63,63,63,63,63,63,63,63,63,63,63,63],"card_choices":[{"not_picked":["BasicCrystalCard","jedi:BurstFrost"],"picked":"strawberrySpire:AngeryBot","floor":1},{"not_picked":["StuffTheSpire:CleanHardDrive","BasicCrystalCard"],"picked":"Crystallizer","floor":4},{"not_picked":["strawberrySpire:Package","Tempest"],"picked":"FTL","floor":7},{"not_picked":["StuffTheSpire:Plugnplay","Force Field","StuffTheSpire:Synthwave","StuffTheSpire:LoadUp"],"picked":"SKIP","floor":14},{"not_picked":["Mirror Shield","jedi:darknesscall","ReplayRNGCard"],"picked":"Echo Form","floor":16},{"not_picked":["Recycle","StuffTheSpire:LoadUp","StuffTheSpire:Plugnplay"],"picked":"StuffTheSpire:Rend","floor":18},{"not_picked":["strawberrySpire:Adapter","Compile Driver","Leap"],"picked":"Hologram+1","floor":22},{"not_picked":["Tempest","Compile Driver","aspiration:Polymerization"],"picked":"strawberrySpire:HateBit","floor":24},{"not_picked":["Storm","ReplayTheSpireMod:Reroute Power+1","ReplaySolidLightProjector+1"],"picked":"Conserve Battery+1","floor":25},{"not_picked":["Stack","jedi:BurstLightning+1","StuffTheSpire:LaunchingStrike","Leap"],"picked":"beaked:Insight","floor":27},{"not_picked":["strawberrySpire:SearchEngine","StuffTheSpire:LoadUp","Barrage","beaked:Foresight"],"picked":"Self Repair","floor":29},{"not_picked":["jedi:bruteforce","Buffer","Hyperbeam","hubris:SpecializedCircuitry"],"picked":"beaked:KnowThyFoe","floor":33},{"not_picked":["Compile Driver","strawberrySpire:DataDump+1","jedi:spotbugs+1","beaked:SurvivalInstinct"],"picked":"BootSequence+1","floor":35},{"not_picked":["conspire:Rain+1","strawberrySpire:Disconnect","Blizzard","beaked:Daydream"],"picked":"Gash","floor":38}],"player_experience":569564,"relics_obtained":[{"floor":3,"key":"StuffTheSpire:ForceGauntlet"},{"floor":4,"key":"LetterFromLob"},{"floor":9,"key":"Simple Rune"},{"floor":12,"key":"Question Card"},{"floor":14,"key":"infinitespire:FocusingShard"},{"floor":25,"key":"hubris:DisguiseKit"},{"floor":26,"key":"hubris:BottledRain"},{"floor":37,"key":"ReplayTheSpireMod:Ring of Challenge"}],"event_choices":[{"damage_healed":0,"gold_gain":0,"player_choice":"Gave Potion","damage_taken":0,"relics_obtained":["conspire:TopHat"],"max_hp_gain":0,"max_hp_loss":0,"event_name":"WeMeetAgain","floor":5,"gold_loss":0},{"damage_healed":0,"gold_gain":0,"player_choice":"Invest 1","damage_taken":0,"max_hp_gain":0,"max_hp_loss":0,"event_name":"conspire:Investor","floor":19,"gold_loss":0},{"damage_healed":0,"gold_gain":0,"player_choice":"Ignored","damage_taken":0,"max_hp_gain":0,"max_hp_loss":0,"event_name":"Vampires","floor":20,"gold_loss":0},{"damage_healed":0,"gold_gain":0,"player_choice":"Paid","damage_taken":0,"relics_obtained":["Red Mask"],"max_hp_gain":0,"max_hp_loss":0,"event_name":"Tomb of Lord Red Mask","floor":36,"gold_loss":195},{"damage_healed":0,"gold_gain":0,"player_choice":"Fight","damage_taken":0,"max_hp_gain":0,"max_hp_loss":0,"event_name":"Mysterious Sphere","floor":39,"gold_loss":0}],"is_beta":false,"boss_relics":[{"not_picked":["construct:ClawGrip","Replay:Wanted Poster"],"picked":"energizedSpire:HugeHouse"},{"not_picked":["halation:PlatinumPhoenix","Replay:Ancient Bell"],"picked":"hubris:RunicObelisk"}],"items_purged_floors":[],"is_endless":false,"potions_floor_spawned":[4,14,24,25,38],"killed_by":"2 Orb Walkers","ascension_level":2}}