{"host":"l4he167voxkef95j","time":1611055825,"event":{"mods":["BaseMod","Infinite Spire","Minty Spire (QoL Compilation)","Rare Cards Sparkle","StSLib"],"gold_per_floor":[115,127,302,314,314,314,333,94,117,148,148,148,160,177,177,276,276,290,290,290,308,323,323,337,44,70,106,129,138,38,57,57,57,57],"floor_reached":33,"language":"RUS","playtime":904,"items_purged":["Doubt","Writhe"],"score":269,"play_id":"1492720c-8d41-4225-9b81-fefadc6f441f","local_time":"20210119153025","is_ascension_mode":false,"campfire_choices":[{"data":"Dramatic Entrance","floor":6,"key":"SMITH"},{"data":"infinitespire:OneForAll","floor":11,"key":"SMITH"},{"data":"Spot Weakness","floor":15,"key":"SMITH"},{"floor":23,"key":"REST"},{"floor":32,"key":"REST"}],"circlet_count":0,"master_deck":["Strike_R","Strike_R","Strike_R","Strike_R","Strike_R","Defend_R","Defend_R","Defend_R","Defend_R","Bash","Dramatic Entrance+1","Perfected Strike","infinitespire:OneForAll+1","Spot Weakness+1","Corruption","Intimidate","Heavy Blade","Twin Strike","Double Tap","CurseOfTheBell","infinitespire:OneForAll","infinitespire:FutureSight","Panacea","Carnage","Pommel Strike","Flame Barrier+1","Flex","Cleave","Rampage+1"],"relics":["Ring of the Snake","infinitespire:Cubic Diamond","PreservedInsect","Toy Ornithopter","Calling Bell","MealTicket","Eternal Feather","Lizard Tail","Akabeko","CeramicFish","Ginger","White Beast Statue"],"acts_visited":["Exordium","TheCity"],"potions_floor_usage":[16,16,22,22,27,27,33],"damage_taken":[{"damage":3,"enemies":"2 Louse","floor":1,"turns":2},{"damage":13,"enemies":"Jaw Worm","floor":2,"turns":3},{"damage":5,"enemies":"Small Slimes","floor":4,"turns":3},{"damage":8,"enemies":"Red Slaver","floor":7,"turns":2},{"damage":9,"enemies":"3 Sentries","floor":10,"turns":3},{"damage":0,"enemies":"Lots of Slimes","floor":13,"turns":1},{"damage":10,"enemies":"Looter","floor":14,"turns":3},{"damage":50,"enemies":"The Guardian","floor":16,"turns":9},{"damage":5,"enemies":"Spheric Guardian","floor":18,"turns":3},{"damage":26,"enemies":"3 Byrds","floor":21,"turns":5},{"damage":25,"enemies":"Snake Plant","floor":22,"turns":4},{"damage":25,"enemies":"Shelled Parasite and Fungi","floor":24,"turns":4},{"damage":49,"enemies":"Nightmare","floor":27,"turns":8},{"damage":23,"enemies":"3 Cultists","floor":28,"turns":5},{"damage":11,"enemies":"Chosen and Byrds","floor":31,"turns":4},{"damage":123,"enemies":"Champ","floor":33,"turns":10}],"seed_played":"-4223425852667028053","potions_obtained":[{"floor":2,"key":"BloodPotion"},{"floor":7,"key":"Regen Potion"},{"floor":13,"key":"SteroidPotion"},{"floor":16,"key":"Weak Potion"},{"floor":18,"key":"LiquidMemories"},{"floor":22,"key":"LiquidBronze"},{"floor":27,"key":"ElixirPotion"},{"floor":28,"key":"Ancient Potion"},{"floor":31,"key":"AttackPotion"}],"is_trial":false,"path_per_floor":["M","M","?","M","?","R","M","$","T","E","R","?","M","M","R","B",null,"M","?","?","M","M","R","M","$","T","NM","M","?","$","M","R","B"],"character_chosen":"IRONCLAD","items_purchased":["Corruption","Akabeko","DistilledChaos","Regen Potion"],"campfire_rested":2,"item_purchase_floors":[8,25,25,25],"current_hp_per_floor":[80,73,73,74,74,74,66,66,66,57,57,62,62,52,52,29,85,80,59,47,21,18,58,33,48,48,24,1,1,16,5,45,0,0],"gold":57,"neow_bonus":"RANDOM_COLORLESS","is_daily":false,"chose_seed":false,"campfire_upgraded":3,"win_rate":0.0,"timestamp":1611055825,"path_taken":["M","M","?","M","?","R","?","$","T","E","R","?","M","M","R","BOSS","M","?","?","M","?","R","M","?","T","NM","M","?","$","M","R","BOSS"],"items_purchased_type":["Card","Relic","Potion","Potion"],"build_version":"2020-12-22","purchased_purges":2,"victory":false,"max_hp_per_floor":[80,80,80,80,80,80,80,80,80,80,80,85,85,85,85,85,85,85,85,85,85,85,85,85,85,85,85,85,85,85,85,85,85,85],"card_choices":[{"not_picked":["Madness","Purity"],"picked":"Dramatic Entrance","floor":0},{"not_picked":["Havoc","Power Through"],"picked":"Perfected Strike","floor":1},{"not_picked":["Cleave","Clash"],"picked":"infinitespire:OneForAll","floor":2},{"not_picked":["Clash","Fire Breathing","Wild Strike"],"picked":"SKIP","floor":4},{"not_picked":["Body Slam","Havoc"],"picked":"Spot Weakness","floor":7},{"not_picked":["Uppercut","Fire Breathing"],"picked":"Intimidate","floor":10},{"not_picked":["Rage","Combust"],"picked":"Heavy Blade","floor":13},{"not_picked":["Clothesline","True Grit"],"picked":"Twin Strike","floor":14},{"not_picked":["Fiend Fire","Reaper"],"picked":"Double Tap","floor":16},{"not_picked":["Searing Blow","Rage"],"picked":"infinitespire:OneForAll","floor":18},{"not_picked":["infinitespire:Execution","infinitespire:Collect"],"picked":"infinitespire:FutureSight","floor":19},{"not_picked":["Warcry","Whirlwind"],"picked":"Carnage","floor":21},{"not_picked":["Havoc","Perfected Strike"],"picked":"Pommel Strike","floor":22},{"not_picked":["Sentinel","Dual Wield+1"],"picked":"Flame Barrier+1","floor":24},{"not_picked":["Heavy Blade","Pommel Strike+1"],"picked":"Flex","floor":27},{"not_picked":["Dual Wield","Heavy Blade"],"picked":"Cleave","floor":28},{"not_picked":["Rage","Anger"],"picked":"Rampage+1","floor":31}],"player_experience":184312,"relics_obtained":[{"floor":9,"key":"PreservedInsect"},{"floor":10,"key":"Toy Ornithopter"},{"floor":17,"key":"MealTicket"},{"floor":17,"key":"Eternal Feather"},{"floor":17,"key":"Lizard Tail"},{"floor":26,"key":"CeramicFish"},{"floor":27,"key":"Ginger"}],"event_choices":[{"damage_healed":0,"gold_gain":175,"player_choice":"AGREE","damage_taken":0,"max_hp_gain":0,"max_hp_loss":0,"event_name":"Liars Game","floor":3,"gold_loss":0,"cards_obtained":["Doubt"]},{"damage_healed":0,"gold_gain":0,"player_choice":"Donut","damage_taken":0,"max_hp_gain":5,"max_hp_loss":0,"event_name":"Big Fish","floor":12,"gold_loss":0},{"damage_healed":0,"gold_gain":0,"player_choice":"CARD ","damage_taken":12,"max_hp_gain":0,"max_hp_loss":0,"event_name":"Knowing Skull","floor":20,"potions_obtained":[],"gold_loss":0,"cards_obtained":["Panacea"]},{"damage_healed":0,"gold_gain":0,"player_choice":"Opened","damage_taken":0,"relics_obtained":["White Beast Statue"],"max_hp_gain":0,"max_hp_loss":0,"event_name":"The Mausoleum","floor":29,"gold_loss":0,"cards_obtained":["Writhe"]}],"is_beta":false,"boss_relics":[{"not_picked":["Ectoplasm","SlaversCollar"],"picked":"Calling Bell"}],"items_purged_floors":[8,30],"is_endless":true,"potions_floor_spawned":[2,7,13,14,16,18,22,27,28,31],"killed_by":"Champ","ascension_level":0}}