{"host":"d61fcf2p3sjwe6yo","time":1611057487,"event":{"mods":["AchievementEnabler","BaseMod","Colored Map","Downfall","Minty Spire (QoL Compilation)","StSLib","SuperFastMode"],"gold_per_floor":[99,119,219,129,149,159,159,174,191,216,116,150,167,199,219,315,315,315,329,341,361,376,276,300,300,300],"floor_reached":25,"language":"ENG","playtime":1251,"items_purged":["bronze:Strike"],"score":353,"play_id":"732d5a8f-18b1-48ad-bd20-edeba65a0c85","local_time":"20210119145807","is_ascension_mode":true,"campfire_choices":[{"data":"bronze:Replicate","floor":1.0,"key":"SMITH"},{"data":"bronze:FollowUp","floor":11.0,"key":"SMITH"},{"floor":18,"key":"RECALL"},{"floor":23,"key":"REST"}],"circlet_count":0,"master_deck":["bronze:Strike","bronze:Strike","bronze:Strike","bronze:Defend","bronze:Defend","bronze:Defend","bronze:Defend","bronze:Replicate+1","bronze:Goto","bronze:Frontload","bronze:FineTuning","bronze:OilSpill","bronze:Shell","bronze:OilSpill","bronze:FollowUp+1","bronze:Repair","bronze:TinkerersToolbox","CurseOfTheBell","bronze:Return","bronze:Separator+1"],"relics":["bronze:BronzeCore","Gambling Chip","bronze:CableSpool","downfall:HeartBlessingBlue","hexamod:CandleOfCauterizing","The Courier","Calling Bell","Ancient Tea Set","Shuriken","Torii","downfall:HeartBlessingRed","Art of War"],"acts_visited":["Exordium","TheCity"],"potions_floor_usage":[],"damage_taken":[{"damage":1.0,"enemies":"2 Louse","floor":2.0,"turns":4.0},{"damage":0.0,"enemies":"downfall:FleeingMerchant","floor":4.0,"turns":4.0},{"damage":0.0,"enemies":"Cultist","floor":5.0,"turns":3.0},{"damage":0.0,"enemies":"Jaw Worm","floor":6.0,"turns":3.0},{"damage":6.0,"enemies":"Exordium Thugs","floor":8.0,"turns":6.0},{"damage":2.0,"enemies":"3 Louse","floor":9.0,"turns":3.0},{"damage":22.0,"enemies":"Gremlin Nob","floor":10.0,"turns":4.0},{"damage":30.0,"enemies":"Lagavulin","floor":12.0,"turns":4.0},{"damage":0.0,"enemies":"Red Slaver","floor":13.0,"turns":3.0},{"damage":0.0,"enemies":"Gremlin Nob","floor":14.0,"turns":2.0},{"damage":0.0,"enemies":"2 Fungi Beasts","floor":15.0,"turns":2.0},{"damage":34.0,"enemies":"WA_ARCHETYPE_RETAIN","floor":16.0,"turns":8.0},{"damage":23,"enemies":"Shell Parasite","floor":19,"turns":4},{"damage":12,"enemies":"Spheric Guardian","floor":20,"turns":5},{"damage":23,"enemies":"Snecko","floor":21,"turns":5},{"damage":32,"enemies":"Sentry and Sphere","floor":22,"turns":6},{"damage":0,"enemies":"Shelled Parasite and Fungi","floor":25,"turns":1}],"seed_played":"-1963077993780042281","potions_obtained":[{"floor":5.0,"key":"LiquidBronze"},{"floor":8.0,"key":"Energy Potion"},{"floor":10.0,"key":"Swift Potion"},{"floor":13.0,"key":"Block Potion"},{"floor":16.0,"key":"SteroidPotion"},{"floor":19,"key":"Dexterity Potion"},{"floor":22,"key":"bronze:FreeFunctionsPotion"}],"is_trial":false,"path_per_floor":["R","M","?","$","M","M","T","M","M","E","R","E","M","E","M","B",null,"R","M","M","M","M","R","T","M"],"character_chosen":"THE_AUTOMATON","items_purchased":[],"campfire_rested":1,"item_purchase_floors":[],"current_hp_per_floor":[63,62,62,62,62,62,62,56,54,32,42,12,12,19,35,17,59,59,43,45,22,4,25,25,25,25],"gold":300,"neow_bonus":"ONE_RARE_RELIC","is_daily":false,"chose_seed":false,"campfire_upgraded":2,"win_rate":0.0,"timestamp":1611057487,"path_taken":["R","M","?","?","M","M","T","M","?","E","R","E","M","E","M","BOSS","R","M","M","M","M","R","T","M"],"items_purchased_type":[],"build_version":"2020-12-22","purchased_purges":1,"victory":false,"max_hp_per_floor":[63,63,63,63,63,63,63,63,63,63,73,73,73,73,73,73,73,73,73,73,73,73,73,73,73,73],"card_choices":[{"not_picked":["bronze:OilSpill","bronze:Shield"],"picked":"bronze:Frontload","floor":2.0},{"not_picked":["bronze:Overheat","bronze:Iterate"],"picked":"bronze:FineTuning","floor":4.0},{"not_picked":["bronze:Overheat","bronze:Philosophize"],"picked":"bronze:OilSpill","floor":5.0},{"not_picked":["bronze:Frontload","bronze:BuggyMess"],"picked":"bronze:Shell","floor":6.0},{"not_picked":["bronze:Deprecate","bronze:Repulsor"],"picked":"bronze:OilSpill","floor":8.0},{"not_picked":["bronze:Flail","bronze:Invalidate"],"picked":"bronze:FollowUp","floor":9.0},{"not_picked":["bronze:CloningBeam","bronze:Deprecate","bronze:DelayedGuard"],"picked":"SKIP","floor":10.0},{"not_picked":["bronze:ForceShield","bronze:InfiniteBeams","bronze:Refactor"],"picked":"SKIP","floor":12.0},{"not_picked":["bronze:CutThrough","bronze:BurnOut"],"picked":"bronze:Repair","floor":13.0},{"not_picked":["bronze:WhirlingStrike","bronze:Iterate","bronze:FineTuning"],"picked":"SKIP","floor":14.0},{"not_picked":["bronze:CutThrough","bronze:Frontload","bronze:Turbo"],"picked":"SKIP","floor":15.0},{"not_picked":["bronze:Library","bronze:Assembly"],"picked":"bronze:TinkerersToolbox","floor":16.0},{"not_picked":["bronze:InfiniteBeams","bronze:FollowUp"],"picked":"bronze:Return","floor":19},{"not_picked":["bronze:BuggyMess","bronze:ForLoop"],"picked":"bronze:Separator+1","floor":20},{"not_picked":["bronze:Constructor","bronze:BugBarrage","bronze:Turbo"],"picked":"SKIP","floor":21},{"not_picked":["bronze:InfiniteBeams+1","bronze:Iterate","bronze:DelayedGuard"],"picked":"SKIP","floor":22}],"player_experience":601749,"relics_obtained":[{"floor":10.0,"key":"bronze:CableSpool"},{"floor":12.0,"key":"hexamod:CandleOfCauterizing"},{"floor":14.0,"key":"The Courier"},{"floor":17,"key":"Ancient Tea Set"},{"floor":17,"key":"Shuriken"},{"floor":17,"key":"Torii"},{"floor":24,"key":"Art of War"}],"event_choices":[],"is_beta":false,"boss_relics":[{"not_picked":["Snecko Eye","Astrolabe"],"picked":"Calling Bell"}],"items_purged_floors":[4],"is_endless":false,"potions_floor_spawned":[5,8,10,13,16,19,22],"killed_by":"Shelled Parasite and Fungi","ascension_level":8}}