{"host":"z9811rt50ti81n54","time":1611049619,"event":{"mods":["BaseMod","Better Match","Better Skull","Better Third Choice","Minty Spire (QoL Compilation)","Permanent Neow","StSLib","SuperFastMode"],"gold_per_floor":[109,184,196,7,7,7,40,50,50,84,84,96,96,107,107,209,209,222,222,240,21,21,56,56,67,93,93,93,107,7,106,106,204,204,215,215,215,225,225,225,251,251,304,322,101,101,101,115,115,115],"floor_reached":51,"language":"ENG","playtime":1250,"items_purged":["Strike_P","Weave","FollowUp+1"],"score":876,"play_id":"0affa30b-6f44-4709-b2e7-c5c5b297ac75","local_time":"20210119184659","is_ascension_mode":false,"campfire_choices":[{"data":"Eruption","floor":6.0,"key":"SMITH"},{"data":"Wallop","floor":11.0,"key":"SMITH"},{"data":"WheelKick","floor":13.0,"key":"SMITH"},{"data":"SashWhip","floor":15.0,"key":"SMITH"},{"floor":32.0,"key":"REST"},{"floor":40.0,"key":"REST"},{"floor":42.0,"key":"RECALL"},{"floor":47,"key":"REST"},{"floor":49,"key":"REST"}],"circlet_count":0,"master_deck":["Eruption+1","Vigilance+1","Wallop+1","WheelKick+1","EmptyMind+1","SashWhip+1","Evaluate+1","PathToVictory+1","DeceiveReality+1","Sanctity+1","LessonLearned+1","PathToVictory+1","Necronomicurse","LikeWater+1","InnerPeace+1"],"relics":["Busted Crown","TeardropLocket","Boot","Ancient Tea Set","Astrolabe","OrangePellets","Necronomicon","Lantern","Strawberry","Singing Bowl","VioletLotus","Blood Vial","Bag of Marbles"],"acts_visited":["Exordium","TheCity","TheBeyond"],"potions_floor_usage":[50,50,50],"damage_taken":[{"damage":0.0,"enemies":"Small Slimes","floor":1.0,"turns":2.0},{"damage":0.0,"enemies":"Jaw Worm","floor":3.0,"turns":3.0},{"damage":16.0,"enemies":"Gremlin Nob","floor":7.0,"turns":3.0},{"damage":0.0,"enemies":"2 Louse","floor":8.0,"turns":1.0},{"damage":6.0,"enemies":"Lagavulin","floor":10.0,"turns":6.0},{"damage":1.0,"enemies":"Exordium Wildlife","floor":12.0,"turns":3.0},{"damage":0.0,"enemies":"Large Slime","floor":14.0,"turns":3.0},{"damage":0.0,"enemies":"The Guardian","floor":16.0,"turns":6.0},{"damage":1.0,"enemies":"3 Byrds","floor":18.0,"turns":5.0},{"damage":0.0,"enemies":"Spheric Guardian","floor":20.0,"turns":3.0},{"damage":9.0,"enemies":"Gremlin Leader","floor":23.0,"turns":5.0},{"damage":0.0,"enemies":"Cultist and Chosen","floor":25.0,"turns":3.0},{"damage":0.0,"enemies":"Snecko","floor":29.0,"turns":2.0},{"damage":40.0,"enemies":"Champ","floor":33.0,"turns":7.0},{"damage":0.0,"enemies":"3 Shapes","floor":35.0,"turns":2.0},{"damage":0.0,"enemies":"Orb Walker","floor":38.0,"turns":1.0},{"damage":1.0,"enemies":"Reptomancer","floor":41.0,"turns":5.0},{"damage":0,"enemies":"Writhing Mass","floor":44,"turns":1},{"damage":0,"enemies":"3 Darklings","floor":48,"turns":4},{"damage":0,"enemies":"Time Eater","floor":50,"turns":3}],"seed_played":"-6075307380003416083","potions_obtained":[{"floor":1.0,"key":"BottledMiracle"},{"floor":10.0,"key":"Block Potion"},{"floor":12.0,"key":"Fruit Juice"},{"floor":14.0,"key":"ColorlessPotion"},{"floor":16.0,"key":"BottledMiracle"},{"floor":18.0,"key":"Swift Potion"},{"floor":20.0,"key":"StancePotion"},{"floor":38.0,"key":"PowerPotion"}],"is_trial":false,"path_per_floor":["M","?","M","$","?","R","E","M","T","E","R","M","R","M","R","B",null,"M","?","M","$","?","E","?","M","T","?","T","M","$","?","R","B",null,"M","?","?","M","?","R","E","R","T","M","$","?","R","M","R","B",null],"character_chosen":"WATCHER","items_purchased":["WheelKick","EmptyMind","Weave","OrangePellets","SteroidPotion","FearPotion"],"campfire_rested":4,"item_purchase_floors":[4,4,4,21,45,45],"current_hp_per_floor":[72,61,61,61,47,47,31,31,31,25,25,29,29,29,29,29,77,76,76,76,76,60,51,51,51,58,58,58,58,58,58,83,45,86,88,84,84,86,86,96,97,97,97,100,100,110,110,112,112,112],"gold":115,"neow_bonus":"BOSS_RELIC","is_daily":false,"chose_seed":false,"campfire_upgraded":4,"win_rate":0.0,"timestamp":1611049619,"path_taken":["M","?","M","$","?","R","E","M","T","E","R","M","R","M","R","BOSS","M","?","M","$","?","E","?","?","T","?","?","M","?","?","R","BOSS","M","?","?","M","?","R","E","R","T","?","?","?","R","M","R","BOSS"],"items_purchased_type":["Card","Card","Card","Relic","Potion","Potion"],"build_version":"2020-12-22","purchased_purges":3,"victory":true,"max_hp_per_floor":[72,72,72,72,72,72,72,72,72,72,72,77,77,77,77,77,77,77,77,77,77,77,77,77,77,84,84,84,84,84,84,84,86,86,88,94,94,96,96,96,98,98,98,100,100,110,110,112,112,112],"card_choices":[{"not_picked":[],"picked":"Wallop","floor":1.0},{"not_picked":[],"picked":"FollowUp","floor":3.0},{"not_picked":["Halt"],"picked":"SKIP","floor":7.0},{"not_picked":["FlurryOfBlows"],"picked":"SKIP","floor":8.0},{"not_picked":[],"picked":"SashWhip","floor":10.0},{"not_picked":[],"picked":"Evaluate","floor":12.0},{"not_picked":["PathToVictory"],"picked":"SKIP","floor":14.0},{"not_picked":[],"picked":"PathToVictory","floor":14.0},{"not_picked":[],"picked":"LessonLearned","floor":16.0},{"not_picked":["FlurryOfBlows"],"picked":"SKIP","floor":18.0},{"not_picked":[],"picked":"PathToVictory+1","floor":20.0},{"not_picked":[],"picked":"LikeWater+1","floor":23.0},{"not_picked":["WaveOfTheHand+1"],"picked":"SKIP","floor":25.0},{"not_picked":[],"picked":"InnerPeace+1","floor":29.0},{"not_picked":["Judgement"],"picked":"Singing Bowl","floor":33.0},{"not_picked":["CutThroughFate+1"],"picked":"Singing Bowl","floor":35.0},{"not_picked":["Apotheosis"],"picked":"Singing Bowl","floor":36.0},{"not_picked":["Forethought"],"picked":"Singing Bowl","floor":36.0},{"not_picked":["Trip"],"picked":"Singing Bowl","floor":36.0},{"not_picked":["SashWhip"],"picked":"Singing Bowl","floor":38.0},{"not_picked":["Crescendo+1"],"picked":"Singing Bowl","floor":41.0},{"not_picked":["SandsOfTime"],"picked":"Singing Bowl","floor":44},{"not_picked":["FlurryOfBlows"],"picked":"Singing Bowl","floor":48}],"player_experience":399736,"relics_obtained":[{"floor":7.0,"key":"TeardropLocket"},{"floor":9.0,"key":"Boot"},{"floor":10.0,"key":"Ancient Tea Set"},{"floor":22.0,"key":"Necronomicon"},{"floor":23.0,"key":"Lantern"},{"floor":26.0,"key":"Strawberry"},{"floor":28.0,"key":"Singing Bowl"},{"floor":41.0,"key":"Blood Vial"},{"floor":43.0,"key":"Bag of Marbles"}],"event_choices":[{"damage_healed":0.0,"max_hp_gain":0.0,"max_hp_loss":0.0,"gold_gain":75.0,"event_name":"World of Goop","player_choice":"Gather Gold","floor":2.0,"gold_loss":0.0,"damage_taken":11.0},{"damage_healed":0.0,"max_hp_gain":0.0,"max_hp_loss":0.0,"gold_gain":0.0,"event_name":"Shining Light","player_choice":"Entered Light","floor":5.0,"gold_loss":0.0,"damage_taken":14.0,"cards_upgraded":["Defend_P","Defend_P"]},{"damage_healed":0.0,"max_hp_gain":0.0,"max_hp_loss":0.0,"gold_gain":0.0,"event_name":"Vampires","player_choice":"Ignored","floor":19.0,"gold_loss":0.0,"damage_taken":0.0},{"damage_healed":0.0,"max_hp_gain":0.0,"max_hp_loss":0.0,"gold_gain":0.0,"event_name":"Cursed Tome","player_choice":"Obtained Book","floor":22.0,"gold_loss":0.0,"damage_taken":16.0},{"damage_healed":0.0,"max_hp_gain":0.0,"max_hp_loss":0.0,"gold_gain":0.0,"event_name":"NoteForYourself","player_choice":"Ignored","floor":24.0,"gold_loss":0.0,"damage_taken":0.0},{"damage_healed":0.0,"max_hp_gain":0.0,"max_hp_loss":4.0,"gold_gain":0.0,"event_name":"betterThird:BetterWriting","player_choice":"Materialism","floor":27.0,"gold_loss":0.0,"damage_taken":0.0},{"damage_healed":0.0,"max_hp_gain":0.0,"max_hp_loss":0.0,"gold_gain":99.0,"event_name":"betterThird:BetterNest","player_choice":"Steal","floor":31.0,"gold_loss":0.0,"damage_taken":0.0},{"damage_healed":0.0,"max_hp_gain":0.0,"max_hp_loss":0.0,"gold_gain":0.0,"event_name":"SensoryStone","player_choice":"Memory 3","floor":36.0,"gold_loss":0.0,"damage_taken":10.0},{"damage_healed":0.0,"max_hp_gain":0.0,"max_hp_loss":0.0,"gold_gain":0.0,"event_name":"Mysterious Sphere","player_choice":"Ignored","floor":37.0,"gold_loss":0.0,"damage_taken":0.0},{"damage_healed":0.0,"max_hp_gain":0.0,"max_hp_loss":0.0,"gold_gain":0.0,"event_name":"Upgrade Shrine","player_choice":"Ignored","floor":39.0,"gold_loss":0.0,"damage_taken":0.0},{"cards_removed":["LessonLearned"],"damage_healed":0,"gold_gain":0,"player_choice":"Offered Rare","damage_taken":0,"max_hp_gain":10,"max_hp_loss":0,"event_name":"Bonfire Elementals","floor":46,"gold_loss":0}],"is_beta":false,"boss_relics":[{"not_picked":["Ectoplasm","Cursed Key"],"picked":"Astrolabe"},{"not_picked":["SlaversCollar","Pandora\u0027s Box"],"picked":"VioletLotus"}],"items_purged_floors":[21,30,45],"is_endless":false,"potions_floor_spawned":[1,10,12,14,16,18,20,38],"ascension_level":0}}