{"host":"28bpuzdckreop5i0","time":1611065982,"event":{"mods":["Aspiration","BaseMod","Challenge The Spire","Defuse TimeMaze Blight","Downfall","Energized Spire","GifTheSpireLib","Googly Eyes","Minty Spire (QoL Compilation)","Relic Stats","Shop Mod","Spicy Shops","StSLib","Stuff the Spire","The Awakened One except there are too many feathers","The IronCluck","Transform Curses","slay the spire mod where everything is the same but ironclad has a cowboy hat"],"gold_per_floor":[0,18,28,178,198,209,209,224,224,224,234,246,262,275,293,293,293],"floor_reached":16,"language":"ENG","playtime":748,"items_purged":[],"score":100,"play_id":"386e1047-468d-45ae-8c8b-8ef030f7d787","local_time":"20210119081942","is_ascension_mode":false,"campfire_choices":[{"data":"bronze:Virus","floor":1.0,"key":"SMITH"},{"floor":9.0,"key":"REST"}],"circlet_count":0,"master_deck":["bronze:Strike","bronze:Strike","bronze:Strike","bronze:Strike","bronze:Defend","bronze:Defend","bronze:Defend","bronze:Defend","bronze:Replicate","bronze:Goto","bronze:Virus+1","bronze:DelayedSlice","downfall:Icky","bronze:RecursiveStrike","bronze:Terminator","bronze:Terminator","bronze:MaxOutput","bronze:Shield"],"relics":["bronze:BronzeCore","Letter Opener"],"acts_visited":["Exordium"],"potions_floor_usage":[14,14,16],"damage_taken":[{"damage":2.0,"enemies":"2 Louse","floor":2.0,"turns":2.0},{"damage":6.0,"enemies":"Jaw Worm","floor":3.0,"turns":2.0},{"damage":0.0,"enemies":"Cultist","floor":5.0,"turns":2.0},{"damage":13.0,"enemies":"2 Fungi Beasts","floor":6.0,"turns":3.0},{"damage":12.0,"enemies":"Blue Slaver","floor":8.0,"turns":3.0},{"damage":8.0,"enemies":"Lots of Slimes","floor":11.0,"turns":2.0},{"damage":11.0,"enemies":"3 Louse","floor":12.0,"turns":2.0},{"damage":9,"enemies":"Gremlin Gang","floor":13,"turns":3},{"damage":16,"enemies":"Lots of Slimes","floor":14,"turns":3},{"damage":14,"enemies":"Blue Slaver","floor":15,"turns":3},{"damage":19,"enemies":"DF_ARCHETYPE_STREAMLINE","floor":16,"turns":3}],"seed_played":"-6361125729322904376","potions_obtained":[{"floor":3.0,"key":"FearPotion"},{"floor":6.0,"key":"EssenceOfSteel"},{"floor":11.0,"key":"champ:CounterPotion"},{"floor":12.0,"key":"PowerPotion"},{"floor":15,"key":"Fire Potion"}],"is_trial":false,"path_per_floor":["R","M","M","?","M","M","T","M","R","?","M","M","M","M","M","B"],"character_chosen":"THE_AUTOMATON","items_purchased":[],"campfire_rested":1,"item_purchase_floors":[],"current_hp_per_floor":[70,68,62,62,62,49,49,37,58,65,57,46,37,21,7,0,0],"gold":293,"neow_bonus":"THREE_RARE_CARDS","is_daily":false,"chose_seed":false,"campfire_upgraded":1,"win_rate":0.0,"timestamp":1611065982,"path_taken":["R","M","M","?","M","M","T","M","R","?","M","?","M","M","M","BOSS"],"items_purchased_type":[],"build_version":"2020-12-22","purchased_purges":0,"victory":false,"max_hp_per_floor":[70,70,70,70,70,70,70,70,70,70,70,70,70,70,70,70,70],"relic_stats":{"counters":[11,28],"Letter Opener":[5],"obtain_stats":[{"bronze:BronzeCore":0,"Letter Opener":7},{"bronze:BronzeCore":0,"Letter Opener":4},{"bronze:BronzeCore":0,"Letter Opener":9}]},"card_choices":[{"not_picked":["bronze:HardenedForm","bronze:RecursiveStrike"],"picked":"bronze:Virus","floor":0.0},{"not_picked":["bronze:Shield","bronze:DarkDash","bronze:Overload"],"picked":"SKIP","floor":2.0},{"not_picked":["bronze:DelayedGuard","bronze:Repulsor"],"picked":"bronze:DelayedSlice","floor":3.0},{"not_picked":["bronze:Invalidate","bronze:FineTuning","bronze:Overheat"],"picked":"SKIP","floor":5.0},{"not_picked":["bronze:CloningBeam","bronze:GetLatest"],"picked":"bronze:RecursiveStrike","floor":6.0},{"not_picked":["bronze:Shield","bronze:Invalidate","bronze:ItsAFeature"],"picked":"SKIP","floor":8.0},{"not_picked":["bronze:Overheat","bronze:Constructor","bronze:ForLoop"],"picked":"SKIP","floor":11.0},{"not_picked":["bronze:Return","bronze:WildBeam"],"picked":"bronze:Terminator","floor":12.0},{"not_picked":["bronze:Philosophize","bronze:ClassDefault"],"picked":"bronze:Terminator","floor":13},{"not_picked":["bronze:DelayedGuard","bronze:Invalidate"],"picked":"bronze:MaxOutput","floor":14},{"not_picked":["bronze:CutThrough","bronze:RecursiveStrike"],"picked":"bronze:Shield","floor":15}],"player_experience":899824,"relics_obtained":[{"floor":7.0,"key":"Letter Opener"}],"event_choices":[],"is_beta":false,"boss_relics":[],"items_purged_floors":[],"is_endless":false,"potions_floor_spawned":[3,6,11,12,15],"killed_by":"DF_ARCHETYPE_STREAMLINE","ascension_level":0}}