{"host":"qxeepl7ydvsgmfdb","time":1611043134,"event":{"mods":["AchievementEnabler","BaseMod","Colored Powertips","Minty Spire (QoL Compilation)","Quick Restart","slay the spire mod where everything is the same but ironclad has a cowboy hat"],"gold_per_floor":[117,67,67,242,261,291,291,321,321,321,321,338,354,365,365,365,365],"floor_reached":16,"language":"ENG","playtime":368,"items_purged":[],"score":149,"play_id":"ae09aa3f-b324-4966-a0f2-1bda28939014","local_time":"20210119025854","is_ascension_mode":true,"campfire_choices":[{"data":"Zap","floor":7,"key":"SMITH"},{"floor":10,"key":"REST"},{"floor":15,"key":"REST"}],"circlet_count":0,"master_deck":["Strike_B+1","Strike_B+1","Defend_B","Defend_B","Defend_B","Defend_B","Zap+1","Dualcast","Doubt","Self Repair","Cold Snap"],"relics":["Cracked Core","NeowsBlessing","Ice Cream","Whetstone","Dead Branch"],"acts_visited":["Exordium"],"potions_floor_usage":[16],"damage_taken":[{"damage":0,"enemies":"Jaw Worm","floor":1,"turns":1},{"damage":0,"enemies":"Cultist","floor":5,"turns":1},{"damage":0,"enemies":"3 Sentries","floor":6,"turns":1},{"damage":46,"enemies":"Lagavulin","floor":8,"turns":10},{"damage":7,"enemies":"Small Slimes","floor":12,"turns":3},{"damage":7,"enemies":"Looter","floor":13,"turns":3},{"damage":15,"enemies":"2 Fungi Beasts","floor":14,"turns":4},{"damage":69,"enemies":"Slime Boss","floor":16,"turns":10}],"seed_played":"-3194661978566767435","potions_obtained":[{"floor":1,"key":"SteroidPotion"},{"floor":12,"key":"PotionOfCapacity"},{"floor":13,"key":"LiquidMemories"}],"is_trial":false,"path_per_floor":["M","?","$","?","M","E","R","E","T","R","?","M","M","M","R","B"],"character_chosen":"DEFECT","items_purchased":[],"campfire_rested":2,"item_purchase_floors":[],"current_hp_per_floor":[75,75,75,75,75,75,75,29,29,51,51,44,44,36,58,0,0],"gold":365,"neow_bonus":"THREE_ENEMY_KILL","is_daily":false,"chose_seed":false,"campfire_upgraded":1,"win_rate":0.0,"timestamp":1611043134,"path_taken":["M","?","$","?","M","E","R","E","T","R","?","M","?","M","R","BOSS"],"items_purchased_type":[],"build_version":"2020-12-22","purchased_purges":0,"victory":false,"max_hp_per_floor":[75,75,75,75,75,75,75,75,75,75,75,75,75,75,75,75,75],"card_choices":[{"not_picked":["Hello World","Gash","Barrage"],"picked":"SKIP","floor":1},{"not_picked":["Hologram","Rebound","Hello World"],"picked":"SKIP","floor":5},{"not_picked":["Double Energy","Storm","Compile Driver"],"picked":"SKIP","floor":6},{"not_picked":["Steam","Heatsinks","Glacier"],"picked":"SKIP","floor":8},{"not_picked":["Gash","Creative AI","FTL"],"picked":"SKIP","floor":12},{"not_picked":["Coolheaded","Rebound"],"picked":"Cold Snap","floor":13},{"not_picked":["Beam Cell","Storm","Tempest"],"picked":"SKIP","floor":14}],"player_experience":175802,"relics_obtained":[{"floor":6,"key":"Ice Cream"},{"floor":8,"key":"Whetstone"},{"floor":9,"key":"Dead Branch"}],"event_choices":[{"cards_removed":["Strike_B"],"damage_healed":0,"gold_gain":0,"player_choice":"Card Removal","damage_taken":0,"max_hp_gain":0,"max_hp_loss":0,"event_name":"The Cleric","floor":2,"gold_loss":50},{"damage_healed":0,"gold_gain":175,"player_choice":"AGREE","damage_taken":0,"max_hp_gain":0,"max_hp_loss":0,"event_name":"Liars Game","floor":4,"gold_loss":0,"cards_obtained":["Doubt"]},{"damage_healed":0,"gold_gain":0,"cards_transformed":["Strike_B"],"player_choice":"Transformed","damage_taken":0,"max_hp_gain":0,"max_hp_loss":0,"event_name":"Transmorgrifier","floor":11,"gold_loss":0,"cards_obtained":["Self Repair"]}],"is_beta":false,"boss_relics":[],"items_purged_floors":[],"is_endless":false,"potions_floor_spawned":[1,12,13],"killed_by":"Slime Boss","ascension_level":2}}