{"host":"4hkuu26ltn0le3bk","time":1611031074,"event":{"mods":["100% Spire Juice","Arknights The Spire","Astrologer","BaseMod","BetterRewards","Clockwork Mod","Colored Map","Colored Powertips","Downfall","Friendly Minions","Gremlin Mod","Hermit","Marisa????????","Minty Spire (QoL Compilation)","Quick Restart","StSLib","Td1madao Mod","The Bug Knight","The Construct","The Cursed","The Disciple","The Factory","The Hierophant","The Jungle","The Servant 0.9.4"],"gold_per_floor":[109,184,134,10,10,10,26,26,52,72,84,99,127,153,153,250,250,260,279,229,229,249,249,259,272,272,272,296,296,315,325,325,420,420,439,539,550,550,850,884,884,902,902,911,922,935,789,789,789],"floor_reached":48,"language":"ENG","playtime":3797,"items_purged":["downfall:Haunted"],"score":514,"play_id":"a58f2d32-3ac4-41a5-9108-16dfcbc4f8ec","local_time":"20210118233754","is_ascension_mode":false,"campfire_choices":[{"data":"TheCursedMod:FleshFromBone","floor":6.0,"key":"SMITH"},{"data":"TheCursedMod:Hemoplague","floor":8.0,"key":"SMITH"},{"data":"TheCursedMod:ReleasedKnowledge","floor":15.0,"key":"SMITH"},{"data":"TheCursedMod:FleshFromBone","floor":23.0,"key":"SMITH"},{"data":"TheCursedMod:CircleOfAbyss","floor":27.0,"key":"SMITH"},{"data":"TheCursedMod:CursedSpellbook","floor":32.0,"key":"SMITH"},{"floor":41,"key":"RECALL"},{"floor":44,"key":"REST"}],"circlet_count":0,"master_deck":["TheCursedMod:Strike_TheCursed+1","TheCursedMod:Defend_TheCursed+1","TheCursedMod:Defend_TheCursed","TheCursedMod:Defend_TheCursed","TheCursedMod:Defend_TheCursed","TheCursedMod:CursedWand+1","TheCursedMod:CleanUpWorkshop+1","TheCursedMod:Dregs","TheCursedMod:FleshFromBone+1","TheCursedMod:Hemoplague+1","TheCursedMod:FleshFromBone+1","TheCursedMod:CircleOfAbyss+1","TheCursedMod:TacticalStrike","TheCursedMod:CursedSpellbook","TheCursedMod:ReleasedKnowledge+1","TheCursedMod:Stretching","TheCursedMod:NeowsMight","CurseOfTheBell","TheCursedMod:Hemoplague","TheCursedMod:CursedShiv+1","TheCursedMod:CursedSpellbook+1","TheCursedMod:Hemoplague","TheCursedMod:WearCloak+1","TheCursedMod:AntiAging","TheCursedMod:CursedBlade+1","Injury","downfall:Haunted","TheCursedMod:Neurasthenia","TheCursedMod:Torture+1","TheCursedMod:Stretching+1","TheCursedMod:Stretching+1"],"relics":["TheCursedMod:BlackMagic101","War Paint","Dream Catcher","Calling Bell","Blood Vial","HollowMod:StagPassRelic","Calipers","TheCursedMod:DemonicMark","Whetstone","TheCursedMod:FourLeafCloverCharm","CeramicFish","Ancient Tea Set"],"acts_visited":["Exordium","TheCity","TheCity"],"potions_floor_usage":[37,45,48],"damage_taken":[{"damage":0.0,"enemies":"2 Louse","floor":1.0,"turns":3.0},{"damage":0.0,"enemies":"Small Slimes","floor":7.0,"turns":5.0},{"damage":5.0,"enemies":"Jaw Worm","floor":10.0,"turns":5.0},{"damage":2.0,"enemies":"Looter","floor":11.0,"turns":4.0},{"damage":4.0,"enemies":"Large Slime","floor":12.0,"turns":10.0},{"damage":1.0,"enemies":"Lagavulin","floor":13.0,"turns":13.0},{"damage":10.0,"enemies":"The Guardian","floor":16.0,"turns":10.0},{"damage":0.0,"enemies":"3 Byrds","floor":18.0,"turns":5.0},{"damage":15.0,"enemies":"Chosen","floor":19.0,"turns":8.0},{"damage":1.0,"enemies":"Centurion and Healer","floor":22.0,"turns":15.0},{"damage":7.0,"enemies":"Chosen and Byrds","floor":24.0,"turns":6.0},{"damage":21.0,"enemies":"Shelled Parasite and Fungi","floor":25.0,"turns":6.0},{"damage":7.0,"enemies":"3 Cultists","floor":30.0,"turns":6.0},{"damage":1.0,"enemies":"Snake Plant","floor":31.0,"turns":4.0},{"damage":4.0,"enemies":"Champ","floor":33.0,"turns":20.0},{"damage":9.0,"enemies":"theFactory:4_Mini-Bots","floor":35.0,"turns":5.0},{"damage":12,"enemies":"theFactory:2_Experiment_Personnel","floor":37,"turns":7},{"damage":27,"enemies":"theFactory:Manservantes","floor":40,"turns":15},{"damage":55,"enemies":"theFactory:Big_Bot_Bundle","floor":42,"turns":7},{"damage":0,"enemies":"theFactory:Sentry and Guards","floor":45,"turns":8},{"damage":25,"enemies":"theFactory:Personnel_and_Big_Bot","floor":46,"turns":10},{"damage":17,"enemies":"theFactory:Big_Bot_Bundle","floor":48,"turns":3}],"seed_played":"-5686321668842628484","potions_obtained":[{"floor":1.0,"key":"CultistPotion"},{"floor":7.0,"key":"Block Potion"},{"floor":11.0,"key":"Dexterity Potion"},{"floor":13.0,"key":"Weak Potion"},{"floor":16.0,"key":"Strength Potion"},{"floor":19.0,"key":"Energy Potion"},{"floor":35.0,"key":"Regen Potion"},{"floor":42,"key":"DistilledChaos"}],"is_trial":false,"path_per_floor":["M","?","?","$","?","R","M","R","T","M","M","M","E","T","R","B",null,"M","M","?","$","M","R","M","M","T","R","T","?","M","M","R","B",null,"M","?","M","?","?","E","R","M","T","R","M","M","$","M"],"character_chosen":"THE_CURSED","items_purchased":["TheCursedMod:Hemoplague","TheCursedMod:FleshFromBone","EssenceOfSteel"],"campfire_rested":1,"item_purchase_floors":[4,4,47],"current_hp_per_floor":[82,71,71,71,71,71,71,71,71,66,64,60,59,59,59,49,82,82,67,67,67,68,68,63,44,44,44,44,44,39,40,40,38,82,75,75,82,82,82,59,59,6,6,32,34,13,13,0,0],"gold":789,"neow_bonus":"TEN_PERCENT_HP_BONUS","is_daily":false,"chose_seed":false,"campfire_upgraded":6,"win_rate":0.0,"timestamp":1611031074,"path_taken":["M","?","?","?","?","R","M","R","T","M","M","M","E","?","R","BOSS","M","?","?","$","M","R","M","?","T","R","?","?","M","M","R","BOSS","M","?","M","?","?","E","R","M","T","R","M","M","$","?"],"items_purchased_type":["Card","Card","Potion"],"build_version":"2020-12-22","purchased_purges":1,"victory":false,"max_hp_per_floor":[82,82,82,82,82,82,82,82,82,82,82,82,82,82,82,82,82,82,82,82,82,82,82,82,82,82,82,82,82,82,82,82,82,82,84,84,86,86,86,88,88,88,88,88,88,90,90,90,90],"card_choices":[{"not_picked":["TheCursedMod:TroublousMinions","TheCursedMod:RapidMovement"],"picked":"TheCursedMod:FleshFromBone","floor":1.0},{"not_picked":["TheCursedMod:Wield","TheCursedMod:CircleOfFlame"],"picked":"TheCursedMod:TacticalStrike","floor":7.0},{"not_picked":["TheCursedMod:WearCloak","TheCursedMod:SpitefulPray"],"picked":"TheCursedMod:CursedSpellbook","floor":10.0},{"not_picked":["TheCursedMod:CircleOfCorruption","TheCursedMod:CircleOfFlame"],"picked":"TheCursedMod:ReleasedKnowledge","floor":11.0},{"not_picked":["TheCursedMod:Wield","TheCursedMod:SpitefulStrike"],"picked":"TheCursedMod:Stretching","floor":12.0},{"not_picked":["TheCursedMod:Wield","TheCursedMod:DoubleShield","TheCursedMod:Torture"],"picked":"SKIP","floor":13.0},{"not_picked":["TheCursedMod:DarkBarrier","TheCursedMod:DemonSword"],"picked":"TheCursedMod:NeowsMight","floor":16.0},{"not_picked":["TheCursedMod:FuryStrike","TheCursedMod:CircleOfWindfury"],"picked":"TheCursedMod:Hemoplague","floor":18.0},{"not_picked":["TheCursedMod:FuryStrike","TheCursedMod:ManaBullet+1","TheCursedMod:ReleasedKnowledge"],"picked":"SKIP","floor":19.0},{"not_picked":["TheCursedMod:FleshFromBone","TheCursedMod:CursedAmulet"],"picked":"TheCursedMod:CursedShiv+1","floor":22.0},{"not_picked":["TheCursedMod:SurpriseAttack","TheCursedMod:CursedBlade"],"picked":"TheCursedMod:CursedSpellbook","floor":24.0},{"not_picked":["TheCursedMod:CircleOfCorruption","TheCursedMod:SpitefulStrike"],"picked":"TheCursedMod:Hemoplague","floor":25.0},{"not_picked":["TheCursedMod:AshesToAshes+1","TheCursedMod:SpitefulPray"],"picked":"TheCursedMod:WearCloak+1","floor":30.0},{"not_picked":["TheCursedMod:Stigma","TheCursedMod:CircleOfFlame","TheCursedMod:Torture"],"picked":"SKIP","floor":31.0},{"not_picked":["TheCursedMod:ShockAndAwe","TheCursedMod:VoidForm"],"picked":"TheCursedMod:AntiAging","floor":33.0},{"not_picked":["TheCursedMod:CursedShiv","TheCursedMod:TroublousMinions+1"],"picked":"TheCursedMod:CursedBlade+1","floor":35.0},{"not_picked":["TheCursedMod:CircleOfFocus","TheCursedMod:CursedMace"],"picked":"TheCursedMod:Torture+1","floor":37},{"not_picked":["TheCursedMod:RapidMovement+1","TheCursedMod:CursedArmor"],"picked":"TheCursedMod:Stretching+1","floor":40},{"not_picked":["TheCursedMod:Torture","TheCursedMod:Stigma+1","TheCursedMod:SoulCrush+1"],"picked":"SKIP","floor":42},{"not_picked":["TheCursedMod:DoubleShield+1","TheCursedMod:CursedBlade+1"],"picked":"TheCursedMod:Stretching+1","floor":44},{"not_picked":["TheCursedMod:Wield+1","TheCursedMod:CursedMace","TheCursedMod:SurpriseAttack"],"picked":"SKIP","floor":45},{"not_picked":["TheCursedMod:SoulReap+1","TheCursedMod:DemonSword","TheCursedMod:Stretching"],"picked":"SKIP","floor":46}],"player_experience":236238,"relics_obtained":[{"floor":13.0,"key":"War Paint"},{"floor":14.0,"key":"Dream Catcher"},{"floor":17.0,"key":"Blood Vial"},{"floor":17.0,"key":"HollowMod:StagPassRelic"},{"floor":17.0,"key":"Calipers"},{"floor":26.0,"key":"TheCursedMod:DemonicMark"},{"floor":28.0,"key":"Whetstone"},{"floor":40,"key":"CeramicFish"},{"floor":43,"key":"Ancient Tea Set"}],"event_choices":[{"damage_healed":0.0,"max_hp_gain":0.0,"max_hp_loss":0.0,"gold_gain":75.0,"event_name":"World of Goop","player_choice":"Gather Gold","floor":2.0,"gold_loss":0.0,"damage_taken":11.0},{"cards_removed":["TheCursedMod:Strike_TheCursed"],"damage_healed":0.0,"max_hp_gain":0.0,"max_hp_loss":0.0,"gold_gain":0.0,"event_name":"The Cleric","player_choice":"Card Removal","floor":3.0,"gold_loss":50.0,"damage_taken":0.0},{"damage_healed":0.0,"max_hp_gain":0.0,"max_hp_loss":0.0,"gold_gain":0.0,"cards_transformed":["TheCursedMod:Strike_TheCursed"],"event_name":"Living Wall","player_choice":"Change","floor":5.0,"gold_loss":0.0,"damage_taken":0.0,"cards_obtained":["TheCursedMod:CircleOfAbyss"]},{"damage_healed":0.0,"max_hp_gain":0.0,"max_hp_loss":0.0,"gold_gain":0.0,"event_name":"The Joust","player_choice":"Bet on Owner","floor":20.0,"gold_loss":50.0,"damage_taken":0.0},{"cards_removed":["TheCursedMod:Strike_TheCursed"],"damage_healed":0.0,"max_hp_gain":0.0,"max_hp_loss":0.0,"gold_gain":0.0,"event_name":"Back to Basics","player_choice":"Elegance","floor":29.0,"gold_loss":0.0,"damage_taken":0.0}],"is_beta":false,"boss_relics":[{"not_picked":["Astrolabe","Fusion Hammer"],"picked":"Calling Bell"},{"not_picked":["Pandora\u0027s Box","bronze:MakeshiftBattery"],"picked":"TheCursedMod:FourLeafCloverCharm"}],"items_purged_floors":[47],"is_endless":false,"potions_floor_spawned":[1,7,11,13,16,19,22,25,35,42],"killed_by":"theFactory:Big_Bot_Bundle","ascension_level":0}}