{"host":"kmq7aw60w430zvtx","time":1611062658,"event":{"mods":["BaseMod","Downfall","GifTheSpireLib","Hermit","Hubris","Minty Spire (QoL Compilation)","StSLib","The Construct","The Cursed","The Hierophant","The Jungle","The Necromancer","The Runesmith"],"gold_per_floor":[110,127,141,141,159,159,184,1,49,68,33,52,65,78,78,173,173,185,195,195,195,195],"floor_reached":21,"language":"ENG","playtime":1345,"items_purged":[],"score":250,"play_id":"55429de8-ebb8-4e39-a159-f378eed7fdc3","local_time":"20210119142418","is_ascension_mode":true,"campfire_choices":[{"floor":6,"key":"REST"},{"floor":15,"key":"REST"}],"circlet_count":0,"master_deck":["Strike_G","Strike_G+1","Strike_G","Strike_G","Strike_G","Defend_G","Defend_G","Defend_G","Defend_G+1","Defend_G","Survivor","Neutralize","Discovery","Underhanded Strike","Eviscerate","Reflex","Prepared","Prepared","Eviscerate","hubris:SlightOfHand","Acrobatics","hubris:SlightOfHand","Tools of the Trade","Underhanded Strike","hubris:SlightOfHand+1"],"relics":["Ring of the Snake","Singing Bowl","Oddly Smooth Stone","Black Star"],"acts_visited":["Exordium","TheCity"],"potions_floor_usage":[7,12,16],"damage_taken":[{"damage":4,"enemies":"2 Louse","floor":1,"turns":4},{"damage":11,"enemies":"Jaw Worm","floor":2,"turns":6},{"damage":7,"enemies":"Small Slimes","floor":3,"turns":5},{"damage":1,"enemies":"Looter","floor":5,"turns":3},{"damage":8,"enemies":"Gremlin Nob","floor":7,"turns":3},{"damage":0,"enemies":"Blue Slaver","floor":10,"turns":2},{"damage":15,"enemies":"Exordium Wildlife","floor":12,"turns":5},{"damage":0,"enemies":"Looter","floor":13,"turns":1},{"damage":17,"enemies":"Exordium Thugs","floor":14,"turns":5},{"damage":27,"enemies":"Slime Boss","floor":16,"turns":10},{"damage":15,"enemies":"Chosen","floor":18,"turns":5},{"damage":20,"enemies":"2 Thieves","floor":19,"turns":4},{"damage":30,"enemies":"Sentry and Sphere","floor":21,"turns":5}],"seed_played":"-1787008810750206472","potions_obtained":[{"floor":2,"key":"Dexterity Potion"},{"floor":3,"key":"SteroidPotion"},{"floor":7,"key":"SkillPotion"},{"floor":12,"key":"FearPotion"}],"is_trial":false,"path_per_floor":["M","M","M","?","M","R","E","$","T","M","?","M","M","M","R","B",null,"M","M","$","M"],"character_chosen":"THE_SILENT","items_purchased":["Oddly Smooth Stone","Eviscerate"],"campfire_rested":2,"item_purchase_floors":[8,8],"current_hp_per_floor":[59,48,41,27,26,47,39,39,39,39,56,41,41,26,47,20,59,44,24,24,0,0],"gold":195,"neow_bonus":"RANDOM_COLORLESS","is_daily":false,"chose_seed":false,"campfire_upgraded":0,"win_rate":0.0,"timestamp":1611062658,"path_taken":["M","M","M","?","M","R","E","$","T","M","?","M","M","M","R","BOSS","M","M","$","M"],"items_purchased_type":["Relic","Card"],"build_version":"2020-12-22","purchased_purges":0,"victory":false,"max_hp_per_floor":[70,70,70,70,70,70,70,70,70,70,70,70,70,72,72,72,72,72,72,72,72,72],"card_choices":[{"not_picked":["Blind","Swift Strike"],"picked":"Discovery","floor":0},{"not_picked":["Deflect","Prepared"],"picked":"Underhanded Strike","floor":1},{"not_picked":["Deflect","Bane"],"picked":"Eviscerate","floor":2},{"not_picked":["Caltrops","Underhanded Strike"],"picked":"Reflex","floor":3},{"not_picked":["Dodge and Roll","Cloak And Dagger"],"picked":"Prepared","floor":5},{"not_picked":["Dodge and Roll","hubris:TrickCloak"],"picked":"Prepared","floor":7},{"not_picked":["Well Laid Plans","Dodge and Roll"],"picked":"hubris:SlightOfHand","floor":10},{"not_picked":["Terror","Distraction"],"picked":"Acrobatics","floor":12},{"not_picked":["Noxious Fumes","Terror"],"picked":"hubris:SlightOfHand","floor":13},{"not_picked":["Catalyst","Poisoned Stab","Setup"],"picked":"Singing Bowl","floor":14},{"not_picked":["Phantasmal Killer","Burst"],"picked":"Tools of the Trade","floor":16},{"not_picked":["hubris:Sniper","Deadly Poison"],"picked":"Underhanded Strike","floor":18},{"not_picked":["Quick Slash","Escape Plan"],"picked":"hubris:SlightOfHand+1","floor":19}],"player_experience":304715,"relics_obtained":[{"floor":7,"key":"Singing Bowl"}],"event_choices":[{"damage_healed":0,"gold_gain":0,"player_choice":"Entered Light","damage_taken":14,"max_hp_gain":0,"max_hp_loss":0,"event_name":"Shining Light","floor":4,"gold_loss":0,"cards_upgraded":["Strike_G","Defend_G"]},{"damage_healed":17,"gold_gain":0,"player_choice":"Healed","damage_taken":0,"max_hp_gain":0,"max_hp_loss":0,"event_name":"The Cleric","floor":11,"gold_loss":35}],"is_beta":false,"boss_relics":[{"not_picked":["hubris:CrackedHourglass","Runesmith:UraniumAnvil"],"picked":"Black Star"}],"items_purged_floors":[],"is_endless":false,"potions_floor_spawned":[2,3,7,12],"killed_by":"Sentry and Sphere","ascension_level":7}}