{"host":"grooae7peokc63vv","time":1611077772,"event":{"mods":["ATMod(°¢èªMod)","BaseMod","Minty Spire (QoL Compilation)","MostiFishMod","Replay The Spire","StSLib","TestMod"],"gold_per_floor":[110,130,141,316,334,366,384,413,413,9,30,30,83,115,115,212,212,242,279,304,304,325,386,386,429,429,429,468,468,78,123,123,258,258,294,115,149,184,216,262,294,341,341,341,375,375,335,375,375,432],"floor_reached":51,"language":"ZHS","playtime":3181,"items_purged":[],"score":1734,"play_id":"61e45c57-ca02-4986-b215-41327ab31aaf","local_time":"20210120013612","is_ascension_mode":true,"campfire_choices":[{"data":"Armaments","floor":12,"key":"SMITH"},{"data":"MostiFishMod:HellRitual","floor":15,"key":"SMITH"},{"data":"MostiFishMod:HellRitual","floor":24,"key":"SMITH"},{"data":"Entrench","floor":27,"key":"SMITH"},{"data":"MostiFishMod:PerfectStrikeMKII","floor":32,"key":"SMITH"},{"data":"MostiFishMod:CullingBlade","floor":44,"key":"SMITH"},{"data":"AT_WindFlip","floor":49,"key":"SMITH"}],"circlet_count":0,"master_deck":["AscendersBane","Strike_R","Strike_R","Strike_R+1","Strike_R","Strike_R+1","Defend_R","Defend_R","Defend_R","Defend_R","Bash","AT_WindFlip+1","testmod-Bloodthirsty","Shrug It Off","Twin Strike","MostiFishMod:#F4004+1","Doubt","Seeing Red","Run Through","Armaments+1","MostiFishMod:CullingBlade+1","MostiFishMod:ButterFly+1","Dual Wield","MostiFishMod:HellRitual+1","MostiFishMod:HellRitual+1","Entrench+1","Anger+1","AT_ManFootWork","Languid","Armaments+1","MostiFishMod:PerfectStrikeMKII+1","Limit Break+1","Feed","Dual Wield","Body Slam+1","Parasite","Armaments+1","Dual Wield","Sword Boomerang+1","Body Slam+1","Writhe","Perfected Strike+1"],"relics":["Burning Blood","DaveBox","testmod-TestBox","AT_ATBox","NightmareShop","ReplayTheSpireMod:TigerMarble","SynthV:TestCard","Whetstone","Replay:Bandana","Incense Burner","Du-Vu Doll","testmod-TheFather","GuanYuAspect","ReplayTheSpireMod:Ring of Addiction","ReplayTheSpireMod:Ring of Exchange","Potion Belt","SacredBark","Replay:Bottled Snecko","Art of War","Replay:Kaleidoscope","CultistMask","Technique","testmod-LifeArmor","BranchBurnRelic","Lee\u0027s Waffle","Mummified Hand","AT_GuinsooRageblade","Replay:Rubber Ducky"],"acts_visited":["Exordium","TheCity","TheBeyond"],"potions_floor_usage":[13,22,25,28,31,33,38,40,42,48,48,48,48,50],"damage_taken":[{"damage":0,"enemies":"Small Slimes","floor":1,"turns":2},{"damage":5,"enemies":"Jaw Worm","floor":2,"turns":3},{"damage":6,"enemies":"Cultist","floor":3,"turns":4},{"damage":1,"enemies":"3 Louse","floor":5,"turns":3},{"damage":18,"enemies":"Replay:BlueRogue","floor":6,"turns":5},{"damage":3,"enemies":"Looter","floor":7,"turns":3},{"damage":17,"enemies":"Gremlin Nob","floor":8,"turns":4},{"damage":0,"enemies":"Lots of Slimes","floor":11,"turns":2},{"damage":20,"enemies":"3 Sentries","floor":13,"turns":4},{"damage":15,"enemies":"Exordium Wildlife","floor":14,"turns":3},{"damage":0,"enemies":"Slime Boss","floor":16,"turns":2},{"damage":11,"enemies":"Spheric Guardian","floor":18,"turns":3},{"damage":0,"enemies":"Shell Parasite","floor":19,"turns":1},{"damage":14,"enemies":"Snake Plant","floor":20,"turns":2},{"damage":0,"enemies":"Shelled Parasite and Fungi","floor":22,"turns":1},{"damage":0,"enemies":"Slavers","floor":23,"turns":1},{"damage":0,"enemies":"Replay:Snechameleon","floor":25,"turns":3},{"damage":0,"enemies":"Book of Stabbing","floor":28,"turns":2},{"damage":0,"enemies":"3 Cultists","floor":31,"turns":1},{"damage":15,"enemies":"Pondfish","floor":33,"turns":4},{"damage":1,"enemies":"Orb Walker","floor":35,"turns":2},{"damage":3,"enemies":"3 Shapes","floor":37,"turns":3},{"damage":14,"enemies":"Transient","floor":38,"turns":5},{"damage":1,"enemies":"Writhing Mass","floor":39,"turns":4},{"damage":0,"enemies":"R_Hoarder","floor":40,"turns":2},{"damage":11,"enemies":"4 Shapes","floor":41,"turns":2},{"damage":24,"enemies":"Sphere and 2 Shapes","floor":42,"turns":3},{"damage":0,"enemies":"3 Darklings","floor":45,"turns":3},{"damage":0,"enemies":"Reptomancer","floor":48,"turns":2},{"damage":68,"enemies":"Awakened One","floor":50,"turns":6}],"seed_played":"-5675397438360306092","potions_obtained":[{"floor":1,"key":"SmokeBomb"},{"floor":3,"key":"Strength Potion"},{"floor":16,"key":"Fire Potion"},{"floor":21,"key":"Explosive Potion"},{"floor":21,"key":"LifebloodPotion"},{"floor":25,"key":"EssenceOfSteel"},{"floor":31,"key":"ElixirPotion"},{"floor":38,"key":"BlessingOfTheForge"},{"floor":41,"key":"Languid Potion"},{"floor":45,"key":"EntropicBrew"}],"is_trial":false,"path_per_floor":["M","M","M","?","M","E","M","E","T","$","M","R","E","M","R","B",null,"M","M","M","?","M","E","R","E","T","R","E","?","$","M","R","B",null,"M","$","M","M","M","E","M","M","T","R","M","?","?","E","R","B",null],"character_chosen":"IRONCLAD","items_purchased":["Du-Vu Doll","MostiFishMod:ButterFly","Limit Break","Technique","testmod-LifeArmor","SpeedPotion","Languid Potion","FearPotion"],"campfire_rested":0,"item_purchase_floors":[10,10,30,30,30,36,36,36],"current_hp_per_floor":[78,80,80,80,80,68,80,69,69,69,75,75,67,64,64,70,40,33,40,30,30,40,40,40,40,40,40,40,40,40,40,40,40,47,47,47,45,45,45,45,39,38,38,38,45,43,43,43,43,43],"gold":432,"neow_bonus":"RANDOM_COMMON_RELIC","is_daily":false,"chose_seed":false,"campfire_upgraded":7,"win_rate":0.0,"timestamp":1611077772,"path_taken":["M","M","M","?","M","E","M","E","T","$","M","R","E","M","R","BOSS","M","M","M","?","M","E","R","E","T","R","E","?","$","M","R","BOSS","M","?","M","M","M","E","M","M","T","R","M","?","?","E","R","BOSS"],"items_purchased_type":["Relic","Card","Card","Relic","Relic","Potion","Potion","Potion"],"build_version":"2020-12-22","purchased_purges":0,"victory":true,"max_hp_per_floor":[80,80,80,80,80,80,80,80,80,80,80,80,80,80,80,80,40,40,40,40,40,40,40,40,40,40,40,40,40,40,40,40,40,47,47,47,45,45,45,45,45,45,45,45,45,43,43,43,43,43],"card_choices":[{"not_picked":["Uppercut","Wild Strike"],"picked":"Shrug It Off","floor":1},{"not_picked":["Heavy Blade","Clothesline","Headbutt","Havoc"],"picked":"Twin Strike","floor":2},{"not_picked":["Iron Wave","Havoc","Twin Strike","ReplayReversal"],"picked":"MostiFishMod:#F4004","floor":3},{"not_picked":["Burning Pact","Shockwave","Wild Strike","Clash"],"picked":"Seeing Red","floor":5},{"not_picked":["Bloodletting","Sentinel","Cleave","Dark Embrace"],"picked":"Run Through","floor":6},{"not_picked":["Perfected Strike","Flex","Replay:Undeath\u0027s Touch","Dark Embrace"],"picked":"Armaments","floor":7},{"not_picked":["Iron Wave","Sword Boomerang","Twin Strike","MostiFishMod:FireWorks"],"picked":"MostiFishMod:CullingBlade","floor":8},{"not_picked":["Carnage","AT_BodySlamDance","Warcry","Bloodletting"],"picked":"Dual Wield","floor":11},{"not_picked":["AT_CaressingTears","Thunderclap","Abandon","Battle Trance"],"picked":"MostiFishMod:HellRitual","floor":13},{"not_picked":["Disarm","Warcry","Twin Strike","Seeing Red","Havoc"],"picked":"SKIP","floor":14},{"not_picked":["MostiFishMod:Mania","Berserk","Double Tap","MostiFishMod:FlyOverUtopia"],"picked":"MostiFishMod:HellRitual","floor":16},{"not_picked":["Sentinel","Twin Strike","Clothesline+1","Havoc"],"picked":"Entrench","floor":18},{"not_picked":["Clash","Ghostly Armor","Blood for Blood","Hemokinesis"],"picked":"Anger+1","floor":19},{"not_picked":["Havoc","Iron Wave","Run Through","Warcry+1"],"picked":"AT_ManFootWork","floor":20},{"not_picked":["AT_DiedThrough+1","Shrug It Off","Reckless Charge","Run Through","Warcry"],"picked":"SKIP","floor":22},{"not_picked":["Cleave","MostiFishMod:DarkDeal","Entrench","MostiFishMod:BrandingRite"],"picked":"Armaments+1","floor":23},{"not_picked":["Anger","Headbutt+1","Shrug It Off","True Grit"],"picked":"MostiFishMod:PerfectStrikeMKII","floor":25},{"not_picked":["AT_DrawKnifeCut","ReplayTheSpireMod:Strike From Hell","Run Through+1","Second Wind","Blood for Blood+1"],"picked":"SKIP","floor":28},{"not_picked":["Twin Strike","Entrench","Headbutt","Warcry+1","Rampage"],"picked":"SKIP","floor":31},{"not_picked":["Demonic Infusion","MostiFishMod:FireWorks","MostiFishMod:PerfectStrikeMKII","MostiFishMod:Chiaki"],"picked":"Feed","floor":33},{"not_picked":["Sword Boomerang","Clash","Infernal Blade","Disarm","Seeing Red"],"picked":"SKIP","floor":35},{"not_picked":["Clothesline+1","Body Slam","Clash+1","Warcry"],"picked":"Dual Wield","floor":37},{"not_picked":["Searing Blow","Bloodletting","Life Link","Impervious"],"picked":"Body Slam+1","floor":38},{"not_picked":["Shockwave+1","Clash","Clothesline","Second Wind"],"picked":"Armaments+1","floor":39},{"not_picked":["AT_BodySlamDance","Sentinel+1","Shockwave+1","MostiFishMod:PerfectStrikeMKII"],"picked":"Dual Wield","floor":40},{"not_picked":["Perfected Strike","AT_ShrugMaster","Sentinel","Anger"],"picked":"Sword Boomerang+1","floor":41},{"not_picked":["True Grit+1","Heavy Blade","Abandon","AT_BodySlamDance"],"picked":"Body Slam+1","floor":42},{"not_picked":["Pommel Strike+1","Warcry","Double Tap","Replay:Undeath\u0027s Touch+1","Body Slam"],"picked":"SKIP","floor":45},{"not_picked":["Cleave","Clash","ReplayTheSpireMod:Muscle Training","Burning Pact"],"picked":"Perfected Strike+1","floor":48}],"player_experience":186651,"relics_obtained":[{"floor":1,"key":"SynthV:TestCard"},{"floor":6,"key":"Whetstone"},{"floor":8,"key":"Replay:Bandana"},{"floor":9,"key":"Incense Burner"},{"floor":13,"key":"testmod-TheFather"},{"floor":21,"key":"ReplayTheSpireMod:Ring of Addiction"},{"floor":21,"key":"ReplayTheSpireMod:Ring of Exchange"},{"floor":21,"key":"Potion Belt"},{"floor":21,"key":"SacredBark"},{"floor":23,"key":"Replay:Bottled Snecko"},{"floor":25,"key":"Art of War"},{"floor":26,"key":"Replay:Kaleidoscope"},{"floor":28,"key":"Dead Branch"},{"floor":40,"key":"Mummified Hand"},{"floor":43,"key":"AT_GuinsooRageblade"},{"floor":48,"key":"Replay:Rubber Ducky"}],"event_choices":[{"damage_healed":0,"gold_gain":175,"player_choice":"AGREE","damage_taken":0,"max_hp_gain":0,"max_hp_loss":0,"event_name":"Liars Game","floor":4,"gold_loss":0,"cards_obtained":["Doubt"]},{"damage_healed":0,"gold_gain":0,"player_choice":"Trade","damage_taken":0,"relics_obtained":["CultistMask"],"max_hp_gain":0,"max_hp_loss":0,"event_name":"FaceTrader","floor":29,"gold_loss":0},{"damage_healed":11,"gold_gain":0,"player_choice":"Writhe","damage_taken":0,"max_hp_gain":0,"max_hp_loss":0,"event_name":"Winding Halls","floor":46,"gold_loss":0,"cards_obtained":["Writhe"]},{"damage_healed":0,"gold_gain":0,"player_choice":"Upgrade","damage_taken":0,"max_hp_gain":0,"max_hp_loss":0,"event_name":"Designer","floor":47,"gold_loss":40,"cards_upgraded":["MostiFishMod:ButterFly"]}],"is_beta":false,"boss_relics":[{"not_picked":["HereWithMe","OneHitWonderSystem"],"picked":"GuanYuAspect"},{"not_picked":["testmod-MagicalMallet","Orrery"],"picked":"Lee\u0027s Waffle"}],"items_purged_floors":[],"is_endless":false,"potions_floor_spawned":[1,3,8,11,16,20,23,25,31,38,39,41,45],"ascension_level":12}}