{"host":"9j9ju8r45kuhshxi","time":1611018859,"event":{"mods":["BaseMod","Colored Map","Colored Powertips","Highlight Path","Minty Spire (QoL Compilation)","Replay The Spire","Ryuuou龙王","StSLib","[功能]功能增强和修复MOD"],"gold_per_floor":[13,66,41,41,31,43,75,90,90,90,107,136,136,147,147,224,224,235,251,226,226,226,259,261,303,303,328,367,367,402,444,444,520,520,536,0,10,10,19,19,56,56,80,109,109,129,163,263,263,263,263,263,9894,9935,10027],"floor_reached":56,"language":"ZHS","playtime":3064,"items_purged":["Defend_R","Defend_R","Strike_R","Strike_R","Strike_R","Defend_R","Strike_R","Defend_R","Strike_R","Headbutt","Dropkick","Headbutt+1","Defy Death","Juggernaut+1","Ghostly Armor","Barricade","ReplayTheSpireMod:Splinters","Shrug It Off+1","The Bomb","Bandage Up+1","Run Through","Panacea","Warcry","Blood for Blood","Armaments+1","Apotheosis+1","Dark Embrace+1","Life Link+1","True Grit+1","Thunderclap+1","ReplayUltimateDefense+1","Metallicize+1","Sever Soul+1","Spot Weakness+1","Havoc+1","True Grit+1","Wild Strike+1","Wild Strike+1","Entrench+1","Shrug It Off+1","ReplayTheSpireMod:Limb From Limb+1","Abandon+1","ReplayTheSpireMod:LeadingStrike+1","ReplayTheSpireMod:Strike From Hell+1","Havoc+1","Sword Boomerang+1","Twin Strike+1","Defy Death+1","Pummel+1","Combust+1","Poisoned Strike+1","HandOfGreedLower+1","Good Instincts+1","Mayhem+1","Replay:Sssssssssshield+1","The Bomb+1","Panache+1","Dark Shackles+1","Replay:Bootleg Shield Generator+1","Shrug It Off+1","Power Through+1","Run Through+1","Cleave+1","Perfected Strike+1","Hemogenesis+1","Body Slam+1","Body Slam+1","Iron Wave+1","ReplayTheSpireMod:Stacked+1","Second Wind+1","Shrug It Off+1","Immolate+1","Shrug It Off+1","Anger+1","Fire Breathing+1","Rupture+1","True Grit+1","Armaments+1","Massacre+1","Hemokinesis+1","ReplayTheSpireMod:LeadingStrike+1","Sentinel+1"],"score":3648,"play_id":"71ca88c2-6a90-4fea-bbbe-c51427f473e7","local_time":"20210119091418","is_ascension_mode":true,"campfire_choices":[{"floor":10,"key":"RECALL"},{"data":"Demon Form","floor":13,"key":"SMITH"},{"data":"Limit Break","floor":15,"key":"SMITH"},{"data":"Flex","floor":29,"key":"SMITH"},{"data":"Bash","floor":32,"key":"SMITH"},{"data":"Pummel","floor":40,"key":"SMITH"},{"data":"Thunderclap","floor":42,"key":"SMITH"},{"data":"ReplayTheSpireMod:Muscle Training","floor":45,"key":"SMITH"},{"floor":49,"key":"REST"},{"floor":52,"key":"REST"}],"circlet_count":4,"master_deck":["AscendersBane","Bash+1","Demon Form+1","ReplayTheSpireMod:Muscle Training+1","Thunderclap+1","Warcry+1","Limit Break+1","Pummel+1","Flex+1","Heavy Blade+1","Sword Boomerang+1","Rupture+1","Shrug It Off+1","Violence+1","Combust+1","Replay:Undeath\u0027s Touch+1","Inflame+1","Limit Break+1","Double Tap+1","Infernal Blade+1","Master of Strategy+1","True Grit+1","Life Link+1","Warcry+1","Flex+1","Sword Boomerang+1","Clash+1","Run Through+1","Sentinel+1","Armaments+1","Life Link+1","Flame Barrier+1","Warcry+1","Heavy Blade+1","Sever Soul+1","Hemogenesis+1","Warcry+1","Warcry+1","Dark Embrace+1","Dual Wield+1","Battle Trance+1","Hemokinesis+1","Perfected Strike+1","Offering+1","Flame Barrier+1","Feel No Pain+1","Shrug It Off+1","Flame Barrier+1","Thunderclap+1","Thunderclap+1","True Grit+1","Fire Breathing+1","Shrug It Off+1","Havoc+1","Searing Blow+2","Cleave+1","Whirlwind+1","Replay:Many Hands+1","Replay:Many Hands+1","Fire Breathing+1","Armaments+1","Second Wind+1","Pummel+1","Twin Strike+1","ReplayTheSpireMod:Strike From Hell+1","Armaments+1","Armaments+1","Feel No Pain+1","Eclipse+1","Feed+1","Inflame+1","Disarm+1","Shrug It Off+1","Armaments+1","Metallicize+1","Feed+1","Armaments+1","Shockwave+1","Demon Form+1","Armaments+1","ReplayTheSpireMod:Stacked+1","Run Through+1","Bloodletting+1","Defy Death+1","Fire Breathing+1","Flex+1","Shrug It Off+1","Carnage+1","Shrug It Off+1","Armaments+1","Evolve+1","Entrench+1","Havoc+1","Carnage+1","Havoc+1","ReplayReversal+1","Evolve+1","Havoc+1","Defy Death+1","Reckless Charge+1","Headbutt+1","Warcry+1","Life Link+1","Life Link+1","Impervious+1","True Grit+1","Warcry+1","Blood for Blood+1","Power Through+1","Combust+1","Sever Soul+1","Whirlwind+1","Limit Break+1","Armaments+1","Brutality+1","Armaments+1","Armaments+1","Dropkick+1","ReplayTheSpireMod:Limb From Limb+1","Carnage+1","Eclipse+1","Infernal Blade+1","Evolve+1","Intimidate+1","Wild Strike+1","Eclipse+1","Evolve+1","Pot Of Greed+1","Pot Of Greed+1","Pot Of Greed+1","Pot Of Greed+1","Pot Of Greed+1","Pot Of Greed+1","Pot Of Greed+1","Pot Of Greed+1","Pot Of Greed+1","Pot Of Greed+1","Pot Of Greed+1","Pot Of Greed+1","Pot Of Greed+1"],"relics":["Burning Blood","Pear","Brimstone","Replay:Kaleidoscope","Strawberry","ReplayTheSpireMod:Ring of Exchange","Black Star","Pen Nib","Anchor","Replay:Accelerometer","Happy Flower","MealTicket","Smiling Mask","TheAbacus","Toy Ornithopter","PrismaticShard","ReplayTheSpireMod:Lightbulb","ReplayFunnel","Counterbalance","Bag of Marbles","Runic Cube","CeramicFish","WingedGreaves","Matryoshka","Kunai","War Paint","Replay:Ringing Soul","Orichalcum","Ancient Tea Set","Bag of Preparation","Sundial","PreservedInsect","FossilizedHelix","HornCleat","Golden Egg","Lee\u0027s Waffle","Red Mask","Replay:Bottled Flurry","Bronze Scales","Replay:Drink Me","Divine Protection","Replay:Mystery Machine","Frozen Egg 2","Quantum Egg","Replay:Wax Seal","Dream Catcher","Gremlin Horn","Pocketwatch","The Courier","Regal Pillow","ReplayTheSpireMod:EnergyBall","Shuriken","Snack Pack","Replay:Multitool","Mummified Hand","Bottled Lightning","Bottled Flame","Onion Ring","Red Skull","Nunchaku","Lantern","Pantograph","Centennial Puzzle","Boot","King of Hearts","Blue Candle","Blood Vial","StrikeDummy","Replay:Baseball","Ornamental Fan","Blue Doll","Mirror","Vajra","TungstenRod","Ginger","Oddly Smooth Stone","InkBottle","Bottled Tornado","Gremlin Food","Replay:WaspNest","Whetstone","Akabeko","Mercury Hourglass","ReplayTheSpireMod:Spearhead","Replay:Bandana","Self Forming Clay","Pet Ghost","Replay:Rubber Ducky","Paper Frog","Art of War","ReplayTheSpireMod:TigerMarble","ReplayTheSpireMod:Shallot","Eternal Feather","Replay:Bottled Eggs","Replay:Bottled Snecko","White Beast Statue","Letter Opener","Gambling Chip","Garlic","ReplayTheSpireMod:Ninjato","Replay:Bottled Steam","Chameleon Ring","Iron Hammer","Another Sword","Dead Branch","Replay:Towering Pillar of Hats","Du-Vu Doll","Pondfish Scales","StoneCalendar","CaptainsWheel","Ice Cream","Replay:PocketPolymizer","Calipers","Champion Belt","Charon\u0027s Ashes","Lizard Tail","Durian","Bird Faced Urn","Torii","Turnip","Incense Burner","Unceasing Top","Magic Flower","Replay:Arrowhead","Thread and Needle","Circlet","Grinning Jar"],"acts_visited":["Exordium","TheCity","TheBeyond","TheEnding"],"potions_floor_usage":[6,7,7,8,11,11,12,16,18,18,19,27,27,28,28,30,30,33,33],"damage_taken":[{"damage":1,"enemies":"2 Louse","floor":1,"turns":3},{"damage":1,"enemies":"Small Slimes","floor":6,"turns":1},{"damage":25,"enemies":"3 Sentries","floor":7,"turns":4},{"damage":12,"enemies":"Jaw Worm","floor":8,"turns":1},{"damage":10,"enemies":"Gremlin Gang","floor":11,"turns":3},{"damage":2,"enemies":"Replay:BlueRogue","floor":12,"turns":2},{"damage":4,"enemies":"Blue Slaver","floor":14,"turns":2},{"damage":0,"enemies":"Slime Boss","floor":16,"turns":2},{"damage":15,"enemies":"3 Byrds","floor":18,"turns":3},{"damage":0,"enemies":"Spheric Guardian","floor":19,"turns":2},{"damage":1,"enemies":"Book of Stabbing","floor":23,"turns":2},{"damage":0,"enemies":"Gremlin Leader","floor":25,"turns":1},{"damage":0,"enemies":"Book of Stabbing","floor":27,"turns":2},{"damage":1,"enemies":"Replay:Snechameleon","floor":28,"turns":2},{"damage":1,"enemies":"Slavers","floor":30,"turns":1},{"damage":0,"enemies":"Book of Stabbing","floor":31,"turns":1},{"damage":0,"enemies":"Pondfish","floor":33,"turns":3},{"damage":0,"enemies":"Orb Walker","floor":35,"turns":1},{"damage":0,"enemies":"R_Hoarder","floor":41,"turns":1},{"damage":0,"enemies":"Giant Head","floor":44,"turns":1},{"damage":0,"enemies":"3 Darklings","floor":46,"turns":1},{"damage":0,"enemies":"R_Hoarder","floor":47,"turns":1},{"damage":0,"enemies":"Awakened One","floor":50,"turns":3},{"damage":0,"enemies":"Shield and Spear","floor":54,"turns":1},{"damage":0,"enemies":"The Heart","floor":55,"turns":3}],"seed_played":"4431279731303288641","potions_obtained":[{"floor":1,"key":"Swift Potion"},{"floor":2,"key":"Adrenaline Potion"},{"floor":6,"key":"GamblersBrew"},{"floor":7,"key":"SpeedPotion"},{"floor":7,"key":"Death Potion"},{"floor":8,"key":"Energy Potion"},{"floor":11,"key":"Explosive Potion"},{"floor":12,"key":"Block Potion"},{"floor":14,"key":"Strength Potion"},{"floor":16,"key":"Toxic Potion"},{"floor":18,"key":"BlessingOfTheForge"},{"floor":18,"key":"Adrenaline Potion"},{"floor":23,"key":"Explosive Potion"},{"floor":27,"key":"Adrenaline Potion"},{"floor":27,"key":"Explosive Potion"},{"floor":28,"key":"Languid Potion"},{"floor":28,"key":"Venom Potion"},{"floor":30,"key":"SkillPotion"},{"floor":30,"key":"Milkshake"},{"floor":33,"key":"Ancient Potion"},{"floor":33,"key":"Swift Potion"},{"floor":35,"key":"Adrenaline Potion"}],"is_trial":false,"path_per_floor":["M","?","$","?","$","M","E","M","T","R","M","E","R","M","R","B",null,"M","M","$","?","?","E","$","E","T","E","E","R","E","E","R","B",null,"M","?","$","?","$","R","E","R","T","E","R","M","E","?","R","B",null,"R","$","E","B",null],"character_chosen":"IRONCLAD","items_purchased":["Brimstone","Replay:Kaleidoscope","Strawberry","Warcry","Headbutt","Black Star","Pen Nib","Anchor","Juggernaut+1","Limit Break","Dropkick","Toy Ornithopter","PrismaticShard","ReplayTheSpireMod:Lightbulb","Ghostly Armor","Rampage","Runic Cube","CeramicFish","WingedGreaves","Carnage","Bandage Up","The Bomb","Fire Potion","Replay:Bottled Flurry","Bronze Scales","Rupture","Armaments","Shrug It Off","Violence","Replay:Drink Me","Combust","Divine Protection","Replay:Mystery Machine","ReplayTheSpireMod:EnergyBall","Shuriken","ReplayUltimateDefense+1","Metallicize+1","Life Link+1","Inflame+1","Dark Embrace+1","Spot Weakness","True Grit","Sever Soul","Thunderclap+1","Limit Break","Snack Pack","True Grit","ReplayTheSpireMod:LeadingStrike","Sword Boomerang","Havoc","Shrug It Off","Wild Strike","Wild Strike","Entrench","Twin Strike","ReplayTheSpireMod:Limb From Limb","Abandon","Havoc","ReplayTheSpireMod:Strike From Hell","Double Tap","Shrug It Off","Defy Death","Pummel","Immolate","Infernal Blade","Combust+1","HandOfGreedLower","Good Instincts","Mayhem+1","Replay:Sssssssssshield","Dark Shackles","Panache+1","The Bomb","Replay:Bootleg Shield Generator","Poisoned Strike","Replay:Multitool","Mummified Hand","Bottled Lightning","Bottled Flame","Onion Ring","Red Skull","Nunchaku","Lantern","Pantograph","Centennial Puzzle","Boot","King of Hearts","Blue Candle","Blood Vial","StrikeDummy","Replay:Baseball","Ornamental Fan","Blue Doll","Mirror","Vajra","TungstenRod","Ginger","Oddly Smooth Stone","InkBottle","Bottled Tornado","Gremlin Food","Replay:WaspNest","Master of Strategy","Cleave","Power Through","Perfected Strike","Anger","Run Through","Shrug It Off","Body Slam","Hemogenesis","Second Wind","Body Slam","Iron Wave","ReplayTheSpireMod:Stacked","Fire Breathing+1","Shrug It Off","Rupture+1","True Grit","Armaments","Massacre","Hemokinesis","ReplayTheSpireMod:LeadingStrike","Sentinel","True Grit","Life Link+1","Warcry","Flex","Sword Boomerang","Clash","Run Through","Sentinel","Armaments","Life Link+1","Flame Barrier","Warcry","Heavy Blade","Sever Soul","Hemogenesis","Warcry","Warcry","Dark Embrace+1","Dual Wield","Battle Trance","Hemokinesis","Perfected Strike","Offering","Flame Barrier","Feel No Pain+1","Shrug It Off","Flame Barrier","Thunderclap","Thunderclap","True Grit","Fire Breathing+1","Shrug It Off","Havoc","Searing Blow","Cleave","Whirlwind","Replay:Many Hands","Replay:Many Hands","Fire Breathing+1","Armaments","Second Wind","Pummel","Twin Strike","ReplayTheSpireMod:Strike From Hell","Armaments","Armaments","Feel No Pain+1","Eclipse","Feed","Inflame+1","Disarm","Shrug It Off","Armaments","Metallicize+1","Feed","Armaments","Shockwave","Demon Form+1","Armaments","ReplayTheSpireMod:Stacked","Run Through","Bloodletting","Defy Death","Fire Breathing+1","Flex","Shrug It Off","Carnage","Shrug It Off","Armaments","Evolve+1","Entrench","Havoc","Carnage","Havoc","ReplayReversal","Evolve+1","Havoc","Defy Death","Reckless Charge","Headbutt","Warcry","Life Link+1","Life Link+1","Impervious","True Grit","Warcry","Blood for Blood","Power Through","Combust+1","Sever Soul","Whirlwind","Limit Break","Armaments","Brutality+1","Armaments","Armaments","Dropkick","ReplayTheSpireMod:Limb From Limb","Carnage","Eclipse","Infernal Blade","Evolve+1","Intimidate","Wild Strike","Eclipse","Evolve+1","Whetstone","Akabeko","Mercury Hourglass","ReplayTheSpireMod:Spearhead","Replay:Bandana","Self Forming Clay","Pet Ghost","Replay:Rubber Ducky","Paper Frog","Art of War","ReplayTheSpireMod:TigerMarble","ReplayTheSpireMod:Shallot","Eternal Feather","Replay:Bottled Eggs","Replay:Bottled Snecko","White Beast Statue","Letter Opener","Gambling Chip","Garlic","ReplayTheSpireMod:Ninjato","Replay:Bottled Steam","Chameleon Ring","Iron Hammer","Another Sword","Dead Branch","Replay:Towering Pillar of Hats","Du-Vu Doll","Pondfish Scales","StoneCalendar","CaptainsWheel","Ice Cream","Replay:PocketPolymizer","Calipers","Champion Belt","Charon\u0027s Ashes","Lizard Tail","Durian","Bird Faced Urn","Torii","Turnip","Incense Burner","Unceasing Top","Magic Flower","Replay:Arrowhead","Thread and Needle","Circlet","Circlet","Circlet","Circlet","Grinning Jar"],"campfire_rested":2,"item_purchase_floors":[3,3,3,3,3,5,5,5,5,5,5,20,20,20,20,20,24,24,24,24,24,24,24,37,37,37,37,37,37,39,39,39,39,53,53,53,53,53,53,53,53,53,53,53,53,53,53,53,53,53,53,53,53,53,53,53,53,53,53,53,53,53,53,53,53,53,53,53,53,53,53,53,53,53,53,53,53,53,53,53,53,53,53,53,53,53,53,53,53,53,53,53,53,53,53,53,53,53,53,53,53,53,53,53,53,53,53,53,53,53,53,53,53,53,53,53,53,53,53,53,53,53,53,53,53,53,53,53,53,53,53,53,53,53,53,53,53,53,53,53,53,53,53,53,53,53,53,53,53,53,53,53,53,53,53,53,53,53,53,53,53,53,53,53,53,53,53,53,53,53,53,53,53,53,53,53,53,53,53,53,53,53,53,53,53,53,53,53,53,53,53,53,53,53,53,53,53,53,53,53,53,53,53,53,53,53,53,53,53,53,53,53,53,53,53,53,53,53,53,53,53,53,53,53,53,53,53,53,53,53,53,53,53,53,53,53,53,53,53,53,53,53,53,53,53,53,53,53,53,53,53,53,53,53,53,53,53,53,53,53,53,53,53,53,53,53,53,53,53,53,53,53,53,53,53,53,53,53,53,53],"current_hp_per_floor":[73,65,72,72,72,77,58,52,52,52,48,52,52,54,54,60,84,75,81,92,92,92,92,92,92,92,92,95,95,95,98,98,98,105,105,105,108,108,84,84,87,87,87,87,87,90,90,90,90,90,90,90,98,98,98],"gold":10027,"neow_bonus":"THREE_RARE_CARDS","is_daily":false,"chose_seed":false,"campfire_upgraded":7,"win_rate":0.0,"timestamp":1611018858,"path_taken":["M","?","$","?","$","M","E","M","T","R","M","E","R","M","R","BOSS","M","M","$","?","?","E","$","E","T","E","E","R","E","E","R","BOSS","M","?","$","?","$","R","E","R","T","E","R","?","E","?","R","BOSS","R","$","E","BOSS"],"items_purchased_type":["Relic","Relic","Relic","Card","Card","Relic","Relic","Relic","Card","Card","Card","Relic","Relic","Relic","Card","Card","Relic","Relic","Relic","Card","Card","Card","Potion","Relic","Relic","Card","Card","Card","Card","Relic","Card","Relic","Relic","Relic","Relic","Card","Card","Card","Card","Card","Card","Card","Card","Card","Card","Relic","Card","Card","Card","Card","Card","Card","Card","Card","Card","Card","Card","Card","Card","Card","Card","Card","Card","Card","Card","Card","Card","Card","Card","Card","Card","Card","Card","Card","Card","Relic","Relic","Relic","Relic","Relic","Relic","Relic","Relic","Relic","Relic","Relic","Relic","Relic","Relic","Relic","Relic","Relic","Relic","Relic","Relic","Relic","Relic","Relic","Relic","Relic","Relic","Relic","Card","Card","Card","Card","Card","Card","Card","Card","Card","Card","Card","Card","Card","Card","Card","Card","Card","Card","Card","Card","Card","Card","Card","Card","Card","Card","Card","Card","Card","Card","Card","Card","Card","Card","Card","Card","Card","Card","Card","Card","Card","Card","Card","Card","Card","Card","Card","Card","Card","Card","Card","Card","Card","Card","Card","Card","Card","Card","Card","Card","Card","Card","Card","Card","Card","Card","Card","Card","Card","Card","Card","Card","Card","Card","Card","Card","Card","Card","Card","Card","Card","Card","Card","Card","Card","Card","Card","Card","Card","Card","Card","Card","Card","Card","Card","Card","Card","Card","Card","Card","Card","Card","Card","Card","Card","Card","Card","Card","Card","Card","Card","Card","Card","Card","Card","Card","Card","Card","Card","Card","Card","Card","Card","Card","Card","Card","Card","Card","Relic","Relic","Relic","Relic","Relic","Relic","Relic","Relic","Relic","Relic","Relic","Relic","Relic","Relic","Relic","Relic","Relic","Relic","Relic","Relic","Relic","Relic","Relic","Relic","Relic","Relic","Relic","Relic","Relic","Relic","Relic","Relic","Relic","Relic","Relic","Relic","Relic","Relic","Relic","Relic","Relic","Relic","Relic","Relic","Relic","Undefined","Undefined","Undefined","Undefined","Relic"],"build_version":"2020-12-22","purchased_purges":82,"victory":true,"max_hp_per_floor":[75,85,92,92,92,92,92,92,92,92,92,92,92,92,92,92,92,92,92,92,92,92,92,92,92,92,92,95,95,95,98,98,98,105,105,105,108,108,84,84,87,87,87,87,87,90,90,90,90,90,90,90,98,98,98],"card_choices":[{"not_picked":["Reaper","Exhume"],"picked":"Demon Form","floor":0},{"not_picked":["Warcry","Body Slam"],"picked":"ReplayTheSpireMod:Muscle Training","floor":1},{"not_picked":["Defy Death","Run Through"],"picked":"Thunderclap","floor":2},{"not_picked":["Clash","True Grit"],"picked":"Blood for Blood","floor":6},{"not_picked":["Body Slam","Feel No Pain"],"picked":"Infernal Blade","floor":7},{"not_picked":["Warcry","Dark Embrace"],"picked":"Defy Death","floor":8},{"not_picked":["ReplayTheSpireMod:Strike From Hell","Clash"],"picked":"Pummel","floor":11},{"not_picked":["Metallicize","ReplayTheSpireMod:Strike From Hell"],"picked":"Flex","floor":12},{"not_picked":["Warcry","Thunderclap"],"picked":"Heavy Blade","floor":14},{"not_picked":["Eclipse","Offering"],"picked":"Barricade","floor":16},{"not_picked":["Twin Strike","Armaments"],"picked":"Headbutt+1","floor":18},{"not_picked":["Combust","Pummel"],"picked":"Sword Boomerang+1","floor":19},{"not_picked":["Replay:Battleflow+1","Secret Technique","Compile Driver"],"picked":"SKIP","floor":23},{"not_picked":["Recycle","Bouncing Flask"],"picked":"Run Through","floor":25},{"not_picked":["Panic Button","PiercingWail","Replay:BluntJabs"],"picked":"SKIP","floor":27},{"not_picked":["Prepared","Quick Slash"],"picked":"Panacea","floor":28},{"not_picked":["Prostrate","Setup","Reaper"],"picked":"SKIP","floor":30},{"not_picked":["Time Bomb","EmptyFist+1"],"picked":"Warcry","floor":31},{"not_picked":["Abandon+1","Iron Wave+1","Replay:AtTheReady"],"picked":"SKIP","floor":35},{"not_picked":["ReplayTheSpireMod:Scrap Shanks+1","Deep Breath"],"picked":"Apotheosis","floor":41},{"not_picked":["ReplayTheSpireMod:Private Reserves+1","Cold Snap+1","Reflex"],"picked":"SKIP","floor":44},{"not_picked":["EmptyFist","PiercingWail"],"picked":"Replay:Undeath\u0027s Touch+1","floor":46},{"not_picked":["ReplayTheSpireMod:Tripwire","Replay:Sssssssssstrike+1","Good Instincts+1"],"picked":"SKIP","floor":47},{"not_picked":["EmptyFist","Amplify","Enlightenment"],"picked":"SKIP","floor":54}],"player_experience":159173,"relics_obtained":[{"floor":2,"key":"Pear"},{"floor":4,"key":"ReplayTheSpireMod:Ring of Exchange"},{"floor":7,"key":"Replay:Accelerometer"},{"floor":7,"key":"Happy Flower"},{"floor":12,"key":"MealTicket"},{"floor":12,"key":"Smiling Mask"},{"floor":23,"key":"Counterbalance"},{"floor":23,"key":"Bag of Marbles"},{"floor":25,"key":"Matryoshka"},{"floor":25,"key":"Kunai"},{"floor":26,"key":"War Paint"},{"floor":26,"key":"Replay:Ringing Soul"},{"floor":27,"key":"Orichalcum"},{"floor":27,"key":"Ancient Tea Set"},{"floor":28,"key":"Bag of Preparation"},{"floor":28,"key":"Sundial"},{"floor":30,"key":"PreservedInsect"},{"floor":30,"key":"FossilizedHelix"},{"floor":31,"key":"HornCleat"},{"floor":31,"key":"Golden Egg"},{"floor":41,"key":"Frozen Egg 2"},{"floor":41,"key":"Quantum Egg"},{"floor":43,"key":"Replay:Wax Seal"},{"floor":43,"key":"Dream Catcher"},{"floor":44,"key":"Gremlin Horn"},{"floor":44,"key":"Pocketwatch"},{"floor":47,"key":"The Courier"},{"floor":47,"key":"Regal Pillow"}],"event_choices":[{"damage_healed":0,"gold_gain":0,"player_choice":"Ignored","damage_taken":0,"max_hp_gain":0,"max_hp_loss":0,"event_name":"Ghosts","floor":22,"gold_loss":0},{"damage_healed":0,"gold_gain":0,"player_choice":"Paid","damage_taken":0,"relics_obtained":["Red Mask"],"max_hp_gain":0,"max_hp_loss":0,"event_name":"Tomb of Lord Red Mask","floor":36,"gold_loss":536},{"damage_healed":0,"gold_gain":0,"player_choice":"Forge","damage_taken":0,"max_hp_gain":0,"max_hp_loss":0,"event_name":"Accursed Blacksmith","floor":38,"gold_loss":0,"cards_upgraded":["Heavy Blade"]},{"damage_healed":0,"gold_gain":100,"player_choice":"Pray","damage_taken":0,"max_hp_gain":0,"max_hp_loss":0,"event_name":"Golden Shrine","floor":48,"gold_loss":0}],"is_beta":false,"boss_relics":[{"not_picked":["ReplayTheSpireMod:CursedCoin","Fusion Hammer"],"picked":"TheAbacus"},{"not_picked":["Coffee Dripper","Runic Pyramid"],"picked":"Lee\u0027s Waffle"}],"items_purged_floors":[3,3,3,3,3,5,5,20,20,20,20,20,24,24,24,24,24,37,37,37,37,37,37,37,53,53,53,53,53,53,53,53,53,53,53,53,53,53,53,53,53,53,53,53,53,53,53,53,53,53,53,53,53,53,53,53,53,53,53,53,53,53,53,53,53,53,53,53,53,53,53,53,53,53,53,53,53,53,53,53,53,53],"is_endless":false,"potions_floor_spawned":[1,6,7,7,8,11,12,14,16,18,18,18,23,25,27,27,27,28,28,30,30,33,33,35,35,41,44,44,46,47,47,54,54,54,54],"ascension_level":14}}