{"host":"8efry9zhj4tjp5kw","time":1611059892,"event":{"mods":["Act Like it!","Aspiration","Bard","BaseMod","Beaked The Cultist","Colored Map","Colored Powertips","Conspire","Downfall","Glutton Mod","Halation","Hallownest","Hermit","Highlight Path","Hubris","Infinite Spire","Jedi Mod","Jorbs\u0027s Wanderer Trilogy","Koishi","Mad Scientist","Marisa????????","Mimic Mod","Minty Spire (QoL Compilation)","Reworked Bosses","Shop Mod","StSLib","The Administrix","The Construct","The Disciple","The Elementalist","The Factory","The Jungle","The Mystic","The Necromancer","The Runesmith","The Servant 0.9.4","Unceasing Turn Reminder"],"gold_per_floor":[99,118,118,129,145,145,176,194,194,194,213,248,248,270,280,379,379,379,392,406,406,197,217,269,269,287,19,30,30,30,30,50,155,155,155,170,182,182,195,207,207,219,236,251,251,286,299,331,331,333],"floor_reached":51,"language":"ENG","playtime":4152,"items_purged":["bronze:BuggyMess","conspire:GhostlyStrike"],"score":665,"play_id":"1b753666-020f-4067-9acc-5ed30b0b670c","local_time":"20210119133812","is_ascension_mode":false,"campfire_choices":[{"data":"bronze:Goto","floor":1.0,"key":"SMITH"},{"data":"bronze:Branch","floor":6.0,"key":"SMITH"},{"data":"bronze:RecursiveStrike","floor":13.0,"key":"SMITH"},{"data":"bronze:MaxOutput","floor":18.0,"key":"SMITH"},{"data":"bronze:MaxOutput","floor":25.0,"key":"SMITH"},{"floor":30.0,"key":"REST"},{"data":"bronze:ItsAFeature","floor":35.0,"key":"SMITH"},{"floor":49,"key":"REST"}],"circlet_count":0,"master_deck":["conspire:GhostlyStrike","conspire:GhostlyStrike","conspire:GhostlyDefend","conspire:GhostlyDefend","conspire:GhostlyDefend","bronze:Replicate","bronze:Goto+1","bronze:WhirlingStrike+1","bronze:Branch+1","bronze:Deprecate","bronze:Frontload","bronze:MaxOutput+1","bronze:BurnOut","bronze:Shield","bronze:FollowUp","bronze:Verify","bronze:FollowUp","bronze:MaxOutput+1","bronze:BronzeArmor","bronze:Verify","bronze:Iterate","bronze:Repair","bronze:ItsAFeature+1","bronze:ItsAFeature+1"],"relics":["bronze:BronzeCore","Lizard Tail","Orichalcum","Question Card","Art of War","Odd Mushroom","bronze:MakeshiftBattery","jedi:shrinkray","Busted Crown","Bottled Flame","Runesmith:AutoHammer","aspiration:SeaSaltIceCream","aspiration:Nostalgia","construct:Cogwheel"],"acts_visited":["Exordium","TheCity","TheBeyond"],"potions_floor_usage":[48,48],"damage_taken":[{"damage":1.0,"enemies":"Jaw Worm","floor":2.0,"turns":4.0},{"damage":5.0,"enemies":"2 Louse","floor":4.0,"turns":2.0},{"damage":0.0,"enemies":"Cultist","floor":5.0,"turns":3.0},{"damage":2.0,"enemies":"Blue Slaver","floor":7.0,"turns":7.0},{"damage":0.0,"enemies":"Blue Slaver","floor":8.0,"turns":3.0},{"damage":8.0,"enemies":"Red Slaver","floor":11.0,"turns":4.0},{"damage":9.0,"enemies":"Gremlin Nob","floor":12.0,"turns":4.0},{"damage":2.0,"enemies":"The Mushroom Lair","floor":14.0,"turns":3.0},{"damage":0.0,"enemies":"Large Slime","floor":15.0,"turns":3.0},{"damage":33.0,"enemies":"IC_STATUS_ARCHETYPE","floor":16.0,"turns":11.0},{"damage":5.0,"enemies":"Shell Parasite","floor":19.0,"turns":5.0},{"damage":18.0,"enemies":"conspire:FuzzyDice","floor":20.0,"turns":9.0},{"damage":2.0,"enemies":"downfall:FleeingMerchant","floor":22.0,"turns":4.0},{"damage":0.0,"enemies":"Shelled Parasite and Fungi","floor":23.0,"turns":5.0},{"damage":12.0,"enemies":"conspire:HollyBat","floor":26.0,"turns":7.0},{"damage":6.0,"enemies":"downfall:FleeingMerchant","floor":27.0,"turns":4.0},{"damage":14.0,"enemies":"Snake Plant","floor":28.0,"turns":6.0},{"damage":30.0,"enemies":"Shelled Parasite and Fungi","floor":32.0,"turns":5.0},{"damage":61.0,"enemies":"DF_ARCHETYPE_CLAW","floor":33.0,"turns":8.0},{"damage":11.0,"enemies":"3 Shapes","floor":36.0,"turns":7.0},{"damage":12.0,"enemies":"3 Darklings","floor":37.0,"turns":4.0},{"damage":7.0,"enemies":"4 Shapes","floor":39.0,"turns":6.0},{"damage":9.0,"enemies":"Writhing Mass","floor":40.0,"turns":7.0},{"damage":16.0,"enemies":"Sphere and 2 Shapes","floor":42.0,"turns":6.0},{"damage":4.0,"enemies":"Jaw Worm Horde","floor":43.0,"turns":4.0},{"damage":16.0,"enemies":"Writhing Mass","floor":44.0,"turns":7.0},{"damage":14.0,"enemies":"Nemesis","floor":46.0,"turns":7.0},{"damage":31.0,"enemies":"3 Darklings","floor":47.0,"turns":4.0},{"damage":14,"enemies":"Reptomancer","floor":48,"turns":5},{"damage":24,"enemies":"WA_ARCHETYPE_DIVINITY","floor":50,"turns":8}],"seed_played":"-9022105319350976389","potions_obtained":[{"floor":4.0,"key":"jedi:StrikingPotion"},{"floor":14.0,"key":"LiquidMemories"},{"floor":16.0,"key":"bronze:BurnAndBuffPotion"},{"floor":20.0,"key":"champ:CounterPotion"},{"floor":21.0,"key":"Regen Potion"},{"floor":21.0,"key":"Regen Potion"},{"floor":23.0,"key":"Weak Potion"},{"floor":32.0,"key":"Explosive Potion"},{"floor":40.0,"key":"Energy Potion"},{"floor":42.0,"key":"SpeedPotion"},{"floor":44.0,"key":"sneckomod:MuddlingPotion"},{"floor":46.0,"key":"Energy Potion"},{"floor":48,"key":"Strength Potion"}],"is_trial":false,"path_per_floor":["R","M","?","M","M","R","MIM","M","?","T","M","E","R","?","M","B",null,"R","M","M","?","$","M","T","R","M","$","M","?","R","?","M","B",null,"R","M","M","?","M","M","T","M","M","M","?","E","M","E","R","B",null],"character_chosen":"THE_AUTOMATON","items_purchased":["bronze:FollowUp","bronze:MaxOutput","bronze:Repair","bronze:ItsAFeature"],"campfire_rested":2,"item_purchase_floors":[22,22,27,27],"current_hp_per_floor":[63,62,62,57,57,57,55,55,55,55,47,38,38,36,36,3,63,63,58,40,40,38,38,38,38,26,20,28,28,46,73,50,11,73,73,62,57,62,62,60,60,51,54,45,45,38,14,7,28,11],"gold":333,"neow_bonus":"ONE_RARE_RELIC","is_daily":false,"chose_seed":false,"campfire_upgraded":6,"win_rate":0.0,"timestamp":1611059892,"path_taken":["R","M","?","M","M","R","MIM","?","?","?","?","E","R","?","M","BOSS","R","M","M","?","$","M","T","R","M","$","?","?","R","?","M","BOSS","R","M","M","?","?","M","T","M","?","M","?","E","M","E","R","BOSS"],"items_purchased_type":["Card","Card","Card","Card"],"build_version":"2020-12-22","purchased_purges":2,"victory":true,"max_hp_per_floor":[63,63,63,63,63,63,63,63,63,63,63,63,63,63,63,63,63,63,63,63,63,63,63,63,63,63,63,63,63,63,73,73,73,73,73,73,73,73,73,73,73,73,73,73,73,73,73,73,73,73],"card_choices":[{"not_picked":["bronze:Overheat","bronze:Safeguard"],"picked":"bronze:WhirlingStrike","floor":2.0},{"not_picked":["bronze:WildBeam","bronze:Iterate"],"picked":"bronze:Branch","floor":4.0},{"not_picked":["bronze:Branch","bronze:DelayedSlice","bronze:DelayedGuard"],"picked":"SKIP","floor":5.0},{"not_picked":["bronze:DarkDash","bronze:ThunderWave"],"picked":"bronze:Deprecate","floor":7.0},{"not_picked":["bronze:CutThrough","bronze:FineTuning"],"picked":"bronze:Frontload","floor":8.0},{"not_picked":["bronze:WhirlingStrike","bronze:Return","bronze:Overheat"],"picked":"bronze:RecursiveStrike","floor":11.0},{"not_picked":["bronze:ShipIt","bronze:Overheat","bronze:WhirlingStrike"],"picked":"bronze:BuggyMess","floor":12.0},{"not_picked":["bronze:ForLoop","bronze:OilSpill","bronze:Backtrace"],"picked":"bronze:MaxOutput","floor":14.0},{"not_picked":["bronze:Deprecate","bronze:WhirlingStrike","bronze:DelayedGuard","bronze:ForLoop"],"picked":"SKIP","floor":15.0},{"not_picked":["bronze:FindAndReplace","bronze:HyperBeam","bronze:AlphaBuild"],"picked":"bronze:BurnOut","floor":16.0},{"not_picked":["bronze:WhirlingStrike","bronze:ChosenStrike+1","bronze:Branch"],"picked":"bronze:Shield","floor":19.0},{"not_picked":["bronze:WhirlingStrike","bronze:DelayedSlice+1","bronze:Turbo"],"picked":"bronze:FollowUp","floor":20.0},{"not_picked":["bronze:Invalidate","bronze:Turbo","bronze:Shell"],"picked":"bronze:Verify","floor":22.0},{"not_picked":["bronze:Turbo+1","bronze:CutThrough","bronze:Flail"],"picked":"bronze:BronzeArmor","floor":23.0},{"not_picked":["bronze:Shield","bronze:CutThrough+1","bronze:DelayedGuard"],"picked":"bronze:Verify","floor":26.0},{"not_picked":["bronze:BitShift","bronze:DelayedSlice","bronze:Turbo"],"picked":"bronze:Iterate","floor":27.0},{"not_picked":["bronze:BugBarrage","bronze:DelayedGuard","bronze:ForceShield","bronze:WhirlingStrike+1"],"picked":"SKIP","floor":28.0},{"not_picked":["bronze:Deprecate","bronze:OilSpill+1","bronze:CutThrough","bronze:Branch+1"],"picked":"SKIP","floor":32.0},{"not_picked":["bronze:Deprecate+1","bronze:DelayedGuard+1"],"picked":"SKIP","floor":36.0},{"not_picked":["bronze:GetLatest","bronze:Frontload"],"picked":"SKIP","floor":37.0},{"not_picked":["bronze:Return+1","bronze:ClassDefault+1"],"picked":"SKIP","floor":39.0},{"not_picked":["bronze:Return+1","bronze:Invalidate"],"picked":"SKIP","floor":40.0},{"not_picked":["bronze:Branch+1","bronze:Turbo+1"],"picked":"SKIP","floor":42.0},{"not_picked":["bronze:Branch+1","bronze:Turbo+1"],"picked":"SKIP","floor":42.0},{"not_picked":["bronze:ShipIt","bronze:BitShift+1"],"picked":"SKIP","floor":43.0},{"not_picked":["bronze:Allocate+1"],"picked":"bronze:ItsAFeature+1","floor":44.0},{"not_picked":["bronze:Boost","bronze:ChildClass+1"],"picked":"SKIP","floor":46.0},{"not_picked":["bronze:CutThrough+1","bronze:DelayedSlice+1"],"picked":"SKIP","floor":47.0},{"not_picked":["bronze:BurnOut","bronze:OilSpill"],"picked":"SKIP","floor":48}],"player_experience":1066468,"relics_obtained":[{"floor":7.0,"key":"Orichalcum"},{"floor":10.0,"key":"Question Card"},{"floor":12.0,"key":"Art of War"},{"floor":14.0,"key":"Odd Mushroom"},{"floor":24.0,"key":"jedi:shrinkray"},{"floor":41.0,"key":"Bottled Flame"},{"floor":46.0,"key":"Runesmith:AutoHammer"},{"floor":48,"key":"aspiration:SeaSaltIceCream"}],"event_choices":[{"damage_healed":0.0,"max_hp_gain":0.0,"max_hp_loss":0.0,"gold_gain":0.0,"event_name":"conspire:LoneGhost","player_choice":"Agree","floor":9.0,"gold_loss":0.0,"damage_taken":0.0},{"damage_healed":0.0,"max_hp_gain":0.0,"max_hp_loss":0.0,"gold_gain":0.0,"event_name":"Mushrooms","player_choice":"Fought Mushrooms","floor":14.0,"gold_loss":0.0,"damage_taken":0.0},{"damage_healed":0.0,"max_hp_gain":0.0,"max_hp_loss":0.0,"gold_gain":0.0,"event_name":"Lab","player_choice":"Got Potions","floor":21.0,"gold_loss":0.0,"damage_taken":0.0},{"cards_removed":["conspire:GhostlyStrike"],"damage_healed":5.0,"max_hp_gain":0.0,"max_hp_loss":0.0,"gold_gain":0.0,"event_name":"Bonfire Elementals","player_choice":"Offered Special","floor":38.0,"gold_loss":0.0,"damage_taken":0.0},{"cards_removed":["conspire:GhostlyDefend"],"damage_healed":0.0,"max_hp_gain":0.0,"max_hp_loss":0.0,"gold_gain":0.0,"event_name":"Falling","player_choice":"Removed Skill","floor":45.0,"gold_loss":0.0,"damage_taken":0.0}],"is_beta":false,"boss_relics":[{"not_picked":["aspiration:BeakedSkillbook","halation:Prosthetics"],"picked":"bronze:MakeshiftBattery"},{"not_picked":["hubris:VirtuousBlindfold","Calling Bell"],"picked":"Busted Crown"}],"items_purged_floors":[22,27],"is_endless":false,"potions_floor_spawned":[4,14,16,20,23,26,32,40,42,44,46,48],"ascension_level":0}}