{"host":"m8jdpmy9rjkl1vhn","time":1611044452,"event":{"mods":["2.2 Compatiblity","Bard","BaseMod","Beaked The Cultist","Better Sensory Stone","Better Synergies","Better Third Choice","Challenge The Spire","Colored Map","Colored Powertips","GungeonMod","Hermit","Highlight Path","HololiveMod","Hubris","Infinite Spire","Melee Mod","Minty Spire (QoL Compilation)","Quick Restart","Random Character Button","Rare Cards Sparkle","Relic Sorter","Relic Stats","Replay The Spire","StSLib","The Bladedancer","The Bug Knight","The Cursed","The Forsaken","The Saiyan","The Senshi","TheHeartMod","everything is the same but u backflip on backflip"],"gold_per_floor":[78,78,96,112,112,112,112,40,88,117,42,53,53,67,67,167,217,246,246,246,263,281,288,288],"floor_reached":23,"language":"ENG","playtime":1700,"items_purged":["ReplayTheSpireMod:Doomed"],"score":265,"play_id":"67db50d4-53dd-4beb-8fa5-f51473ec4875","local_time":"20210119032052","is_ascension_mode":true,"campfire_choices":[{"floor":6,"key":"RECALL"},{"data":"Hololive_DiamondStrike","floor":15,"key":"SMITH"}],"circlet_count":0,"master_deck":["Hololive_CallOkamiMio","Hololive_CallOzoraSubaru+1","Hololive_CallMinatoAqua","Hololive_CallShirakamiFubuki","Hololive_CallNakiriAyame","Hololive_CallMurasakiShion","Hololive_CallAkaiHaato","Hololive_Strike","Hololive_Defend","Hololive_Psychosis","Hololive_CandyCastle","Hololive_FlyingPonyTail","Hololive_CallShiroganeNoel+1","Hololive_StrengthChampion","Hololive_FlyingPonyTail","Hololive_DiamondStrike+1","Hololive_ASMR","Hololive_CallDoris","Shame","Hololive_CallMoonaHoshinova+1"],"relics":["Hololive_TheStar","Hololive_Kindergarten","NeowsBlessing","hubris:DisguiseKit","Dream Catcher","hubris:MobiusCoin","Philosopher\u0027s Stone","ReplayTheSpireMod:Lightbulb","Ornamental Fan"],"acts_visited":["Exordium","TheCity"],"potions_floor_usage":[14,16,23,23,23],"damage_taken":[{"damage":0,"enemies":"2 Louse","floor":1,"turns":1},{"damage":0,"enemies":"Cultist","floor":3,"turns":1},{"damage":0,"enemies":"Jaw Worm","floor":4,"turns":1},{"damage":5,"enemies":"Lagavulin","floor":10,"turns":7},{"damage":3,"enemies":"Exordium Thugs","floor":12,"turns":5},{"damage":0,"enemies":"Large Slime","floor":14,"turns":5},{"damage":0,"enemies":"Slime Boss","floor":16,"turns":5},{"damage":0,"enemies":"Spheric Guardian","floor":18,"turns":3},{"damage":0,"enemies":"Shell Parasite","floor":21,"turns":3},{"damage":0,"enemies":"Snecko","floor":22,"turns":4},{"damage":42,"enemies":"Nightmare","floor":23,"turns":12}],"seed_played":"-7340959597747358964","potions_obtained":[{"floor":10,"key":"Dexterity Potion"},{"floor":12,"key":"AttackPotion"},{"floor":14,"key":"ColorlessPotion"},{"floor":18,"key":"Dexterity Potion"},{"floor":21,"key":"Energy Potion"}],"is_trial":false,"path_per_floor":["M","?","M","M","T","R","?","$","T","E","$","M","?","M","R","B",null,"M","?","T","M","M","NM"],"character_chosen":"Hololive_HololiveCharacter","items_purchased":["Hololive_CallShiroganeNoel"],"campfire_rested":0,"item_purchase_floors":[8],"current_hp_per_floor":[35,35,35,35,35,35,35,35,35,30,30,27,27,27,27,27,35,35,35,35,35,35,0,0],"gold":288,"neow_bonus":"THREE_ENEMY_KILL","is_daily":false,"chose_seed":false,"campfire_upgraded":1,"win_rate":0.0,"timestamp":1611044452,"path_taken":["M","?","?","?","?","R","?","$","T","E","?","M","?","M","R","BOSS","M","?","?","?","M","NM"],"items_purchased_type":["Card"],"build_version":"2020-12-22","purchased_purges":1,"victory":false,"max_hp_per_floor":[35,35,35,35,35,35,35,35,35,35,35,35,35,35,35,35,35,35,35,35,35,35,35,35],"relic_stats":{"Dream Catcher":0,"counters":[11,47],"Ornamental Fan":[24],"obtain_stats":[{"hubris:DisguiseKit":7,"hubris:MobiusCoin":10,"Dream Catcher":9,"NeowsBlessing":0,"Ornamental Fan":20,"Hololive_TheStar":0,"Philosopher\u0027s Stone":17,"DemoMod:GlassGuonStoneRelic":14,"Hololive_Kindergarten":0,"ReplayTheSpireMod:Lightbulb":19},{"hubris:DisguiseKit":3,"hubris:MobiusCoin":4,"Dream Catcher":3,"NeowsBlessing":0,"Ornamental Fan":8,"Hololive_TheStar":0,"Philosopher\u0027s Stone":7,"DemoMod:GlassGuonStoneRelic":6,"Hololive_Kindergarten":0,"ReplayTheSpireMod:Lightbulb":8},{"hubris:DisguiseKit":3,"hubris:MobiusCoin":10,"Dream Catcher":3,"NeowsBlessing":0,"Ornamental Fan":28,"Hololive_TheStar":0,"Philosopher\u0027s Stone":25,"DemoMod:GlassGuonStoneRelic":20,"Hololive_Kindergarten":0,"ReplayTheSpireMod:Lightbulb":28}]},"card_choices":[{"not_picked":["Hololive_CallHoshimachiSuisei","Hololive_CallYozoraMel","Hololive_Drill"],"picked":"Hololive_Psychosis","floor":1},{"not_picked":["Hololive_CallOzoraSubaru","Hololive_CallShirakamiFubuki","Hololive_Breathe"],"picked":"Hololive_CandyCastle","floor":3},{"not_picked":["Hololive_CallOkamiMio","Hololive_Breathe","Hololive_CallAyundaRisu"],"picked":"Hololive_FlyingPonyTail","floor":4},{"not_picked":["Hololive_ILoveYou","Hololive_Watashimo","Hololive_ManjiGathering","theHeart:Cyroablation"],"picked":"Hololive_StrengthChampion","floor":10},{"not_picked":["Hololive_LuckPotion","Hololive_Breathe","Hololive_Rebound","theHeart:TentacleWhip"],"picked":"Hololive_FlyingPonyTail","floor":12},{"not_picked":["Hololive_CallHoushouMarine","Hololive_OvertimeWork","Hololive_CandyCastle","theHeart:Embolism"],"picked":"Hololive_DiamondStrike","floor":14},{"not_picked":["Hololive_HighAtkLowDef","Hololive_FlareMind","Hololive_AWSL","theHeart:Terrify"],"picked":"Hololive_ASMR","floor":16},{"not_picked":["Hololive_CallShishiroBotan","Hololive_CallArtia","Hololive_CallInugamiKorone","theHeart:SpireGrowth"],"picked":"Hololive_CallDoris","floor":18},{"not_picked":["Hololive_BringToTrial","Hololive_HuntDinosaur","Hololive_LuckPotion","theHeart:Crush"],"picked":"Hololive_CallMoonaHoshinova+1","floor":21},{"not_picked":["Hololive_RevenueBasedLive","Hololive_CallFriendA","Hololive_CallUruhaRushia","Hololive_Breathe","theHeart:TranquilRhythm"],"picked":"SKIP","floor":22}],"player_experience":245875,"relics_obtained":[{"floor":9,"key":"Dream Catcher"},{"floor":10,"key":"hubris:MobiusCoin"},{"floor":20,"key":"Ornamental Fan"}],"event_choices":[{"damage_healed":0,"gold_gain":0,"player_choice":"Forge","damage_taken":0,"max_hp_gain":0,"max_hp_loss":0,"event_name":"Accursed Blacksmith","floor":2,"gold_loss":0,"cards_upgraded":["Hololive_CallOzoraSubaru"]},{"damage_healed":0,"gold_gain":0,"player_choice":"Upgraded","damage_taken":0,"max_hp_gain":0,"max_hp_loss":0,"event_name":"Upgrade Shrine","floor":13,"gold_loss":0,"cards_upgraded":["Hololive_CallShiroganeNoel"]},{"damage_healed":0,"gold_gain":0,"player_choice":"Stole Relic","damage_taken":0,"relics_obtained":["ReplayTheSpireMod:Lightbulb"],"max_hp_gain":0,"max_hp_loss":0,"event_name":"Addict","floor":19,"gold_loss":0,"cards_obtained":["Shame"]}],"is_beta":false,"boss_relics":[{"not_picked":["Replay:Bronze Core","Replay:Wanted Poster"],"picked":"Philosopher\u0027s Stone"}],"items_purged_floors":[11],"is_endless":false,"potions_floor_spawned":[10,12,14,18,21,22],"killed_by":"Nightmare","ascension_level":2}}