{"host":"BinaryLev","time":1611070625,"event":{"mods":["BaseMod","Colored Map","Colored Powertips","Conspire","DeckTracker","Downfall","Highlight Path","Infinite Spire","Minty Spire (QoL Compilation)","Quick Restart","Random Character Button","Relic Sorter","Relic Stats","StSLib","The Blue Laboratory"],"gold_per_floor":[199,216,230,246,346,346,346,346,41,66,66,96,96,111,121,121,121,121],"floor_reached":16,"language":"ENG","playtime":1117,"items_purged":[],"score":100,"play_id":"bc7b761b-d1b4-4558-bbfb-5cfa45d6c510","local_time":"20210119203705","is_ascension_mode":false,"campfire_choices":[{"data":"champ:Taunt","floor":1,"key":"SMITH"},{"data":"champ:ArenaPreparation","floor":6,"key":"SMITH"},{"floor":8,"key":"REST"},{"data":"champ:Devastate","floor":13,"key":"SMITH"}],"circlet_count":0,"master_deck":["champ:Strike","champ:Strike","champ:Strike","champ:Strike","champ:Defend","champ:Defend","champ:Defend","champ:Defend","champ:Execute","champ:Taunt+1","champ:GutPunch","champ:BringItOn","champ:BerserkersShout","champ:ArenaPreparation+1","champ:Devastate+1","champ:ShieldSigil"],"relics":["champ:ChampionCrown","Champion Belt","InkBottle","Calipers","Strawberry","downfall:BrokenWingStatue","infinitespire:Beetle Shell"],"acts_visited":[],"potions_floor_usage":[5,9,16],"damage_taken":[{"damage":10,"enemies":"Small Slimes","floor":2,"turns":4},{"damage":8,"enemies":"2 Louse","floor":3,"turns":4},{"damage":0,"enemies":"conspire:RoseBush","floor":4,"turns":4},{"damage":74,"enemies":"conspire:RoseBush","floor":5,"turns":5},{"damage":35,"enemies":"downfall:FleeingMerchant","floor":9,"turns":4},{"damage":58,"enemies":"Gremlin Nob","floor":10,"turns":4},{"damage":32,"enemies":"Blue Slaver","floor":14,"turns":2},{"damage":0,"enemies":"conspire:2 RoseBushes","floor":15,"turns":4},{"damage":81,"enemies":"IC_STATUS_ARCHETYPE","floor":16,"turns":13}],"seed_played":"-4736243020916472633","potions_obtained":[{"floor":4,"key":"Energy Potion"},{"floor":5,"key":"ColorlessPotion"},{"floor":10,"key":"SpeedPotion"}],"is_trial":false,"path_per_floor":["R","M","M","M","?","R","T","R","$","E","?","?","R","M","M","B"],"character_chosen":"THE_CHAMP","items_purchased":["Calipers"],"campfire_rested":1,"item_purchase_floors":[9],"current_hp_per_floor":[90,90,87,87,38,38,38,65,65,54,54,54,54,47,47,0,0,0],"gold":121,"neow_bonus":"HUNDRED_GOLD","is_daily":false,"chose_seed":false,"campfire_upgraded":3,"win_rate":0.0,"timestamp":1611070625,"path_taken":["R","M","M","M","?","R","T","R","$","E","?","?","R","M","M","BOSS"],"items_purchased_type":["Relic"],"build_version":"2020-12-18","purchased_purges":0,"victory":false,"max_hp_per_floor":[90,90,90,90,90,90,90,90,90,97,97,97,97,97,97,97,97,97],"relic_stats":{"counters":[9,44],"Champion Belt":[0],"obtain_stats":[{"Calipers":9,"downfall:BrokenWingStatue":11,"Strawberry":10,"champ:ChampionCrown":0,"infinitespire:Beetle Shell":12,"Champion Belt":5,"InkBottle":7},{"Calipers":5,"downfall:BrokenWingStatue":6,"Strawberry":6,"champ:ChampionCrown":0,"infinitespire:Beetle Shell":6,"Champion Belt":4,"InkBottle":4},{"Calipers":21,"downfall:BrokenWingStatue":25,"Strawberry":25,"champ:ChampionCrown":0,"infinitespire:Beetle Shell":25,"Champion Belt":17,"InkBottle":17}],"InkBottle":[8]},"card_choices":[{"not_picked":["champ:StanceDance","champ:Backstep"],"picked":"champ:GutPunch","floor":2},{"not_picked":["champ:EnGarde","champ:FanOfKnives"],"picked":"champ:BringItOn","floor":3},{"not_picked":["champ:SkillfulDodge","champ:Backstep"],"picked":"champ:BerserkersShout","floor":4},{"not_picked":["champ:EndlessRage","champ:StanceDance"],"picked":"champ:ArenaPreparation","floor":5},{"not_picked":["champ:RisingSlash","champ:LastStand"],"picked":"champ:Devastate","floor":9},{"not_picked":["champ:BladeFlurry","champ:CrownThrow"],"picked":"champ:ShieldSigil","floor":10},{"not_picked":["champ:Shatter","champ:Backstep","champ:CrownThrow"],"picked":"SKIP","floor":14},{"not_picked":["champ:FlashCut","champ:BladeFlurry","champ:PerfectedStrike"],"picked":"SKIP","floor":15}],"player_experience":1450828,"relics_obtained":[{"floor":5,"key":"Champion Belt"},{"floor":7,"key":"InkBottle"},{"floor":10,"key":"Strawberry"}],"event_choices":[],"is_beta":true,"boss_relics":[],"items_purged_floors":[],"is_endless":false,"potions_floor_spawned":[4,5,10],"killed_by":"IC_STATUS_ARCHETYPE","ascension_level":0}}