{"host":"z42sc0n2dozsmk72","time":1611031216,"event":{"mods":["AchievementEnabler","BaseMod","Better Third Choice","Colored Map","Curses Come First","Highlight Path","Minty Spire (QoL Compilation)","Permanent Neow","Quick Restart","Relic Stats","Shop Mod","StSLib","egg","slay the spire mod where everything is the same but ironclad has a cowboy hat"],"gold_per_floor":[111,125,145,165,165,165,199,199,222,242,254,283,283,64,64,159,159,176,176,176,193,208,238,238,263,263,188,213,213,54,87,87,87,87],"floor_reached":33,"language":"ENG","playtime":1482,"items_purged":["Strike_B"],"score":402,"play_id":"155fcff5-9823-44cb-82b2-c5c70d6ac107","local_time":"20210119174016","is_ascension_mode":true,"campfire_choices":[{"data":"Hyperbeam","floor":6.0,"key":"SMITH"},{"data":"Machine Learning","floor":8.0,"key":"SMITH"},{"data":"Hyperbeam","floor":13.0,"key":"SMITH"},{"data":"Leap","floor":15.0,"key":"SMITH"},{"data":"Buffer","floor":24,"key":"SMITH"},{"data":"Hyperbeam","floor":29,"key":"SMITH"},{"data":"Reprogram","floor":32,"key":"SMITH"}],"circlet_count":0,"master_deck":["Strike_B+1","Strike_B+1","Defend_B","Defend_B","Defend_B","Zap","Dualcast","Hyperbeam+1","Leap+1","Gash","Melter","Machine Learning+1","Hyperbeam+1","Hyperbeam+1","Gash","Conserve Battery+1","Buffer+1","Gash","Meteor Strike","Reprogram+1"],"relics":["Cracked Core","PreservedInsect","Regal Pillow","Whetstone","Toy Ornithopter","Nuclear Battery","Juzu Bracelet","Omamori","Happy Flower","Singing Bowl","Potion Belt"],"acts_visited":["Exordium","TheCity"],"potions_floor_usage":[23,23,25,33],"damage_taken":[{"damage":1.0,"enemies":"2 Louse","floor":1.0,"turns":2.0},{"damage":2.0,"enemies":"Small Slimes","floor":2.0,"turns":2.0},{"damage":0.0,"enemies":"Cultist","floor":3.0,"turns":3.0},{"damage":13.0,"enemies":"3 Louse","floor":4.0,"turns":3.0},{"damage":0.0,"enemies":"3 Sentries","floor":7.0,"turns":3.0},{"damage":12.0,"enemies":"Gremlin Gang","floor":10.0,"turns":2.0},{"damage":6.0,"enemies":"Red Slaver","floor":11.0,"turns":4.0},{"damage":14.0,"enemies":"Gremlin Nob","floor":12.0,"turns":3.0},{"damage":13.0,"enemies":"Hexaghost","floor":16.0,"turns":9.0},{"damage":18.0,"enemies":"Shell Parasite","floor":18.0,"turns":3.0},{"damage":5.0,"enemies":"2 Thieves","floor":21.0,"turns":2.0},{"damage":0.0,"enemies":"3 Cultists","floor":22.0,"turns":2.0},{"damage":13,"enemies":"Gremlin Leader","floor":23,"turns":4},{"damage":15,"enemies":"Slavers","floor":25,"turns":2},{"damage":7,"enemies":"Book of Stabbing","floor":28,"turns":4},{"damage":0,"enemies":"Gremlin Leader","floor":31,"turns":2},{"damage":71,"enemies":"Automaton","floor":33,"turns":6}],"seed_played":"7787015758997910788","potions_obtained":[{"floor":2.0,"key":"Weak Potion"},{"floor":4.0,"key":"Regen Potion"},{"floor":7.0,"key":"FocusPotion"},{"floor":23,"key":"ColorlessPotion"},{"floor":31,"key":"GamblersBrew"}],"is_trial":false,"path_per_floor":["M","M","M","M","?","R","E","R","T","M","M","E","R","$","R","B",null,"M","?","?","M","M","E","R","E","T","?","E","R","$","E","R","B"],"character_chosen":"DEFECT","items_purchased":["Toy Ornithopter","Meteor Strike"],"campfire_rested":0,"item_purchase_floors":[14,30],"current_hp_per_floor":[74,72,72,59,52,52,52,52,52,40,34,20,20,20,20,7,75,57,57,57,52,52,61,61,51,51,51,46,46,46,46,46,0,0],"gold":87,"neow_bonus":"ONE_RANDOM_RARE_CARD","is_daily":false,"chose_seed":false,"campfire_upgraded":7,"win_rate":0.0,"timestamp":1611031216,"path_taken":["M","M","M","M","?","R","E","R","T","M","M","E","R","$","R","BOSS","M","?","?","M","M","E","R","E","T","?","E","R","$","E","R","BOSS"],"items_purchased_type":["Relic","Card"],"build_version":"2020-12-22","purchased_purges":1,"victory":false,"max_hp_per_floor":[75,75,75,75,75,75,75,75,75,75,75,75,75,75,75,75,75,75,75,75,75,75,75,75,75,75,75,77,77,77,77,77,77,77],"relic_stats":{"Regal Pillow":0,"Happy Flower":[4],"Singing Bowl":2,"counters":[17,56],"PreservedInsect":204,"Juzu Bracelet":0,"Whetstone":["Strike_B","Strike_B"],"obtain_stats":[{"Potion Belt":31,"Regal Pillow":9,"Happy Flower":26,"Singing Bowl":28,"PreservedInsect":7,"Juzu Bracelet":23,"Omamori":25,"Whetstone":12,"Cracked Core":0,"Toy Ornithopter":14,"Nuclear Battery":17},{"Potion Belt":16,"Regal Pillow":5,"Happy Flower":14,"Singing Bowl":15,"PreservedInsect":5,"Juzu Bracelet":13,"Omamori":14,"Whetstone":8,"Cracked Core":0,"Toy Ornithopter":8,"Nuclear Battery":9},{"Potion Belt":50,"Regal Pillow":13,"Happy Flower":44,"Singing Bowl":48,"PreservedInsect":13,"Juzu Bracelet":42,"Omamori":44,"Whetstone":22,"Cracked Core":0,"Toy Ornithopter":22,"Nuclear Battery":31}],"Toy Ornithopter":20},"card_choices":[{"not_picked":["Doom and Gloom","Melter"],"picked":"Leap","floor":1.0},{"not_picked":["Ball Lightning","Compile Driver"],"picked":"Gash","floor":2.0},{"not_picked":["Hologram","Redo"],"picked":"Melter","floor":3.0},{"not_picked":["Loop","Glacier","Turbo"],"picked":"SKIP","floor":4.0},{"not_picked":["Coolheaded","Heatsinks"],"picked":"Machine Learning","floor":7.0},{"not_picked":["Stack","Go for the Eyes","Rebound"],"picked":"SKIP","floor":10.0},{"not_picked":["Doom and Gloom","Darkness","Defragment"],"picked":"SKIP","floor":11.0},{"not_picked":["Chaos","Compile Driver"],"picked":"Hyperbeam","floor":12.0},{"not_picked":["Creative AI","Thunder Strike"],"picked":"Hyperbeam","floor":16.0},{"not_picked":["FTL","Sweeping Beam","Rebound"],"picked":"SKIP","floor":18.0},{"not_picked":["Redo+1","FTL+1"],"picked":"Conserve Battery+1","floor":21.0},{"not_picked":["Redo","Reinforced Body+1"],"picked":"Buffer","floor":22.0},{"not_picked":["Defragment+1","Blizzard"],"picked":"Gash","floor":23},{"not_picked":["Gash","Fission","Capacitor"],"picked":"SKIP","floor":25},{"not_picked":["Redo+1","Double Energy+1","Rebound"],"picked":"Singing Bowl","floor":28},{"not_picked":["Cold Snap","Ball Lightning"],"picked":"Reprogram","floor":31}],"player_experience":844481,"relics_obtained":[{"floor":7.0,"key":"PreservedInsect"},{"floor":9.0,"key":"Regal Pillow"},{"floor":12.0,"key":"Whetstone"},{"floor":23,"key":"Juzu Bracelet"},{"floor":25,"key":"Omamori"},{"floor":26,"key":"Happy Flower"},{"floor":28,"key":"Singing Bowl"},{"floor":31,"key":"Potion Belt"}],"event_choices":[{"cards_removed":["Strike_B"],"damage_healed":0.0,"max_hp_gain":0.0,"max_hp_loss":0.0,"gold_gain":0.0,"event_name":"Golden Wing","player_choice":"Card Removal","floor":5.0,"gold_loss":0.0,"damage_taken":7.0},{"damage_healed":0.0,"max_hp_gain":0.0,"max_hp_loss":0.0,"gold_gain":0.0,"event_name":"Vampires","player_choice":"Ignored","floor":19.0,"gold_loss":0.0,"damage_taken":0.0},{"damage_healed":0.0,"max_hp_gain":0.0,"max_hp_loss":0.0,"gold_gain":0.0,"event_name":"The Library","player_choice":"Read","floor":20.0,"gold_loss":0.0,"damage_taken":0.0,"cards_obtained":["Gash"]},{"cards_removed":["Defend_B"],"damage_healed":0,"gold_gain":0,"player_choice":"Gave Gold","damage_taken":0,"max_hp_gain":0,"max_hp_loss":0,"event_name":"Beggar","floor":27,"gold_loss":75}],"is_beta":false,"boss_relics":[{"not_picked":["Cursed Key","SacredBark"],"picked":"Nuclear Battery"}],"items_purged_floors":[14],"is_endless":false,"potions_floor_spawned":[2,4,7,10,16,21,23,31],"killed_by":"Automaton","ascension_level":1}}