{"host":"0j49nvi4cbm626s8","time":1611090578,"event":{"mods":["AchievementEnabler","BaseMod","Highlight Path","Marisa????????","Minty Spire (QoL Compilation)"],"gold_per_floor":[112,138,138,138,9,59,103,157,157,157,187,208,208,287,287,376,376,409,344,344,344],"floor_reached":20,"language":"ENG","playtime":1131,"items_purged":["Strike_MRS","Strike_MRS"],"score":352,"play_id":"c329619b-f1a0-4ea3-8691-6bc7c96e7580","local_time":"20210119220938","is_ascension_mode":true,"campfire_choices":[{"floor":13,"key":"REST"},{"floor":15,"key":"REST"}],"circlet_count":0,"master_deck":["AscendersBane","Defend_MRS","Defend_MRS+1","Defend_MRS+1","Defend_MRS","MasterSpark","UpSweep","TreasureHunter","WitchOfGreed","MachineGunSpark","MilkyWay","OneTimeOff","EnergyRecoil","EnergyRecoil","GalacticHalo"],"relics":["MiniHakkero","CeramicFish","Sundial","HandmadeGrimoire","Omamori","Potion Belt","Lantern","Smiling Mask","Pocketwatch","Empty Cage"],"acts_visited":["Exordium","TheCity"],"potions_floor_usage":[6,8,8,14,14,16],"damage_taken":[{"damage":1,"enemies":"Cultist","floor":1,"turns":3},{"damage":7,"enemies":"Jaw Worm","floor":2,"turns":3},{"damage":2,"enemies":"Lagavulin","floor":6,"turns":6},{"damage":1,"enemies":"Small Slimes","floor":7,"turns":4},{"damage":57,"enemies":"Gremlin Nob","floor":8,"turns":5},{"damage":0,"enemies":"Looter","floor":11,"turns":4},{"damage":0,"enemies":"Exordium Wildlife","floor":12,"turns":3},{"damage":20,"enemies":"3 Sentries","floor":14,"turns":13},{"damage":8,"enemies":"Hexaghost","floor":16,"turns":10},{"damage":0,"enemies":"Shell Parasite","floor":18,"turns":7},{"damage":51,"enemies":"3 Byrds","floor":20,"turns":4}],"seed_played":"-7283713248216745996","potions_obtained":[{"floor":2,"key":"CultistPotion"},{"floor":6,"key":"ColorlessPotion"},{"floor":7,"key":"Energy Potion"},{"floor":8,"key":"SkillPotion"},{"floor":11,"key":"BottledSpark"},{"floor":12,"key":"FearPotion"},{"floor":16,"key":"Strength Potion"},{"floor":18,"key":"Strength Potion"}],"is_trial":false,"path_per_floor":["M","M","?","?","$","E","M","E","T","?","M","M","R","?","R","B",null,"M","$","M"],"character_chosen":"MARISA","items_purchased":["MilkyWay","GalacticHalo"],"campfire_rested":2,"item_purchase_floors":[5,19],"current_hp_per_floor":[62,55,42,63,63,61,60,3,3,3,3,3,21,1,19,11,50,50,50,0,0],"gold":344,"neow_bonus":"THREE_RARE_CARDS","is_daily":false,"chose_seed":false,"campfire_upgraded":0,"win_rate":0.0,"timestamp":1611090578,"path_taken":["M","M","?","?","$","E","M","E","T","?","M","M","R","?","R","BOSS","M","$","M"],"items_purchased_type":["Card","Card"],"build_version":"2020-12-22","purchased_purges":2,"victory":false,"max_hp_per_floor":[63,63,63,63,63,63,63,63,63,63,63,63,63,63,63,63,63,63,63,63,63],"card_choices":[{"not_picked":["ManaRampage","StarDustReverie"],"picked":"TreasureHunter","floor":0},{"not_picked":["PowerUp","PulseMagic"],"picked":"WitchOfGreed","floor":1},{"not_picked":["DC","DoubleSpark"],"picked":"MachineGunSpark","floor":2},{"not_picked":["IllusionStar","StarlightTyphoon","Singularity"],"picked":"SKIP","floor":6},{"not_picked":["MeteoricShower","DoubleSpark"],"picked":"OneTimeOff","floor":7},{"not_picked":["GrandCross","ShootingEcho"],"picked":"EnergyRecoil","floor":8},{"not_picked":["PulseMagic","WitchOfGreed","Singularity"],"picked":"SKIP","floor":11},{"not_picked":["WitchLeyline","FairyDestructionRay"],"picked":"EnergyRecoil","floor":12},{"not_picked":["WitchOfGreed","AsteroidBelt","RefractionSpark"],"picked":"SKIP","floor":18}],"player_experience":244342,"relics_obtained":[{"floor":6,"key":"CeramicFish"},{"floor":6,"key":"Sundial"},{"floor":8,"key":"HandmadeGrimoire"},{"floor":8,"key":"Omamori"},{"floor":9,"key":"Potion Belt"},{"floor":14,"key":"Lantern"},{"floor":14,"key":"Smiling Mask"},{"floor":16,"key":"Pocketwatch"}],"event_choices":[{"damage_healed":0,"gold_gain":0,"player_choice":"Entered Light","damage_taken":13,"max_hp_gain":0,"max_hp_loss":0,"event_name":"Shining Light","floor":3,"gold_loss":0,"cards_upgraded":["Defend_MRS","Defend_MRS"]},{"damage_healed":21,"gold_gain":0,"player_choice":"Banana","damage_taken":0,"max_hp_gain":0,"max_hp_loss":0,"event_name":"Big Fish","floor":4,"gold_loss":0},{"damage_healed":0,"gold_gain":0,"player_choice":"Ignored","damage_taken":0,"max_hp_gain":0,"max_hp_loss":0,"event_name":"Golden Idol","floor":10,"gold_loss":0},{"damage_healed":0,"gold_gain":0,"player_choice":"Searched \u00272\u0027 times","damage_taken":0,"max_hp_gain":0,"max_hp_loss":0,"event_name":"Dead Adventurer","floor":14,"gold_loss":0}],"is_beta":false,"boss_relics":[{"not_picked":["Busted Crown","Astrolabe"],"picked":"Empty Cage"}],"items_purged_floors":[5,19],"is_endless":false,"potions_floor_spawned":[12,16,18],"killed_by":"3 Byrds","ascension_level":14}}