{"host":"3rwhy22jnnah4gn3","time":1611016943,"event":{"mods":["A Magickal Journey","AchievementEnabler","Act Like it!","BaseMod","Better Skull","Better Third Choice","BetterRewards","Colored Map","Colored Powertips","Conspire","GifTheSpireLib","Googly Eyes","GungeonMod","Hallownest","Hermit","HololiveMod","Hubris","Marisa????????","Minty Spire (QoL Compilation)","Quick Restart","StSLib","The Animator","The Bug Knight","The Cursed","The Servant 0.9.4","Waifu the Spire","everything is the same but u backflip on backflip","slay the spire mod where everything is the same but ironclad has a cowboy hat"],"gold_per_floor":[111,122,141,141,141,176,188,206,288,288,304,304,31,56,56,158,158,169,169,169,180,180,180,196,222,247,276,191,191,202,26,26,125,125,137,137,152,152,165,11,38,49,49,66,84,84,63,77,77,77,77],"floor_reached":50,"language":"ENG","playtime":3244,"items_purged":["Strike_R","Strike_R"],"score":559,"play_id":"33971c6e-8cef-40f8-b66b-e7e57b59cebd","local_time":"20210118184223","is_ascension_mode":false,"campfire_choices":[{"data":"Bludgeon","floor":10,"key":"SMITH"},{"data":"Armaments","floor":15,"key":"SMITH"},{"floor":23,"key":"REST"},{"data":"J.A.X.","floor":29,"key":"SMITH"},{"data":"Power Through","floor":32,"key":"SMITH"},{"floor":49,"key":"RECALL"}],"circlet_count":0,"master_deck":["Strike_R","Strike_R","Strike_R","Defend_R","Defend_R","Defend_R","Defend_R","Cleave","Thunderclap","Clothesline","Bash","Rampage","Bludgeon+1","Armaments+1","Immolate","CurseOfTheBell","Shrug It Off","Metallicize","J.A.X.+1","Reaper","Flame Barrier","Blood for Blood+1","Power Through+1","Barricade+1","Seeing Red+1","Wraith","Rupture+1","Reaper","True Grit","Blood for Blood","Demon Form","Ghostly Armor","Inflame+1"],"relics":["Burning Blood","hubris:Towel","DemoMod:WhiteGuonStone","hubris:Icosahedron","hubris:ChampionShield","Nunchaku","Calling Bell","Pen Nib","hubris:MysteriousPyramids","Gambling Chip","Enchiridion","Bottled Flame","Bag of Marbles","Red Mask","Vajra","hubris:Backtick","Shuriken","Oddly Smooth Stone","Bronze Scales","hubris:Zylophone","hubris:GlazedTorus"],"acts_visited":["Exordium","TheCity","TheBeyond"],"potions_floor_usage":[14,16,16,25,33,41,50,50,50],"damage_taken":[{"damage":5,"enemies":"Cultist","floor":1,"turns":4},{"damage":1,"enemies":"2 Louse","floor":2,"turns":3},{"damage":6,"enemies":"Jaw Worm","floor":3,"turns":3},{"damage":35,"enemies":"3 Sentries","floor":6,"turns":7},{"damage":0,"enemies":"Large Slime","floor":7,"turns":5},{"damage":19,"enemies":"Exordium Wildlife","floor":8,"turns":4},{"damage":2,"enemies":"Looter","floor":11,"turns":2},{"damage":7,"enemies":"Lagavulin","floor":14,"turns":6},{"damage":30,"enemies":"The Guardian","floor":16,"turns":9},{"damage":43,"enemies":"conspire:FuzzyDice","floor":18,"turns":5},{"damage":16,"enemies":"Spheric Guardian","floor":21,"turns":4},{"damage":39,"enemies":"Shelled Parasite and Fungi","floor":24,"turns":4},{"damage":7,"enemies":"conspire:Head Lice","floor":25,"turns":7},{"damage":0,"enemies":"Masked Bandits","floor":27,"turns":1},{"damage":16,"enemies":"Centurion and Healer","floor":30,"turns":4},{"damage":44,"enemies":"Champ","floor":33,"turns":13},{"damage":18,"enemies":"3 Darklings","floor":35,"turns":4},{"damage":15,"enemies":"Orb Walker","floor":37,"turns":4},{"damage":13,"enemies":"Jaw Worm Horde","floor":39,"turns":2},{"damage":19,"enemies":"HollowMod:StalkingDevout","floor":41,"turns":8},{"damage":0,"enemies":"4 Shapes","floor":42,"turns":1},{"damage":3,"enemies":"Sphere and 2 Shapes","floor":44,"turns":5},{"damage":0,"enemies":"Jaw Worm Horde","floor":45,"turns":1},{"damage":46,"enemies":"Nemesis","floor":47,"turns":7},{"damage":19,"enemies":"Spire Growth","floor":48,"turns":8},{"damage":116,"enemies":"Awakened One","floor":50,"turns":11}],"seed_played":"-6865793518463226517","potions_obtained":[{"floor":6,"key":"DistilledChaos"},{"floor":7,"key":"BloodPotion"},{"floor":14,"key":"Strength Potion"},{"floor":16,"key":"PowerPotion"},{"floor":25,"key":"Swift Potion"},{"floor":33,"key":"Energy Potion"},{"floor":44,"key":"BloodPotion"}],"is_trial":false,"path_per_floor":["M","M","M","?","?","E","M","M","T","R","M","?","$","E","R","B",null,"M","?","?","M","?","R","M","E","T","?","?","R","M","$","R","B",null,"M","?","M","?","M","$","E","M","T","M","M","?","E","M","R","B"],"character_chosen":"IRONCLAD","items_purchased":["Armaments","hubris:ChampionShield","Power Through","Oddly Smooth Stone"],"campfire_rested":1,"item_purchase_floors":[13,13,31,40],"current_hp_per_floor":[88,88,88,88,88,59,65,52,52,52,56,56,56,55,55,31,88,51,35,35,25,25,51,18,61,61,67,67,67,57,57,57,32,88,83,83,74,74,67,67,75,81,81,84,84,84,44,56,56,0,0],"gold":77,"neow_bonus":"TEN_PERCENT_HP_BONUS","is_daily":false,"chose_seed":false,"campfire_upgraded":4,"win_rate":0.0,"timestamp":1611016943,"path_taken":["M","M","M","?","?","E","M","?","T","R","M","?","$","E","R","BOSS","M","?","?","?","?","R","M","E","T","?","?","R","M","$","R","BOSS","M","?","M","?","M","?","E","M","T","M","M","?","E","?","R","BOSS"],"items_purchased_type":["Card","Relic","Card","Relic"],"build_version":"2020-12-22","purchased_purges":2,"victory":false,"max_hp_per_floor":[88,88,88,88,88,88,88,88,88,88,88,88,88,88,88,88,88,88,88,88,88,88,88,88,88,88,88,88,88,88,88,88,88,88,88,88,88,84,84,84,84,84,84,84,84,84,84,84,84,84,84],"card_choices":[{"not_picked":["Thunderclap","Iron Wave"],"picked":"Cleave","floor":1},{"not_picked":["Searing Blow","Havoc"],"picked":"Thunderclap","floor":2},{"not_picked":["Wild Strike","Warcry"],"picked":"Clothesline","floor":3},{"not_picked":["hubris:SharpeningStone","Whirlwind"],"picked":"Rampage","floor":6},{"not_picked":["Thunderclap","Pummel"],"picked":"Bludgeon","floor":7},{"not_picked":["conspire:ExplosiveBarrier","Burning Pact","Rupture"],"picked":"SKIP","floor":8},{"not_picked":["Wild Strike","Anger","Double Tap"],"picked":"SKIP","floor":11},{"not_picked":["Twin Strike","Thunderclap","Warcry"],"picked":"SKIP","floor":14},{"not_picked":["hubris:StunningStrike","Exhume"],"picked":"Immolate","floor":16},{"not_picked":["Anger","Rampage"],"picked":"Shrug It Off","floor":18},{"not_picked":["Warcry","True Grit"],"picked":"Metallicize","floor":21},{"not_picked":["Dropkick","Thunderclap"],"picked":"Reaper","floor":24},{"not_picked":["Iron Wave","Warcry","Body Slam+1"],"picked":"SKIP","floor":25},{"not_picked":["Clash","Sword Boomerang"],"picked":"Flame Barrier","floor":27},{"not_picked":["Clothesline+1","True Grit+1"],"picked":"Blood for Blood+1","floor":30},{"not_picked":["Double Tap","Berserk"],"picked":"Barricade","floor":33},{"not_picked":["Inflame","Anger"],"picked":"Seeing Red+1","floor":35},{"not_picked":["Warcry+1","Flex+1"],"picked":"Rupture+1","floor":37},{"not_picked":["Bloodletting","Hemokinesis"],"picked":"Reaper","floor":39},{"not_picked":["Feel No Pain+1","Headbutt","DemoMod:WhiteBlade"],"picked":"SKIP","floor":41},{"not_picked":["hubris:ReadiedAction","Dark Embrace+1"],"picked":"True Grit","floor":42},{"not_picked":["True Grit+1","Reckless Charge"],"picked":"Blood for Blood","floor":44},{"not_picked":["Anger+1","Iron Wave+1"],"picked":"Demon Form","floor":45},{"not_picked":["Burning Pact+1","Sever Soul+1"],"picked":"Ghostly Armor","floor":47},{"not_picked":["Reckless Charge","Spot Weakness"],"picked":"Inflame+1","floor":48}],"player_experience":122781,"relics_obtained":[{"floor":6,"key":"DemoMod:WhiteGuonStone"},{"floor":14,"key":"Nunchaku"},{"floor":17,"key":"Pen Nib"},{"floor":17,"key":"hubris:MysteriousPyramids"},{"floor":17,"key":"Gambling Chip"},{"floor":19,"key":"Enchiridion"},{"floor":25,"key":"Bottled Flame"},{"floor":26,"key":"Bag of Marbles"},{"floor":27,"key":"Red Mask"},{"floor":41,"key":"Bronze Scales"},{"floor":43,"key":"hubris:Zylophone"},{"floor":47,"key":"hubris:GlazedTorus"}],"event_choices":[{"damage_healed":0,"gold_gain":0,"player_choice":"1 cards matched","damage_taken":0,"max_hp_gain":0,"max_hp_loss":0,"event_name":"Match and Keep!","floor":5,"gold_loss":0,"cards_obtained":["Bash"]},{"damage_healed":0,"gold_gain":0,"player_choice":"Obtained Book","damage_taken":16,"max_hp_gain":0,"max_hp_loss":0,"event_name":"Cursed Tome","floor":19,"gold_loss":0},{"cards_removed":["Bash"],"damage_healed":0,"gold_gain":0,"player_choice":"Purged","damage_taken":0,"max_hp_gain":0,"max_hp_loss":0,"event_name":"Purifier","floor":20,"gold_loss":0},{"damage_healed":0,"gold_gain":0,"player_choice":"Obtain J.A.X.","damage_taken":0,"max_hp_gain":0,"max_hp_loss":0,"event_name":"Drug Dealer","floor":22,"gold_loss":0,"cards_obtained":["J.A.X."]},{"damage_healed":0,"gold_gain":0,"player_choice":"Fought Bandits","damage_taken":0,"max_hp_gain":0,"max_hp_loss":0,"event_name":"Masked Bandits","floor":27,"gold_loss":0},{"damage_healed":0,"gold_gain":0,"player_choice":"Obtained Relic","damage_taken":0,"relics_obtained":["Vajra"],"max_hp_gain":0,"max_hp_loss":0,"event_name":"Addict","floor":28,"gold_loss":85},{"damage_healed":0,"gold_gain":0,"player_choice":"Ignored","damage_taken":0,"max_hp_gain":0,"max_hp_loss":0,"event_name":"OrinTheCat","floor":36,"gold_loss":0},{"damage_healed":0,"gold_gain":0,"player_choice":"Max HP","damage_taken":0,"max_hp_gain":0,"max_hp_loss":4,"event_name":"Winding Halls","floor":38,"gold_loss":0},{"damage_healed":0,"gold_gain":0,"player_choice":"Upgraded","damage_taken":0,"max_hp_gain":0,"max_hp_loss":0,"event_name":"Upgrade Shrine","floor":46,"gold_loss":0,"cards_upgraded":["Barricade"]}],"is_beta":false,"boss_relics":[{"not_picked":["conspire:SlowCooker","Empty Cage"],"picked":"Calling Bell"},{"not_picked":["Runic Dome","hubris:RunicObelisk"],"picked":"hubris:Backtick"}],"items_purged_floors":[13,31],"is_endless":false,"potions_floor_spawned":[6,7,14,16,25,27,33,44,45,47],"killed_by":"Awakened One","ascension_level":0}}