{"host":"nn0usk9aafse27ii","time":1611083250,"event":{"mods":["BaseMod","Colored Map","Highlight Path","Minty Spire (QoL Compilation)","Robot Space Explorer","Shop Mod","StSLib"],"gold_per_floor":[20,20,44,62,87,87,165,165,189,213,69,87,128,53,53,176,176,200,238,337,357,357,357,357],"floor_reached":23,"language":"ENG","playtime":2484,"items_purged":["RobotSpaceExplorer:Strike"],"score":191,"play_id":"22d42e0d-3877-45ee-8a6e-edfdb77349ea","local_time":"20210119110730","is_ascension_mode":false,"campfire_choices":[{"floor":6.0,"key":"REST"},{"floor":8.0,"key":"REST"},{"data":"RobotSpaceExplorer:PowerGlove","floor":15.0,"key":"SMITH"}],"circlet_count":0,"master_deck":["RobotSpaceExplorer:Strike","RobotSpaceExplorer:Strike","RobotSpaceExplorer:Strike","RobotSpaceExplorer:Defend","RobotSpaceExplorer:Defend","RobotSpaceExplorer:Defend","RobotSpaceExplorer:Defend","RobotSpaceExplorer:Scan","RobotSpaceExplorer:MiniLasers","RobotSpaceExplorer:LuckyStrike","RobotSpaceExplorer:MetalStrike","RobotSpaceExplorer:SelfCleaning","RobotSpaceExplorer:StarLightning","RobotSpaceExplorer:IronShell","RobotSpaceExplorer:PowerGlove","RobotSpaceExplorer:ScrapToss","RobotSpaceExplorer:FreezeRay","RobotSpaceExplorer:PowerGlove+1","RobotSpaceExplorer:TrailblazerForm","RobotSpaceExplorer:Scanner","RobotSpaceExplorer:Counterblock+1","RobotSpaceExplorer:ScrapMissile","RobotSpaceExplorer:ChargingLaser"],"relics":["RobotSpaceExplorer:RoboCore","Incense Burner","Golden Idol","RobotSpaceExplorer:FoglandsKnife","Pen Nib","MealTicket","RobotSpaceExplorer:Reprocessor","Red Mask","Anchor"],"acts_visited":["Exordium","TheCity"],"potions_floor_usage":[23],"damage_taken":[{"damage":0.0,"enemies":"Cultist","floor":1.0,"turns":4.0},{"damage":0.0,"enemies":"Small Slimes","floor":3.0,"turns":3.0},{"damage":3.0,"enemies":"Jaw Worm","floor":4.0,"turns":4.0},{"damage":5.0,"enemies":"2 Fungi Beasts","floor":5.0,"turns":4.0},{"damage":22.0,"enemies":"Lagavulin Event","floor":7.0,"turns":8.0},{"damage":0.0,"enemies":"Blue Slaver","floor":10.0,"turns":4.0},{"damage":0.0,"enemies":"Large Slime","floor":12.0,"turns":4.0},{"damage":15.0,"enemies":"Lagavulin","floor":13.0,"turns":4.0},{"damage":37.0,"enemies":"Hexaghost","floor":16.0,"turns":7.0},{"damage":18.0,"enemies":"Spheric Guardian","floor":18.0,"turns":5.0},{"damage":24,"enemies":"Masked Bandits","floor":19,"turns":5},{"damage":13,"enemies":"Shell Parasite","floor":21,"turns":5},{"damage":22,"enemies":"Book of Stabbing","floor":23,"turns":5}],"seed_played":"-1239708254774358476","potions_obtained":[{"floor":1.0,"key":"Fire Potion"},{"floor":4.0,"key":"Weak Potion"},{"floor":7.0,"key":"RobotSpaceExplorer:RecyclePotion"},{"floor":19,"key":"Swift Potion"}],"is_trial":false,"path_per_floor":["M","?","M","M","M","R","?","R","T","M","$","M","E","$","R","B",null,"M","?","?","M","?","E"],"character_chosen":"RobotSpaceExplorer","items_purchased":["RobotSpaceExplorer:ScrapToss","RobotSpaceExplorer:FreezeRay"],"campfire_rested":2,"item_purchase_floors":[11,11],"current_hp_per_floor":[75,57,57,54,49,71,49,71,71,71,71,71,56,71,71,34,75,57,33,33,20,20,0,0],"gold":357,"neow_bonus":"ONE_RARE_RELIC","is_daily":false,"chose_seed":false,"campfire_upgraded":1,"win_rate":0.0,"timestamp":1611083250,"path_taken":["M","?","M","M","M","R","?","R","T","M","?","M","E","$","R","BOSS","M","?","?","M","?","E"],"items_purchased_type":["Card","Card"],"build_version":"2020-12-22","purchased_purges":1,"victory":false,"max_hp_per_floor":[75,75,75,75,75,75,75,75,75,75,75,75,75,75,75,75,75,75,75,75,75,75,75,75],"card_choices":[{"not_picked":["RobotSpaceExplorer:ShockKick","RobotSpaceExplorer:SwiftStep"],"picked":"RobotSpaceExplorer:LuckyStrike","floor":1.0},{"not_picked":["RobotSpaceExplorer:SwiftStep","RobotSpaceExplorer:Counterblock"],"picked":"RobotSpaceExplorer:MetalStrike","floor":3.0},{"not_picked":["RobotSpaceExplorer:FrostMissile","RobotSpaceExplorer:MiniDrones"],"picked":"RobotSpaceExplorer:SelfCleaning","floor":4.0},{"not_picked":["RobotSpaceExplorer:Pulsar","RobotSpaceExplorer:StunGrenade"],"picked":"RobotSpaceExplorer:StarLightning","floor":5.0},{"not_picked":["RobotSpaceExplorer:SlimeMissile","RobotSpaceExplorer:Ammunition"],"picked":"RobotSpaceExplorer:IronShell","floor":7.0},{"not_picked":["RobotSpaceExplorer:Arsenal","RobotSpaceExplorer:MetalStrike"],"picked":"RobotSpaceExplorer:PowerGlove","floor":10.0},{"not_picked":["RobotSpaceExplorer:FreezingShield","RobotSpaceExplorer:Blitz"],"picked":"RobotSpaceExplorer:PowerGlove","floor":12.0},{"not_picked":["RobotSpaceExplorer:PowerGlove","RobotSpaceExplorer:SurgingShield"],"picked":"RobotSpaceExplorer:TrailblazerForm","floor":13.0},{"not_picked":["RobotSpaceExplorer:Autoloader","RobotSpaceExplorer:Explosion"],"picked":"RobotSpaceExplorer:Scanner","floor":16.0},{"not_picked":["RobotSpaceExplorer:FranticSearch","RobotSpaceExplorer:FreezeRay"],"picked":"RobotSpaceExplorer:Counterblock+1","floor":18},{"not_picked":["RobotSpaceExplorer:SurgingShield+1","RobotSpaceExplorer:SurgingStrike"],"picked":"RobotSpaceExplorer:ScrapMissile","floor":19},{"not_picked":["RobotSpaceExplorer:Smokescreen+1","RobotSpaceExplorer:IronShell"],"picked":"RobotSpaceExplorer:ChargingLaser","floor":21}],"player_experience":349493,"relics_obtained":[{"floor":7.0,"key":"RobotSpaceExplorer:FoglandsKnife"},{"floor":9.0,"key":"Pen Nib"},{"floor":13.0,"key":"MealTicket"},{"floor":19,"key":"Red Mask"},{"floor":22,"key":"Anchor"}],"event_choices":[{"damage_healed":0.0,"max_hp_gain":0.0,"max_hp_loss":0.0,"gold_gain":0.0,"event_name":"Golden Idol","player_choice":"Take Damage","floor":2.0,"gold_loss":0.0,"damage_taken":18.0,"relics_obtained":["Golden Idol"]},{"damage_healed":0.0,"max_hp_gain":0.0,"max_hp_loss":0.0,"gold_gain":0.0,"event_name":"Dead Adventurer","player_choice":"Searched \u00272\u0027 times","floor":7.0,"gold_loss":0.0,"damage_taken":0.0},{"damage_healed":0,"gold_gain":0,"player_choice":"Fought Bandits","damage_taken":0,"max_hp_gain":0,"max_hp_loss":0,"event_name":"Masked Bandits","floor":19,"gold_loss":0},{"damage_healed":0,"gold_gain":99,"player_choice":"Stole From Cult","damage_taken":0,"max_hp_gain":0,"max_hp_loss":0,"event_name":"Nest","floor":20,"gold_loss":0},{"damage_healed":0,"gold_gain":0,"player_choice":"Relic","damage_taken":0,"max_hp_gain":0,"max_hp_loss":0,"event_name":"Wheel of Change","floor":22,"gold_loss":0}],"is_beta":false,"boss_relics":[{"not_picked":["Busted Crown","Coffee Dripper"],"picked":"RobotSpaceExplorer:Reprocessor"}],"items_purged_floors":[14],"is_endless":false,"potions_floor_spawned":[1,4,7,19],"killed_by":"Book of Stabbing","ascension_level":0}}