{"host":"f5mjulaw5aqlqmd7","time":1611087964,"event":{"mods":["Act Like it!","BaseMod","Colored Map","GifTheSpireLib","Hallownest","Minty Spire (QoL Compilation)","StSLib","The Bug Knight"],"gold_per_floor":[116,126,146,50,50,82,82,82,82],"floor_reached":8,"language":"ENG","playtime":442,"items_purged":[],"score":56,"play_id":"d9c36cd5-ab8c-4f8b-b44d-6bee9dd0f7b4","local_time":"20210119152604","is_ascension_mode":false,"campfire_choices":[{"floor":7,"key":"REST"}],"circlet_count":0,"master_deck":["HollowMod:NailStrikeStart","HollowMod:NailStrikeStart","HollowMod:NailStrikeStart","HollowMod:QuickDashStart","HollowMod:QuickDashStart","HollowMod:QuickDashStart","HollowMod:FocusHealStart","HollowMod:PogoStrike","HollowMod:Weaversong","HollowMod:CornifersMapStart","HollowMod:InfectedAttack","HollowMod:HeavyBlow","HollowMod:AbyssShriek","HollowMod:TaintedHusks","HollowMod:GrimmsGift"],"relics":["HollowMod:VesselMask","Anchor"],"acts_visited":["Exordium"],"potions_floor_usage":[],"damage_taken":[{"damage":5,"enemies":"Small Slimes","floor":1,"turns":3},{"damage":14,"enemies":"Jaw Worm","floor":2,"turns":2},{"damage":13,"enemies":"2 Louse","floor":3,"turns":2},{"damage":47,"enemies":"3 Sentries","floor":6,"turns":5},{"damage":26,"enemies":"Lagavulin","floor":8,"turns":2}],"seed_played":"-7741955179955200071","potions_obtained":[{"floor":2,"key":"Strength Potion"}],"is_trial":false,"path_per_floor":["M","M","M","$","?","E","R","E"],"character_chosen":"THE_BUGKNIGHT","items_purchased":["HollowMod:TaintedHusks","BlessingOfTheForge"],"campfire_rested":1,"item_purchase_floors":[4,4],"current_hp_per_floor":[63,49,36,36,53,6,26,0,0],"gold":82,"neow_bonus":"TRANSFORM_TWO_CARDS","is_daily":false,"chose_seed":false,"campfire_upgraded":0,"win_rate":0.0,"timestamp":1611087964,"path_taken":["M","M","M","$","?","E","R","E"],"items_purchased_type":["Card","Potion"],"build_version":"2020-12-22","purchased_purges":0,"victory":false,"max_hp_per_floor":[68,68,68,68,68,68,68,68,68],"card_choices":[{"not_picked":["HollowMod:CycloneSlash","HollowMod:HeavyBlow"],"picked":"HollowMod:InfectedAttack","floor":1},{"not_picked":["HollowMod:LifebloodCocoon","HollowMod:CrystalDash"],"picked":"HollowMod:HeavyBlow","floor":2},{"not_picked":["HollowMod:CornifersMapStart","HollowMod:QuirrelsAssistance"],"picked":"HollowMod:AbyssShriek","floor":3},{"not_picked":["HollowMod:SoulSplash","HollowMod:SoulShaman"],"picked":"HollowMod:GrimmsGift","floor":6}],"player_experience":59101,"relics_obtained":[{"floor":6,"key":"Anchor"}],"event_choices":[],"is_beta":false,"boss_relics":[],"items_purged_floors":[],"is_endless":false,"potions_floor_spawned":[2],"killed_by":"Lagavulin","ascension_level":0}}