{"host":"lnt5dzsuhru0aonl","time":1611056960,"event":{"mods":["2.2 Compatiblity","BaseMod","Colored Map","Colored Powertips","DeckTracker","Keyboard Shortcuts","Minty Spire (QoL Compilation)","Permanent Neow","StSLib","SuperFastMode","everything is the same but u backflip on backflip"],"gold_per_floor":[367,367,379,20,20,20,36,36,36],"floor_reached":8,"language":"KOR","playtime":159,"items_purged":[],"score":92,"play_id":"2cbb7ef5-1c8e-4cda-abd4-40f40f22d1fd","local_time":"20210119204920","is_ascension_mode":true,"campfire_choices":[{"data":"Heatsinks","floor":6,"key":"SMITH"}],"circlet_count":0,"master_deck":["AscendersBane","Strike_B","Strike_B","Strike_B","Defend_B","Defend_B","Defend_B","Defend_B","Zap","Dualcast","Defragment+1","Heatsinks+1","Self Repair","Sweeping Beam"],"relics":["Cracked Core","Cables"],"acts_visited":["Exordium"],"potions_floor_usage":[8],"damage_taken":[{"damage":1,"enemies":"Cultist","floor":1,"turns":3},{"damage":2,"enemies":"2 Louse","floor":3,"turns":2},{"damage":9,"enemies":"Jaw Worm","floor":7,"turns":4},{"damage":76,"enemies":"Gremlin Nob","floor":8,"turns":4}],"seed_played":"-2158730498995619986","potions_obtained":[{"floor":1,"key":"Dexterity Potion"}],"is_trial":false,"path_per_floor":["M","?","M","$","?","R","M","E"],"character_chosen":"DEFECT","items_purchased":["Self Repair","Cables"],"campfire_rested":0,"item_purchase_floors":[4,4],"current_hp_per_floor":[63,63,61,61,61,61,52,0,0],"gold":36,"neow_bonus":"TWO_FIFTY_GOLD","is_daily":false,"chose_seed":false,"campfire_upgraded":1,"win_rate":0.0,"timestamp":1611056960,"path_taken":["M","?","?","$","?","R","M","E"],"items_purchased_type":["Card","Relic"],"build_version":"2020-12-22","purchased_purges":0,"victory":false,"max_hp_per_floor":[64,64,64,64,64,64,64,64,64],"card_choices":[{"not_picked":["Lockon","Steam"],"picked":"Defragment","floor":1},{"not_picked":["Rebound","Darkness"],"picked":"Heatsinks","floor":3},{"not_picked":["Force Field","Gash"],"picked":"Sweeping Beam","floor":7}],"player_experience":702668,"relics_obtained":[],"event_choices":[{"damage_healed":0,"gold_gain":0,"player_choice":"Upgraded","damage_taken":0,"max_hp_gain":0,"max_hp_loss":0,"event_name":"Upgrade Shrine","floor":2,"gold_loss":0,"cards_upgraded":["Defragment"]},{"cards_removed":["Strike_B"],"damage_healed":0,"gold_gain":0,"player_choice":"Offered Basic","damage_taken":0,"max_hp_gain":0,"max_hp_loss":0,"event_name":"Bonfire Elementals","floor":5,"gold_loss":0}],"is_beta":false,"boss_relics":[],"items_purged_floors":[],"is_endless":false,"potions_floor_spawned":[1],"killed_by":"Gremlin Nob","ascension_level":20}}