{"host":"lxihx0b6awoz2w1j","time":1611076146,"event":{"mods":["Act Like it!","BaseMod","Better Third Choice","CapriCore","Colored Powertips","Conspire","Fox Events","Gensokyo","Hermit","Hubris","Infinite Spire","JesterMod","Luminous","Marisa????????","Melee Mod","Minty Spire (QoL Compilation)","Prisma Mod","Quick Restart","Relic Stats","Replay The Spire","Shade Mod","Spicy Shops","StSLib","The Alterego","The Blue Laboratory","The Cursed","The Disciple","The Forsaken","The Gatherer","The Immortal","The Jungle","The Marked","The Runesmith","The Senshi","The Servant 0.9.4","The Spell Scribe","Waifu the Spire"],"gold_per_floor":[118,135,135,149,166,166,178,206,233,233,11,11,24,99,99,196,196,210,224,224,224,240,282,282,205,252,31,57,57,97,121,121,121,121],"floor_reached":33,"language":"ENG","playtime":1349,"items_purged":[],"score":301,"play_id":"3ff765d3-6571-4b16-8d88-d9333905a0c1","local_time":"20210119180906","is_ascension_mode":true,"campfire_choices":[{"data":"Zap","floor":6.0,"key":"SMITH"},{"floor":10.0,"key":"REST"},{"floor":15.0,"key":"REST"},{"floor":29,"key":"REST"},{"data":"Self Repair","floor":32,"key":"SMITH"}],"circlet_count":0,"master_deck":["Strike_B","Strike_B+1","Strike_B","Strike_B+1","Defend_B","Defend_B","Defend_B","Defend_B","Zap+1","Dualcast","Ball Lightning","ReplayTheSpireMod:Tripwire","BasicCrystalCard","Doom and Gloom","ReplayTheSpireMod:Dual Polarity","Loop","Self Repair+1","Lockon","FIFO Queue","Mirror Shield","Conserve Battery+1","Stack","PrismaMod:MiyuUncommonDexBuff","Compile Driver+1","Leap","Static Discharge","Steam","ReplayTheSpireMod:Reroute Power"],"relics":["Cracked Core","Whetstone","Akabeko","Replay:Mystery Machine","hubris:Icosahedron","Replay:Grab Bag","hubris:VirtuousBlindfold","infinitespire:Cupcake","Nuclear Battery","CeramicFish","Replay:Wax Seal","Vajra","Thread and Needle","Anchor","theForsaken:Kindling"],"acts_visited":["Exordium","TheCity"],"potions_floor_usage":[],"damage_taken":[{"damage":1.0,"enemies":"2 Louse","floor":1.0,"turns":2.0},{"damage":1.0,"enemies":"Cultist","floor":2.0,"turns":3.0},{"damage":0.0,"enemies":"Small Slimes","floor":4.0,"turns":2.0},{"damage":4.0,"enemies":"3 Louse","floor":5.0,"turns":2.0},{"damage":14.0,"enemies":"Blue Slaver","floor":7.0,"turns":4.0},{"damage":40.0,"enemies":"3 Sentries","floor":8.0,"turns":7.0},{"damage":10.0,"enemies":"Exordium Thugs","floor":13.0,"turns":2.0},{"damage":14.0,"enemies":"Slime Boss","floor":16.0,"turns":8.0},{"damage":12.0,"enemies":"Shell Parasite","floor":18.0,"turns":3.0},{"damage":15.0,"enemies":"2 Thieves","floor":19.0,"turns":4.0},{"damage":2.0,"enemies":"Snecko","floor":22.0,"turns":6.0},{"damage":15.0,"enemies":"Book of Stabbing","floor":23.0,"turns":6.0},{"damage":5,"enemies":"Cultist and Chosen","floor":28,"turns":5},{"damage":27,"enemies":"Gremlin Leader","floor":30,"turns":8},{"damage":0,"enemies":"Snake Plant","floor":31,"turns":3},{"damage":78,"enemies":"Collector","floor":33,"turns":11}],"seed_played":"7569744921130564042","potions_obtained":[{"floor":2.0,"key":"Fire Potion"},{"floor":5.0,"key":"blueLaboratory:BottledHope"},{"floor":13.0,"key":"Strength Potion"},{"floor":16.0,"key":"Cursed Concoction"},{"floor":18.0,"key":"blueLaboratory:ConsumingVoid"},{"floor":23.0,"key":"blueLaboratory:TeslaPotion"}],"is_trial":false,"path_per_floor":["M","M","?","M","M","R","M","E","T","R","$","?","M","?","R","B",null,"M","M","?","?","M","E","?","$","T","$","M","R","E","M","R","B"],"character_chosen":"DEFECT","items_purchased":["Replay:Mystery Machine","Self Repair","Lockon","Replay:Wax Seal","Thread and Needle","Anchor"],"campfire_rested":3,"item_purchase_floors":[11,11,11,25,27,27],"current_hp_per_floor":[81,80,80,80,76,76,62,22,22,46,46,46,43,32,56,49,82,77,69,69,53,58,50,50,50,50,50,52,78,58,65,65,0,0],"gold":121,"neow_bonus":"TEN_PERCENT_HP_BONUS","is_daily":false,"chose_seed":false,"campfire_upgraded":2,"win_rate":0.0,"timestamp":1611076146,"path_taken":["M","M","?","M","?","R","M","E","T","R","?","?","M","?","R","BOSS","M","M","?","?","M","E","?","$","T","?","M","R","E","?","R","BOSS"],"items_purchased_type":["Relic","Card","Card","Relic","Relic","Relic"],"build_version":"2020-12-22","purchased_purges":0,"victory":false,"max_hp_per_floor":[82,82,82,82,82,82,82,82,82,82,82,82,82,82,82,82,82,82,82,82,87,87,87,87,87,87,87,87,87,87,87,87,87,87],"relic_stats":{"counters":[16,76],"CeramicFish":36,"Whetstone":["Strike_B","Strike_B"],"obtain_stats":[{"Replay:Grab Bag":17,"CeramicFish":23,"hubris:VirtuousBlindfold":17,"Vajra":26,"Thread and Needle":27,"Whetstone":8,"Replay:Mystery Machine":11,"Akabeko":9,"Nuclear Battery":17,"Anchor":27,"hubris:Icosahedron":12,"theForsaken:Kindling":30,"Replay:Wax Seal":25,"Cracked Core":0,"infinitespire:Cupcake":17},{"Replay:Grab Bag":8,"CeramicFish":12,"hubris:VirtuousBlindfold":8,"Vajra":12,"Thread and Needle":12,"Whetstone":6,"Replay:Mystery Machine":6,"Akabeko":6,"Nuclear Battery":8,"Anchor":12,"hubris:Icosahedron":6,"theForsaken:Kindling":14,"Replay:Wax Seal":12,"Cracked Core":0,"infinitespire:Cupcake":8},{"Replay:Grab Bag":30,"CeramicFish":49,"hubris:VirtuousBlindfold":30,"Vajra":49,"Thread and Needle":49,"Whetstone":20,"Replay:Mystery Machine":20,"Akabeko":20,"Nuclear Battery":30,"Anchor":49,"hubris:Icosahedron":20,"theForsaken:Kindling":62,"Replay:Wax Seal":49,"Cracked Core":0,"infinitespire:Cupcake":30}]},"card_choices":[{"not_picked":["Barrage","Rip and Tear"],"picked":"Sweeping Beam","floor":1.0},{"not_picked":["Auto Shields","Streamline"],"picked":"Ball Lightning","floor":2.0},{"not_picked":["Barrage","Force Field"],"picked":"BasicCrystalCard","floor":4.0},{"not_picked":["Coolheaded","Barrage"],"picked":"Doom and Gloom","floor":5.0},{"not_picked":["Coolheaded","Hologram"],"picked":"ReplayTheSpireMod:Dual Polarity","floor":7.0},{"not_picked":["hubris:DoWhile","Cold Snap"],"picked":"Loop","floor":8.0},{"not_picked":["Doom and Gloom","Go for the Eyes"],"picked":"FIFO Queue","floor":13.0},{"not_picked":["Meteor Strike","All For One"],"picked":"Mirror Shield","floor":16.0},{"not_picked":["Stack+1","Turbo"],"picked":"Conserve Battery+1","floor":18.0},{"not_picked":["Reprogram","Hyperbeam"],"picked":"Stack","floor":19.0},{"not_picked":["Turbo+1","Chaos"],"picked":"Compile Driver+1","floor":22.0},{"not_picked":["Barrage","Melter"],"picked":"Leap","floor":23.0},{"not_picked":["Beam Cell","Redo"],"picked":"Static Discharge","floor":28},{"not_picked":["Reprogram","Turbo+1"],"picked":"Steam","floor":30},{"not_picked":["Stack+1","Cold Snap"],"picked":"ReplayTheSpireMod:Reroute Power","floor":31}],"player_experience":639733,"relics_obtained":[{"floor":8.0,"key":"Whetstone"},{"floor":9.0,"key":"Akabeko"},{"floor":23.0,"key":"CeramicFish"},{"floor":26.0,"key":"Vajra"},{"floor":30,"key":"theForsaken:Kindling"}],"event_choices":[{"cards_removed":["Sweeping Beam"],"damage_healed":0.0,"max_hp_gain":0.0,"max_hp_loss":0.0,"gold_gain":0.0,"event_name":"NoteForYourself","player_choice":"Took Card","floor":3.0,"gold_loss":0.0,"damage_taken":0.0,"cards_obtained":["ReplayTheSpireMod:Tripwire"]},{"damage_healed":0.0,"max_hp_gain":0.0,"max_hp_loss":0.0,"gold_gain":75.0,"event_name":"betterThird:BetterGoop","player_choice":"Gold","floor":14.0,"gold_loss":0.0,"damage_taken":11.0},{"damage_healed":0.0,"max_hp_gain":0.0,"max_hp_loss":0.0,"gold_gain":0.0,"event_name":"The Library","player_choice":"Read","floor":20.0,"gold_loss":0.0,"damage_taken":0.0,"cards_obtained":["PrismaMod:MiyuUncommonDexBuff"]},{"damage_healed":0.0,"max_hp_gain":5.0,"max_hp_loss":0.0,"gold_gain":0.0,"event_name":"Forgotten Altar","player_choice":"Shed Blood","floor":21.0,"gold_loss":0.0,"damage_taken":21.0},{"damage_healed":0.0,"max_hp_gain":0.0,"max_hp_loss":0.0,"gold_gain":0.0,"event_name":"Cursed Tome","player_choice":"Ignored","floor":24.0,"gold_loss":0.0,"damage_taken":0.0}],"is_beta":false,"boss_relics":[{"not_picked":["Replay:Bronze Core","FrozenCore"],"picked":"Replay:Grab Bag"},{"not_picked":["ReplayTheSpireMod:Onyx Gauntlets","Ectoplasm"],"picked":"hubris:VirtuousBlindfold"},{"not_picked":["hubris:TerracottaHorce","Replay:Wanted Poster"],"picked":"infinitespire:Cupcake"},{"not_picked":["hubris:ScarierMask","Empty Cage"],"picked":"Nuclear Battery"}],"items_purged_floors":[],"is_endless":false,"potions_floor_spawned":[2,5,13,16,18,19,23,30],"killed_by":"Collector","ascension_level":1}}