{"host":"Zandorum","time":1611015522,"event":{"mods":["100% Spire Juice","2.2 Compatiblity","Act Like it!","Bard","BaseMod","Hermit","Hubris","Jorbs\u0027s Wanderer Trilogy","Mimic Mod","Minty Spire (QoL Compilation)","Quick Restart","Rare Cards Sparkle","Reorder Act Four","Somnambulant","StSLib","The Cursed","The Disciple","The Hierophant","The Jungle","The Runesmith"],"gold_per_floor":[116,132,12,12,37,73,96,96,96,115,9,34,34,49,49,170,170,193,193,193,193,3,20,37,37,69,69,69,0,0,31,31,128,128,140,45,45,45,45],"floor_reached":38,"language":"ENG","playtime":2359,"items_purged":["Moonworks:Strike"],"score":417,"play_id":"f9f0274c-fc27-4641-99f6-39e5a8809e26","local_time":"20210118161842","is_ascension_mode":false,"campfire_choices":[{"floor":8,"key":"REST"},{"floor":15,"key":"REST"},{"floor":25,"key":"REST"},{"floor":30,"key":"REST"},{"floor":32,"key":"REST"}],"circlet_count":0,"master_deck":["Moonworks:Strike","Moonworks:Strike","Moonworks:Strike","Moonworks:Defend","Moonworks:Defend","Moonworks:Defend","Moonworks:Defend","Moonworks:Ambush+1","Moonworks:LongDistanceShot","Moonworks:BigBangBell","Moonworks:BackdoorTrade","Moonworks:CookingTime","Moonworks:FullSpeedAlicianrone","Moonworks:EvilSpyWorkPreparation","Moonworks:SakisCookie","Moonworks:NicePresent","Moonworks:DeployBits","Moonworks:CompletionReward","Moonworks:Blazing+1","Moonworks:EvilSpyWorkPreparation","Moonworks:EvilSpyWorkPreparation","Moonworks:MiracleRedBeanIceCream","Moonworks:NicePresent","Moonworks:LulusLuckyEgg","Moonworks:DeployBits","Moonworks:NicePresent","Moonworks:MetallicMonocoque","Moonworks:ExtendedPhotonRifle","Moonworks:EvilSpyWorkPreparation"],"relics":["Moonworks:SBBomb","Moonworks:Homemark","Bloody Idol","Centennial Puzzle","Ornamental Fan","hubris:OldNail","hubris:Backtick","hubris:Reverence","Bottled Flame","hubris:TinFlute","hubris:Towel"],"acts_visited":["Exordium","TheCity","TheBeyond"],"potions_floor_usage":[6,16,16,16,33],"damage_taken":[{"damage":1,"enemies":"Jaw Worm","floor":1,"turns":3},{"damage":5,"enemies":"2 Louse","floor":2,"turns":3},{"damage":6,"enemies":"Cultist","floor":5,"turns":4},{"damage":21,"enemies":"Lagavulin","floor":6,"turns":9},{"damage":9,"enemies":"Exordium Thugs","floor":7,"turns":4},{"damage":9,"enemies":"Blue Slaver","floor":10,"turns":4},{"damage":3,"enemies":"Large Slime","floor":11,"turns":5},{"damage":2,"enemies":"3 Louse","floor":14,"turns":2},{"damage":21,"enemies":"The Guardian","floor":16,"turns":10},{"damage":19,"enemies":"Shell Parasite","floor":18,"turns":6},{"damage":19,"enemies":"Spheric Guardian","floor":23,"turns":4},{"damage":34,"enemies":"Shelled Parasite and Fungi","floor":24,"turns":5},{"damage":12,"enemies":"Chosen and Byrds","floor":26,"turns":4},{"damage":31,"enemies":"Book of Stabbing","floor":31,"turns":5},{"damage":15,"enemies":"Collector","floor":33,"turns":5},{"damage":24,"enemies":"3 Darklings","floor":35,"turns":3},{"damage":74,"enemies":"3 Shapes","floor":38,"turns":3}],"seed_played":"-5174548733572320100","potions_obtained":[{"floor":2,"key":"BlessingOfTheForge"},{"floor":5,"key":"Dexterity Potion"},{"floor":6,"key":"Block Potion"},{"floor":14,"key":"FearPotion"},{"floor":23,"key":"SpeedPotion"},{"floor":24,"key":"Explosive Potion"},{"floor":35,"key":"DistilledChaos"}],"is_trial":false,"path_per_floor":["M","M","?","?","M","E","M","R","T","M","M","T","?","M","R","B",null,"M","?","?","?","$","M","M","R","MIM","$","?","?","R","E","R","B",null,"M","$","?","M"],"character_chosen":"THE_STARBREAKER","items_purchased":["Moonworks:EvilSpyWorkPreparation","Moonworks:MiracleRedBeanIceCream","Moonworks:ExtendedPhotonRifle","Moonworks:EvilSpyWorkPreparation"],"campfire_rested":5,"item_purchase_floors":[22,22,36,36],"current_hp_per_floor":[65,60,44,44,41,26,23,42,42,38,40,40,40,38,57,36,66,53,53,53,53,53,46,28,47,42,42,42,42,61,42,61,56,66,52,52,52,0,0],"gold":45,"neow_bonus":"TEN_PERCENT_HP_BONUS","is_daily":false,"chose_seed":false,"campfire_upgraded":0,"win_rate":0.0,"timestamp":1611015522,"path_taken":["M","M","?","?","?","E","M","R","T","M","M","?","?","?","R","BOSS","M","?","?","?","?","M","?","R","MIM","$","?","?","R","E","R","BOSS","M","$","?","M"],"items_purchased_type":["Card","Card","Card","Card"],"build_version":"2020-12-18","purchased_purges":1,"victory":false,"max_hp_per_floor":[66,66,66,66,66,66,66,66,66,66,66,66,66,66,66,66,66,66,66,66,66,66,66,66,66,66,66,66,66,66,66,66,66,66,66,66,66,66,66],"card_choices":[{"not_picked":["Moonworks:ImOnFire","Moonworks:EvilSpyWorkPreparation"],"picked":"Moonworks:BigBangBell","floor":1},{"not_picked":["Moonworks:ReproductionOfRecords","Moonworks:Assault"],"picked":"Moonworks:BackdoorTrade","floor":2},{"not_picked":["Moonworks:ImOnFire","Moonworks:DeployBits"],"picked":"Moonworks:FullSpeedAlicianrone","floor":5},{"not_picked":["Moonworks:WeAreWaruda","Moonworks:Assault"],"picked":"Moonworks:EvilSpyWorkPreparation","floor":6},{"not_picked":["Moonworks:Dinner","Moonworks:SelfDestruct"],"picked":"Moonworks:SakisCookie","floor":7},{"not_picked":["Moonworks:SealedMemories","Moonworks:UnpaidWork"],"picked":"Moonworks:NicePresent","floor":10},{"not_picked":["Moonworks:CrystalBarrier","Moonworks:ImmovableObject"],"picked":"Moonworks:DeployBits","floor":11},{"not_picked":["Moonworks:Assault","Moonworks:BackdoorTrade"],"picked":"Moonworks:CompletionReward","floor":14},{"not_picked":["Moonworks:Gamble","Moonworks:Encore"],"picked":"Moonworks:Blazing","floor":16},{"not_picked":["Moonworks:BigBangBell","Moonworks:SakisCookie+1"],"picked":"Moonworks:EvilSpyWorkPreparation","floor":18},{"not_picked":["Moonworks:BigMagnum+1","Moonworks:Assault"],"picked":"Moonworks:NicePresent","floor":23},{"not_picked":["Moonworks:Heat300Percent","Moonworks:BindingChains"],"picked":"Moonworks:LulusLuckyEgg","floor":24},{"not_picked":["Moonworks:Assault","Moonworks:SakisCookie+1"],"picked":"Moonworks:DeployBits","floor":26},{"not_picked":["Moonworks:x16BigRocket","Moonworks:BackdoorTrade"],"picked":"Moonworks:NicePresent","floor":31},{"not_picked":["Moonworks:ReflectiveShell","Moonworks:ShieldCounter"],"picked":"Moonworks:MetallicMonocoque","floor":33},{"not_picked":["Moonworks:CloudOfSeagulls+1","Moonworks:SealedMemories+1","Moonworks:JonathanRush"],"picked":"SKIP","floor":35}],"player_experience":154575,"relics_obtained":[{"floor":6,"key":"Centennial Puzzle"},{"floor":9,"key":"Ornamental Fan"},{"floor":12,"key":"hubris:OldNail"},{"floor":26,"key":"Bottled Flame"},{"floor":31,"key":"hubris:TinFlute"}],"event_choices":[{"damage_healed":0,"gold_gain":0,"player_choice":"Take Damage","damage_taken":16,"relics_obtained":["Golden Idol"],"max_hp_gain":0,"max_hp_loss":0,"event_name":"Golden Idol","floor":3,"gold_loss":0},{"damage_healed":0,"gold_gain":0,"player_choice":"1 cards matched","damage_taken":0,"max_hp_gain":0,"max_hp_loss":0,"event_name":"Match and Keep!","floor":4,"gold_loss":0,"cards_obtained":["Moonworks:CookingTime"]},{"damage_healed":0,"gold_gain":0,"player_choice":"Forge","damage_taken":0,"max_hp_gain":0,"max_hp_loss":0,"event_name":"Accursed Blacksmith","floor":13,"gold_loss":0,"cards_upgraded":["Moonworks:Ambush"]},{"damage_healed":0,"gold_gain":0,"player_choice":"Gave Idol","damage_taken":0,"relics_obtained":["Bloody Idol"],"max_hp_gain":0,"max_hp_loss":0,"event_name":"Forgotten Altar","floor":21,"relics_lost":["Golden Idol"],"gold_loss":0},{"damage_healed":0,"gold_gain":0,"player_choice":"Ignored","damage_taken":0,"max_hp_gain":0,"max_hp_loss":0,"event_name":"Ghosts","floor":28,"gold_loss":0},{"damage_healed":0,"gold_gain":0,"player_choice":"Paid Fearfully","damage_taken":0,"max_hp_gain":0,"max_hp_loss":0,"event_name":"Masked Bandits","floor":29,"gold_loss":69}],"is_beta":true,"boss_relics":[{"not_picked":["hubris:ScarierMask","Runesmith:UraniumAnvil"],"picked":"hubris:Backtick"},{"not_picked":["hubris:CrackedHourglass","Busted Crown"],"picked":"Moonworks:SBBomb"}],"items_purged_floors":[22],"is_endless":false,"potions_floor_spawned":[2,5,6,14,23,24,35],"killed_by":"3 Shapes","ascension_level":0}}