{"host":"94qggqh0xz0sp6ai","time":1611096666,"event":{"mods":["100% Spire Juice","Abigail Mod","Act Like it!","BaseMod","CapriCore","Downfall","Friendly Minions","Gensokyo","Hermit","Jorbs\u0027s Wanderer Trilogy","Koishi","Marisa（霧雨　魔理沙）","Minty Spire (QoL Compilation)","Permanent Neow","Reimu（博??梦）","StSLib","The Alterego","The Construct","The Cursed","The Hierophant","The Immortal","The Marked","The Servant 0.9.4","TheBandit","Waifu the Spire"],"gold_per_floor":[109,8,23,23,42,75,75,85,138,171,131,145,145,68,68,170,170,189,189,189,35,35,35,67,67,67],"floor_reached":25,"language":"ENG","playtime":817,"items_purged":["Regret"],"score":250,"play_id":"8c79dcaa-9b16-4c56-bafa-a3034e91965f","local_time":"20210119165106","is_ascension_mode":true,"campfire_choices":[{"floor":7,"key":"REST"},{"floor":13,"key":"REST"},{"data":"Moonworks:Ambush","floor":15,"key":"SMITH"},{"data":"Moonworks:MetallicMonocoque","floor":23,"key":"SMITH"}],"circlet_count":0,"master_deck":["Moonworks:Strike","Moonworks:Defend","Moonworks:Defend","Moonworks:Defend","Moonworks:Defend","Moonworks:Ambush+1","Moonworks:LongDistanceShot","Moonworks:EvilSpyWorkPreparation","Moonworks:CloudOfSeagulls","Moonworks:UnluckyCharm","Moonworks:SweetBattle","Moonworks:DeployBits","Moonworks:ShieldCounter","Moonworks:IndiscriminateFireSupport+1","Moonworks:MiracleWalker","Moonworks:x16BigRocket+1","Moonworks:MetallicMonocoque+1","Moonworks:NicePresent+1","Moonworks:SweetBattle+1","Moonworks:ForcedRevival+1","Moonworks:ForcedRevival+1"],"relics":["Moonworks:BrokenBomb","Moonworks:Homemark","Molten Egg 2","Blood Vial","Anchor","PaintedHorse:ReiMu","Astrolabe","MutagenicStrength","Oddly Smooth Stone","HornCleat"],"acts_visited":["Exordium","TheCity"],"potions_floor_usage":[6,16,24],"damage_taken":[{"damage":12,"enemies":"Small Slimes","floor":1,"turns":3},{"damage":7,"enemies":"Jaw Worm","floor":3,"turns":3},{"damage":2,"enemies":"Cultist","floor":5,"turns":3},{"damage":32,"enemies":"Lagavulin","floor":6,"turns":6},{"damage":12,"enemies":"3 Louse","floor":8,"turns":4},{"damage":23,"enemies":"3 Sentries","floor":10,"turns":8},{"damage":1,"enemies":"Lots of Slimes","floor":12,"turns":3},{"damage":48,"enemies":"The Guardian","floor":16,"turns":9},{"damage":18,"enemies":"2 Thieves","floor":18,"turns":3},{"damage":65,"enemies":"Slavers","floor":24,"turns":8},{"damage":41,"enemies":"Chosen","floor":25,"turns":6}],"seed_played":"-2594134527586458537","potions_obtained":[{"floor":5,"key":"ColorlessPotion"},{"floor":10,"key":"Fire Potion"},{"floor":12,"key":"FairyPotion"},{"floor":16,"key":"sneckomod:MuddlingPotion"},{"floor":18,"key":"GrandPatriotsElixir:ReiMu"}],"is_trial":false,"path_per_floor":["M","$","M","?","M","E","R","M","T","E","?","M","R","$","R","B",null,"M","?","?","$","?","R","E","M"],"character_chosen":"THE_STARBREAKER","items_purchased":["Moonworks:CloudOfSeagulls","Moonworks:x16BigRocket+1","Oddly Smooth Stone"],"campfire_rested":2,"item_purchase_floors":[2,14,21],"current_hp_per_floor":[60,60,53,53,51,28,49,39,39,22,22,23,44,44,44,21,72,54,54,54,54,72,72,17,0,0],"gold":67,"neow_bonus":"TWENTY_PERCENT_HP_BONUS","is_daily":false,"chose_seed":false,"campfire_upgraded":2,"win_rate":0.0,"timestamp":1611096666,"path_taken":["M","$","M","?","M","E","R","M","T","E","?","M","R","$","R","BOSS","M","?","?","$","?","R","E","M"],"items_purchased_type":["Card","Card","Relic"],"build_version":"2020-12-22","purchased_purges":1,"victory":false,"max_hp_per_floor":[72,72,72,72,72,72,72,72,72,72,72,72,72,72,72,72,72,72,72,72,72,72,72,72,72,72],"card_choices":[{"not_picked":["Moonworks:ImOnFire","Moonworks:DeployBits"],"picked":"Moonworks:EvilSpyWorkPreparation","floor":1},{"not_picked":["Moonworks:EvilSpyWorkPreparation","Moonworks:CloudOfSeagulls"],"picked":"Moonworks:UnluckyCharm","floor":3},{"not_picked":["Moonworks:BigBangBell","Moonworks:LuckyCharm"],"picked":"Moonworks:SweetBattle","floor":5},{"not_picked":["Moonworks:ImOnFire","Moonworks:ImmovableObject"],"picked":"Moonworks:DeployBits","floor":6},{"not_picked":["Moonworks:ImOnFire","Moonworks:SakisCookie"],"picked":"Moonworks:ShieldCounter","floor":8},{"not_picked":["Moonworks:DeployBits","Moonworks:SakisCookie"],"picked":"Moonworks:IndiscriminateFireSupport+1","floor":10},{"not_picked":["Moonworks:x16BigRocket+1","Moonworks:CloudOfSeagulls+1"],"picked":"Moonworks:MiracleWalker","floor":12},{"not_picked":["Moonworks:WeAreWaruda","Moonworks:StarBlastingFuse"],"picked":"Moonworks:MetallicMonocoque","floor":16},{"not_picked":["Moonworks:BigMagnum","Moonworks:JonathanRush+1"],"picked":"Moonworks:ForcedRevival+1","floor":18},{"not_picked":["Moonworks:SakisCookie","Moonworks:DeployBits"],"picked":"Moonworks:ForcedRevival+1","floor":24}],"player_experience":1400226,"relics_obtained":[{"floor":6,"key":"Molten Egg 2"},{"floor":9,"key":"Blood Vial"},{"floor":10,"key":"Anchor"},{"floor":24,"key":"HornCleat"}],"event_choices":[{"damage_healed":0,"gold_gain":0,"player_choice":"Donate","damage_taken":0,"relics_obtained":["PaintedHorse:ReiMu"],"max_hp_gain":0,"max_hp_loss":0,"event_name":"yidonshenshe","floor":11,"gold_loss":40},{"damage_healed":0,"gold_gain":0,"player_choice":"Inject Mutagens","damage_taken":0,"relics_obtained":["MutagenicStrength"],"max_hp_gain":0,"max_hp_loss":0,"event_name":"Drug Dealer","floor":20,"gold_loss":0},{"cards_removed":["Moonworks:x16BigRocket"],"damage_healed":18,"gold_gain":0,"player_choice":"Offered Uncommon","damage_taken":0,"max_hp_gain":0,"max_hp_loss":0,"event_name":"Bonfire Elementals","floor":22,"gold_loss":0}],"is_beta":false,"boss_relics":[{"not_picked":["construct:ClawGrip","Ectoplasm"],"picked":"Astrolabe"}],"items_purged_floors":[2],"is_endless":false,"potions_floor_spawned":[5,10,12,16,18],"killed_by":"Chosen","ascension_level":2}}