{"host":"jksa5rawk3m4gilz","time":1611082528,"event":{"mods":["BaseMod","Colored Map","Highlight Path","Minty Spire (QoL Compilation)","Quick Restart"],"gold_per_floor":[116,76,76,76,91,122,136,154,154,154,229,257,276,289,289,289,289],"floor_reached":16,"language":"ENG","playtime":365,"items_purged":[],"score":233,"play_id":"812d6c48-ece3-444a-9698-99cf5ee0cd22","local_time":"20210119195528","is_ascension_mode":true,"campfire_choices":[{"data":"Whirlwind","floor":10,"key":"SMITH"},{"floor":15,"key":"REST"}],"circlet_count":0,"master_deck":["AscendersBane","Strike_R","Strike_R","Strike_R","Strike_R","Strike_R","Defend_R","Defend_R","Defend_R","Defend_R","Bash","Whirlwind+1","Spot Weakness","Burning Pact","Heavy Blade","Pummel"],"relics":["Burning Blood","NeowsBlessing","Ornamental Fan","Singing Bowl","Strawberry","Pantograph","Kunai"],"acts_visited":["Exordium"],"potions_floor_usage":[12,12],"damage_taken":[{"damage":0,"enemies":"Cultist","floor":1,"turns":1},{"damage":0,"enemies":"Small Slimes","floor":5,"turns":1},{"damage":0,"enemies":"3 Sentries","floor":6,"turns":1},{"damage":8,"enemies":"Jaw Worm","floor":7,"turns":4},{"damage":12,"enemies":"Looter","floor":8,"turns":3},{"damage":32,"enemies":"Gremlin Nob","floor":12,"turns":4},{"damage":30,"enemies":"Large Slime","floor":13,"turns":5},{"damage":11,"enemies":"Exordium Thugs","floor":14,"turns":2},{"damage":67,"enemies":"Hexaghost","floor":16,"turns":9}],"seed_played":"705230070083244146","potions_obtained":[{"floor":6,"key":"BlessingOfTheForge"},{"floor":7,"key":"AttackPotion"},{"floor":14,"key":"SneckoOil"}],"is_trial":false,"path_per_floor":["M","$","?","?","M","E","M","M","T","R","?","E","M","M","R","B"],"character_chosen":"IRONCLAD","items_purchased":["Whirlwind"],"campfire_rested":1,"item_purchase_floors":[2],"current_hp_per_floor":[74,74,71,71,75,82,80,74,74,74,63,39,17,14,40,0,0],"gold":289,"neow_bonus":"THREE_ENEMY_KILL","is_daily":false,"chose_seed":false,"campfire_upgraded":1,"win_rate":0.0,"timestamp":1611082528,"path_taken":["M","$","?","?","M","E","?","?","T","R","?","E","M","M","R","BOSS"],"items_purchased_type":["Card"],"build_version":"2020-12-22","purchased_purges":0,"victory":false,"max_hp_per_floor":[75,75,75,75,75,82,82,82,82,82,82,84,86,88,88,88,88],"card_choices":[{"not_picked":["Pommel Strike","Wild Strike"],"picked":"Clash","floor":1},{"not_picked":["Flex","Cleave"],"picked":"Spot Weakness","floor":5},{"not_picked":["Perfected Strike","Wild Strike"],"picked":"Burning Pact","floor":6},{"not_picked":["Wild Strike","Havoc"],"picked":"Heavy Blade","floor":7},{"not_picked":["Entrench","Pommel Strike"],"picked":"Pummel","floor":8},{"not_picked":["Second Wind","Barricade","Ghostly Armor"],"picked":"Singing Bowl","floor":12},{"not_picked":["Iron Wave","Body Slam","Shrug It Off"],"picked":"Singing Bowl","floor":13},{"not_picked":["Flex","True Grit","Thunderclap"],"picked":"Singing Bowl","floor":14}],"player_experience":1808083,"relics_obtained":[{"floor":6,"key":"Strawberry"},{"floor":9,"key":"Pantograph"},{"floor":12,"key":"Kunai"}],"event_choices":[{"damage_healed":0,"gold_gain":0,"player_choice":"Success","damage_taken":3,"relics_obtained":["Ornamental Fan"],"max_hp_gain":0,"max_hp_loss":0,"event_name":"Scrap Ooze","floor":3,"gold_loss":0},{"cards_removed":["Clash"],"damage_healed":0,"gold_gain":0,"player_choice":"Gave Card","damage_taken":0,"relics_obtained":["Singing Bowl"],"max_hp_gain":0,"max_hp_loss":0,"event_name":"WeMeetAgain","floor":4,"gold_loss":0},{"damage_healed":0,"gold_gain":75,"player_choice":"Gather Gold","damage_taken":11,"max_hp_gain":0,"max_hp_loss":0,"event_name":"World of Goop","floor":11,"gold_loss":0}],"is_beta":false,"boss_relics":[],"items_purged_floors":[],"is_endless":false,"potions_floor_spawned":[6,7,8,14],"killed_by":"Hexaghost","ascension_level":14}}