{"host":"jyuuog6ydc2s7nd8","time":1611058196,"event":{"mods":["BaseMod","Better Vampires","Minty Spire (QoL Compilation)","Shop Mod","StSLib","The Hierophant","The Servant 0.9.4","TheBandit","[IsaacMod]ÒÔÈö¼âËþ"],"gold_per_floor":[19,32,47,47,47,47,66,79,102,102,27,62,119,93,93,166,166,177,41,41,88,98,123,134,134,203,234,254,282,157,188,188,260,260,282,305,105,125,135,165,165,180,180,180,212,212,223,241,241,241,241,241,241,72,104,104],"floor_reached":57,"language":"ZHS","playtime":2004,"items_purged":["Defend_R","Strike_R","Strike_R","Defend_R","EpicFetus+1","Sever Soul"],"score":3534,"play_id":"2524b4d0-74fb-4b3a-9a55-a6e7a18c99eb","local_time":"20210119200956","is_ascension_mode":true,"campfire_choices":[{"data":"EpicFetus","floor":6.0,"key":"SMITH"},{"data":"True Grit","floor":10.0,"key":"SMITH"},{"data":"Pommel Strike","floor":13.0,"key":"SMITH"},{"data":"Barricade","floor":15.0,"key":"SMITH"},{"data":"Body Slam","floor":25.0,"key":"SMITH"},{"data":"Bloodletting","floor":32.0,"key":"SMITH"},{"data":"Power Through","floor":41,"key":"SMITH"},{"data":"Battle Trance","floor":44,"key":"SMITH"},{"data":"Second Wind","floor":46,"key":"SMITH"},{"floor":49,"key":"RECALL"},{"data":"Feel No Pain","floor":53,"key":"SMITH"}],"circlet_count":0,"master_deck":["AscendersBane","Defend_R","Defend_R","Pommel Strike+1","True Grit+1","Power Through+1","Barricade+1","Juggernaut","Bloodletting+1","Body Slam+1","Second Wind+1","Feel No Pain+1","Shrug It Off","Battle Trance+1"],"relics":["Burning Blood","HushsDoor","Tiny Chest","Black Star","Incubus","SatanicBible","Toy Ornithopter","UnicornStump","Incense Burner","Dream Catcher","Bronze Scales","Bottled Lightning","Lantern","Juzu Bracelet","MagicMushroom","DeathBook","BloodBag","PreservedInsect","Ancient Tea Set","Bottled Flame","TuHaoJin","PokeGo","CeramicFish","Oddly Smooth Stone","Magic Flower","Happy Flower"],"acts_visited":["Exordium","TheCity","TheBeyond","TheEnding"],"potions_floor_usage":[42,56,56],"damage_taken":[{"damage":9.0,"enemies":"Jaw Worm","floor":1.0,"turns":4.0},{"damage":4.0,"enemies":"2 Louse","floor":2.0,"turns":3.0},{"damage":1.0,"enemies":"Cultist","floor":3.0,"turns":3.0},{"damage":19.0,"enemies":"Red Slaver","floor":7.0,"turns":5.0},{"damage":28.0,"enemies":"Gremlin Gang","floor":8.0,"turns":4.0},{"damage":8.0,"enemies":"Gremlin Nob","floor":12.0,"turns":3.0},{"damage":0.0,"enemies":"The Guardian","floor":16.0,"turns":1.0},{"damage":1.0,"enemies":"Spheric Guardian","floor":18.0,"turns":3.0},{"damage":3.0,"enemies":"Shell Parasite","floor":21.0,"turns":3.0},{"damage":0.0,"enemies":"Snecko","floor":22.0,"turns":4.0},{"damage":22.0,"enemies":"Slavers","floor":23.0,"turns":3.0},{"damage":30.0,"enemies":"Shelled Parasite and Fungi","floor":24.0,"turns":5.0},{"damage":0.0,"enemies":"Gremlin Leader","floor":27.0,"turns":3.0},{"damage":0.0,"enemies":"Snake Plant","floor":28.0,"turns":2.0},{"damage":14.0,"enemies":"Book of Stabbing","floor":29.0,"turns":3.0},{"damage":4.0,"enemies":"Slavers","floor":31.0,"turns":4.0},{"damage":13.0,"enemies":"Automaton","floor":33.0,"turns":6.0},{"damage":19.0,"enemies":"3 Darklings","floor":35.0,"turns":4.0},{"damage":3,"enemies":"3 Shapes","floor":38,"turns":2},{"damage":7,"enemies":"Writhing Mass","floor":39,"turns":3},{"damage":3,"enemies":"Giant Head","floor":40,"turns":3},{"damage":7,"enemies":"4 Shapes","floor":42,"turns":2},{"damage":1,"enemies":"Nemesis","floor":45,"turns":3},{"damage":3,"enemies":"Jaw Worm Horde","floor":47,"turns":2},{"damage":3,"enemies":"3 Darklings","floor":48,"turns":2},{"damage":3,"enemies":"Donu and Deca","floor":50,"turns":3},{"damage":11,"enemies":"Awakened One","floor":51,"turns":4},{"damage":3,"enemies":"Shield and Spear","floor":55,"turns":3},{"damage":6,"enemies":"The Heart","floor":56,"turns":5}],"seed_played":"6031633263530414777","potions_obtained":[{"floor":7.0,"key":"DuplicationPotion"},{"floor":8.0,"key":"AttackPotion"},{"floor":12.0,"key":"PowerPotion"},{"floor":22.0,"key":"Block Potion"},{"floor":27.0,"key":"Energy Potion"},{"floor":28.0,"key":"Fruit Juice"},{"floor":33.0,"key":"SteroidPotion"},{"floor":39,"key":"Swift Potion"},{"floor":45,"key":"SpeedPotion"},{"floor":47,"key":"Swift Potion"}],"is_trial":false,"path_per_floor":["M","M","M","?","?","R","M","M","T","R","$","E","R","$","R","B",null,"M","$","?","M","M","E","M","R","T","E","M","E","$","E","R","B",null,"M","T","$","M","M","E","R","M","T","R","E","R","M","M","R","B","B",null,"R","$","E","B",null],"character_chosen":"IRONCLAD","items_purchased":["Barricade","Incubus","Sever Soul","Bloodletting","DeathBook","Feel No Pain","Shrug It Off","Oddly Smooth Stone"],"campfire_rested":0,"item_purchase_floors":[14,17,17,19,34,34,37,54],"current_hp_per_floor":[65,67,72,72,65,65,52,30,30,30,30,28,21,1,1,7,37,42,42,42,41,47,31,7,7,7,13,34,26,26,28,28,21,36,29,29,29,33,33,37,37,42,42,42,46,46,46,46,46,46,42,45,45,45,46,46],"gold":104,"neow_bonus":"REMOVE_TWO","is_daily":false,"chose_seed":false,"campfire_upgraded":10,"win_rate":0.0,"timestamp":1611058196,"path_taken":["M","M","M","?","?","R","M","M","T","R","?","E","R","$","R","BOSS","M","$","?","?","M","E","M","R","T","E","?","E","$","E","R","BOSS","M","?","$","M","M","E","R","M","T","R","E","R","M","M","R","BOSS","BOSS","R","$","E","BOSS"],"items_purchased_type":["Card","Relic","Card","Card","Relic","Card","Card","Relic"],"build_version":"2020-12-22","purchased_purges":6,"victory":true,"max_hp_per_floor":[75,75,75,75,75,75,75,75,75,75,75,75,75,75,75,75,47,47,47,47,47,47,47,47,47,47,47,52,52,52,52,52,52,39,46,46,46,46,46,46,46,46,46,46,46,46,46,46,46,46,46,46,46,46,46,46],"card_choices":[{"not_picked":[],"picked":"EpicFetus","floor":0.0},{"not_picked":["Dropkick","Burning Pact"],"picked":"Pommel Strike","floor":1.0},{"not_picked":["Flex","Intimidate","Clash"],"picked":"SKIP","floor":2.0},{"not_picked":["Perfected Strike","Havoc"],"picked":"True Grit","floor":3.0},{"not_picked":["Combust","Fire Breathing","Inflame"],"picked":"SKIP","floor":7.0},{"not_picked":["Perfected Strike","Hemokinesis","Wild Strike"],"picked":"SKIP","floor":8.0},{"not_picked":["Cleave","Immolate"],"picked":"Power Through","floor":12.0},{"not_picked":["Brutality","Barricade"],"picked":"Juggernaut","floor":16.0},{"not_picked":["Pommel Strike","Rampage","Power Through"],"picked":"SKIP","floor":18.0},{"not_picked":["True Grit","Pummel","Headbutt"],"picked":"SKIP","floor":21.0},{"not_picked":["Wild Strike","Perfected Strike"],"picked":"Body Slam","floor":22.0},{"not_picked":["Armaments","Demon Form","Warcry"],"picked":"SKIP","floor":23.0},{"not_picked":["Searing Blow","Flex"],"picked":"Second Wind","floor":24.0},{"not_picked":["Shockwave","Bludgeon","Pummel"],"picked":"SKIP","floor":27.0},{"not_picked":["Flex","Clothesline","Rampage"],"picked":"SKIP","floor":28.0},{"not_picked":["Disarm","Rage+1","Inflame"],"picked":"SKIP","floor":29.0},{"not_picked":["Anger","True Grit","Sword Boomerang"],"picked":"SKIP","floor":31.0},{"not_picked":["Combust","Heavy Blade+1","Rage+1"],"picked":"SKIP","floor":35},{"not_picked":["Cleave","Twin Strike","True Grit"],"picked":"SKIP","floor":38},{"not_picked":["True Grit","Hemokinesis+1","Wild Strike"],"picked":"SKIP","floor":39},{"not_picked":["Disarm","Flex","Inflame+1"],"picked":"SKIP","floor":40},{"not_picked":["Reckless Charge","Sever Soul"],"picked":"Battle Trance","floor":42},{"not_picked":["Carnage","Rampage","Pommel Strike"],"picked":"SKIP","floor":45},{"not_picked":["Anger","Heavy Blade","Reaper"],"picked":"SKIP","floor":47},{"not_picked":["Sword Boomerang","Pummel","Heavy Blade+1"],"picked":"SKIP","floor":48},{"not_picked":["Twin Strike","True Grit+1","Sword Boomerang+1"],"picked":"SKIP","floor":55}],"player_experience":1842890,"relics_obtained":[{"floor":12.0,"key":"Tiny Chest"},{"floor":23.0,"key":"SatanicBible"},{"floor":23.0,"key":"Toy Ornithopter"},{"floor":26.0,"key":"UnicornStump"},{"floor":27.0,"key":"Incense Burner"},{"floor":27.0,"key":"Dream Catcher"},{"floor":29.0,"key":"Bronze Scales"},{"floor":29.0,"key":"Bottled Lightning"},{"floor":31.0,"key":"Lantern"},{"floor":31.0,"key":"Juzu Bracelet"},{"floor":36,"key":"PreservedInsect"},{"floor":40,"key":"Ancient Tea Set"},{"floor":40,"key":"Bottled Flame"},{"floor":43,"key":"TuHaoJin"},{"floor":45,"key":"PokeGo"},{"floor":45,"key":"CeramicFish"},{"floor":55,"key":"Magic Flower"},{"floor":55,"key":"Happy Flower"}],"event_choices":[{"damage_healed":0.0,"max_hp_gain":0.0,"max_hp_loss":0.0,"gold_gain":0.0,"event_name":"Shining Light","player_choice":"Ignored","floor":4.0,"gold_loss":0.0,"damage_taken":0.0},{"cards_removed":["Strike_R"],"damage_healed":0.0,"max_hp_gain":0.0,"max_hp_loss":0.0,"gold_gain":0.0,"event_name":"Golden Wing","player_choice":"Card Removal","floor":5.0,"gold_loss":0.0,"damage_taken":7.0},{"cards_removed":["Bash"],"damage_healed":0.0,"max_hp_gain":0.0,"max_hp_loss":0.0,"gold_gain":0.0,"event_name":"Purifier","player_choice":"Purged","floor":20.0,"gold_loss":0.0,"damage_taken":0.0}],"is_beta":false,"boss_relics":[{"not_picked":["Snecko Eye","Tiny House"],"picked":"Black Star"},{"not_picked":[]},{"not_picked":["Pandora\u0027s Box","Fusion Hammer"],"picked":"MagicMushroom"},{"not_picked":[]}],"items_purged_floors":[11,17,19,30,34,37],"is_endless":false,"potions_floor_spawned":[7,8,12,22,27,28,33,39,40,45,47,48],"ascension_level":20}}