{"host":"96dqtlax74dz00hw","time":1611050750,"event":{"mods":["Bard","BaseMod","Colored Powertips","Minty Spire (QoL Compilation)","Permanent Neow","Rare Cards Sparkle","StSLib","The Cursed","The Disciple","The IronCluck","The Problem Sleuth"],"gold_per_floor":[132,201,151,3,37,85,85,150,223,274,17,17,17,17,17,147,147,186,247,39,309,41,41,70,139,162,23,23,39,39,39,39],"floor_reached":31,"language":"ENG","playtime":1996,"items_purged":["Defend_Br","Defend_Br","Strike_Br","Strike_Br"],"score":334,"play_id":"9bed99ce-7b2a-42d7-bd1a-c15ac97930ed","local_time":"20210119020550","is_ascension_mode":false,"campfire_choices":[{"data":"HandOfGreed","floor":7,"key":"SMITH"},{"data":"Goo","floor":12,"key":"SMITH"},{"data":"VestedLegacy","floor":15,"key":"SMITH"},{"data":"Discovery","floor":23,"key":"SMITH"},{"data":"Keepsakes","floor":28,"key":"SMITH"}],"circlet_count":0,"master_deck":["Defend_Br+1","SecondHand+1","PatternShift","HandOfGreed+1","Goo+18","LockedBlood","VestedLegacy+1","LockedLightning","HandsUpB+1","Discovery+1","ResonantCall","ReapSow","Keepsakes","Keepsakes+1","PrimeTime","Echonomics"],"relics":["Chronometer","Juzu Bracelet","StrikeDummy","Darkstone Periapt","War Paint","Empty Cage","Shovel","Toy Ornithopter"],"acts_visited":["Exordium","TheCity"],"potions_floor_usage":[8,16,19,25,29],"damage_taken":[{"damage":0,"enemies":"Jaw Worm","floor":1,"turns":4},{"damage":0,"enemies":"Cultist","floor":5,"turns":3},{"damage":13,"enemies":"Lagavulin","floor":6,"turns":6},{"damage":3,"enemies":"2 Louse","floor":8,"turns":3},{"damage":10,"enemies":"Gremlin Nob","floor":10,"turns":3},{"damage":0,"enemies":"The Guardian","floor":16,"turns":8},{"damage":0,"enemies":"Chosen","floor":18,"turns":4},{"damage":6,"enemies":"2 Thieves","floor":19,"turns":3},{"damage":13,"enemies":"Gremlin Leader","floor":24,"turns":7},{"damage":13,"enemies":"3 Cultists","floor":25,"turns":9},{"damage":14,"enemies":"Snecko","floor":29,"turns":7},{"damage":15,"enemies":"Slavers","floor":31,"turns":4}],"seed_played":"813283228401677086","potions_obtained":[{"floor":6,"key":"WardPotion"},{"floor":10,"key":"Strength Potion"},{"floor":18,"key":"LiquidMemories"},{"floor":24,"key":"EssenceOfSteel"}],"is_trial":false,"path_per_floor":["M","?","?","$","M","E","R","M","T","E","$","R","?","$","R","B",null,"M","M","$","?","$","R","E","M","T","$","R","M","?","E"],"character_chosen":"CHRONO_CLASS","items_purchased":["Goo","War Paint","Discovery","ResonantCall","ReapSow","Keepsakes","PrimeTime","SkillPotion"],"campfire_rested":0,"item_purchase_floors":[4,11,20,22,22,27,27,27],"current_hp_per_floor":[47,47,47,47,47,34,34,31,31,21,21,21,15,15,15,21,65,65,59,59,32,32,32,21,14,14,14,14,11,11,0,0],"gold":39,"neow_bonus":"RANDOM_COLORLESS_2","is_daily":false,"chose_seed":false,"campfire_upgraded":5,"win_rate":0.0,"timestamp":1611050750,"path_taken":["M","?","?","$","M","E","R","M","T","E","$","R","?","?","R","BOSS","M","M","$","?","$","R","E","M","T","$","R","M","?","E"],"items_purchased_type":["Card","Relic","Card","Card","Card","Card","Card","Potion"],"build_version":"2020-12-22","purchased_purges":4,"victory":false,"max_hp_per_floor":[65,65,65,65,65,65,65,65,65,65,65,65,65,65,65,65,65,65,65,65,65,65,65,65,65,65,65,65,65,65,65,65],"card_choices":[{"not_picked":["Sadistic Nature","The Bomb"],"picked":"HandOfGreed","floor":0},{"not_picked":["BlueShift","LockedTornado","CrunchTime"],"picked":"SKIP","floor":1},{"not_picked":["BlueShift","DaylightSavings","Tempo"],"picked":"SKIP","floor":5},{"not_picked":["LockedOrichalcum","CrunchTime","Stagnate"],"picked":"SKIP","floor":6},{"not_picked":["Engulf","BiteCommand"],"picked":"LockedBlood","floor":8},{"not_picked":["Recurrance","LockedBlood"],"picked":"VestedLegacy","floor":10},{"not_picked":["OldTimer","LockedCalendar"],"picked":"LockedLightning","floor":16},{"not_picked":["AlternateTimeline+1","ReapSow"],"picked":"HandsUpB+1","floor":18},{"not_picked":["Parity","Echoward","Echonomics"],"picked":"SKIP","floor":19},{"not_picked":["AlternateTimeline","BiteCommand","LockedOrichalcum"],"picked":"SKIP","floor":24},{"not_picked":["BlueShift","Backlash"],"picked":"Keepsakes","floor":25},{"not_picked":["LockedAnchor","LockedBlood"],"picked":"Echonomics","floor":29}],"player_experience":868413,"relics_obtained":[{"floor":6,"key":"Juzu Bracelet"},{"floor":9,"key":"StrikeDummy"},{"floor":10,"key":"Darkstone Periapt"},{"floor":24,"key":"Shovel"},{"floor":26,"key":"Toy Ornithopter"}],"event_choices":[{"damage_healed":0,"gold_gain":69,"player_choice":"Gained Gold","damage_taken":0,"max_hp_gain":0,"max_hp_loss":0,"event_name":"Golden Wing","floor":2,"gold_loss":0},{"cards_removed":["Strike_Br"],"damage_healed":0,"gold_gain":0,"player_choice":"Card Removal","damage_taken":0,"max_hp_gain":0,"max_hp_loss":0,"event_name":"The Cleric","floor":3,"gold_loss":50},{"damage_healed":0,"gold_gain":0,"player_choice":"Damaged","damage_taken":6,"max_hp_gain":0,"max_hp_loss":0,"event_name":"Wheel of Change","floor":13,"gold_loss":0},{"damage_healed":0,"gold_gain":270,"player_choice":"GOLD GOLD GOLD ","damage_taken":27,"max_hp_gain":0,"max_hp_loss":0,"event_name":"Knowing Skull","floor":21,"potions_obtained":[],"gold_loss":0,"cards_obtained":[]},{"damage_healed":0,"gold_gain":0,"player_choice":"Ignored","damage_taken":0,"max_hp_gain":0,"max_hp_loss":0,"event_name":"Cursed Tome","floor":30,"gold_loss":0}],"is_beta":false,"boss_relics":[{"not_picked":["Astrolabe","Snecko Eye"],"picked":"Empty Cage"}],"items_purged_floors":[4,11,20,22],"is_endless":false,"potions_floor_spawned":[6,10,18,24],"killed_by":"Slavers","ascension_level":0}}