{"host":"ox77rn1xcurm2t5a","time":1611090619,"event":{"mods":["2.2 Compatiblity","AchievementEnabler","Act Like it!","Aspiration","BaseMod","Best Route Mod","Better Match","Better Note","Better Sensory Stone","Block Reminder","Colored Map","Colored Powertips","Conjunction","Conspire","Custom Start","Energized Spire","GifTheSpireLib","Gold Saver","Gremlin Skip","Halation","Highlight Path","Hubris","Infinite Spire","Minty Spire (QoL Compilation)","Pale of the Ancients","Quick Restart","Replay The Spire","Reworked Bosses","ShortenTheSpire","Spire Exporter","StSLib","Stuff the Spire","Wandering Minibosses","vexMod"],"gold_per_floor":[160,17,17,17,17,17,52,52,98,98,132,151,169,181,181,253,253,264,283,54,69,79,113,113,13,38,38,49,62,62,72,72,151,151,171,198,198,225,225,266,266,266,340,340,392,392,450,60,60,60,60,60,60,99,99,99],"floor_reached":55,"language":"ENG","playtime":2279,"items_purged":["Strike_B","Strike_B","Strike_B"],"score":1781,"play_id":"bc969287-40e6-4b32-aa19-a250addb404a","local_time":"20210119231019","is_ascension_mode":true,"campfire_choices":[{"floor":6.0,"key":"RECALL"},{"data":"Zap","floor":8.0,"key":"SMITH"},{"data":"Dualcast","floor":10.0,"key":"SMITH"},{"data":"Ball Lightning","floor":15.0,"key":"SMITH"},{"floor":24.0,"key":"REST"},{"floor":27.0,"key":"REST"},{"floor":30.0,"key":"REST"},{"data":"White Noise","floor":32.0,"key":"SMITH"},{"data":"infinitespire:Gouge","floor":42.0,"key":"SMITH"},{"data":"StuffTheSpire:ForEach","floor":44.0,"key":"SMITH"},{"data":"infinitespire:Collect","floor":46.0,"key":"SMITH"},{"data":"Glacier","floor":49.0,"key":"SMITH"},{"floor":52.0,"key":"REST"}],"circlet_count":0,"master_deck":["AscendersBane","Strike_B","Defend_B","Defend_B","Defend_B","Defend_B","Zap+1","Dualcast+1","FIFO Queue","Ball Lightning+1","Cold Snap+1","Defragment+1","Cold Snap","Ball Lightning","Cold Snap","White Noise+1","StuffTheSpire:ForEach+1","Glacier+1","infinitespire:Collect+1","infinitespire:Gouge+1","Gash+1","Cold Snap+1","Cold Snap+1","StuffTheSpire:Synthwave"],"relics":["Cracked Core","NeowsBlessing","aspiration:HummingbirdHeart","Lantern","conspire:SpecialSausage","vexMod:PaidLearning","halation:TwoAmDonut","infinitespire:EvilPickle","ReplayTheSpireMod:Ninjato","Golden Egg","hubris:SphereOfDissonance","Ancient Tea Set","Regal Pillow","StuffTheSpire:DarkSteelAnvil","Onion Ring"],"acts_visited":["Exordium","TheCity","TheBeyond","TheEnding"],"potions_floor_usage":[],"damage_taken":[{"damage":0.0,"enemies":"Small Slimes","floor":1.0,"turns":1.0},{"damage":0.0,"enemies":"3 Sentries","floor":7.0,"turns":1.0},{"damage":0.0,"enemies":"Lagavulin","floor":11.0,"turns":1.0},{"damage":0.0,"enemies":"2 Louse","floor":12.0,"turns":2.0},{"damage":0.0,"enemies":"Jaw Worm","floor":13.0,"turns":3.0},{"damage":0.0,"enemies":"2 Fungi Beasts","floor":14.0,"turns":2.0},{"damage":43.0,"enemies":"The Guardian","floor":16.0,"turns":13.0},{"damage":10.0,"enemies":"Shell Parasite","floor":18.0,"turns":4.0},{"damage":4.0,"enemies":"conspire:FuzzyDice","floor":19.0,"turns":6.0},{"damage":5.0,"enemies":"Snake Plant","floor":21.0,"turns":4.0},{"damage":12.0,"enemies":"Snecko","floor":22.0,"turns":6.0},{"damage":8.0,"enemies":"conspire:Head Lice","floor":23.0,"turns":10.0},{"damage":14.0,"enemies":"3 Cultists","floor":28.0,"turns":4.0},{"damage":1.0,"enemies":"Centurion and Healer","floor":29.0,"turns":5.0},{"damage":0.0,"enemies":"Snake Plant","floor":31.0,"turns":4.0},{"damage":47.0,"enemies":"Pondfish","floor":33.0,"turns":17.0},{"damage":7.0,"enemies":"3 Darklings","floor":35.0,"turns":7.0},{"damage":1.0,"enemies":"Orb Walker","floor":36.0,"turns":4.0},{"damage":10.0,"enemies":"Spire Growth","floor":38.0,"turns":6.0},{"damage":0.0,"enemies":"Nemesis","floor":40.0,"turns":7.0},{"damage":2.0,"enemies":"R_Hoarder","floor":45.0,"turns":9.0},{"damage":0.0,"enemies":"Giant Head","floor":47.0,"turns":8.0},{"damage":36.0,"enemies":"bossMod:newShapes","floor":50.0,"turns":9.0},{"damage":32.0,"enemies":"Shield and Spear","floor":54.0,"turns":13.0},{"damage":42,"enemies":"The Heart","floor":55,"turns":3}],"seed_played":"1333140879281038715","potions_obtained":[{"floor":1.0,"key":"Fire Potion"},{"floor":12.0,"key":"PowerPotion"},{"floor":13.0,"key":"FearPotion"},{"floor":21.0,"key":"Cursed Concoction"},{"floor":23.0,"key":"SkillPotion"},{"floor":28.0,"key":"ColorlessPotion"},{"floor":29.0,"key":"Adrenaline Potion"},{"floor":33.0,"key":"BlessingOfTheForge"}],"is_trial":false,"path_per_floor":["M","$","?","?","?","R","E","R","T","R","E","M","M","M","R","B",null,"M","M","$","M","M","E","R","$","T","R","M","M","R","M","R","B",null,"M","M","?","M","AVR","E","?","R","T","R","E","R","E","$","R","B",null,"R","$","E","B"],"character_chosen":"DEFECT","items_purchased":["FIFO Queue","Defragment","vexMod:PaidLearning","Gash","StuffTheSpire:DarkSteelAnvil","Cold Snap"],"campfire_rested":4,"item_purchase_floors":[2,20,20,48,48,48],"current_hp_per_floor":[64,64,64,64,64,64,64,64,64,64,64,64,64,64,64,21,59,49,45,45,40,28,20,41,41,41,62,48,47,68,68,68,21,59,52,51,51,41,41,41,41,41,41,41,40,40,40,40,40,4,55,72,72,40,0,0],"gold":99,"neow_bonus":"THREE_ENEMY_KILL","is_daily":false,"chose_seed":false,"campfire_upgraded":8,"win_rate":0.0,"timestamp":1611090619,"path_taken":["M","$","?","?","?","R","E","R","T","R","E","M","M","M","R","BOSS","M","M","$","M","M","E","R","?","T","R","M","M","R","M","R","BOSS","M","M","?","M","AVR","E","?","R","T","R","E","R","E","$","R","BOSS","R","$","E","BOSS"],"items_purchased_type":["Card","Card","Relic","Card","Relic","Card"],"build_version":"2020-12-22","purchased_purges":3,"victory":false,"max_hp_per_floor":[71,71,71,71,71,71,71,71,71,71,71,71,71,71,71,71,71,71,71,71,71,71,71,71,71,71,71,71,71,71,71,71,71,71,71,71,71,71,71,71,71,71,71,71,72,72,72,72,72,72,72,72,72,72,72,72],"card_choices":[{"not_picked":["Conserve Battery","Panic Button","Hologram"],"picked":"SKIP","floor":1.0},{"not_picked":["Reinforced Body","Undo","ReplayTheSpireMod:Reroute Power"],"picked":"SKIP","floor":7.0},{"not_picked":["BasicCrystalCard","Beam Cell"],"picked":"Ball Lightning","floor":11.0},{"not_picked":["BasicCrystalCard","Capacitor","Genetic Algorithm"],"picked":"SKIP","floor":12.0},{"not_picked":["Steam","Darkness","StuffTheSpire:LoadUp"],"picked":"SKIP","floor":13.0},{"not_picked":["Scrape","Leap","Hologram"],"picked":"SKIP","floor":14.0},{"not_picked":["Consume","Recycle"],"picked":"Cold Snap","floor":18.0},{"not_picked":["ReplaySort","Leap","Beam Cell"],"picked":"SKIP","floor":19.0},{"not_picked":["Beam Cell","Thunder Strike"],"picked":"Cold Snap","floor":21.0},{"not_picked":["StuffTheSpire:LoadUp","hubris:Ukulele+1"],"picked":"Ball Lightning","floor":22.0},{"not_picked":["Recycle","Gash"],"picked":"Cold Snap","floor":23.0},{"not_picked":["Beam Cell","Rebound"],"picked":"White Noise","floor":28.0},{"not_picked":["Consume+1","Rebound","Go for the Eyes"],"picked":"SKIP","floor":29.0},{"not_picked":["BasicCrystalCard","Rebound","StuffTheSpire:LoadUp"],"picked":"SKIP","floor":31.0},{"not_picked":["ReplayTheSpireMod:Omega Cannon","Amplify"],"picked":"StuffTheSpire:ForEach","floor":33.0},{"not_picked":["Streamline","Compile Driver+1","Turbo"],"picked":"SKIP","floor":35.0},{"not_picked":["Go for the Eyes","Panic Button"],"picked":"Glacier","floor":36.0},{"not_picked":["Consume","Barrage","Beam Cell"],"picked":"SKIP","floor":38.0},{"not_picked":["StuffTheSpire:Purify","StuffTheSpire:LoadUp","Coolheaded"],"picked":"SKIP","floor":40.0},{"not_picked":["StuffTheSpire:Purify","StuffTheSpire:LoadUp","Coolheaded"],"picked":"SKIP","floor":40.0},{"not_picked":["Rebound+1","Darkness","Genetic Algorithm"],"picked":"SKIP","floor":45.0},{"not_picked":["Coolheaded","Steam","Sunder"],"picked":"SKIP","floor":47.0},{"not_picked":["Tempest","Steam+1"],"picked":"StuffTheSpire:Synthwave","floor":54.0}],"player_experience":2985954,"relics_obtained":[{"floor":7.0,"key":"aspiration:HummingbirdHeart"},{"floor":9.0,"key":"Lantern"},{"floor":23.0,"key":"halation:TwoAmDonut"},{"floor":40.0,"key":"Golden Egg"},{"floor":43.0,"key":"hubris:SphereOfDissonance"},{"floor":45.0,"key":"Ancient Tea Set"},{"floor":47.0,"key":"Regal Pillow"},{"floor":54.0,"key":"Onion Ring"}],"event_choices":[{"damage_healed":0.0,"max_hp_gain":0.0,"max_hp_loss":0.0,"gold_gain":1.0,"event_name":"betterStone:BetterStone","player_choice":"1","floor":5.0,"gold_loss":0.0,"damage_taken":0.0},{"damage_healed":0.0,"max_hp_gain":0.0,"max_hp_loss":0.0,"gold_gain":0.0,"event_name":"Tomb of Lord Red Mask","player_choice":"Ignored","floor":41.0,"gold_loss":0.0,"damage_taken":0.0}],"is_beta":false,"boss_relics":[{"not_picked":["halation:HeavySnake","StuffTheSpire:ModemDavis"],"picked":"conspire:SpecialSausage"},{"not_picked":["energizedSpire:SpiderWeb","halation:PlatinumPhoenix","hubris:CrackedHourglass"]}],"items_purged_floors":[2,25,39],"is_endless":false,"potions_floor_spawned":[1,12,13,21,23,28,29,33,35,45,47],"killed_by":"The Heart","ascension_level":14}}