{"host":"6jrd8fn9k88n08be","time":1611020867,"event":{"mods":["BaseMod","Minty Spire (QoL Compilation)","StSLib"],"gold_per_floor":[114,129,129,204,38,76,76,76,76,76,101,101,101,120,120,245,245,264,278,278,297,322,360,360,360,360,360,360,360,360,9,9,134,134,153,486,486,486,486,486,501,401,426,1,1,1,1,1,1,1,1],"floor_reached":50,"language":"ENG","playtime":2249,"items_purged":["Anger","Dropkick","Chrysalis+1"],"score":544,"play_id":"1dddb54a-de12-4d1d-b6f2-2645cf171e22","local_time":"20210118204747","daily_mods":["Draft","Flight","Lethality"],"is_ascension_mode":false,"campfire_choices":[{"data":"Limit Break","floor":7.0,"key":"SMITH"},{"data":"Armaments","floor":8.0,"key":"SMITH"},{"floor":10.0,"key":"REST"},{"data":"Sentinel","floor":12.0,"key":"SMITH"},{"data":"Entrench","floor":13.0,"key":"SMITH"},{"data":"Heavy Blade","floor":15.0,"key":"SMITH"},{"floor":25.0,"key":"REST"},{"data":"Sword Boomerang","floor":27.0,"key":"SMITH"},{"floor":32.0,"key":"REST"},{"data":"Rampage","floor":40,"key":"SMITH"},{"data":"Impervious","floor":46,"key":"SMITH"},{"floor":49,"key":"REST"}],"circlet_count":0,"master_deck":["Rampage+1","Metallicize+1","Hemokinesis+1","Armaments+1","Sword Boomerang+1","Inflame+1","Entrench+1","True Grit+1","True Grit+1","Sentinel+1","Shrug It Off+1","Good Instincts+1","Limit Break+1","Heavy Blade+1","Barricade+1","Fire Breathing+1","Ghostly Armor+1","Rampage+1","Fiend Fire+1","Rage+1","Shrug It Off+1","Impervious+1","Perfected Strike+1","Havoc+1","Sword Boomerang+1"],"relics":["Burning Blood","Juzu Bracelet","Tiny Chest","Boot","Mark of Pain","Red Mask","Omamori","Happy Flower","Darkstone Periapt","HornCleat","Lizard Tail","Astrolabe","Bird Faced Urn","Lantern","PreservedInsect","Ice Cream","Mark of the Bloom"],"acts_visited":[],"potions_floor_usage":[],"damage_taken":[{"damage":0.0,"enemies":"Cultist","floor":1.0,"turns":2.0},{"damage":0.0,"enemies":"2 Louse","floor":2.0,"turns":2.0},{"damage":16.0,"enemies":"Lagavulin","floor":6.0,"turns":5.0},{"damage":0.0,"enemies":"Small Slimes","floor":14.0,"turns":3.0},{"damage":0.0,"enemies":"Slime Boss","floor":16.0,"turns":2.0},{"damage":20.0,"enemies":"2 Thieves","floor":18.0,"turns":3.0},{"damage":26.0,"enemies":"Masked Bandits","floor":19.0,"turns":4.0},{"damage":9.0,"enemies":"Shell Parasite","floor":21.0,"turns":3.0},{"damage":45.0,"enemies":"Book of Stabbing","floor":23.0,"turns":5.0},{"damage":15.0,"enemies":"Champ","floor":33.0,"turns":11.0},{"damage":0.0,"enemies":"3 Shapes","floor":35.0,"turns":6.0},{"damage":40,"enemies":"3 Darklings","floor":41,"turns":7},{"damage":54,"enemies":"Awakened One","floor":50,"turns":5}],"seed_played":"-1283480827410872575","potions_obtained":[{"floor":1.0,"key":"Energy Potion"},{"floor":6.0,"key":"HeartOfIron"},{"floor":16.0,"key":"Weak Potion"},{"floor":19.0,"key":"SpeedPotion"}],"is_trial":false,"path_per_floor":["M","M","?","?","$","E","R","R","T","R","T","R","R","M","R","B",null,"M","?","?","M","T","E","?","R","T","R","?","?","T","$","R","B",null,"M","?","?","?","T","R","M","$","T","$","?","R","?","?","R","B"],"character_chosen":"IRONCLAD","items_purchased":["Good Instincts","Lizard Tail","Shrug It Off","Ice Cream"],"campfire_rested":4,"item_purchase_floors":[5,31,31,44],"current_hp_per_floor":[80,80,60,49,49,39,39,39,39,63,63,63,63,69,69,75,80,66,46,51,48,48,9,9,33,33,33,33,33,33,33,57,48,80,80,80,80,80,80,80,52,52,52,52,52,52,52,52,52,0,0],"gold":1,"neow_bonus":"","is_daily":true,"chose_seed":false,"campfire_upgraded":8,"win_rate":0.0,"timestamp":1611020867,"path_taken":["M","?","?","?","?","E","R","R","T","R","?","R","R","M","R","BOSS","M","?","?","M","?","E","?","R","T","R","?","?","?","$","R","BOSS","M","?","?","?","?","R","M","$","T","$","?","R","?","?","R","BOSS"],"items_purchased_type":["Card","Relic","Card","Relic"],"build_version":"2020-12-22","purchased_purges":3,"victory":false,"max_hp_per_floor":[80,80,80,80,80,80,80,80,80,80,80,80,80,80,80,80,80,80,80,80,80,80,80,80,80,80,80,80,80,80,80,80,80,80,80,80,80,80,80,80,80,80,80,80,80,80,76,76,76,76,76],"card_choices":[{"not_picked":["Second Wind","True Grit"],"picked":"Rampage","floor":0.0},{"not_picked":["Cleave","Feel No Pain"],"picked":"Metallicize","floor":0.0},{"not_picked":["Flex","Anger"],"picked":"Hemokinesis","floor":0.0},{"not_picked":["Twin Strike","Clash"],"picked":"Armaments","floor":0.0},{"not_picked":["Hemokinesis","Armaments"],"picked":"Sword Boomerang","floor":0.0},{"not_picked":["Cleave","Sentinel"],"picked":"Inflame","floor":0.0},{"not_picked":["Iron Wave","Wild Strike"],"picked":"Entrench","floor":0.0},{"not_picked":["Heavy Blade","Cleave"],"picked":"True Grit","floor":0.0},{"not_picked":["Dual Wield","Cleave"],"picked":"Thunderclap","floor":0.0},{"not_picked":["Flex","Armaments"],"picked":"Dropkick","floor":0.0},{"not_picked":["Feel No Pain","Anger"],"picked":"True Grit","floor":0.0},{"not_picked":["Anger","Clothesline"],"picked":"Sentinel","floor":0.0},{"not_picked":["Armaments","True Grit"],"picked":"Anger","floor":0.0},{"not_picked":["Wild Strike","Armaments"],"picked":"Flex","floor":0.0},{"not_picked":["Warcry","Bloodletting"],"picked":"Shrug It Off","floor":0.0},{"not_picked":["True Grit","Cleave"],"picked":"Body Slam","floor":1.0},{"not_picked":["Flex","Anger","Wild Strike"],"picked":"SKIP","floor":2.0},{"not_picked":["Havoc","Heavy Blade"],"picked":"Limit Break","floor":6.0},{"not_picked":["Combust","True Grit"],"picked":"Heavy Blade","floor":14.0},{"not_picked":["Bludgeon","Limit Break"],"picked":"Barricade","floor":16.0},{"not_picked":["Iron Wave","Clash"],"picked":"Fire Breathing","floor":18.0},{"not_picked":["Clash","Iron Wave+1"],"picked":"Ghostly Armor","floor":19.0},{"not_picked":["Heavy Blade","Headbutt+1"],"picked":"Rampage","floor":21.0},{"not_picked":["Feed","Heavy Blade"],"picked":"Fiend Fire","floor":23.0},{"not_picked":["Exhume","Bludgeon"],"picked":"Impervious","floor":33.0},{"not_picked":["Clash","Pommel Strike+1"],"picked":"Sword Boomerang+1","floor":35.0},{"not_picked":["Cleave","Armaments+1","Thunderclap+1"],"picked":"SKIP","floor":41}],"player_experience":84687,"relics_obtained":[{"floor":6.0,"key":"Juzu Bracelet"},{"floor":9.0,"key":"Tiny Chest"},{"floor":11.0,"key":"Boot"},{"floor":19.0,"key":"Red Mask"},{"floor":22.0,"key":"Omamori"},{"floor":23.0,"key":"Happy Flower"},{"floor":26.0,"key":"Darkstone Periapt"},{"floor":30.0,"key":"HornCleat"},{"floor":39,"key":"Lantern"},{"floor":43,"key":"PreservedInsect"}],"event_choices":[{"damage_healed":0.0,"max_hp_gain":0.0,"max_hp_loss":0.0,"gold_gain":0.0,"event_name":"Golden Idol","player_choice":"Take Damage","floor":3.0,"gold_loss":0.0,"damage_taken":20.0,"relics_obtained":["Golden Idol"]},{"damage_healed":0.0,"max_hp_gain":0.0,"max_hp_loss":0.0,"gold_gain":75.0,"event_name":"World of Goop","player_choice":"Gather Gold","floor":4.0,"gold_loss":0.0,"damage_taken":11.0},{"damage_healed":0.0,"max_hp_gain":0.0,"max_hp_loss":0.0,"gold_gain":0.0,"event_name":"Masked Bandits","player_choice":"Fought Bandits","floor":19.0,"gold_loss":0.0,"damage_taken":0.0},{"cards_removed":["Thunderclap"],"damage_healed":5.0,"max_hp_gain":0.0,"max_hp_loss":0.0,"gold_gain":0.0,"event_name":"Bonfire Elementals","player_choice":"Offered Common","floor":20.0,"gold_loss":0.0,"damage_taken":0.0},{"cards_removed":["Thunderclap"],"damage_healed":5.0,"max_hp_gain":0.0,"max_hp_loss":0.0,"gold_gain":0.0,"event_name":"Bonfire Elementals","player_choice":"Offered Special","floor":20.0,"gold_loss":0.0,"damage_taken":0.0},{"damage_healed":0.0,"max_hp_gain":0.0,"max_hp_loss":0.0,"gold_gain":0.0,"event_name":"Accursed Blacksmith","player_choice":"Forge","floor":24.0,"gold_loss":0.0,"damage_taken":0.0,"cards_upgraded":["Barricade"]},{"damage_healed":0.0,"max_hp_gain":0.0,"max_hp_loss":0.0,"gold_gain":0.0,"event_name":"Ghosts","player_choice":"Ignored","floor":28.0,"gold_loss":0.0,"damage_taken":0.0},{"damage_healed":0.0,"max_hp_gain":0.0,"max_hp_loss":0.0,"gold_gain":0.0,"event_name":"Match and Keep!","player_choice":"3 cards matched","floor":29.0,"gold_loss":0.0,"damage_taken":0.0,"cards_obtained":["Enlightenment","Brutality","Rage"]},{"damage_healed":0.0,"max_hp_gain":0.0,"max_hp_loss":0.0,"gold_gain":333.0,"event_name":"The Moai Head","player_choice":"Gave Idol","floor":36.0,"relics_lost":["Golden Idol"],"gold_loss":0.0,"damage_taken":0.0},{"damage_healed":0,"gold_gain":0,"player_choice":"Ignored","damage_taken":0,"max_hp_gain":0,"max_hp_loss":0,"event_name":"Mysterious Sphere","floor":37,"gold_loss":0},{"damage_healed":0,"gold_gain":0,"player_choice":"Gave Potion","damage_taken":0,"relics_obtained":["Bird Faced Urn"],"max_hp_gain":0,"max_hp_loss":0,"event_name":"WeMeetAgain","floor":38,"gold_loss":0},{"cards_removed":["Body Slam"],"damage_healed":0,"gold_gain":0,"player_choice":"Removed Attack","damage_taken":0,"max_hp_gain":0,"max_hp_loss":0,"event_name":"Falling","floor":45,"gold_loss":0},{"damage_healed":0,"gold_gain":0,"player_choice":"Max HP","damage_taken":0,"max_hp_gain":0,"max_hp_loss":4,"event_name":"Winding Halls","floor":47,"gold_loss":0},{"damage_healed":0,"gold_gain":0,"player_choice":"Upgrade","damage_taken":0,"relics_obtained":["Mark of the Bloom"],"max_hp_gain":0,"max_hp_loss":0,"event_name":"MindBloom","floor":48,"gold_loss":0,"cards_upgraded":["Metallicize","Hemokinesis","Inflame","True Grit","True Grit","Shrug It Off","Good Instincts","Fire Breathing","Ghostly Armor","Rampage","Fiend Fire","Rage","Shrug It Off"]}],"is_beta":false,"boss_relics":[{"not_picked":["Runic Dome","Sozu"],"picked":"Mark of Pain"},{"not_picked":["Velvet Choker","Coffee Dripper"],"picked":"Astrolabe"}],"items_purged_floors":[5,42,44],"is_endless":false,"potions_floor_spawned":[1,6,16,19],"killed_by":"Awakened One","ascension_level":0}}