{"host":"bpkhhmvsfrvlto2l","time":1611084189,"event":{"mods":["2.2 Compatiblity","AchievementEnabler","Act Like it!","AlwaysNeverKeys","Aspiration","BaseMod","Better Silent Start","Challenge The Spire","Colored Map","Colored Powertips","Custom Start","Energized Spire","Friendly Minions","GifTheSpireLib","Halation","Hubris","Infinite Spire","Ironclad Rager","Mimic Mod","Minty Spire (QoL Compilation)","Permanent Neow","Quick Restart","Random Character Button","Relic Sorter","Replay The Spire","Spikes Relics","StSLib","Stuff the Spire","Swap Starting Deck Mod","Trackpad"],"gold_per_floor":[116,116,116,129,129,129,155,166,197,197,197,225,225,242,242,338,338,350,96,112,112,112,112,123,123,123,133,133,133,133],"floor_reached":29,"language":"ENG","playtime":1037,"items_purged":["Strike_B"],"score":323,"play_id":"13f6653f-e0d8-455c-8348-86edeab9c32d","local_time":"20210119142309","is_ascension_mode":true,"campfire_choices":[{"data":"Zap","floor":6.0,"key":"SMITH"},{"data":"Defragment","floor":10.0,"key":"SMITH"},{"data":"Genetic Algorithm","floor":13.0,"key":"SMITH"},{"floor":15.0,"key":"REST"},{"floor":23,"key":"REST"},{"data":"StuffTheSpire:Synthwave","floor":25,"key":"SMITH"},{"data":"Defragment","floor":28,"key":"SMITH"}],"circlet_count":0,"master_deck":["Strike_B","Strike_B","Strike_B","Defend_B","Defend_B","Defend_B","Zap+1","Dualcast","Genetic Algorithm+1","StuffTheSpire:LaunchingStrike+1","Chill","Defragment+1","Defragment+1","StuffTheSpire:Synthwave+1"],"relics":["Cracked Core","Bottled Lightning","trackpad:IceCube","Bag of Marbles","Black Star","WizardHat","Replay:Rubber Ducky"],"acts_visited":["Exordium","TheCity"],"potions_floor_usage":[],"damage_taken":[{"damage":12.0,"enemies":"Small Slimes","floor":1.0,"turns":3.0},{"damage":4.0,"enemies":"2 Louse","floor":4.0,"turns":2.0},{"damage":8.0,"enemies":"Lagavulin","floor":7.0,"turns":4.0},{"damage":4.0,"enemies":"Cultist","floor":8.0,"turns":3.0},{"damage":6.0,"enemies":"3 Louse","floor":9.0,"turns":9.0},{"damage":6.0,"enemies":"Gremlin Nob","floor":12.0,"turns":3.0},{"damage":0.0,"enemies":"3 Louse","floor":14.0,"turns":3.0},{"damage":43.0,"enemies":"The Guardian","floor":16.0,"turns":10.0},{"damage":41.0,"enemies":"Shell Parasite","floor":18.0,"turns":8.0},{"damage":0.0,"enemies":"2 Thieves","floor":20.0,"turns":3.0},{"damage":45,"enemies":"Shelled Parasite and Fungi","floor":24,"turns":8},{"damage":0,"enemies":"Centurion and Healer","floor":27,"turns":8},{"damage":44,"enemies":"Gremlin Leader","floor":29,"turns":6}],"seed_played":"-4949550223980284847","potions_obtained":[{"floor":1.0,"key":"FairyPotion"},{"floor":5.0,"key":"infinitespire:BlackPotion"},{"floor":5.0,"key":"DistilledChaos"},{"floor":5.0,"key":"EssenceOfDarkness"},{"floor":12.0,"key":"PowerPotion"},{"floor":16.0,"key":"Reflective Coating"},{"floor":18.0,"key":"FocusPotion"}],"is_trial":false,"path_per_floor":["M","$","?","M","?","R","E","M","MIM","R","?","E","R","M","R","B",null,"M","$","M","?","?","R","M","R","T","M","R","E"],"character_chosen":"DEFECT","items_purchased":["StuffTheSpire:Synthwave","EntropicBrew"],"campfire_rested":2,"item_purchase_floors":[19,19],"current_hp_per_floor":[56,56,56,52,52,52,44,40,34,34,34,28,28,28,50,7,58,17,17,17,17,20,43,42,42,42,42,42,0,0],"gold":133,"neow_bonus":"THREE_CARDS","is_daily":false,"chose_seed":false,"campfire_upgraded":5,"win_rate":0.0,"timestamp":1611084189,"path_taken":["M","$","?","M","?","R","E","M","MIM","R","?","E","R","?","R","BOSS","M","$","M","?","?","R","M","R","T","M","R","E"],"items_purchased_type":["Card","Potion"],"build_version":"2020-12-22","purchased_purges":1,"victory":false,"max_hp_per_floor":[75,75,75,75,75,75,75,75,75,75,75,75,75,75,75,75,75,75,75,75,75,78,78,78,78,78,78,78,78,78],"card_choices":[{"not_picked":["Coolheaded","StuffTheSpire:CleanHardDrive"],"picked":"Genetic Algorithm","floor":0.0},{"not_picked":["Stack","Conserve Battery"],"picked":"Chill","floor":7.0},{"not_picked":["Turbo","Redo"],"picked":"Defragment","floor":9.0},{"not_picked":["Aggregate","Static Discharge"],"picked":"Defragment","floor":14.0},{"not_picked":["Stack","Self Repair","Panic Button"],"picked":"SKIP","floor":20.0}],"player_experience":91423,"relics_obtained":[{"floor":7.0,"key":"Bottled Lightning"},{"floor":9.0,"key":"trackpad:IceCube"},{"floor":12.0,"key":"Bag of Marbles"},{"floor":26,"key":"Replay:Rubber Ducky"}],"event_choices":[{"damage_healed":0.0,"max_hp_gain":0.0,"max_hp_loss":0.0,"gold_gain":0.0,"event_name":"Lab","player_choice":"Got Potions","floor":5.0,"gold_loss":0.0,"damage_taken":0.0},{"damage_healed":0.0,"max_hp_gain":0.0,"max_hp_loss":0.0,"gold_gain":0.0,"event_name":"Match and Keep!","player_choice":"0 cards matched","floor":11.0,"gold_loss":0.0,"damage_taken":0.0,"cards_obtained":[]}],"is_beta":false,"boss_relics":[{"not_picked":["halation:LoveArrow","hubris:Backtick"],"picked":"Black Star"}],"items_purged_floors":[19],"is_endless":false,"potions_floor_spawned":[1,12,16,18],"killed_by":"Gremlin Leader","ascension_level":8}}