{"host":"g5k24uqcth2ihc11","time":1611032594,"event":{"mods":["Arknights The Spire","BaseMod","Downfall","Jorbs\u0027s Wanderer Trilogy","Marisa????????","Minty Spire (QoL Compilation)","Robot Space Explorer","StSLib","The Cursed","The Dragon Tamer","The Marked","The Servant 0.9.4"],"gold_per_floor":[116,135,153,169,183,183,183,183,183,203,203,219,229,257,257,362,362,377,389,408,427,439,439,85,85,85,115,115,125,155,187,187,286,286,300,300,320,333,333,362,362,362,362,372,382,68,68,87,87,87],"floor_reached":51,"language":"ENG","playtime":4065,"items_purged":[],"score":847,"play_id":"74974710-3a21-4174-b34c-9cfb085efa36","local_time":"20210118210314","daily_mods":["SealedDeck","Vintage","Flight"],"is_ascension_mode":false,"campfire_choices":[{"data":"theMarked:MaelstromOfLightning","floor":6,"key":"SMITH"},{"data":"theMarked:Static","floor":7,"key":"SMITH"},{"data":"theMarked:TwofoldDefense","floor":8,"key":"SMITH"},{"data":"theMarked:WardOff","floor":11,"key":"SMITH"},{"data":"theMarked:WardOff","floor":15,"key":"SMITH"},{"floor":23,"key":"REST"},{"data":"theMarked:Generate","floor":25,"key":"SMITH"},{"data":"theMarked:AttractMetal","floor":28,"key":"SMITH"},{"data":"theMarked:Improvise","floor":32,"key":"SMITH"},{"floor":41,"key":"REST"},{"data":"theMarked:ElementalBlade","floor":42,"key":"SMITH"},{"data":"theMarked:Generate","floor":49,"key":"SMITH"}],"circlet_count":0,"master_deck":["theMarked:Improvise+1","theMarked:SwordAndMagic+1","theMarked:EmpowerWeapon+1","theMarked:Static+1","theMarked:TwofoldDefense+1","theMarked:MaelstromOfLightning+1","theMarked:SwordAndMagic","theMarked:Electrocute+1","theMarked:WardOff+1","theMarked:WardOff+1","theMarked:Vacuum+1","theMarked:Defy+1","theMarked:Generate+1","theMarked:BanishingWave+1","theMarked:Electrocute+1","theMarked:Electrocute+1","theMarked:AttractMetal+1","theMarked:Electrocute+1","theMarked:TakeOffHeels+1","theMarked:ElementalBlade+1","theMarked:MysticalArsenal","theMarked:HeightenedSenses","theMarked:TwofoldDefense","theMarked:Generate+1","Panacea+1","Good Instincts","Panacea"],"relics":["theMarked:ArtifactOfAir","Kunai","Singing Bowl","Whetstone","The Courier","Darkstone Periapt","HornCleat","Regal Pillow","Molten Egg 2","Pen Nib","Shuriken","theMarked:Eyepatch","Question Card","Blood Vial","Bag of Preparation","Gremlin Horn","Art of War","Akabeko","Pear","Anchor","Sundial","Blue Candle","theMarked:NailFile","sneckomod:SneckoTalon","Orichalcum","MealTicket","White Beast Statue","Lantern","Vajra","theMarked:Gun","theMarked:SecretDocuments","theMarked:DemonDagger","War Paint"],"acts_visited":["Exordium","TheCity","TheBeyond"],"potions_floor_usage":[5,16,16,33,39,40,40,44,50,50],"damage_taken":[{"damage":0,"enemies":"2 Louse","floor":1,"turns":2},{"damage":0,"enemies":"Cultist","floor":2,"turns":2},{"damage":5,"enemies":"Small Slimes","floor":3,"turns":2},{"damage":2,"enemies":"Looter","floor":4,"turns":2},{"damage":0,"enemies":"Large Slime","floor":5,"turns":3},{"damage":0,"enemies":"Red Slaver","floor":10,"turns":2},{"damage":0,"enemies":"Looter","floor":12,"turns":3},{"damage":3,"enemies":"Exordium Wildlife","floor":13,"turns":3},{"damage":0,"enemies":"Lagavulin","floor":14,"turns":4},{"damage":21,"enemies":"The Guardian","floor":16,"turns":5},{"damage":12,"enemies":"Shell Parasite","floor":18,"turns":3},{"damage":0,"enemies":"Chosen","floor":19,"turns":3},{"damage":15,"enemies":"Shelled Parasite and Fungi","floor":20,"turns":2},{"damage":2,"enemies":"Centurion and Healer","floor":21,"turns":4},{"damage":0,"enemies":"Cultist and Chosen","floor":22,"turns":1},{"damage":12,"enemies":"Book of Stabbing","floor":27,"turns":2},{"damage":0,"enemies":"Snecko","floor":29,"turns":2},{"damage":0,"enemies":"Slavers","floor":30,"turns":2},{"damage":0,"enemies":"Gremlin Leader","floor":31,"turns":3},{"damage":3,"enemies":"Collector","floor":33,"turns":6},{"damage":0,"enemies":"3 Darklings","floor":35,"turns":1},{"damage":5,"enemies":"Orb Walker","floor":37,"turns":3},{"damage":0,"enemies":"Jaw Worm Horde","floor":38,"turns":1},{"damage":0,"enemies":"Writhing Mass","floor":39,"turns":1},{"damage":32,"enemies":"Giant Head","floor":40,"turns":7},{"damage":1,"enemies":"Transient","floor":44,"turns":5},{"damage":1,"enemies":"Spire Growth","floor":45,"turns":3},{"damage":0,"enemies":"3 Darklings","floor":48,"turns":1},{"damage":17,"enemies":"Awakened One","floor":50,"turns":7}],"seed_played":"6216998568548655533","potions_obtained":[{"floor":1,"key":"SpeedPotion"},{"floor":4,"key":"Explosive Potion"},{"floor":5,"key":"theMarked:ChargePotion"},{"floor":13,"key":"Regen Potion"},{"floor":16,"key":"AttackPotion"},{"floor":19,"key":"SteroidPotion"},{"floor":20,"key":"SmokeBomb"},{"floor":27,"key":"Weak Potion"},{"floor":37,"key":"LiquidMemories"},{"floor":40,"key":"GamblersBrew"},{"floor":44,"key":"Strength Potion"},{"floor":45,"key":"Strength Potion"},{"floor":48,"key":"SteroidPotion"}],"is_trial":true,"path_per_floor":["M","M","M","M","M","R","R","R","T","M","R","M","M","E","R","B",null,"M","M","M","M","M","R","$","R","T","E","R","M","E","E","R","B",null,"M","?","M","M","M","E","R","R","T","M","M","$","?","M","R","B",null],"character_chosen":"THE_DEFAULT","items_purchased":["Akabeko","theMarked:Generate","theMarked:BanishingWave+1","theMarked:Electrocute+1","theMarked:Electrocute+1","theMarked:MysticalArsenal","theMarked:HeightenedSenses","theMarked:TwofoldDefense","theMarked:Generate","theMarked:DemonDagger"],"campfire_rested":2,"item_purchase_floors":[24,24,24,24,24,46,46,46,46,46],"current_hp_per_floor":[70,70,65,63,63,63,63,63,63,63,63,63,60,60,60,51,70,58,58,45,45,47,70,70,70,80,68,68,70,72,76,76,75,82,82,82,77,79,81,50,82,82,82,81,81,82,72,74,74,69],"gold":87,"neow_bonus":"","is_daily":false,"chose_seed":false,"campfire_upgraded":10,"win_rate":0.0,"timestamp":1611032594,"path_taken":["M","M","M","M","M","R","R","R","T","M","R","M","M","E","R","BOSS","M","M","M","M","M","R","$","R","T","E","R","M","E","E","R","BOSS","M","?","M","M","M","E","R","R","T","M","?","$","?","M","R","BOSS"],"items_purchased_type":["Relic","Card","Card","Card","Card","Card","Card","Card","Card","Relic"],"build_version":"2020-12-22","purchased_purges":0,"victory":true,"max_hp_per_floor":[70,70,70,70,70,70,70,70,70,70,70,70,70,70,70,70,70,70,70,70,70,70,70,70,70,80,80,80,80,80,82,82,82,82,82,82,82,82,82,82,82,82,82,82,82,82,82,82,82,82],"card_choices":[{"not_picked":["theMarked:Frustration+1","theMarked:WardOff"],"picked":"theMarked:Vacuum+1","floor":14},{"not_picked":["theMarked:SuspiciousRaven","theMarked:SummonStrength"],"picked":"theMarked:Defy+1","floor":16},{"not_picked":["theMarked:EmpowerWeapon","theMarked:ElectricStrings+1","theMarked:DispelDoubt+1"],"picked":"theMarked:AttractMetal","floor":27},{"not_picked":["theMarked:TwofoldDefense","theMarked:Frustration+1","theMarked:AttractMetal"],"picked":"theMarked:Electrocute+1","floor":30},{"not_picked":["theMarked:TunnelVision+1","theMarked:EmpowerWeapon","theMarked:Polarize","theMarked:CreepingChasm"],"picked":"Singing Bowl","floor":31},{"not_picked":["theMarked:Levitate","theMarked:ChannelForce","theMarked:UnarmedFury+1"],"picked":"theMarked:TakeOffHeels","floor":33},{"not_picked":["theMarked:ElectricStrings+1","theMarked:BanishingStrike+1","theMarked:Panic"],"picked":"theMarked:ElementalBlade","floor":40},{"not_picked":["Dramatic Entrance+1","Finesse","Swift Strike+1"],"picked":"Panacea","floor":47},{"not_picked":["Purity","Mind Blast+1","Master of Strategy"],"picked":"Good Instincts","floor":47},{"not_picked":["Swift Strike+1","PanicButton","Chrysalis"],"picked":"Panacea","floor":47}],"player_experience":31397,"relics_obtained":[{"floor":1,"key":"Kunai"},{"floor":2,"key":"Singing Bowl"},{"floor":3,"key":"Whetstone"},{"floor":4,"key":"The Courier"},{"floor":5,"key":"Darkstone Periapt"},{"floor":9,"key":"HornCleat"},{"floor":10,"key":"Regal Pillow"},{"floor":12,"key":"Molten Egg 2"},{"floor":13,"key":"Pen Nib"},{"floor":14,"key":"Shuriken"},{"floor":18,"key":"Question Card"},{"floor":19,"key":"Blood Vial"},{"floor":20,"key":"Bag of Preparation"},{"floor":21,"key":"Gremlin Horn"},{"floor":22,"key":"Art of War"},{"floor":26,"key":"Pear"},{"floor":27,"key":"Anchor"},{"floor":29,"key":"Sundial"},{"floor":30,"key":"Blue Candle"},{"floor":31,"key":"theMarked:NailFile"},{"floor":35,"key":"Orichalcum"},{"floor":37,"key":"MealTicket"},{"floor":38,"key":"White Beast Statue"},{"floor":40,"key":"Lantern"},{"floor":43,"key":"Vajra"},{"floor":44,"key":"theMarked:Gun"},{"floor":45,"key":"theMarked:SecretDocuments"},{"floor":48,"key":"War Paint"}],"event_choices":[{"damage_healed":0,"gold_gain":0,"player_choice":"Upgraded","damage_taken":0,"max_hp_gain":0,"max_hp_loss":0,"event_name":"Upgrade Shrine","floor":36,"gold_loss":0,"cards_upgraded":["theMarked:TakeOffHeels"]},{"damage_healed":0,"gold_gain":0,"player_choice":"Memory 3","damage_taken":10,"max_hp_gain":0,"max_hp_loss":0,"event_name":"SensoryStone","floor":47,"gold_loss":0}],"is_beta":false,"boss_relics":[{"not_picked":["Black Star","Runic Dome"],"picked":"theMarked:Eyepatch"},{"not_picked":["theMarked:SpiritSword","Astrolabe"],"picked":"sneckomod:SneckoTalon"}],"items_purged_floors":[],"is_endless":false,"potions_floor_spawned":[1,4,5,13,16,19,20,27,37,39,40,44,45,48],"ascension_level":0}}