{"host":"9nt1zhl3k8mtcf72","time":1611100212,"event":{"mods":["Aspiration","BaseMod","BetterRewards","Conjunction","Conspire","Downfall","Energized Spire","Friendly Minions","GifTheSpireLib","Halation","Hubris","Infinite Spire","JesterMod","Mimic Mod","Minty Spire (QoL Compilation)","RatMod","Spikes Relics","StSLib","Stuff the Spire","Trackpad","Useless Jewels Mod","Wandering Minibosses","vexMod"],"gold_per_floor":[199,184,200,25,25,59,83,93,93,193,241,41,51,77,96,96,96,96],"floor_reached":16,"language":"ENG","playtime":842,"items_purged":[],"score":108,"play_id":"124a16d3-36f7-4ebe-b693-b6a710f1e3a8","local_time":"20210119185012","is_ascension_mode":false,"campfire_choices":[{"floor":1,"key":"RECALL"},{"floor":9,"key":"REST"},{"floor":12,"key":"REST"}],"circlet_count":0,"master_deck":["bronze:Strike","bronze:Strike","bronze:Strike","bronze:Strike","bronze:Defend","bronze:Defend","bronze:Defend","bronze:Defend","bronze:Replicate","bronze:Goto","bronze:Frontload","bronze:Terminator+1","bronze:Branch","bronze:Iterate","bronze:Separator+1","expansioncontent:PolyBeam","Notoriety","bronze:ChosenStrike","bronze:Frontload","bronze:Return","bronze:Iterate","bronze:Overload"],"relics":["bronze:BronzeCore","hubris:BottledRain","aspiration:HiddenCompartment","downfall:HeartBlessingBlue","downfall:HeartBlessingRed","halation:QuantumPhysicsTextbook"],"acts_visited":["Exordium"],"potions_floor_usage":[16],"damage_taken":[{"damage":0,"enemies":"downfall:FleeingMerchant","floor":2,"turns":4},{"damage":7,"enemies":"Small Slimes","floor":3,"turns":8},{"damage":10,"enemies":"downfall:FleeingMerchant","floor":4,"turns":4},{"damage":21,"enemies":"Gremlin Nob","floor":6,"turns":4},{"damage":15,"enemies":"Cultist","floor":8,"turns":5},{"damage":0,"enemies":"Jaw Worm","floor":13,"turns":1},{"damage":18,"enemies":"Lagavulin","floor":14,"turns":5},{"damage":2,"enemies":"Exordium Thugs","floor":15,"turns":6},{"damage":65,"enemies":"DF_ARCHETYPE_STREAMLINE","floor":16,"turns":9}],"seed_played":"3419139365792499295","potions_obtained":[{"floor":6,"key":"bronze:CleanCodePotion"},{"floor":8,"key":"conspire:TimeTravelPotion"},{"floor":14,"key":"SmokeBomb"}],"is_trial":false,"path_per_floor":["R","$","M","$","?","E","T","M","R","?","T","R","M","E","M","B"],"character_chosen":"THE_AUTOMATON","items_purchased":["bronze:Iterate","bronze:Separator","expansioncontent:PolyBeam"],"campfire_rested":2,"item_purchase_floors":[4,4,4],"current_hp_per_floor":[70,70,63,53,53,32,32,17,38,38,38,72,72,54,52,0,0,0],"gold":96,"neow_bonus":"HUNDRED_GOLD","is_daily":false,"chose_seed":false,"campfire_upgraded":0,"win_rate":0.0,"timestamp":1611100212,"path_taken":["R","$","M","$","?","E","T","?","R","?","?","R","M","E","M","BOSS"],"items_purchased_type":["Card","Card","Card"],"build_version":"2020-12-22","purchased_purges":0,"victory":false,"max_hp_per_floor":[70,70,70,70,70,70,70,70,70,70,70,80,80,80,80,80,80,80],"card_choices":[{"not_picked":["bronze:BugBarrage","bronze:Repulsor"],"picked":"bronze:Frontload","floor":2},{"not_picked":["bronze:Philosophize","bronze:ItsAFeature"],"picked":"bronze:Terminator","floor":3},{"not_picked":["bronze:FollowUp","bronze:BitShift"],"picked":"bronze:Branch","floor":4},{"not_picked":["bronze:Iterate","bronze:CutThrough"],"picked":"bronze:ChosenStrike","floor":6},{"not_picked":["bronze:DarkDash","bronze:Branch"],"picked":"bronze:Frontload","floor":8},{"not_picked":["bronze:Frontload","bronze:ForLoop"],"picked":"bronze:Return","floor":13},{"not_picked":["bronze:Shell","bronze:Philosophize"],"picked":"bronze:Iterate","floor":14},{"not_picked":["bronze:Branch","bronze:BuggyMess"],"picked":"bronze:Overload","floor":15}],"player_experience":493916,"relics_obtained":[{"floor":6,"key":"hubris:BottledRain"},{"floor":11,"key":"aspiration:HiddenCompartment"},{"floor":14,"key":"halation:QuantumPhysicsTextbook"}],"event_choices":[],"is_beta":false,"boss_relics":[],"items_purged_floors":[],"is_endless":false,"potions_floor_spawned":[6,8,14],"killed_by":"DF_ARCHETYPE_STREAMLINE","ascension_level":0}}