{"host":"sdjng9zhqonqi3uc","time":1611084881,"event":{"mods":["2.2 Compatiblity","AchievementEnabler","BaseMod","Better Third Choice","BetterRewards","Colored Powertips","Downfall","Hero for Fun","Minty Spire (QoL Compilation)","Quick Restart","Shop Mod","Spicy Shops","StSLib","Td1madao Mod","The Animator","The Cursed","The Servant 0.9.4"],"gold_per_floor":[13,25,25,43,56,88,99,126,152,164,89,102,116,148,148,243,243,263,280,280,289,189,217,92,105,132,132,132,162,176,209,209,310,310,323,336,351,369,219,247,247,266,290,290,303,253,253,272,272,272,272,272,98,133,133],"floor_reached":56,"language":"ENG","playtime":437,"items_purged":["Defend_Y","Defend_Y","Defend_Y","Defend_Y+1","downfall:Haunted"],"score":2628,"play_id":"e30cc1e2-5f57-4b1d-83fa-fcfc9b5b8429","local_time":"20210119203441","is_ascension_mode":true,"campfire_choices":[{"floor":15,"key":"RECALL"},{"data":"Strike_Y","floor":32,"key":"SMITH"},{"data":"Strike_Y","floor":41,"key":"SMITH"},{"data":"Strike_Y","floor":44,"key":"SMITH"},{"data":"Strike_Y","floor":49,"key":"SMITH"},{"data":"Strike_Y","floor":52,"key":"SMITH"}],"circlet_count":0,"master_deck":["AscendersBane","Strike_Y+1","Strike_Y+1","Strike_Y+1","Strike_Y+1","Strike_Y+1","Slap+1","Serious_Punch+1","CurseOfTheBell","Consecutive_Normal_Punch+1"],"relics":["Cape","CultistMask","Molten Egg 2","Juzu Bracelet","Oddly Smooth Stone","CeramicFish","Coffee Dripper","Toy Ornithopter","War Paint","Turnip","Black Star","Calling Bell","Vajra","Mercury Hourglass","Lizard Tail","Singing Bowl","Bag of Preparation","Smiling Mask","Medical Kit","Nunchaku","Lantern"],"acts_visited":["Exordium","TheCity","TheBeyond","TheEnding"],"potions_floor_usage":[],"damage_taken":[{"damage":0,"enemies":"Jaw Worm","floor":1,"turns":1},{"damage":0,"enemies":"Cultist","floor":2,"turns":1},{"damage":0,"enemies":"Small Slimes","floor":4,"turns":2},{"damage":0,"enemies":"Red Slaver","floor":5,"turns":1},{"damage":0,"enemies":"3 Sentries","floor":6,"turns":1},{"damage":0,"enemies":"Blue Slaver","floor":7,"turns":1},{"damage":0,"enemies":"Lagavulin","floor":8,"turns":1},{"damage":0,"enemies":"Looter","floor":10,"turns":1},{"damage":0,"enemies":"2 Fungi Beasts","floor":12,"turns":1},{"damage":0,"enemies":"Exordium Wildlife","floor":13,"turns":1},{"damage":0,"enemies":"3 Sentries","floor":14,"turns":2},{"damage":0,"enemies":"The Guardian","floor":16,"turns":1},{"damage":0,"enemies":"3 Byrds","floor":18,"turns":1},{"damage":0,"enemies":"Spheric Guardian","floor":19,"turns":1},{"damage":0,"enemies":"Gremlin Leader","floor":23,"turns":1},{"damage":0,"enemies":"Snake Plant","floor":25,"turns":1},{"damage":0,"enemies":"Book of Stabbing","floor":29,"turns":1},{"damage":0,"enemies":"3 Cultists","floor":30,"turns":1},{"damage":0,"enemies":"Slavers","floor":31,"turns":1},{"damage":0,"enemies":"Champ","floor":33,"turns":1},{"damage":0,"enemies":"3 Shapes","floor":35,"turns":1},{"damage":0,"enemies":"3 Darklings","floor":36,"turns":1},{"damage":0,"enemies":"Writhing Mass","floor":37,"turns":1},{"damage":0,"enemies":"Giant Head","floor":40,"turns":1},{"damage":0,"enemies":"Maw","floor":42,"turns":1},{"damage":0,"enemies":"Jaw Worm Horde","floor":45,"turns":1},{"damage":0,"enemies":"Sphere and 2 Shapes","floor":48,"turns":1},{"damage":0,"enemies":"Donu and Deca","floor":50,"turns":1},{"damage":0,"enemies":"Shield and Spear","floor":54,"turns":1},{"damage":0,"enemies":"The Heart","floor":55,"turns":1}],"seed_played":"-3300447446873816741","potions_obtained":[{"floor":4,"key":"ColorlessPotion"},{"floor":8,"key":"Strength Potion"}],"is_trial":false,"path_per_floor":["M","M","?","M","M","E","M","E","T","M","$","M","M","E","R","B",null,"M","M","?","?","$","E","$","M","T","?","$","E","M","E","R","B",null,"M","M","M","?","$","E","R","M","T","R","M","$","?","M","R","B",null,"R","$","E","B",null],"character_chosen":"OPM","items_purchased":["Consecutive_Normal_Punch+1","Medical Kit"],"campfire_rested":0,"item_purchase_floors":[53,53],"current_hp_per_floor":[998,998,998,998,998,998,998,998,998,998,998,998,998,998,998,998,1073,1073,1073,1073,1073,1073,1073,1073,1073,1073,1073,1073,1073,1073,1073,1073,1073,1092,1092,1092,1092,1092,1092,1094,1094,1096,1096,1096,1098,1098,1049,1051,1051,1051,1051,1051,1051,1053,1053],"gold":133,"neow_bonus":"TEN_PERCENT_HP_BONUS","is_daily":false,"chose_seed":false,"campfire_upgraded":5,"win_rate":0.0,"timestamp":1611084881,"path_taken":["M","M","?","?","M","E","M","E","T","M","$","M","M","E","R","BOSS","M","M","?","?","$","E","$","M","T","?","$","E","M","E","R","BOSS","M","M","M","?","$","E","R","M","T","R","M","$","?","M","R","BOSS","R","$","E","BOSS"],"items_purchased_type":["Card","Relic"],"build_version":"2020-12-22","purchased_purges":5,"victory":true,"max_hp_per_floor":[1098,1098,1098,1098,1098,1098,1098,1098,1098,1098,1098,1098,1098,1098,1098,1098,1098,1098,1098,1098,1098,1098,1098,1098,1098,1098,1098,1098,1098,1098,1098,1098,1098,1098,1098,1098,1098,1098,1098,1100,1100,1102,1102,1102,1104,1104,1049,1051,1051,1051,1051,1051,1051,1053,1053],"card_choices":[{"not_picked":["Toss_Stone","Consecutive_Normal_Punch","Do_Nothing"],"picked":"SKIP","floor":1},{"not_picked":["Wear_Disguise","Slap","Consecutive_Normal_Punch"],"picked":"SKIP","floor":2},{"not_picked":["Toss_Stone","Hop","Yawn"],"picked":"SKIP","floor":4},{"not_picked":["Normal_Punch","Consecutive_Normal_Punch","Wear_Disguise"],"picked":"SKIP","floor":5},{"not_picked":["Toss_Stone+1","Ignore","Do_Nothing"],"picked":"SKIP","floor":6},{"not_picked":["Toss_Stone+1","Ignore","Yawn"],"picked":"SKIP","floor":7},{"not_picked":["Side_Hop","Hop"],"picked":"Slap+1","floor":8},{"not_picked":["Hop","Side_Hop","Toss_Stone+1"],"picked":"SKIP","floor":10},{"not_picked":["Do_Nothing","Yawn","Toss_Stone+1"],"picked":"SKIP","floor":12},{"not_picked":["Do_Nothing","Consecutive_Normal_Punch+1","Wear_Disguise"],"picked":"SKIP","floor":13},{"not_picked":["Ignore","Yawn","Hop"],"picked":"SKIP","floor":14},{"not_picked":["Do_Nothing","Ignore","Side_Hop+1"],"picked":"SKIP","floor":18},{"not_picked":["Hop","Normal_Punch+1","Yawn"],"picked":"SKIP","floor":19},{"not_picked":["Normal_Punch+1","Do_Nothing","Hip_Strike+1"],"picked":"SKIP","floor":23},{"not_picked":["Normal_Punch+1","Consecutive_Normal_Punch+1","Ignore"],"picked":"SKIP","floor":25},{"not_picked":["Yawn","Hop","Ignore+1"],"picked":"SKIP","floor":29},{"not_picked":["Do_Nothing","Yawn","Toss_Stone+1"],"picked":"SKIP","floor":30},{"not_picked":["Hop","Wear_Disguise","Side_Hop"],"picked":"SKIP","floor":31},{"not_picked":["Wear_Disguise","Normal_Punch+1","Side_Hop"],"picked":"SKIP","floor":35},{"not_picked":["Do_Nothing","Hop","Toss_Stone+1"],"picked":"SKIP","floor":36},{"not_picked":["Toss_Stone+1","Wear_Disguise+1","Slap+1"],"picked":"SKIP","floor":37},{"not_picked":["Toss_Stone+1","Ignore+1","Wear_Disguise"],"picked":"Singing Bowl","floor":40},{"not_picked":["Slap+1","Side_Hop+1","Ignore"],"picked":"Singing Bowl","floor":42},{"not_picked":["Hop","Toss_Stone+1","Consecutive_Normal_Punch+1"],"picked":"Singing Bowl","floor":45},{"not_picked":["Consecutive_Normal_Punch+1","Normal_Punch+1","Slap+1"],"picked":"Singing Bowl","floor":48},{"not_picked":["Consecutive_Normal_Punch+1","Wear_Disguise","Terrifying_Presence"],"picked":"Singing Bowl","floor":54}],"player_experience":346004,"relics_obtained":[{"floor":6,"key":"Molten Egg 2"},{"floor":8,"key":"Juzu Bracelet"},{"floor":9,"key":"Oddly Smooth Stone"},{"floor":14,"key":"CeramicFish"},{"floor":23,"key":"Toy Ornithopter"},{"floor":29,"key":"War Paint"},{"floor":31,"key":"Turnip"},{"floor":38,"key":"Vajra"},{"floor":38,"key":"Mercury Hourglass"},{"floor":38,"key":"Lizard Tail"},{"floor":40,"key":"Singing Bowl"},{"floor":40,"key":"Bag of Preparation"},{"floor":43,"key":"Smiling Mask"},{"floor":54,"key":"Nunchaku"},{"floor":54,"key":"Lantern"}],"event_choices":[{"damage_healed":0,"gold_gain":0,"player_choice":"Trade","damage_taken":0,"relics_obtained":["CultistMask"],"max_hp_gain":0,"max_hp_loss":0,"event_name":"FaceTrader","floor":3,"gold_loss":0},{"damage_healed":0,"gold_gain":0,"player_choice":"Ignored","damage_taken":0,"max_hp_gain":0,"max_hp_loss":0,"event_name":"The Mausoleum","floor":20,"gold_loss":0},{"damage_healed":0,"gold_gain":0,"cards_transformed":["Defend_Y"],"player_choice":"Transformed","damage_taken":0,"max_hp_gain":0,"max_hp_loss":0,"event_name":"Transmorgrifier","floor":21,"gold_loss":0,"cards_obtained":["Serious_Punch"]},{"damage_healed":0,"gold_gain":0,"player_choice":"Max HP","damage_taken":0,"max_hp_gain":0,"max_hp_loss":55,"event_name":"Winding Halls","floor":47,"gold_loss":0}],"is_beta":false,"boss_relics":[{"not_picked":["Calling Bell","SlaversCollar"],"picked":"Coffee Dripper"},{"not_picked":["Runic Pyramid","Snecko Eye"],"picked":"Black Star"}],"items_purged_floors":[11,22,24,39,46],"is_endless":false,"potions_floor_spawned":[1,4,5,8,12,19,25,31,33,36,42,54],"ascension_level":12}}