{"host":"2pkkojz1dcy8tvia","time":1611067353,"event":{"mods":["BaseMod","Colored Powertips","Curses Come First","Downfall","Hermit","Minty Spire (QoL Compilation)","StSLib","[功能]功能增强和修复MOD"],"gold_per_floor":[199,219,219,219,81,81,81,100,3,3,20,5,5,15,33,132,132,32,47,47,60,60,60,87,87,103,103,119,119,137,137,152,248,248,248,261,261,311,495,407,433,333,217,247,265,265,341,373,386,386,386,386],"floor_reached":50,"language":"ZHS","playtime":2699,"items_purged":["downfall:Malfunctioning","champ:Strike","champ:Defend","champ:Defend","champ:Strike","champ:Defend","champ:Strike","champ:Taunt"],"score":688,"play_id":"9d56d502-79a1-4cde-8368-81bdf4a12dfd","local_time":"20210119224233","is_ascension_mode":false,"campfire_choices":[{"floor":1,"key":"RECALL"},{"data":"champ:Taunt","floor":10,"key":"SMITH"},{"data":"expansioncontent:QuickStudy","floor":18,"key":"SMITH"},{"data":"expansioncontent:DashGenerateEvil","floor":23,"key":"SMITH"},{"data":"champ:UltimateStance","floor":35,"key":"SMITH"},{"floor":42,"key":"REST"},{"data":"champ:GladiatorForm","floor":46,"key":"SMITH"}],"circlet_count":0,"master_deck":["champ:Execute","champ:Taunt+1","champ:FlashCut","CurseOfTheBell","champ:SkillfulDodge","expansioncontent:QuickStudy+1","champ:CrookedStrike","champ:PreciseThrust","champ:BringItOn","champ:DefensiveShout","champ:GladiatorStyle","Madness+1","champ:Shatter","champ:AdrenalArmor","expansioncontent:DashGenerateEvil+1","champ:BerserkersShout+1","champ:StanceDance","champ:GutPunch","champ:ArenaPreparation","champ:CalledShot","champ:Circumvent","champ:HoldFirm","champ:TornadoPunch","champ:EnragedBash+1","champ:PreemptiveStrike","champ:Haymaker+1","champ:Backstep+1","Necronomicurse","champ:FanOfKnives","champ:UltimateStance+1","champ:ShieldSlam+1","expansioncontent:Chronoboost","expansioncontent:Hexaburn","expansioncontent:GuardianWhirl","champ:FaceSlap+1","champ:GladiatorForm+1","expansioncontent:DashGenerateEvil+1","champ:VampiricStrike","champ:CrownThrow","champ:Backstep","champ:ArenaPreparation","champ:IronFortress","champ:Endure","champ:BerserkersShout","champ:EndlessRage","champ:FanOfKnives","champ:FalseCounter+1","champ:Encircle","champ:GutPunch","champ:BerserkersShout","champ:Circumvent","champ:GladiatorStyle","Chrysalis","expansioncontent:Hexaburn","champ:PreciseThrust+1","champ:Haymaker","champ:AdrenalArmor+1","champ:FocusedDefense+1"],"relics":["champ:ChampionCrownUpgraded","champ:LiftRelic","Calling Bell","Centennial Puzzle","Question Card","TungstenRod","Boot","Matryoshka","DollysMirror","Vajra","Kunai","HornCleat","Bag of Preparation","Frozen Eye","downfall:HeartBlessingRed","White Beast Statue","champ:FightingForDummies","champ:BerserkersGuideToSlaughter","Dream Catcher","downfall:KnowingSkull","Necronomicon","SacredBark","CaptainsWheel","Blood Vial","Pear","Lee\u0027s Waffle","Darkstone Periapt","HandDrill","Mercury Hourglass","downfall:HeartBlessingBlue","Lizard Tail","War Paint","Cauldron","Letter Opener","The Courier","Bronze Scales"],"acts_visited":["Exordium","TheCity","TheBeyond"],"potions_floor_usage":[5,9,12,16,16,21,26,26,28,30,30,32,32,33,33,33,36,36,38,38,39,44,44,44,44,45,48,48,50,50,50],"damage_taken":[{"damage":12,"enemies":"Jaw Worm","floor":2,"turns":4},{"damage":18,"enemies":"downfall:FleeingMerchant","floor":5,"turns":4},{"damage":9,"enemies":"Small Slimes","floor":8,"turns":3},{"damage":40,"enemies":"downfall:FleeingMerchant","floor":9,"turns":4},{"damage":8,"enemies":"Cultist","floor":11,"turns":3},{"damage":16,"enemies":"downfall:FleeingMerchant","floor":12,"turns":4},{"damage":0,"enemies":"3 Louse","floor":14,"turns":2},{"damage":17,"enemies":"Gremlin Gang","floor":15,"turns":5},{"damage":50,"enemies":"WA_ARCHETYPE_RETAIN","floor":16,"turns":8},{"damage":4,"enemies":"Spheric Guardian","floor":19,"turns":2},{"damage":8,"enemies":"Snecko","floor":21,"turns":4},{"damage":25,"enemies":"Chosen and Byrds","floor":26,"turns":7},{"damage":18,"enemies":"Cultist and Chosen","floor":28,"turns":5},{"damage":10,"enemies":"3 Cultists","floor":30,"turns":5},{"damage":0,"enemies":"Snecko","floor":32,"turns":3},{"damage":57,"enemies":"IC_MUSHROOM_ARCHETYPE","floor":33,"turns":5},{"damage":10,"enemies":"3 Darklings","floor":36,"turns":2},{"damage":22,"enemies":"3 Darklings","floor":38,"turns":8},{"damage":2,"enemies":"downfall:FleeingMerchant","floor":39,"turns":2},{"damage":11,"enemies":"Reptomancer","floor":44,"turns":4},{"damage":0,"enemies":"Orb Walker","floor":45,"turns":2},{"damage":95,"enemies":"Giant Head","floor":48,"turns":8},{"damage":0,"enemies":"Sphere and 2 Shapes","floor":49,"turns":4},{"damage":190,"enemies":"SI_POISON_ARCHETYPE","floor":50,"turns":9}],"seed_played":"-3196919605783584873","potions_obtained":[{"floor":2,"key":"SneckoOil"},{"floor":2,"key":"Fire Potion"},{"floor":8,"key":"Slimebound:ThreeZeroPotion"},{"floor":11,"key":"Regen Potion"},{"floor":14,"key":"SpeedPotion"},{"floor":16,"key":"Weak Potion"},{"floor":16,"key":"Fire Potion"},{"floor":19,"key":"AttackPotion"},{"floor":21,"key":"Strength Potion"},{"floor":26,"key":"champ:TechniquePotion"},{"floor":26,"key":"Fruit Juice"},{"floor":26,"key":"Explosive Potion"},{"floor":28,"key":"Regen Potion"},{"floor":28,"key":"PowerPotion"},{"floor":30,"key":"FearPotion"},{"floor":30,"key":"SpeedPotion"},{"floor":32,"key":"SneckoOil"},{"floor":32,"key":"Fire Potion"},{"floor":33,"key":"SkillPotion"},{"floor":33,"key":"Guardian:BlockOnCardUsePotion"},{"floor":33,"key":"Explosive Potion"},{"floor":36,"key":"BlessingOfTheForge"},{"floor":38,"key":"FearPotion"},{"floor":39,"key":"Fire Potion"},{"floor":44,"key":"ColorlessPotion"},{"floor":45,"key":"SkillPotion"},{"floor":48,"key":"EssenceOfSteel"},{"floor":48,"key":"Swift Potion"},{"floor":49,"key":"Energy Potion"},{"floor":49,"key":"Ancient Potion"}],"is_trial":false,"path_per_floor":["R","M","?","?","$","?","T","M","$","R","M","$","?","M","M","B",null,"R","M","T","M","?","R","T","?","M","?","M","?","M","?","M","B",null,"R","M","?","?","?","$","T","R","$","E","M","R","T","E","M","B"],"character_chosen":"THE_CHAMP","items_purchased":["Boot","Matryoshka","DollysMirror","expansioncontent:QuickStudy","champ:CrookedStrike","champ:PreciseThrust","champ:BringItOn","champ:DefensiveShout","champ:GladiatorStyle","champ:UltimateStancePotion","Madness","HornCleat","Bag of Preparation","Frozen Eye","expansioncontent:DashGenerateEvil","champ:BerserkersShout","champ:StanceDance","Blood Vial","Pear","Lee\u0027s Waffle","DistilledChaos","EntropicBrew","expansioncontent:DashGenerateEvil+1","champ:VampiricStrike","champ:CrownThrow","champ:Backstep","champ:ArenaPreparation","champ:IronFortress","Darkstone Periapt","HandDrill","Mercury Hourglass","champ:Endure","champ:BerserkersShout","champ:EndlessRage","champ:FanOfKnives","Lizard Tail","War Paint","Cauldron","champ:Encircle","champ:GutPunch","champ:BerserkersShout","champ:Circumvent","champ:GladiatorStyle","Chrysalis","expansioncontent:Hexaburn"],"campfire_rested":1,"item_purchase_floors":[5,5,5,5,5,5,5,5,5,5,5,9,9,9,9,9,9,39,39,39,39,39,39,39,39,39,39,39,40,40,40,40,40,40,40,43,43,43,43,43,43,43,43,43,43],"current_hp_per_floor":[90,88,88,88,90,90,90,90,90,90,90,90,90,90,90,75,90,90,90,90,90,90,90,90,78,81,73,75,75,95,80,85,78,95,95,95,86,84,112,112,112,122,122,121,122,122,122,72,84,0,0,0],"gold":386,"neow_bonus":"HUNDRED_GOLD","is_daily":false,"chose_seed":false,"campfire_upgraded":5,"win_rate":0.0,"timestamp":1611067353,"path_taken":["R","M","?","?","$","?","T","M","$","R","?","$","?","?","M","BOSS","R","M","?","?","?","R","T","?","?","?","?","?","M","?","M","BOSS","R","M","?","?","?","$","T","R","?","E","M","R","?","E","M","BOSS"],"items_purchased_type":["Relic","Relic","Relic","Card","Card","Card","Card","Card","Card","Potion","Card","Relic","Relic","Relic","Card","Card","Card","Relic","Relic","Relic","Potion","Potion","Card","Card","Card","Card","Card","Card","Relic","Relic","Relic","Card","Card","Card","Card","Relic","Relic","Relic","Card","Card","Card","Card","Card","Card","Card"],"build_version":"2020-12-22","purchased_purges":8,"victory":false,"max_hp_per_floor":[90,90,90,90,90,90,90,90,90,90,90,90,90,90,90,90,90,90,90,90,90,90,90,90,90,95,95,95,95,95,95,95,95,95,95,95,95,95,112,112,112,122,122,122,122,122,122,122,122,122,122,122],"card_choices":[{"not_picked":["champ:FocusedBerserking","champ:FanOfKnives"],"picked":"champ:FlashCut","floor":2},{"not_picked":["champ:GladiatorStyle","champ:EnGarde","champ:GutPunch"],"picked":"champ:SkillfulDodge","floor":5},{"not_picked":["champ:EnGarde","champ:FaceSlap","champ:Parry"],"picked":"champ:Shatter","floor":8},{"not_picked":["champ:GladiatorStyle","champ:CrownThrow","champ:TripleStrike"],"picked":"champ:AdrenalArmor","floor":9},{"not_picked":["champ:AdrenalArmor","champ:PerfectedStrike","champ:Shatter"],"picked":"champ:GutPunch","floor":11},{"not_picked":["champ:Duel","champ:Backstep","champ:GutPunch"],"picked":"champ:ArenaPreparation","floor":12},{"not_picked":["champ:Endure","champ:Lariat","champ:StanceDance"],"picked":"champ:CalledShot","floor":14},{"not_picked":["champ:GutPunch","champ:PerfectedStrike","champ:EnragedBash"],"picked":"champ:Circumvent","floor":15},{"not_picked":["champ:MurderStrike","champ:GladiatorForm","champ:LastStand"],"picked":"champ:HoldFirm","floor":16},{"not_picked":["champ:DeathBlow","champ:ShieldSlam","champ:ArenaPreparation"],"picked":"champ:TornadoPunch","floor":19},{"not_picked":["champ:StanceDance","champ:Circumvent","champ:DefensiveShout"],"picked":"champ:EnragedBash+1","floor":21},{"not_picked":["champ:ArenaPreparation","champ:Circumvent","champ:Shatter"],"picked":"champ:PreemptiveStrike","floor":26},{"not_picked":["champ:Backstep","champ:DefensiveShout","champ:PreciseThrust"],"picked":"champ:Haymaker+1","floor":28},{"not_picked":["champ:BringItOn+1","champ:Lariat+1","champ:DefensiveShout"],"picked":"champ:Backstep+1","floor":30},{"not_picked":["champ:BladeFlurry","champ:HoldFirm","champ:DefensiveShout"],"picked":"champ:FanOfKnives","floor":32},{"not_picked":["champ:Devastate","champ:HoldFirm","champ:LastStand"],"picked":"champ:UltimateStance","floor":33},{"not_picked":["champ:GutPunch+1","champ:Lariat+1","champ:Backstep"],"picked":"champ:ShieldSlam+1","floor":36},{"not_picked":["expansioncontent:GuardianWhirl","expansioncontent:HyperBeam","expansioncontent:Hexaburn"],"picked":"expansioncontent:Chronoboost","floor":37},{"not_picked":["expansioncontent:AwakenDeath","expansioncontent:YouAreMine","expansioncontent:PrepareCrush"],"picked":"expansioncontent:Hexaburn","floor":37},{"not_picked":["expansioncontent:Chronoboost","expansioncontent:HyperBeam","expansioncontent:YouAreMine"],"picked":"expansioncontent:GuardianWhirl","floor":37},{"not_picked":["champ:Duel","champ:BringItOn+1","champ:PreemptiveStrike+1"],"picked":"champ:FaceSlap+1","floor":38},{"not_picked":["champ:CalledShot","champ:FocusedBerserking","champ:BerserkersShout"],"picked":"champ:GladiatorForm","floor":39},{"not_picked":["champ:ArenaPreparation+1","champ:Backstep","champ:DefensiveShout+1"],"picked":"champ:FalseCounter+1","floor":42},{"not_picked":["champ:TornadoPunch","champ:FanOfKnives","champ:DefensiveShout+1"],"picked":"champ:PreciseThrust+1","floor":44},{"not_picked":["champ:Parry","champ:DefensiveShout+1","champ:EnragedBash"],"picked":"champ:Haymaker","floor":45},{"not_picked":["champ:Shatter","champ:DefensiveShout+1","champ:SwordThrow"],"picked":"champ:AdrenalArmor+1","floor":48},{"not_picked":["champ:TornadoPunch","champ:FlashCut+1","champ:RecklessLeap+1"],"picked":"champ:FocusedDefense+1","floor":49}],"player_experience":146971,"relics_obtained":[{"floor":4,"key":"Centennial Puzzle"},{"floor":4,"key":"Question Card"},{"floor":4,"key":"TungstenRod"},{"floor":7,"key":"Vajra"},{"floor":7,"key":"Kunai"},{"floor":20,"key":"White Beast Statue"},{"floor":20,"key":"champ:FightingForDummies"},{"floor":24,"key":"Dream Catcher"},{"floor":31,"key":"Necronomicon"},{"floor":38,"key":"CaptainsWheel"},{"floor":44,"key":"Letter Opener"},{"floor":47,"key":"The Courier"},{"floor":48,"key":"Bronze Scales"}],"event_choices":[{"cards_removed":["champ:Strike"],"damage_healed":0,"gold_gain":0,"player_choice":"Offered Basic","damage_taken":0,"max_hp_gain":0,"max_hp_loss":0,"event_name":"Bonfire Elementals","floor":13,"gold_loss":0}],"is_beta":false,"boss_relics":[{"not_picked":["Busted Crown","Runic Pyramid"],"picked":"champ:ChampionCrownUpgraded"},{"not_picked":["Sozu","Velvet Choker"],"picked":"SacredBark"}],"items_purged_floors":[5,39,39,39,39,39,39,39],"is_endless":false,"potions_floor_spawned":[2,2,8,11,11,14,16,16,19,21,21,21,26,26,26,28,28,28,30,30,30,32,32,33,33,33,36,38,39,44,44,44,45,45,45,48,48,48,49,49,49],"killed_by":"SI_POISON_ARCHETYPE","ascension_level":0}}