{"host":"f0gpob8hq9vgebej","time":1611017291,"event":{"mods":["AchievementEnabler","BaseMod","Minty Spire (QoL Compilation)","Quick Restart","SuperFastMode"],"gold_per_floor":[109,125,135,149,149,149,161,161,185,185,7,34,58,69,69,69,69],"floor_reached":0,"language":"KOR","playtime":0,"items_purged":["Strike_B"],"score":0,"play_id":"cebd82f7-361c-4d70-8eda-ecb7758c7094","local_time":"20210119094811","is_ascension_mode":true,"campfire_choices":[{"data":"Fission","floor":6,"key":"SMITH"},{"data":"Zap","floor":8,"key":"SMITH"},{"floor":10,"key":"REST"},{"data":"Capacitor","floor":15,"key":"SMITH"}],"circlet_count":0,"master_deck":["Strike_B","Strike_B","Defend_B","Defend_B","Defend_B","Defend_B","Zap+1","Dualcast","Loop","Melter","Fission+1","Capacitor","Barrage","Capacitor+1"],"relics":["Cracked Core","Tiny Chest","Blood Vial","Odd Mushroom"],"acts_visited":["Exordium"],"potions_floor_usage":[4,13,14],"damage_taken":[{"damage":7.0,"enemies":"Small Slimes","floor":1.0,"turns":4.0},{"damage":12.0,"enemies":"Jaw Worm","floor":2.0,"turns":3.0},{"damage":5.0,"enemies":"Cultist","floor":3.0,"turns":4.0},{"damage":17,"enemies":"3 Louse","floor":4,"turns":3},{"damage":8,"enemies":"2 Fungi Beasts","floor":7,"turns":4},{"damage":20,"enemies":"Lagavulin","floor":12,"turns":6},{"damage":5,"enemies":"The Mushroom Lair","floor":13,"turns":4},{"damage":16,"enemies":"Exordium Wildlife","floor":14,"turns":5},{"damage":0,"enemies":"Hexaghost","floor":16,"turns":1}],"seed_played":"-7661393741247036754","potions_obtained":[{"floor":2.0,"key":"ColorlessPotion"},{"floor":3.0,"key":"ColorlessPotion"},{"floor":12,"key":"Fire Potion"},{"floor":13,"key":"SneckoOil"}],"is_trial":false,"path_per_floor":["M","M","M","M","?","R","M","R","T","R","$","E","?","M","R","B"],"character_chosen":"DEFECT","items_purchased":["Capacitor","Barrage"],"campfire_rested":1,"item_purchase_floors":[11,11],"current_hp_per_floor":[68,56,51,34,27,27,19,19,19,43,43,23,20,6,6,8,8],"gold":69,"neow_bonus":"TEN_PERCENT_HP_BONUS","is_daily":false,"chose_seed":false,"campfire_upgraded":3,"win_rate":0.0,"timestamp":1611017291,"path_taken":["M","M","M","M","?","R","M","R","T","R","$","E","?","M","R","BOSS"],"items_purchased_type":["Card","Card"],"build_version":"2020-12-22","purchased_purges":1,"victory":false,"max_hp_per_floor":[82,82,82,82,82,82,82,82,82,82,82,82,82,82,82,82,82],"card_choices":[{"not_picked":["Steam","Consume"],"picked":"Loop","floor":1.0},{"not_picked":["Rebound","Leap","Melter"],"picked":"SKIP","floor":2.0},{"not_picked":["Rebound","Leap"],"picked":"Melter","floor":2.0},{"not_picked":["Sweeping Beam","Fusion","Redo"],"picked":"SKIP","floor":3.0},{"not_picked":["Auto Shields","Stack"],"picked":"Fission","floor":4},{"not_picked":["Darkness","Beam Cell","Streamline"],"picked":"SKIP","floor":7},{"not_picked":["Core Surge","Undo"],"picked":"Capacitor","floor":12},{"not_picked":["Turbo","Coolheaded","Barrage"],"picked":"SKIP","floor":14}],"player_experience":168038,"relics_obtained":[{"floor":9,"key":"Tiny Chest"},{"floor":12,"key":"Blood Vial"},{"floor":13,"key":"Odd Mushroom"}],"event_choices":[{"cards_removed":["Strike_B"],"damage_healed":0,"gold_gain":0,"player_choice":"Card Removal","damage_taken":7,"max_hp_gain":0,"max_hp_loss":0,"event_name":"Golden Wing","floor":5,"gold_loss":0},{"damage_healed":0,"gold_gain":0,"player_choice":"Fought Mushrooms","damage_taken":0,"max_hp_gain":0,"max_hp_loss":0,"event_name":"Mushrooms","floor":13,"gold_loss":0}],"is_beta":false,"boss_relics":[],"items_purged_floors":[11],"is_endless":false,"potions_floor_spawned":[2,3,12,13],"killed_by":"Hexaghost","ascension_level":6}}