{"host":"ydg0vn0pu4pubmdt","time":1611044296,"event":{"mods":["AchievementEnabler","BaseMod","Colored Map","Gold Saver","Minty Spire (QoL Compilation)","Quick Restart","SuperFastMode"],"gold_per_floor":[109,209,226,5,86,115,115,15,15,34,46,46,59,90,90,195,195,211,224,67,81,81,113,113,147,147,97,97,109,139,170,170,266,266,283,295,194,194,210,235,235,267,294,294,310,329,339,0,0,0],"floor_reached":51,"language":"KOR","playtime":2683,"items_purged":["Strike_G","Strike_G","Defend_G","Strike_G","Strike_G"],"score":1650,"play_id":"94b9a031-3bdd-4fde-b0f2-17db297a1be8","local_time":"20210119171816","is_ascension_mode":true,"campfire_choices":[{"data":"Neutralize","floor":7.0,"key":"SMITH"},{"data":"Cloak And Dagger","floor":12.0,"key":"SMITH"},{"data":"Reflex","floor":15.0,"key":"SMITH"},{"data":"Prepared","floor":24.0,"key":"SMITH"},{"data":"Well Laid Plans","floor":28.0,"key":"SMITH"},{"data":"Blur","floor":32.0,"key":"SMITH"},{"data":"Wraith Form v2","floor":41,"key":"SMITH"},{"data":"Acrobatics","floor":44,"key":"SMITH"},{"data":"Prepared","floor":49,"key":"SMITH"}],"circlet_count":0,"master_deck":["AscendersBane","Strike_G","Defend_G","Defend_G","Defend_G","Survivor","Neutralize+1","Blur+1","Dagger Throw","Cloak And Dagger+1","Reflex+1","Predator","Escape Plan","Grand Finale","Prepared+1","Well Laid Plans+1","Backflip","Acrobatics+1","Wraith Form v2+1","Acrobatics+1","Eviscerate","Tactician+1","Prepared+1"],"relics":["Ring of the Snake","NeowsBlessing","Vajra","White Beast Statue","Boot","Omamori","PreservedInsect","Calling Bell","Art of War","Sundial","Thread and Needle","Potion Belt","Mummified Hand","Smiling Mask","Question Card","Bronze Scales","Red Mask","Busted Crown","Akabeko","Frozen Egg 2","Orichalcum","Pen Nib","TwistedFunnel"],"acts_visited":["Exordium","TheCity","TheBeyond"],"potions_floor_usage":[39,50,50],"damage_taken":[{"damage":0.0,"enemies":"Small Slimes","floor":1.0,"turns":1.0},{"damage":0.0,"enemies":"Cultist","floor":3.0,"turns":1.0},{"damage":0.0,"enemies":"3 Sentries","floor":6.0,"turns":1.0},{"damage":1.0,"enemies":"Jaw Worm","floor":10.0,"turns":3.0},{"damage":0.0,"enemies":"Blue Slaver","floor":11.0,"turns":4.0},{"damage":0.0,"enemies":"2 Fungi Beasts","floor":13.0,"turns":3.0},{"damage":11.0,"enemies":"Gremlin Nob","floor":14.0,"turns":5.0},{"damage":49.0,"enemies":"Hexaghost","floor":16.0,"turns":16.0},{"damage":12.0,"enemies":"Spheric Guardian","floor":18.0,"turns":5.0},{"damage":0.0,"enemies":"Shell Parasite","floor":19.0,"turns":8.0},{"damage":0.0,"enemies":"Snecko","floor":21.0,"turns":5.0},{"damage":0.0,"enemies":"Slavers","floor":23.0,"turns":4.0},{"damage":4.0,"enemies":"Gremlin Leader","floor":25.0,"turns":4.0},{"damage":0.0,"enemies":"Shelled Parasite and Fungi","floor":29.0,"turns":3.0},{"damage":0.0,"enemies":"Book of Stabbing","floor":30.0,"turns":4.0},{"damage":5.0,"enemies":"Masked Bandits","floor":31.0,"turns":3.0},{"damage":0.0,"enemies":"Collector","floor":33.0,"turns":6.0},{"damage":6.0,"enemies":"3 Shapes","floor":35.0,"turns":6.0},{"damage":0.0,"enemies":"Orb Walker","floor":36.0,"turns":5.0},{"damage":0,"enemies":"Sphere and 2 Shapes","floor":39,"turns":4},{"damage":0,"enemies":"Giant Head","floor":40,"turns":6},{"damage":0,"enemies":"Nemesis","floor":42,"turns":3},{"damage":0,"enemies":"Writhing Mass","floor":45,"turns":4},{"damage":0,"enemies":"Maw","floor":46,"turns":4},{"damage":0,"enemies":"Transient","floor":47,"turns":5},{"damage":0,"enemies":"Donu and Deca","floor":50,"turns":2}],"seed_played":"3631720861600345667","potions_obtained":[{"floor":1.0,"key":"EntropicBrew"},{"floor":3.0,"key":"SkillPotion"},{"floor":11.0,"key":"Regen Potion"},{"floor":13.0,"key":"Dexterity Potion"},{"floor":14.0,"key":"Weak Potion"},{"floor":16.0,"key":"EntropicBrew"},{"floor":18.0,"key":"Block Potion"},{"floor":21.0,"key":"AttackPotion"},{"floor":23.0,"key":"Energy Potion"},{"floor":25.0,"key":"Strength Potion"},{"floor":29.0,"key":"FearPotion"},{"floor":30.0,"key":"ColorlessPotion"},{"floor":31.0,"key":"FairyPotion"},{"floor":33.0,"key":"EssenceOfSteel"},{"floor":35.0,"key":"Regen Potion"},{"floor":36.0,"key":"Energy Potion"},{"floor":39,"key":"Fruit Juice"},{"floor":40,"key":"GamblersBrew"},{"floor":42,"key":"EssenceOfSteel"}],"is_trial":false,"path_per_floor":["M","?","M","$","T","E","R","$","T","M","M","R","M","E","R","B",null,"M","M","$","M","?","E","R","E","T","$","R","M","E","?","R","B",null,"M","M","$","?","M","E","R","E","T","R","M","M","M","$","R","B",null],"character_chosen":"THE_SILENT","items_purchased":["Vajra","Potion Belt","Acrobatics","Pen Nib","TwistedFunnel"],"campfire_rested":0,"item_purchase_floors":[4,20,37,48,48],"current_hp_per_floor":[63,63,63,63,63,63,63,63,63,62,62,62,62,62,62,13,56,44,44,44,44,44,44,44,40,40,40,40,40,40,35,35,35,61,55,67,67,67,72,72,72,72,72,72,72,72,72,72,72,72],"gold":0,"neow_bonus":"THREE_ENEMY_KILL","is_daily":false,"chose_seed":false,"campfire_upgraded":9,"win_rate":0.0,"timestamp":1611044296,"path_taken":["M","?","M","?","?","E","R","?","T","M","M","R","M","E","R","BOSS","M","M","$","M","?","E","R","E","T","$","R","M","E","?","R","BOSS","M","M","$","?","?","E","R","E","T","R","M","M","M","$","R","BOSS"],"items_purchased_type":["Relic","Relic","Card","Relic","Relic"],"build_version":"2020-12-22","purchased_purges":5,"victory":true,"max_hp_per_floor":[70,70,70,70,70,70,70,70,70,70,70,70,70,70,70,70,70,70,70,70,70,70,70,70,70,70,70,70,70,70,70,70,70,70,70,70,70,70,75,75,75,75,75,75,75,75,75,75,75,75],"card_choices":[{"not_picked":["Deadly Poison","Well Laid Plans"],"picked":"Blur","floor":1.0},{"not_picked":["Concentrate","Expertise"],"picked":"Dagger Throw","floor":3.0},{"not_picked":["Skewer","Terror"],"picked":"Cloak And Dagger","floor":6.0},{"not_picked":["Outmaneuver","PiercingWail"],"picked":"Reflex","floor":10.0},{"not_picked":["Dagger Throw","Dodge and Roll"],"picked":"Predator","floor":11.0},{"not_picked":["Dagger Throw","Sucker Punch","Quick Slash"],"picked":"SKIP","floor":13.0},{"not_picked":["Slice","After Image"],"picked":"Escape Plan","floor":14.0},{"not_picked":["Night Terror","A Thousand Cuts"],"picked":"Grand Finale","floor":16.0},{"not_picked":["Caltrops","Setup"],"picked":"Prepared","floor":18.0},{"not_picked":["Prepared","Eviscerate"],"picked":"Well Laid Plans","floor":19.0},{"not_picked":["Deadly Poison","Sucker Punch+1","Leg Sweep"],"picked":"SKIP","floor":21.0},{"not_picked":["Die Die Die","Bane"],"picked":"Backflip","floor":23.0},{"not_picked":["Dagger Throw+1","Sucker Punch+1"],"picked":"Acrobatics+1","floor":25.0},{"not_picked":["Bouncing Flask","Flying Knee","Blade Dance","Distraction"],"picked":"SKIP","floor":29.0},{"not_picked":["Backstab","Bane","Cloak And Dagger","Poisoned Stab+1"],"picked":"SKIP","floor":30.0},{"not_picked":["Envenom","A Thousand Cuts","Corpse Explosion"],"picked":"Wraith Form v2","floor":33.0},{"not_picked":["Setup+1","Backflip+1"],"picked":"SKIP","floor":35.0},{"not_picked":["Underhanded Strike","Distraction"],"picked":"SKIP","floor":36.0},{"not_picked":["Bane"],"picked":"Eviscerate","floor":39},{"not_picked":["Skewer","Reflex"],"picked":"SKIP","floor":40},{"not_picked":["Accuracy+1","Leg Sweep"],"picked":"SKIP","floor":42},{"not_picked":["Catalyst"],"picked":"Tactician+1","floor":45},{"not_picked":["All Out Attack"],"picked":"Prepared","floor":46},{"not_picked":["Outmaneuver+1","Poisoned Stab"],"picked":"SKIP","floor":47}],"player_experience":482787,"relics_obtained":[{"floor":5.0,"key":"White Beast Statue"},{"floor":6.0,"key":"Boot"},{"floor":9.0,"key":"Omamori"},{"floor":14.0,"key":"PreservedInsect"},{"floor":17.0,"key":"Art of War"},{"floor":17.0,"key":"Sundial"},{"floor":17.0,"key":"Thread and Needle"},{"floor":23.0,"key":"Mummified Hand"},{"floor":25.0,"key":"Smiling Mask"},{"floor":26.0,"key":"Question Card"},{"floor":30.0,"key":"Bronze Scales"},{"floor":31.0,"key":"Red Mask"},{"floor":40,"key":"Akabeko"},{"floor":42,"key":"Frozen Egg 2"},{"floor":43,"key":"Orichalcum"}],"event_choices":[{"damage_healed":0.0,"max_hp_gain":0.0,"max_hp_loss":0.0,"gold_gain":100.0,"event_name":"Golden Shrine","player_choice":"Pray","floor":2.0,"gold_loss":0.0,"damage_taken":0.0},{"damage_healed":0.0,"max_hp_gain":0.0,"max_hp_loss":0.0,"gold_gain":0.0,"event_name":"Vampires","player_choice":"Ignored","floor":22.0,"gold_loss":0.0,"damage_taken":0.0},{"damage_healed":0.0,"max_hp_gain":0.0,"max_hp_loss":0.0,"gold_gain":0.0,"event_name":"Masked Bandits","player_choice":"Fought Bandits","floor":31.0,"gold_loss":0.0,"damage_taken":0.0},{"cards_removed":["Defend_G"],"damage_healed":0.0,"max_hp_gain":0.0,"max_hp_loss":0.0,"gold_gain":0.0,"event_name":"Bonfire Elementals","player_choice":"Offered Basic","floor":38.0,"gold_loss":0.0,"damage_taken":0.0}],"is_beta":false,"boss_relics":[{"not_picked":["Philosopher\u0027s Stone","WristBlade"],"picked":"Calling Bell"},{"not_picked":["Tiny House","Cursed Key"],"picked":"Busted Crown"}],"items_purged_floors":[4,8,27,37,48],"is_endless":false,"potions_floor_spawned":[1,3,6,10,11,13,14,16,18,19,21,23,25,29,30,31,33,35,36,39,40,42,45,46,47],"ascension_level":12}}