{"host":"f5mjulaw5aqlqmd7","time":1611067016,"event":{"mods":["Act Like it!","BaseMod","Colored Map","GifTheSpireLib","Hallownest","Minty Spire (QoL Compilation)","StSLib","The Bug Knight"],"gold_per_floor":[111,121,40,60,60,60,95,107,107,134,134,154,32,46,46,46,46],"floor_reached":16,"language":"ENG","playtime":982,"items_purged":[],"score":112,"play_id":"ed0b013f-e990-4588-8386-77997d1726f9","local_time":"20210119093656","is_ascension_mode":false,"campfire_choices":[{"data":"HollowMod:Weaversong","floor":6,"key":"SMITH"},{"floor":11,"key":"REST"},{"data":"HollowMod:DesolateDive","floor":15,"key":"SMITH"}],"circlet_count":0,"master_deck":["HollowMod:NailStrikeStart","HollowMod:NailStrikeStart","HollowMod:NailStrikeStart","HollowMod:NailStrikeStart","HollowMod:QuickDashStart","HollowMod:QuickDashStart","HollowMod:QuickDashStart","HollowMod:FocusHealStart","HollowMod:PogoStrike","HollowMod:VengefulSpirit","HollowMod:DashSlash","HollowMod:Weaversong+1","HollowMod:DesolateDive+1","HollowMod:Weaversong","HollowMod:SoulStrike","HollowMod:SoulShaman","HollowMod:CloakDash","HollowMod:ChannelNail+1","HollowMod:Grubsong+1","HollowMod:SoulVessel"],"relics":["HollowMod:VesselMask","NeowsBlessing","Anchor","HollowMod:LumaflyLanternRelic","HollowMod:StagPassRelic"],"acts_visited":["Exordium"],"potions_floor_usage":[],"damage_taken":[{"damage":0,"enemies":"2 Louse","floor":1,"turns":1},{"damage":0,"enemies":"Small Slimes","floor":2,"turns":1},{"damage":0,"enemies":"Cultist","floor":4,"turns":1},{"damage":18,"enemies":"3 Sentries","floor":7,"turns":5},{"damage":0,"enemies":"Looter","floor":8,"turns":2},{"damage":31,"enemies":"Lagavulin","floor":10,"turns":4},{"damage":6,"enemies":"2 Fungi Beasts","floor":12,"turns":3},{"damage":3,"enemies":"Red Slaver","floor":14,"turns":4},{"damage":53,"enemies":"HollowMod:FalseKnight","floor":16,"turns":6}],"seed_played":"5674906332879029417","potions_obtained":[{"floor":1,"key":"ColorlessPotion"},{"floor":14,"key":"SmokeBomb"}],"is_trial":false,"path_per_floor":["M","M","$","M","?","R","E","M","T","E","R","M","$","M","R","B"],"character_chosen":"THE_BUGKNIGHT","items_purchased":["HollowMod:Weaversong","HollowMod:ChannelNail","HollowMod:Grubsong"],"campfire_rested":1,"item_purchase_floors":[3,13,13],"current_hp_per_floor":[75,75,75,75,75,75,63,63,63,32,54,48,48,45,45,0,0],"gold":46,"neow_bonus":"THREE_ENEMY_KILL","is_daily":false,"chose_seed":false,"campfire_upgraded":2,"win_rate":0.0,"timestamp":1611067016,"path_taken":["M","M","$","M","?","R","E","M","T","E","R","M","$","M","R","BOSS"],"items_purchased_type":["Card","Card","Card"],"build_version":"2020-12-22","purchased_purges":0,"victory":false,"max_hp_per_floor":[75,75,75,75,75,75,75,75,75,75,75,75,75,75,75,75,75],"card_choices":[{"not_picked":["HollowMod:SoulSplash","HollowMod:CoiledNail"],"picked":"HollowMod:VengefulSpirit","floor":1},{"not_picked":["HollowMod:InfectedCysts","HollowMod:FastStrike"],"picked":"HollowMod:DashSlash","floor":2},{"not_picked":["HollowMod:CycloneSlash","HollowMod:SharpenedNail"],"picked":"HollowMod:DesolateDive","floor":4},{"not_picked":["HollowMod:ShadowDash","HollowMod:SharpenedShadows"],"picked":"HollowMod:Weaversong","floor":7},{"not_picked":["HollowMod:HeavyBlow","HollowMod:InfectedCysts"],"picked":"HollowMod:SoulStrike","floor":8},{"not_picked":["HollowMod:NewGlowingWomb","HollowMod:ZotesMagnificence"],"picked":"HollowMod:SoulShaman","floor":10},{"not_picked":["HollowMod:NewJinnsSoul","HollowMod:HeavyBlow"],"picked":"HollowMod:CloakDash","floor":12},{"not_picked":["HollowMod:SharpenedNail","HollowMod:CycloneSlash"],"picked":"HollowMod:SoulVessel","floor":14}],"player_experience":46892,"relics_obtained":[{"floor":7,"key":"Anchor"},{"floor":9,"key":"HollowMod:LumaflyLanternRelic"},{"floor":10,"key":"HollowMod:StagPassRelic"}],"event_choices":[],"is_beta":false,"boss_relics":[],"items_purged_floors":[],"is_endless":false,"potions_floor_spawned":[1,14],"killed_by":"HollowMod:FalseKnight","ascension_level":0}}