{"host":"8d3fefv2347kqkpz","time":1611031300,"event":{"mods":["100% Spire Juice","AchievementEnabler","Act Like it!","Aspiration","BaseMod","Better Vampires","Colored Map","Colored Powertips","Conspire","GifTheSpireLib","Highlight Path","Mimic Mod","Minty Spire (QoL Compilation)","Quick Restart","Reimu£®≤©¿ˆ¡È√Œ£©","Relic Stats","Remilia£®¿Ÿ√◊¿Ú—«£©","Replay The Spire","Spicy Shops","StSLib","The Gatherer","The Jungle","The Senshi","The Servant 0.9.4","Waifu the Spire","vexMod"],"gold_per_floor":[115,128,140,155,165,165,165,165,244,244,274,274,274],"floor_reached":12,"language":"ZHS","playtime":490,"items_purged":[],"score":70,"play_id":"7e799def-5b4c-4f2e-9ed4-55f775168a47","local_time":"20210119124140","is_ascension_mode":false,"campfire_choices":[{"floor":6,"key":"REST"},{"data":"PathToVictory","floor":10,"key":"SMITH"}],"circlet_count":0,"master_deck":["Strike_P","Strike_P","Strike_P","Strike_P","Defend_P","Defend_P","Defend_P","Defend_P","Eruption","Vigilance","Collect","JustLucky","PathToVictory+1"],"relics":["PureWater","Centennial Puzzle","Eternal Feather","Toy Ornithopter"],"acts_visited":["Exordium"],"potions_floor_usage":[],"damage_taken":[{"damage":0,"enemies":"Small Slimes","floor":1,"turns":5},{"damage":1,"enemies":"2 Louse","floor":2,"turns":4},{"damage":9,"enemies":"Jaw Worm","floor":3,"turns":4},{"damage":8,"enemies":"3 Louse","floor":4,"turns":5},{"damage":11,"enemies":"2 Fungi Beasts","floor":5,"turns":5},{"damage":22,"enemies":"conspire:MimicChest","floor":11,"turns":6},{"damage":35,"enemies":"3 Sentries","floor":12,"turns":7}],"seed_played":"6150310239402148108","potions_obtained":[{"floor":1,"key":"Doom Potion"},{"floor":4,"key":"Ancient Potion"}],"is_trial":false,"path_per_floor":["M","M","M","M","M","R","?","?","T","R","?","E"],"character_chosen":"WATCHER","items_purchased":[],"campfire_rested":1,"item_purchase_floors":[],"current_hp_per_floor":[79,78,69,61,50,73,73,73,73,79,57,22,22],"gold":274,"neow_bonus":"TEN_PERCENT_HP_BONUS","is_daily":false,"chose_seed":false,"campfire_upgraded":1,"win_rate":0.0,"timestamp":1611031300,"path_taken":["M","M","M","M","M","R","?","?","T","R","?","E"],"items_purchased_type":[],"build_version":"2020-12-22","purchased_purges":0,"victory":false,"max_hp_per_floor":[79,79,79,79,79,79,79,79,79,79,79,79,79],"relic_stats":{"Centennial Puzzle":[6],"counters":[7,36],"Eternal Feather":6,"obtain_stats":[{"Centennial Puzzle":7,"Eternal Feather":9,"PureWater":0,"Toy Ornithopter":11},{"Centennial Puzzle":5,"Eternal Feather":5,"PureWater":0,"Toy Ornithopter":6},{"Centennial Puzzle":23,"Eternal Feather":23,"PureWater":0,"Toy Ornithopter":29}],"Toy Ornithopter":0},"card_choices":[{"not_picked":["Replay:DivineShield","ClearTheMind"],"picked":"Collect","floor":1},{"not_picked":["BowlingBash","Replay:DivineShield"],"picked":"JustLucky","floor":2},{"not_picked":["Halt","CrushJoints"],"picked":"PathToVictory","floor":3},{"not_picked":["Replay:BluntJabs","Halt","WheelKick"],"picked":"SKIP","floor":4},{"not_picked":["Nirvana","Protect","FollowUp"],"picked":"SKIP","floor":5}],"player_experience":126422,"relics_obtained":[{"floor":9,"key":"Eternal Feather"},{"floor":11,"key":"Toy Ornithopter"}],"event_choices":[{"damage_healed":0,"gold_gain":0,"player_choice":"Searched \u00271\u0027 times","damage_taken":0,"relics_obtained":["Centennial Puzzle"],"max_hp_gain":0,"max_hp_loss":0,"event_name":"Dead Adventurer","floor":7,"gold_loss":0},{"damage_healed":0,"gold_gain":0,"player_choice":"Ignored","damage_taken":0,"max_hp_gain":0,"max_hp_loss":0,"event_name":"Shining Light","floor":8,"gold_loss":0}],"is_beta":false,"boss_relics":[],"items_purged_floors":[],"is_endless":false,"potions_floor_spawned":[1,4],"killed_by":"3 Sentries","ascension_level":0}}