{"host":"lnt5dzsuhru0aonl","time":1611062478,"event":{"mods":["2.2 Compatiblity","BaseMod","Colored Map","Colored Powertips","DeckTracker","Keyboard Shortcuts","Minty Spire (QoL Compilation)","Permanent Neow","StSLib","SuperFastMode","everything is the same but u backflip on backflip"],"gold_per_floor":[109,109,129,142,160,185,68,68,68,68,96,96,22,33,33,106,106,118,130,142,142,142,142,152,152,152,152,182,282,298,31,31,108,158,170,170,170,182,201,201,231,231,308,308,335,335,354,374,374,374,374],"floor_reached":52,"language":"KOR","playtime":1229,"items_purged":["Strike_B","Strike_B"],"score":1955,"play_id":"7f303950-7f83-421f-9b73-cef6d2db12fc","local_time":"20210119222118","is_ascension_mode":true,"campfire_choices":[{"data":"Defragment","floor":8.0,"key":"SMITH"},{"data":"Storm","floor":10.0,"key":"SMITH"},{"data":"Storm","floor":12.0,"key":"SMITH"},{"data":"Thunder Strike","floor":15.0,"key":"SMITH"},{"data":"Creative AI","floor":23.0,"key":"SMITH"},{"data":"Static Discharge","floor":25.0,"key":"SMITH"},{"data":"Defragment","floor":27.0,"key":"SMITH"},{"data":"Heatsinks","floor":32.0,"key":"SMITH"},{"data":"Recycle","floor":40.0,"key":"SMITH"},{"data":"Reboot","floor":42,"key":"SMITH"},{"data":"Force Field","floor":44,"key":"SMITH"},{"data":"Double Energy","floor":49,"key":"SMITH"}],"circlet_count":0,"master_deck":["AscendersBane","Defend_B","Defend_B","Zap+1","Dualcast","Storm+1","Static Discharge+1","Heatsinks+1","Defragment+1","Thunder Strike+1","Storm+1","Reboot+1","Defragment+1","Force Field+1","Creative AI+1","Lockon","BootSequence+1","Heatsinks+1","Heatsinks+1","Storm+1","Buffer+1","Turbo","Hologram","Deep Breath","Storm+1","Recycle+1","Storm+1","Biased Cognition+1","Chill","Double Energy+1","Static Discharge+1"],"relics":["Cracked Core","Meat on the Bone","Eternal Feather","Bag of Preparation","Sozu","MutagenicStrength","White Beast Statue","Mummified Hand","Dead Branch","Frozen Egg 2","DollysMirror","Tiny House","Mercury Hourglass","The Courier","Happy Flower"],"acts_visited":["Exordium","TheCity","TheBeyond"],"potions_floor_usage":[],"damage_taken":[{"damage":8.0,"enemies":"2 Louse","floor":1.0,"turns":2.0},{"damage":1.0,"enemies":"Cultist","floor":3.0,"turns":3.0},{"damage":7.0,"enemies":"Small Slimes","floor":4.0,"turns":3.0},{"damage":12.0,"enemies":"Looter","floor":5.0,"turns":3.0},{"damage":19.0,"enemies":"Lagavulin","floor":6.0,"turns":5.0},{"damage":4.0,"enemies":"Gremlin Nob","floor":11.0,"turns":3.0},{"damage":0.0,"enemies":"Large Slime","floor":14.0,"turns":3.0},{"damage":14.0,"enemies":"Hexaghost","floor":16.0,"turns":4.0},{"damage":15.0,"enemies":"2 Thieves","floor":18.0,"turns":3.0},{"damage":0.0,"enemies":"Chosen","floor":19.0,"turns":2.0},{"damage":13.0,"enemies":"Snecko","floor":20.0,"turns":3.0},{"damage":37.0,"enemies":"Shelled Parasite and Fungi","floor":24.0,"turns":3.0},{"damage":0.0,"enemies":"Gremlin Leader","floor":28.0,"turns":3.0},{"damage":0.0,"enemies":"Colosseum Slavers","floor":29.0,"turns":2.0},{"damage":0.0,"enemies":"Colosseum Nobs","floor":29.0,"turns":2.0},{"damage":0.0,"enemies":"Centurion and Healer","floor":30.0,"turns":3.0},{"damage":4.0,"enemies":"Automaton","floor":33.0,"turns":2.0},{"damage":0.0,"enemies":"3 Darklings","floor":35.0,"turns":2.0},{"damage":3.0,"enemies":"Orb Walker","floor":38.0,"turns":2.0},{"damage":0.0,"enemies":"Maw","floor":39.0,"turns":1.0},{"damage":45,"enemies":"Nemesis","floor":41,"turns":4},{"damage":0,"enemies":"Reptomancer","floor":45,"turns":1},{"damage":0,"enemies":"Transient","floor":47,"turns":2},{"damage":0,"enemies":"Jaw Worm Horde","floor":48,"turns":1},{"damage":11,"enemies":"Time Eater","floor":50,"turns":3},{"damage":11,"enemies":"Donu and Deca","floor":51,"turns":2}],"seed_played":"1388030122133878576","potions_obtained":[{"floor":5.0,"key":"ColorlessPotion"},{"floor":6.0,"key":"SkillPotion"},{"floor":11.0,"key":"FocusPotion"}],"is_trial":false,"path_per_floor":["M","?","M","M","M","E","$","R","T","R","E","R","$","M","R","B",null,"M","M","M","?","?","R","M","R","T","R","E","?","M","$","R","B",null,"M","?","?","M","M","R","E","R","T","R","E","?","M","M","R","B","B",null],"character_chosen":"DEFECT","items_purchased":["Storm","Defragment","DollysMirror"],"campfire_rested":0,"item_purchase_floors":[7,13,31],"current_hp_per_floor":[56,56,55,48,36,17,17,17,17,23,31,40,40,40,49,35,57,42,42,41,41,41,50,25,37,37,49,49,49,49,49,61,57,67,67,57,57,54,54,69,36,51,51,66,66,66,66,66,69,58,47],"gold":374,"neow_bonus":"REMOVE_TWO","is_daily":false,"chose_seed":false,"campfire_upgraded":12,"win_rate":0.0,"timestamp":1611062478,"path_taken":["M","?","M","?","M","E","$","R","T","R","E","R","$","M","R","BOSS","M","M","M","?","?","R","M","R","T","R","E","?","?","?","R","BOSS","M","?","?","M","?","R","E","R","T","R","E","?","M","M","R","BOSS","BOSS"],"items_purchased_type":["Card","Card","Relic"],"build_version":"2020-12-22","purchased_purges":2,"victory":true,"max_hp_per_floor":[64,64,64,64,64,64,64,64,64,64,64,64,64,64,64,64,64,64,64,64,64,64,64,64,64,64,64,64,64,64,64,64,64,69,69,69,69,69,69,69,69,69,69,69,69,69,69,69,69,69,69],"card_choices":[{"not_picked":["Leap","Ball Lightning"],"picked":"Storm","floor":1.0},{"not_picked":["Rebound","Stack"],"picked":"Static Discharge","floor":3.0},{"not_picked":["Fusion","FTL"],"picked":"Heatsinks","floor":4.0},{"not_picked":["Hologram","Go for the Eyes"],"picked":"Defragment","floor":5.0},{"not_picked":["Beam Cell","Turbo"],"picked":"Thunder Strike","floor":6.0},{"not_picked":["Sweeping Beam","Static Discharge"],"picked":"Reboot","floor":11.0},{"not_picked":["Turbo","Redo"],"picked":"Force Field","floor":14.0},{"not_picked":["Machine Learning","Biased Cognition"],"picked":"Creative AI","floor":16.0},{"not_picked":["Steam","Static Discharge"],"picked":"Lockon","floor":18.0},{"not_picked":["Rebound","Scrape","Hello World"],"picked":"SKIP","floor":19.0},{"not_picked":["Beam Cell","Leap","Compile Driver"],"picked":"SKIP","floor":20.0},{"not_picked":["Rip and Tear","Beam Cell"],"picked":"BootSequence+1","floor":24.0},{"not_picked":["Leap","Steam"],"picked":"Heatsinks","floor":28.0},{"not_picked":["Coolheaded","Turbo"],"picked":"Heatsinks+1","floor":30.0},{"not_picked":["Rainbow","Thunder Strike"],"picked":"Buffer+1","floor":33.0},{"not_picked":["Hologram","Go for the Eyes"],"picked":"Turbo","floor":34.0},{"not_picked":["FTL","Sweeping Beam"],"picked":"Hologram","floor":35.0},{"not_picked":["Forethought","Good Instincts"],"picked":"Deep Breath","floor":36.0},{"not_picked":["White Noise","Steam Power"],"picked":"Storm+1","floor":38.0},{"not_picked":["Streamline","Stack"],"picked":"Recycle","floor":39.0},{"not_picked":["Auto Shields","Hello World+1"],"picked":"Storm+1","floor":41},{"not_picked":["Steam","Coolheaded"],"picked":"Biased Cognition+1","floor":45},{"not_picked":["Rebound","Reprogram"],"picked":"Double Energy","floor":47},{"not_picked":["Steam+1","Rebound+1"],"picked":"Static Discharge+1","floor":48}],"player_experience":704470,"relics_obtained":[{"floor":6.0,"key":"Meat on the Bone"},{"floor":9.0,"key":"Eternal Feather"},{"floor":11.0,"key":"Bag of Preparation"},{"floor":26.0,"key":"White Beast Statue"},{"floor":28.0,"key":"Mummified Hand"},{"floor":29.0,"key":"Dead Branch"},{"floor":29.0,"key":"Frozen Egg 2"},{"floor":41,"key":"Mercury Hourglass"},{"floor":43,"key":"The Courier"},{"floor":45,"key":"Happy Flower"}],"event_choices":[{"damage_healed":0.0,"max_hp_gain":0.0,"max_hp_loss":0.0,"gold_gain":0.0,"event_name":"Upgrade Shrine","player_choice":"Upgraded","floor":2.0,"gold_loss":0.0,"damage_taken":0.0,"cards_upgraded":["Zap"]},{"damage_healed":0.0,"max_hp_gain":0.0,"max_hp_loss":0.0,"gold_gain":0.0,"event_name":"Vampires","player_choice":"Ignored","floor":21.0,"gold_loss":0.0,"damage_taken":0.0},{"damage_healed":0.0,"max_hp_gain":0.0,"max_hp_loss":0.0,"gold_gain":0.0,"event_name":"Drug Dealer","player_choice":"Inject Mutagens","floor":22.0,"gold_loss":0.0,"damage_taken":0.0,"relics_obtained":["MutagenicStrength"]},{"damage_healed":0.0,"max_hp_gain":0.0,"max_hp_loss":0.0,"gold_gain":0.0,"event_name":"Colosseum","player_choice":"Fight","floor":29.0,"gold_loss":0.0,"damage_taken":0.0},{"damage_healed":0.0,"max_hp_gain":0.0,"max_hp_loss":0.0,"gold_gain":0.0,"event_name":"Colosseum","player_choice":"Fought Nobs","floor":29.0,"gold_loss":0.0,"damage_taken":0.0},{"damage_healed":0.0,"max_hp_gain":0.0,"max_hp_loss":0.0,"gold_gain":0.0,"event_name":"SensoryStone","player_choice":"Memory 3","floor":36.0,"gold_loss":0.0,"damage_taken":10.0},{"cards_removed":["Strike_B"],"damage_healed":0.0,"max_hp_gain":0.0,"max_hp_loss":0.0,"gold_gain":0.0,"event_name":"Purifier","player_choice":"Purged","floor":37.0,"gold_loss":0.0,"damage_taken":0.0},{"damage_healed":0,"gold_gain":0,"cards_transformed":["Defend_B"],"player_choice":"Transformed","damage_taken":0,"max_hp_gain":0,"max_hp_loss":0,"event_name":"Transmorgrifier","floor":46,"gold_loss":0,"cards_obtained":["Chill"]}],"is_beta":false,"boss_relics":[{"not_picked":["Velvet Choker","Black Star"],"picked":"Sozu"},{"not_picked":["Snecko Eye","Runic Pyramid"],"picked":"Tiny House"}],"items_purged_floors":[7,31],"is_endless":false,"potions_floor_spawned":[5,6,11,19,24,28,29,29,30,33,35,38,39,41,45,47,48],"ascension_level":20}}