{"host":"43eszqhj3e37fphl","time":1611050072,"event":{"mods":["100% Spire Juice","Act Like it!","BaseMod","Colored Map","Colored Powertips","Downfall","GungeonMod","Hallownest","Hermit","Marisa????????","Minty Spire (QoL Compilation)","READ ME - Guardian Mod","Rare Cards Sparkle","StSLib","The Animator","The Bug Knight","The Forsaken","The Jungle","The Necromancer","The Poker Player"],"gold_per_floor":[19,19,34,34,34,34,64,64,87,106,126,126,139,153,153,252,252,262,276,54,54,414,414,429,457,481,498,498,516,533,10,10,110,110,123,0,11,11,23,57,7,7,7,26,26,26,51,51,51,51],"floor_reached":51,"language":"ENG","playtime":2577,"items_purged":["Battle Trance","Defend_R"],"score":777,"play_id":"604f9c76-ea8a-49d8-b720-87c9462e0ce2","local_time":"20210119105432","is_ascension_mode":false,"campfire_choices":[{"data":"Bash","floor":6,"key":"SMITH"},{"floor":8,"key":"REST"},{"data":"Cleave","floor":15,"key":"SMITH"},{"floor":23,"key":"REST"},{"floor":32,"key":"REST"},{"floor":42,"key":"REST"},{"floor":45,"key":"REST"},{"floor":49,"key":"REST"}],"circlet_count":0,"master_deck":["Strike_R","Strike_R","Strike_R","Strike_R","Strike_R","Defend_R","Defend_R","Defend_R","Bash+1","Cleave+1","Clash","Impervious","Infernal Blade+1","Whirlwind+1","Blood for Blood+1","Cleave+1","Seeing Red+1","Transmutation","Madness","Bloodletting+1"],"relics":["Burning Blood","Pantograph","Anchor","DemoMod:BigBoy","Black Star","DemoMod:MeatBun","Dream Catcher","Kunai","Toy Ornithopter","Membership Card","DemoMod:ClearGuonStone","DemoMod:SerJunkan","Busted Crown","Red Mask","DemoMod:Junk","Magic Flower","Molten Egg 2","Red Skull"],"acts_visited":["Exordium","TheCity","TheBeyond"],"potions_floor_usage":[3,7,7,16,25,25,30,33,40,44,47,50,50],"damage_taken":[{"damage":17,"enemies":"2 Louse","floor":1,"turns":3},{"damage":7,"enemies":"Cultist","floor":3,"turns":5},{"damage":34,"enemies":"Gremlin Nob","floor":7,"turns":5},{"damage":9,"enemies":"Small Slimes","floor":10,"turns":3},{"damage":10,"enemies":"Exordium Wildlife","floor":11,"turns":4},{"damage":9,"enemies":"3 Louse","floor":13,"turns":3},{"damage":0,"enemies":"Lots of Slimes","floor":14,"turns":2},{"damage":58,"enemies":"The Guardian","floor":16,"turns":7},{"damage":33,"enemies":"3 Byrds","floor":18,"turns":9},{"damage":0,"enemies":"Chosen","floor":19,"turns":4},{"damage":26,"enemies":"Snecko","floor":24,"turns":5},{"damage":38,"enemies":"Gremlin Leader","floor":25,"turns":6},{"damage":21,"enemies":"Cultist and Chosen","floor":27,"turns":6},{"damage":16,"enemies":"3 Cultists","floor":29,"turns":4},{"damage":0,"enemies":"Centurion and Healer","floor":30,"turns":6},{"damage":69,"enemies":"Automaton","floor":33,"turns":9},{"damage":23,"enemies":"3 Shapes","floor":35,"turns":3},{"damage":13,"enemies":"3 Darklings","floor":37,"turns":3},{"damage":33,"enemies":"Transient","floor":39,"turns":5},{"damage":27,"enemies":"HollowMod:StalkingDevout","floor":40,"turns":8},{"damage":27,"enemies":"Jaw Worm Horde","floor":44,"turns":4},{"damage":51,"enemies":"Reptomancer","floor":47,"turns":4},{"damage":75,"enemies":"Donu and Deca","floor":50,"turns":8}],"seed_played":"2347393719523560420","potions_obtained":[{"floor":2,"key":"Fruit Juice"},{"floor":2,"key":"Regen Potion"},{"floor":2,"key":"sneckomod:MuddlingPotion"},{"floor":3,"key":"Swift Potion"},{"floor":13,"key":"ElixirPotion"},{"floor":14,"key":"Fire Potion"},{"floor":18,"key":"Regen Potion"},{"floor":24,"key":"SkillPotion"},{"floor":25,"key":"Energy Potion"},{"floor":40,"key":"DuplicationPotion"},{"floor":44,"key":"EssenceOfSteel"}],"is_trial":false,"path_per_floor":["M","?","M","$","?","R","E","R","T","M","M","T","M","M","R","B",null,"M","M","$","?","?","R","M","E","T","M","?","M","M","$","R","B",null,"M","?","M","?","M","E","$","R","T","M","R","$","E","?","R","B",null],"character_chosen":"IRONCLAD","items_purchased":["DemoMod:MeatBun","Membership Card","DemoMod:ClearGuonStone","DemoMod:SerJunkan","Transmutation","DistilledChaos","hexamod:SoulburnPotion","SkillPotion"],"campfire_rested":6,"item_purchase_floors":[20,31,31,31,31,31,41,41],"current_hp_per_floor":[85,85,89,89,94,94,78,106,106,103,99,99,96,102,102,54,106,79,85,99,99,63,94,74,57,57,42,42,32,43,43,74,41,106,89,89,82,69,42,26,26,57,57,47,78,78,44,44,75,43],"gold":51,"neow_bonus":"TWENTY_PERCENT_HP_BONUS","is_daily":false,"chose_seed":false,"campfire_upgraded":2,"win_rate":0.0,"timestamp":1611050072,"path_taken":["M","?","?","$","?","R","E","R","T","M","M","?","M","M","R","BOSS","M","M","$","?","?","R","M","E","T","?","?","?","M","$","R","BOSS","M","?","M","?","?","E","?","R","T","M","R","?","E","?","R","BOSS"],"items_purchased_type":["Relic","Relic","Relic","Relic","Card","Potion","Potion","Potion"],"build_version":"2020-12-22","purchased_purges":2,"victory":true,"max_hp_per_floor":[96,96,101,101,106,106,106,106,106,106,106,106,106,106,106,106,106,106,106,106,106,106,106,106,106,106,106,106,106,106,106,106,106,106,106,106,106,106,106,106,106,106,106,106,106,106,106,106,106,104],"card_choices":[{"not_picked":["Armaments","Iron Wave","Pommel Strike"],"picked":"SKIP","floor":1},{"not_picked":["Armaments","Blood for Blood","Sword Boomerang"],"picked":"SKIP","floor":3},{"not_picked":["Hemokinesis","Headbutt"],"picked":"Cleave","floor":7},{"not_picked":["Second Wind","Brutality","Dark Embrace"],"picked":"SKIP","floor":10},{"not_picked":["Shrug It Off","Body Slam"],"picked":"Battle Trance","floor":11},{"not_picked":["Searing Blow","Clothesline"],"picked":"Clash","floor":13},{"not_picked":["Fiend Fire","Anger","Sword Boomerang"],"picked":"SKIP","floor":14},{"not_picked":["Corruption","Double Tap"],"picked":"Impervious","floor":16},{"not_picked":["Clothesline","Flex"],"picked":"Infernal Blade+1","floor":18},{"not_picked":["Headbutt+1","Feed"],"picked":"Whirlwind+1","floor":19},{"not_picked":["Iron Wave+1","Dropkick","Sword Boomerang"],"picked":"SKIP","floor":24},{"not_picked":["Iron Wave","Headbutt","Pommel Strike"],"picked":"SKIP","floor":25},{"not_picked":["Bloodletting","Flex"],"picked":"Cleave+1","floor":27},{"not_picked":["Spot Weakness+1","Clash","Warcry"],"picked":"SKIP","floor":29},{"not_picked":["Uppercut","Cleave"],"picked":"Seeing Red+1","floor":30},{"not_picked":["Seeing Red+1"],"picked":"SKIP","floor":35},{"not_picked":["Thunderclap"],"picked":"SKIP","floor":37},{"not_picked":["Dropkick"],"picked":"SKIP","floor":39},{"not_picked":["Iron Wave"],"picked":"SKIP","floor":40},{"not_picked":[],"picked":"Bloodletting+1","floor":42},{"not_picked":["Anger+1"],"picked":"SKIP","floor":44},{"not_picked":["Metallicize"],"picked":"SKIP","floor":47}],"player_experience":42220,"relics_obtained":[{"floor":7,"key":"Pantograph"},{"floor":9,"key":"Anchor"},{"floor":12,"key":"DemoMod:BigBoy"},{"floor":25,"key":"Dream Catcher"},{"floor":25,"key":"DemoMod:WeirdEgg"},{"floor":26,"key":"Toy Ornithopter"},{"floor":40,"key":"DemoMod:Junk"},{"floor":40,"key":"Magic Flower"},{"floor":43,"key":"Molten Egg 2"},{"floor":47,"key":"DemoMod:Junk"},{"floor":47,"key":"Red Skull"}],"event_choices":[{"damage_healed":0,"gold_gain":0,"player_choice":"Got Potions","damage_taken":0,"max_hp_gain":0,"max_hp_loss":0,"event_name":"Lab","floor":2,"gold_loss":0},{"damage_healed":0,"gold_gain":0,"player_choice":"Donut","damage_taken":0,"max_hp_gain":5,"max_hp_loss":0,"event_name":"Big Fish","floor":5,"gold_loss":0},{"damage_healed":0,"gold_gain":0,"player_choice":"Read","damage_taken":0,"max_hp_gain":0,"max_hp_loss":0,"event_name":"The Library","floor":21,"gold_loss":0,"cards_obtained":["Blood for Blood"]},{"damage_healed":0,"gold_gain":360,"player_choice":"GOLD GOLD GOLD GOLD ","damage_taken":36,"max_hp_gain":0,"max_hp_loss":0,"event_name":"Knowing Skull","floor":22,"potions_obtained":[],"gold_loss":0,"cards_obtained":[]},{"damage_healed":0,"gold_gain":0,"player_choice":"Upgraded","damage_taken":0,"max_hp_gain":0,"max_hp_loss":0,"event_name":"Upgrade Shrine","floor":28,"gold_loss":0,"cards_upgraded":["Blood for Blood"]},{"damage_healed":0,"gold_gain":0,"player_choice":"Paid","damage_taken":0,"relics_obtained":["Red Mask"],"max_hp_gain":0,"max_hp_loss":0,"event_name":"Tomb of Lord Red Mask","floor":36,"gold_loss":123},{"damage_healed":0,"gold_gain":0,"player_choice":"Embrace Madness","damage_taken":13,"max_hp_gain":0,"max_hp_loss":0,"event_name":"Winding Halls","floor":38,"gold_loss":0,"cards_obtained":["Madness","Madness"]},{"cards_removed":["Madness"],"damage_healed":0,"gold_gain":0,"player_choice":"Removed Skill","damage_taken":0,"max_hp_gain":0,"max_hp_loss":0,"event_name":"Falling","floor":48,"gold_loss":0}],"is_beta":false,"boss_relics":[{"not_picked":["Velvet Choker","Philosopher\u0027s Stone"],"picked":"Black Star"},{"not_picked":["theForsaken:PaleLantern","Coffee Dripper"],"picked":"Busted Crown"}],"items_purged_floors":[20,31],"is_endless":false,"potions_floor_spawned":[3,13,14,18,24,25,40,44],"ascension_level":0}}