{"host":"545ma68kbj6ggddn","time":1611095759,"event":{"mods":["BaseMod","Colored Powertips","Downfall","Minty Spire (QoL Compilation)","SIMod","StSLib"],"gold_per_floor":[99,99,99,99,99,132,132,142,592,592,610,639,639,653,669,669,669,669],"floor_reached":16,"language":"ENG","playtime":1163,"items_purged":[],"score":108,"play_id":"1b0f734d-008a-4df4-8151-256fa7d75dfc","local_time":"20210119163559","is_ascension_mode":false,"campfire_choices":[{"data":"bronze:Goto","floor":1,"key":"SMITH"},{"data":"bronze:CutThrough","floor":10,"key":"SMITH"},{"data":"bronze:FollowUp","floor":13,"key":"SMITH"}],"circlet_count":0,"master_deck":["bronze:Strike","bronze:Strike","bronze:Strike","bronze:Strike","bronze:Defend","bronze:Defend","bronze:Defend","bronze:Defend","bronze:Replicate","bronze:Goto+1","bronze:Branch","bronze:CutThrough+1","bronze:ChosenStrike","bronze:ChosenStrike","bronze:FollowUp+1","downfall:Icky","downfall:Icky","downfall:Icky","bronze:ForceShield","bronze:ForceShield","bronze:Deprecate"],"relics":["bronze:BronzeCore","downfall:HeartsMalice","downfall:ShatteredFragment","Gambling Chip","HornCleat","Nunchaku"],"acts_visited":["Exordium"],"potions_floor_usage":[16],"damage_taken":[{"damage":0,"enemies":"Small Slimes","floor":2,"turns":1},{"damage":0,"enemies":"2 Louse","floor":3,"turns":1},{"damage":0,"enemies":"Jaw Worm","floor":5,"turns":1},{"damage":13,"enemies":"Lagavulin","floor":6,"turns":5},{"damage":0,"enemies":"Exordium Wildlife","floor":8,"turns":3},{"damage":1,"enemies":"2 Fungi Beasts","floor":11,"turns":3},{"damage":13,"enemies":"3 Sentries","floor":12,"turns":4},{"damage":0,"enemies":"Blue Slaver","floor":14,"turns":2},{"damage":0,"enemies":"3 Louse","floor":15,"turns":2},{"damage":22,"enemies":"SI_SHIV_ARCHETYPE","floor":16,"turns":8}],"seed_played":"-8871017119975241272","potions_obtained":[{"floor":6,"key":"bronze:CleanCodePotion"},{"floor":8,"key":"Fire Potion"},{"floor":12,"key":"FearPotion"},{"floor":15,"key":"Explosive Potion"}],"is_trial":false,"path_per_floor":["R","M","M","?","M","E","T","M","?","R","M","E","R","M","M","B"],"character_chosen":"THE_AUTOMATON","items_purchased":[],"campfire_rested":0,"item_purchase_floors":[],"current_hp_per_floor":[70,70,70,49,49,36,36,36,36,36,35,22,22,22,22,0,0,0],"gold":669,"neow_bonus":"THREE_ENEMY_KILL","is_daily":false,"chose_seed":false,"campfire_upgraded":3,"win_rate":0.0,"timestamp":1611095759,"path_taken":["R","M","M","?","M","E","T","M","?","R","M","E","R","M","M","BOSS"],"items_purchased_type":[],"build_version":"2020-12-22","purchased_purges":0,"victory":false,"max_hp_per_floor":[70,70,70,70,70,70,70,70,70,70,70,70,70,70,70,70,70,70],"card_choices":[{"not_picked":["bronze:DelayedGuard","bronze:Shield"],"picked":"bronze:Branch","floor":2},{"not_picked":["bronze:Frontload","bronze:BuggyMess"],"picked":"bronze:CutThrough","floor":3},{"not_picked":["bronze:ChildClass","bronze:Overheat"],"picked":"bronze:ChosenStrike","floor":5},{"not_picked":["bronze:Philosophize","bronze:WildBeam"],"picked":"bronze:ChosenStrike","floor":6},{"not_picked":["bronze:Frontload","bronze:ForceShield"],"picked":"bronze:FollowUp","floor":8},{"not_picked":["bronze:DelayedGuard","bronze:NullPointer"],"picked":"bronze:ForceShield","floor":11},{"not_picked":["bronze:CutThrough","bronze:BuggyMess","bronze:BitShift"],"picked":"SKIP","floor":12},{"not_picked":["bronze:Turbo","bronze:ThunderWave"],"picked":"bronze:ForceShield","floor":14},{"not_picked":["bronze:DelayedSlice","bronze:Overheat"],"picked":"bronze:Deprecate","floor":15}],"player_experience":214796,"relics_obtained":[{"floor":6,"key":"Gambling Chip"},{"floor":7,"key":"HornCleat"},{"floor":12,"key":"Nunchaku"}],"event_choices":[],"is_beta":false,"boss_relics":[],"items_purged_floors":[],"is_endless":false,"potions_floor_spawned":[6,8,12,15],"killed_by":"SI_SHIV_ARCHETYPE","ascension_level":0}}