{"host":"cvgulky4xr711dtb","time":1611087699,"event":{"mods":["AchievementEnabler","BaseMod","BetterRewards","Highlight Path","Minty Spire (QoL Compilation)"],"gold_per_floor":[115,65,65,81,81,81,406,406,406,425,425,7,27,27,27,130,130,150,150,75,75,89,89,49,49,49,49,49,59,59,77,77,175,175,195,213,224,239,257,257,273,1,75,75,26,43,53,87,87,87],"floor_reached":51,"language":"ENG","playtime":1926,"items_purged":["Regret"],"score":927,"play_id":"520d12f5-06d3-441e-a552-0447bdc4f66b","local_time":"20210119202139","is_ascension_mode":false,"campfire_choices":[{"floor":6,"key":"REST"},{"floor":8,"key":"REST"},{"data":"Blade Dance","floor":11,"key":"SMITH"},{"floor":15,"key":"RECALL"},{"data":"Envenom","floor":23,"key":"SMITH"},{"data":"Accuracy","floor":25,"key":"SMITH"},{"data":"Blade Dance","floor":27,"key":"SMITH"},{"data":"Noxious Fumes","floor":30,"key":"SMITH"},{"floor":32,"key":"REST"},{"floor":40,"key":"REST"},{"data":"A Thousand Cuts","floor":44,"key":"SMITH"},{"floor":49,"key":"REST"}],"circlet_count":0,"master_deck":["Strike_G","Strike_G","Strike_G","Strike_G","Defend_G","Defend_G","Defend_G+1","Defend_G","Survivor","Neutralize+1","Deadly Poison","Blade Dance+1","Blur","Noxious Fumes+1","Blade Dance+1","Deadly Poison","Envenom+1","Accuracy+1","Flying Knee+1","Blur","A Thousand Cuts+1","Bouncing Flask+1","PiercingWail","PiercingWail+1","Terror+1","Bouncing Flask+1"],"relics":["Ring of the Snake","Snake Skull","Orichalcum","Old Coin","Kunai","Potion Belt","Toy Ornithopter","WristBlade","Paper Crane","HoveringKite","Lee\u0027s Waffle","Toxic Egg 2","Bird Faced Urn"],"acts_visited":["Exordium","TheCity","TheBeyond"],"potions_floor_usage":[7,16,16,16,16,29,33,33,33,33,38,41,48,48,50,50,50,50,50,50,50,50],"damage_taken":[{"damage":1,"enemies":"2 Louse","floor":1,"turns":3},{"damage":4,"enemies":"Small Slimes","floor":4,"turns":4},{"damage":39,"enemies":"Gremlin Nob","floor":7,"turns":5},{"damage":0,"enemies":"Jaw Worm","floor":10,"turns":3},{"damage":2,"enemies":"Looter","floor":13,"turns":3},{"damage":23,"enemies":"Hexaghost","floor":16,"turns":7},{"damage":15,"enemies":"2 Thieves","floor":18,"turns":4},{"damage":2,"enemies":"Chosen","floor":22,"turns":2},{"damage":9,"enemies":"Snecko","floor":29,"turns":3},{"damage":7,"enemies":"Shelled Parasite and Fungi","floor":31,"turns":3},{"damage":0,"enemies":"Collector","floor":33,"turns":5},{"damage":14,"enemies":"Orb Walker","floor":35,"turns":3},{"damage":17,"enemies":"3 Darklings","floor":36,"turns":4},{"damage":6,"enemies":"Spire Growth","floor":37,"turns":3},{"damage":18,"enemies":"Sphere and 2 Shapes","floor":38,"turns":4},{"damage":10,"enemies":"Transient","floor":39,"turns":5},{"damage":26,"enemies":"Writhing Mass","floor":41,"turns":6},{"damage":27,"enemies":"Spire Growth","floor":46,"turns":4},{"damage":9,"enemies":"Sphere and 2 Shapes","floor":47,"turns":4},{"damage":1,"enemies":"Nemesis","floor":48,"turns":5},{"damage":58,"enemies":"Donu and Deca","floor":50,"turns":7}],"seed_played":"4222870497285350765","potions_obtained":[{"floor":7,"key":"Fruit Juice"},{"floor":10,"key":"FearPotion"},{"floor":13,"key":"Poison Potion"},{"floor":24,"key":"CunningPotion"},{"floor":24,"key":"LiquidMemories"},{"floor":24,"key":"Swift Potion"},{"floor":29,"key":"ColorlessPotion"},{"floor":31,"key":"PowerPotion"},{"floor":33,"key":"Strength Potion"},{"floor":36,"key":"GhostInAJar"},{"floor":37,"key":"AttackPotion"},{"floor":38,"key":"LiquidBronze"},{"floor":39,"key":"PowerPotion"},{"floor":47,"key":"EntropicBrew"},{"floor":48,"key":"BlessingOfTheForge"}],"is_trial":false,"path_per_floor":["M","?","?","M","?","R","E","R","T","M","R","$","M","?","R","B",null,"M","?","$","?","M","R","?","R","T","R","$","M","R","M","R","B",null,"M","M","M","M","M","R","M","$","T","R","$","M","M","E","R","B",null],"character_chosen":"THE_SILENT","items_purchased":["Snake Skull","Deadly Poison","Potion Belt","Toy Ornithopter","Regen Potion","AttackPotion","Lee\u0027s Waffle","Poison Potion","Ancient Potion","Strength Potion"],"campfire_rested":5,"item_purchase_floors":[0,0,12,12,12,12,42,42,42,45],"current_hp_per_floor":[69,69,69,65,51,70,36,58,58,58,58,58,56,49,49,58,75,60,60,60,60,58,58,58,58,58,58,58,54,54,47,69,75,75,61,44,38,25,15,37,16,82,82,82,82,55,46,55,79,52],"gold":87,"neow_bonus":"","is_daily":false,"chose_seed":false,"campfire_upgraded":6,"win_rate":0.0,"timestamp":1611087699,"path_taken":["M","?","?","M","?","R","E","R","T","M","R","$","M","?","R","BOSS","M","?","$","?","M","R","?","R","T","R","$","?","R","M","R","BOSS","M","M","M","M","M","R","M","?","T","R","?","M","?","E","R","BOSS"],"items_purchased_type":["Relic","Card","Relic","Relic","Potion","Potion","Relic","Potion","Potion","Potion"],"build_version":"2020-12-22","purchased_purges":1,"victory":true,"max_hp_per_floor":[70,70,70,70,70,70,75,75,75,75,75,75,75,75,75,75,75,75,75,75,75,75,75,75,75,75,75,75,75,75,75,75,75,75,75,75,75,75,75,75,75,82,82,82,82,82,82,82,82,82],"card_choices":[{"not_picked":["Predator","Cloak And Dagger"],"picked":"Blade Dance","floor":1},{"not_picked":["Endless Agony","Distraction"],"picked":"Blur","floor":4},{"not_picked":["Acrobatics","Prepared"],"picked":"Noxious Fumes","floor":7},{"not_picked":["Well Laid Plans","Choke"],"picked":"Blade Dance","floor":10},{"not_picked":["Quick Slash","Dodge and Roll"],"picked":"Deadly Poison","floor":13},{"not_picked":["Unload","After Image"],"picked":"Envenom","floor":16},{"not_picked":["Setup+1","Underhanded Strike","Heel Hook"],"picked":"SKIP","floor":18},{"not_picked":["Footwork","Sucker Punch"],"picked":"Flying Knee+1","floor":22},{"not_picked":["Dodge and Roll","Outmaneuver","Footwork"],"picked":"SKIP","floor":29},{"not_picked":["Slice+1","Dagger Spray"],"picked":"Blur","floor":31},{"not_picked":["Corpse Explosion","After Image"],"picked":"A Thousand Cuts","floor":33},{"not_picked":["Well Laid Plans","Cloak And Dagger","Dagger Throw+1"],"picked":"SKIP","floor":35},{"not_picked":["Prepared","Quick Slash+1"],"picked":"Bouncing Flask+1","floor":36},{"not_picked":["Prepared+1","Escape Plan","Slice"],"picked":"SKIP","floor":37},{"not_picked":["Caltrops","Footwork"],"picked":"PiercingWail","floor":38},{"not_picked":["Bane","Cloak And Dagger","Skewer"],"picked":"SKIP","floor":39},{"not_picked":["Slice","Deadly Poison","Setup"],"picked":"SKIP","floor":41},{"not_picked":["Predator","Sucker Punch+1"],"picked":"PiercingWail+1","floor":46},{"not_picked":["Endless Agony+1","Prepared+1"],"picked":"Terror+1","floor":47},{"not_picked":["Sucker Punch","Unload"],"picked":"Bouncing Flask+1","floor":48}],"player_experience":203765,"relics_obtained":[{"floor":7,"key":"Old Coin"},{"floor":9,"key":"Kunai"},{"floor":26,"key":"Paper Crane"},{"floor":43,"key":"Toxic Egg 2"},{"floor":48,"key":"Bird Faced Urn"}],"event_choices":[{"cards_removed":["Strike_G"],"damage_healed":0,"gold_gain":0,"player_choice":"Card Removal","damage_taken":0,"max_hp_gain":0,"max_hp_loss":0,"event_name":"The Cleric","floor":2,"gold_loss":50},{"damage_healed":0,"gold_gain":0,"player_choice":"Box","damage_taken":0,"relics_obtained":["Orichalcum"],"max_hp_gain":0,"max_hp_loss":0,"event_name":"Big Fish","floor":3,"gold_loss":0,"cards_obtained":["Regret"]},{"damage_healed":0,"gold_gain":0,"player_choice":"Entered Light","damage_taken":14,"max_hp_gain":0,"max_hp_loss":0,"event_name":"Shining Light","floor":5,"gold_loss":0,"cards_upgraded":["Neutralize","Defend_G"]},{"cards_removed":["Defend_G"],"damage_healed":0,"gold_gain":0,"player_choice":"Card Removal","damage_taken":7,"max_hp_gain":0,"max_hp_loss":0,"event_name":"Golden Wing","floor":14,"gold_loss":0},{"damage_healed":0,"gold_gain":0,"player_choice":"Read","damage_taken":0,"max_hp_gain":0,"max_hp_loss":0,"event_name":"The Library","floor":19,"gold_loss":0,"cards_obtained":["Accuracy"]},{"damage_healed":0,"gold_gain":0,"player_choice":"Ignored","damage_taken":0,"max_hp_gain":0,"max_hp_loss":0,"event_name":"Vampires","floor":21,"gold_loss":0},{"damage_healed":0,"gold_gain":0,"player_choice":"Bought 3 Potions","damage_taken":0,"max_hp_gain":0,"max_hp_loss":0,"event_name":"The Woman in Blue","floor":24,"gold_loss":0}],"is_beta":false,"boss_relics":[{"not_picked":["Tiny House","Runic Dome"],"picked":"WristBlade"},{"not_picked":["Runic Pyramid","Snecko Eye"],"picked":"HoveringKite"}],"items_purged_floors":[20],"is_endless":false,"potions_floor_spawned":[7,10,13,29,31,33,36,37,38,39,47,48],"ascension_level":0}}