{"host":"j9l1rwahbyzerpwa","time":1611066952,"event":{"mods":["100% Spire Juice","ATMod(°¢èªMod)","Arknights The Spire","BaseMod","Downfall","Energized Spire","KomeijiMod","Minty Spire (QoL Compilation)","MostiFishMod","Relic Stats","Spicy Shops","StSLib","The Dragon Tamer","The Marked","[IsaacMod]ÒÔÈö¼âËþ","¡¾ÒÅÎï¿¨ÅÆ¡¿REMEMod"],"gold_per_floor":[99,113,113,130,145,160,187,0,0,10,10,10,10,36,51,185,185,185,30,30,30,0,0,74,89,89,102,2,14,14,33,49,151,151,151,165,165,179,69,87,113,140,159,159,169,20,20,38,51,51],"floor_reached":51,"language":"ZHS","playtime":3108,"items_purged":["bronze:Mutator"],"score":1149,"play_id":"be6bf245-6074-4ade-9a9b-eb8e77c3af10","local_time":"20210119223552","is_ascension_mode":true,"campfire_choices":[{"data":"AT_Dispersion","floor":1.0,"key":"SMITH"},{"floor":18.0,"key":"RECALL"},{"data":"MostiFishMod:KnuckleDown","floor":26,"key":"SMITH"},{"data":"bronze:Boost","floor":28,"key":"SMITH"},{"data":"bronze:Repulsor","floor":35,"key":"SMITH"},{"data":"bronze:Spike","floor":44,"key":"SMITH"},{"data":"bronze:DelayedSlice","floor":47,"key":"SMITH"}],"circlet_count":0,"master_deck":["bronze:Strike","bronze:Strike","bronze:Defend+1","bronze:Defend+1","bronze:Defend","bronze:Replicate","bronze:Goto","AT_Dispersion+1","MostiFishMod:KnuckleDown+1","bronze:DelayedSlice+1","CurseOfTheBell","bronze:Spike+1","bronze:Boost+1","bronze:Flail","bronze:MaxOutput+1","bronze:Repulsor+1","bronze:Shell"],"relics":["bronze:BronzeCore","HushsDoor","AT_ATBox","DaveBox","REME_ComplimentaryCards","MaYiHuaBei","ThornShield","Calling Bell","Dream Catcher","Pantograph","FossilizedHelix","Bronze Scales","TimeFreeze","Matryoshka","BookofShadows","SatanicBible","AnarchistCookbook","energizedSpire:DeadBattery","Akabeko","Thread and Needle","InkBottle","Vajra","downfall:HeartBlessingRed","OneHitWonderSystem","REME_IWantAll","Oddly Smooth Stone","War Paint","Blood Vial","MostiFishMod:Haymaker","Orichalcum"],"acts_visited":["Exordium","TheCity","TheBeyond"],"potions_floor_usage":[],"damage_taken":[{"damage":0.0,"enemies":"2 Louse","floor":2.0,"turns":1.0},{"damage":2.0,"enemies":"Small Slimes","floor":4.0,"turns":3.0},{"damage":9.0,"enemies":"Cultist","floor":5.0,"turns":4.0},{"damage":0.0,"enemies":"Exordium Wildlife","floor":6.0,"turns":4.0},{"damage":0.0,"enemies":"downfall:FleeingMerchant","floor":8.0,"turns":4.0},{"damage":6.0,"enemies":"Exordium Thugs","floor":10.0,"turns":3.0},{"damage":14.0,"enemies":"Exordium Thugs","floor":12.0,"turns":6.0},{"damage":24.0,"enemies":"3 Sentries","floor":14.0,"turns":5.0},{"damage":0.0,"enemies":"Lots of Slimes","floor":15.0,"turns":2.0},{"damage":0.0,"enemies":"IC_STATUS_ARCHETYPE","floor":16.0,"turns":3.0},{"damage":0.0,"enemies":"downfall:FleeingMerchant","floor":19.0,"turns":4.0},{"damage":0,"enemies":"downfall:FleeingMerchant","floor":22,"turns":4},{"damage":0,"enemies":"Spheric Guardian","floor":25,"turns":3},{"damage":0,"enemies":"Snecko","floor":27,"turns":3},{"damage":0,"enemies":"Centurion and Healer","floor":29,"turns":3},{"damage":0,"enemies":"Sentry and Sphere","floor":31,"turns":3},{"damage":0,"enemies":"3 Cultists","floor":32,"turns":2},{"damage":0,"enemies":"WA_ARCHETYPE_CALM","floor":33,"turns":5},{"damage":0,"enemies":"Orb Walker","floor":36,"turns":3},{"damage":0,"enemies":"3 Darklings","floor":38,"turns":4},{"damage":0,"enemies":"downfall:FleeingMerchant","floor":39,"turns":3},{"damage":0,"enemies":"Transient","floor":40,"turns":5},{"damage":0,"enemies":"Giant Head","floor":42,"turns":5},{"damage":0,"enemies":"Maw","floor":43,"turns":5},{"damage":0,"enemies":"Spire Growth","floor":45,"turns":2},{"damage":0,"enemies":"Transient","floor":48,"turns":5},{"damage":0,"enemies":"Sphere and 2 Shapes","floor":49,"turns":2},{"damage":0,"enemies":"DF_ARCHETYPE_ORBS","floor":50,"turns":5}],"seed_played":"2439409989179656839","potions_obtained":[{"floor":2.0,"key":"Swift Potion"},{"floor":5.0,"key":"REME_GoldPotion"},{"floor":15.0,"key":"Explosive Potion"},{"floor":27,"key":"GamblersBrew"}],"is_trial":false,"path_per_floor":["R","M","?","M","M","M","T","$","?","M","?","?","T","E","M","B",null,"R","$","?","?","$","?","T","M","R","M","R","M","?","M","M","B",null,"R","M","?","M","$","M","T","E","M","R","M","$","R","M","M","B",null],"character_chosen":"THE_AUTOMATON","items_purchased":["TimeFreeze","Matryoshka","Akabeko","Thread and Needle","InkBottle","REME_IWantAll","Oddly Smooth Stone","War Paint","Orichalcum"],"campfire_rested":0,"item_purchase_floors":[8,8,19,19,22,39,39,39,46],"current_hp_per_floor":[63,63,63,61,52,52,52,52,52,46,46,32,32,8,8,33,63,63,63,63,63,63,63,63,63,63,63,63,63,63,63,63,63,1,1,1,1,1,1,1,1,1,1,1,1,1,1,1,1,1],"gold":51,"neow_bonus":"REMOVE_TWO","is_daily":false,"chose_seed":false,"campfire_upgraded":6,"win_rate":0.0,"timestamp":1611066952,"path_taken":["R","M","?","?","M","M","T","$","?","?","?","?","?","E","M","BOSS","R","$","?","?","?","?","T","M","R","M","R","?","?","M","M","BOSS","R","M","?","M","$","M","T","E","M","R","?","$","R","M","M","BOSS"],"items_purchased_type":["Relic","Relic","Relic","Relic","Relic","Relic","Relic","Relic","Relic"],"build_version":"2020-12-22","purchased_purges":1,"victory":true,"max_hp_per_floor":[63,63,63,63,63,63,63,63,63,63,63,63,63,63,63,63,63,63,63,63,63,63,63,63,63,63,63,63,63,63,63,63,63,1,1,1,1,1,1,1,1,1,1,1,1,1,1,1,1,1],"relic_stats":{"Blood Vial":0,"Dream Catcher":0,"counters":[28,101],"Pantograph":25,"Bronze Scales":[183],"War Paint":["bronze:Defend","bronze:Defend"],"Orichalcum":[12],"obtain_stats":[{"MaYiHuaBei":0,"AnarchistCookbook":14,"bronze:BronzeCore":0,"AT_ATBox":0,"DaveBox":0,"MostiFishMod:Haymaker":42,"Vajra":24,"REME_IWantAll":39,"SatanicBible":13,"Blood Vial":41,"Dream Catcher":3,"Matryoshka":8,"downfall:BrokenWingStatue":11,"Pantograph":3,"OneHitWonderSystem":34,"InkBottle":22,"KeepersGift":0,"BookofShadows":13,"downfall:HeartBlessingRed":28,"Oddly Smooth Stone":39,"Thread and Needle":19,"War Paint":39,"Orichalcum":46,"ThornShield":0,"TimeFreeze":8,"energizedSpire:DeadBattery":17,"Akabeko":19,"Calling Bell":3,"Bronze Scales":7,"HushsDoor":0,"FossilizedHelix":3,"REME_ComplimentaryCards":0},{"MaYiHuaBei":0,"AnarchistCookbook":8,"bronze:BronzeCore":0,"AT_ATBox":0,"DaveBox":0,"MostiFishMod:Haymaker":23,"Vajra":12,"REME_IWantAll":21,"SatanicBible":7,"Blood Vial":22,"Dream Catcher":1,"Matryoshka":5,"downfall:BrokenWingStatue":6,"Pantograph":1,"OneHitWonderSystem":18,"InkBottle":12,"KeepersGift":0,"BookofShadows":7,"downfall:HeartBlessingRed":14,"Oddly Smooth Stone":21,"Thread and Needle":11,"War Paint":21,"Orichalcum":25,"ThornShield":0,"TimeFreeze":5,"energizedSpire:DeadBattery":10,"Akabeko":11,"Calling Bell":1,"Bronze Scales":4,"HushsDoor":0,"FossilizedHelix":1,"REME_ComplimentaryCards":0},{"MaYiHuaBei":0,"AnarchistCookbook":30,"bronze:BronzeCore":0,"AT_ATBox":0,"DaveBox":0,"MostiFishMod:Haymaker":82,"Vajra":43,"REME_IWantAll":72,"SatanicBible":25,"Blood Vial":77,"Dream Catcher":1,"Matryoshka":16,"downfall:BrokenWingStatue":19,"Pantograph":1,"OneHitWonderSystem":62,"InkBottle":43,"KeepersGift":0,"BookofShadows":25,"downfall:HeartBlessingRed":49,"Oddly Smooth Stone":72,"Thread and Needle":39,"War Paint":72,"Orichalcum":89,"ThornShield":0,"TimeFreeze":16,"energizedSpire:DeadBattery":35,"Akabeko":39,"Calling Bell":1,"Bronze Scales":12,"HushsDoor":0,"FossilizedHelix":1,"REME_ComplimentaryCards":0}],"InkBottle":[34]},"card_choices":[{"not_picked":[],"picked":"Bomb","floor":0.0},{"not_picked":["bronze:MaxOutput","bronze:FineTuning"],"picked":"bronze:DelayedSlice","floor":2.0},{"not_picked":["bronze:ForceShield","bronze:Deprecate","bronze:DarkDash"],"picked":"SKIP","floor":4.0},{"not_picked":["bronze:ForceShield","bronze:Branch","bronze:BuggyMess"],"picked":"SKIP","floor":5.0},{"not_picked":["bronze:Branch","bronze:WildBeam","bronze:BitShift"],"picked":"SKIP","floor":6.0},{"not_picked":["bronze:Constructor","bronze:Terminator","bronze:DelayedGuard"],"picked":"SKIP","floor":8.0},{"not_picked":["bronze:BugBarrage","bronze:Overheat","bronze:BurnOut"],"picked":"SKIP","floor":10.0},{"not_picked":[],"picked":"bronze:Spike","floor":12.0},{"not_picked":["bronze:Philosophize","bronze:Allocate"],"picked":"bronze:Boost","floor":14.0},{"not_picked":["bronze:Overheat","bronze:Constructor","bronze:Separator"],"picked":"SKIP","floor":15.0},{"not_picked":["bronze:ForceShield","bronze:Overload+1","bronze:DelayedSlice"],"picked":"SKIP","floor":19.0},{"not_picked":["bronze:DelayedGuard+1","bronze:FollowUp","bronze:Constructor"],"picked":"SKIP","floor":22},{"not_picked":["bronze:DelayedSlice","bronze:BuggyMess"],"picked":"bronze:Flail","floor":25},{"not_picked":["bronze:Shell","bronze:Overheat"],"picked":"bronze:MaxOutput+1","floor":27},{"not_picked":["bronze:Assembly","bronze:Fortify"],"picked":"bronze:Repulsor","floor":29},{"not_picked":["bronze:Separator","bronze:FollowUp+1","bronze:Fortify"],"picked":"SKIP","floor":31},{"not_picked":["bronze:Branch+1","bronze:Allocate+1","bronze:WhirlingStrike"],"picked":"SKIP","floor":32},{"not_picked":["bronze:Philosophize+1","bronze:FollowUp","bronze:Iterate"],"picked":"SKIP","floor":36},{"not_picked":["bronze:Shield","bronze:NullPointer"],"picked":"bronze:Shell","floor":38},{"not_picked":["bronze:DelayedGuard","bronze:Frontload","bronze:Safeguard+1"],"picked":"SKIP","floor":39},{"not_picked":["bronze:Constructor+1","bronze:ChildClass","bronze:BugBarrage"],"picked":"SKIP","floor":40},{"not_picked":["bronze:WildBeam+1","bronze:ThunderWave","bronze:BugBarrage"],"picked":"SKIP","floor":42},{"not_picked":["bronze:ForceShield","bronze:MaxOutput+1","bronze:Invalidate+1"],"picked":"SKIP","floor":43},{"not_picked":["bronze:ForLoop+1","bronze:DelayedGuard","bronze:Turbo"],"picked":"SKIP","floor":45},{"not_picked":["bronze:BronzeOrb+1","bronze:Optimize","bronze:ChildClass"],"picked":"SKIP","floor":48},{"not_picked":["bronze:Branch+1","bronze:Frontload","bronze:MaxOutput"],"picked":"SKIP","floor":49}],"player_experience":290330,"relics_obtained":[{"floor":3.0,"key":"Dream Catcher"},{"floor":3.0,"key":"Pantograph"},{"floor":3.0,"key":"FossilizedHelix"},{"floor":7.0,"key":"Bronze Scales"},{"floor":13.0,"key":"BookofShadows"},{"floor":13.0,"key":"SatanicBible"},{"floor":14.0,"key":"AnarchistCookbook"},{"floor":24,"key":"Vajra"},{"floor":41,"key":"Blood Vial"},{"floor":42,"key":"MostiFishMod:Haymaker"}],"event_choices":[],"is_beta":false,"boss_relics":[{"not_picked":["HaiYi:Twilight","energizedSpire:OgreHead"],"picked":"energizedSpire:DeadBattery"},{"not_picked":[]},{"not_picked":["RhineFirstAidKit","REME_DemonsWealth"],"picked":"OneHitWonderSystem"},{"not_picked":[]}],"items_purged_floors":[46],"is_endless":false,"potions_floor_spawned":[2,5,15,27,29,31,36,38,43,45,48,49],"ascension_level":1}}