{"host":"2ica2wc1gg7guzbw","time":1611094432,"event":{"mods":["BaseMod","Colored Map","Minty Spire (QoL Compilation)","Replay The Spire","Shop Mod","StSLib"],"gold_per_floor":[110,126,126,140,140,470,483,517,598,614,634,151,162,192,192,271,271,282,51,63,63,63,63,63],"floor_reached":23,"language":"RUS","playtime":737,"items_purged":["Amnesia"],"score":451,"play_id":"eb2876b9-7fd9-4a5a-b9e5-164f4d5f27cc","local_time":"20210120021352","is_ascension_mode":true,"campfire_choices":[{"data":"Zap","floor":15,"key":"SMITH"}],"circlet_count":0,"master_deck":["AscendersBane","Zap+1","Dualcast","Conserve Battery+1","Rip and Tear+1","Capacitor","White Noise","BootSequence+1","Chill","FIFO Queue","Self Repair","Echo Form","Capacitor","Rebound","Defragment","Core Surge","White Noise","Capacitor","Loop","Cold Snap"],"relics":["Cracked Core","NeowsBlessing","Old Coin","Mango","Lee\u0027s Waffle","StoneCalendar","Replay:Baseball","Replay:Grab Bag","Busted Crown","Fusion Hammer","Pandora\u0027s Box","ReplayTheSpireMod:CursedCoin","War Paint"],"acts_visited":["Exordium","TheCity"],"potions_floor_usage":[8,8,11,23],"damage_taken":[{"damage":0.0,"enemies":"Cultist","floor":1.0,"turns":1.0},{"damage":0.0,"enemies":"2 Louse","floor":2.0,"turns":1.0},{"damage":0.0,"enemies":"Jaw Worm","floor":4.0,"turns":1.0},{"damage":16.0,"enemies":"Lagavulin","floor":6.0,"turns":6.0},{"damage":7.0,"enemies":"2 Fungi Beasts","floor":7.0,"turns":4.0},{"damage":39,"enemies":"Gremlin Nob","floor":8,"turns":4},{"damage":0,"enemies":"3 Louse","floor":10,"turns":3},{"damage":14,"enemies":"Lots of Slimes","floor":11,"turns":4},{"damage":4,"enemies":"Exordium Thugs","floor":13,"turns":4},{"damage":18,"enemies":"3 Sentries","floor":14,"turns":7},{"damage":51,"enemies":"The Guardian","floor":16,"turns":10},{"damage":15,"enemies":"Chosen","floor":18,"turns":5},{"damage":17,"enemies":"3 Byrds","floor":20,"turns":5},{"damage":60,"enemies":"Book of Stabbing","floor":23,"turns":5}],"seed_played":"-2130119595843632254","potions_obtained":[{"floor":2.0,"key":"CultistPotion"},{"floor":4.0,"key":"Fire Potion"},{"floor":10,"key":"Flashbang"},{"floor":13,"key":"DistilledChaos"},{"floor":18,"key":"LifebloodPotion"}],"is_trial":false,"path_per_floor":["M","M","?","M","?","E","M","E","T","M","M","$","M","E","R","B",null,"M","$","M","?","?","E"],"character_chosen":"DEFECT","items_purchased":["Lee\u0027s Waffle","StoneCalendar","ReplayTheSpireMod:CursedCoin","Loop","War Paint","Cold Snap"],"campfire_rested":0,"item_purchase_floors":[12,12,19,19,19,19],"current_hp_per_floor":[64,64,64,64,64,48,41,16,16,16,2,92,88,70,70,26,76,68,68,58,58,58,0,0],"gold":63,"neow_bonus":"THREE_ENEMY_KILL","is_daily":false,"chose_seed":false,"campfire_upgraded":1,"win_rate":0.0,"timestamp":1611094432,"path_taken":["M","M","?","M","?","E","?","E","T","M","M","$","M","E","R","BOSS","M","$","?","?","?","E"],"items_purchased_type":["Relic","Relic","Relic","Card","Relic","Card"],"build_version":"2020-12-22","purchased_purges":1,"victory":false,"max_hp_per_floor":[71,71,71,71,71,71,71,85,85,85,85,92,92,92,92,92,92,92,92,92,92,92,92,92],"card_choices":[{"not_picked":["Steam","Leap"],"picked":"Conserve Battery","floor":1.0},{"not_picked":["Redo","Steam","BasicCrystalCard"],"picked":"SKIP","floor":2.0},{"not_picked":["Reinforced Body","ReplayTheSpireMod:GoodbyeWorld","Stack"],"picked":"SKIP","floor":4.0},{"not_picked":["Conserve Battery","Go for the Eyes"],"picked":"Capacitor","floor":6.0},{"not_picked":["Go for the Eyes","Beam Cell"],"picked":"White Noise","floor":7.0},{"not_picked":["Streamline","ReplayRNGCard"],"picked":"BootSequence","floor":8},{"not_picked":["ReplayTheSpireMod:GoodbyeWorld","Gash","Redo"],"picked":"SKIP","floor":10},{"not_picked":["Chaos","Compile Driver"],"picked":"Chill","floor":11},{"not_picked":["Gash","Static Discharge"],"picked":"FIFO Queue","floor":13},{"not_picked":["Leap","Fission"],"picked":"Self Repair","floor":14},{"not_picked":["Buffer","Core Surge"],"picked":"Echo Form","floor":16},{"not_picked":["Steam"],"picked":"SKIP","floor":18},{"not_picked":["Aggregate"],"picked":"SKIP","floor":20}],"player_experience":927899,"relics_obtained":[{"floor":6.0,"key":"Old Coin"},{"floor":8,"key":"Mango"},{"floor":14,"key":"Replay:Baseball"}],"event_choices":[{"cards_removed":["Strike_B"],"damage_healed":0.0,"max_hp_gain":0.0,"max_hp_loss":0.0,"gold_gain":0.0,"event_name":"Purifier","player_choice":"Purged","floor":5.0,"gold_loss":0.0,"damage_taken":0.0},{"damage_healed":0,"gold_gain":0,"player_choice":"Ignored","damage_taken":0,"max_hp_gain":0,"max_hp_loss":0,"event_name":"Vampires","floor":22,"gold_loss":0}],"is_beta":false,"boss_relics":[{"not_picked":["Inserter","Abe\u0027s Treasure"],"picked":"Replay:Grab Bag"},{"not_picked":["Replay:Bronze Core","Cursed Key"],"picked":"Busted Crown"},{"not_picked":["Coffee Dripper","Velvet Choker"],"picked":"Fusion Hammer"},{"not_picked":["Runic Pyramid","SacredBark"],"picked":"Pandora\u0027s Box"}],"items_purged_floors":[19],"is_endless":false,"potions_floor_spawned":[2,4,10,13,18],"killed_by":"Book of Stabbing","ascension_level":20}}