{"host":"s41rn2jhghpwfrvz","time":1611020699,"event":{"mods":["BaseMod","Minty Spire (QoL Compilation)","Quick Restart","Relic Stats","SuperFastMode"],"gold_per_floor":[115,115,115,134,59,85,100,131,158,175,210,244,254,115,115,186,186,204,204,254,35,53,53,85,85,110,110,120,33,52,86,86,158,158,173,195,207,219,246,287,328,374,386,423,454,76,108,119,119,119,119,119,119,63,93,93],"floor_reached":57,"language":"ENG","playtime":1322,"items_purged":["Warcry","Warcry","Shockwave"],"score":3836,"play_id":"d6bedd7f-e099-4281-aa8d-75b7f1b6acd7","local_time":"20210119034459","daily_mods":["SealedDeck","Vintage","DeadlyEvents"],"is_ascension_mode":true,"campfire_choices":[{"data":"Body Slam","floor":15,"key":"SMITH"},{"data":"Body Slam","floor":23,"key":"SMITH"},{"data":"Impatience","floor":25,"key":"SMITH"},{"data":"Shrug It Off","floor":27,"key":"SMITH"},{"data":"Dark Embrace","floor":32,"key":"SMITH"},{"floor":49,"key":"RECALL"},{"data":"Feel No Pain","floor":53,"key":"SMITH"}],"circlet_count":0,"master_deck":["AscendersBane","Body Slam+1","Body Slam+1","Body Slam+1","Feel No Pain","Shrug It Off+1","Impatience+1","Dark Embrace+1","Feel No Pain+1","Shrug It Off+1","Evolve"],"relics":["Burning Blood","Akabeko","Strawberry","Gambling Chip","Tiny Chest","Bronze Scales","Smiling Mask","Oddly Smooth Stone","Regal Pillow","Blood Vial","Black Star","Prayer Wheel","Nunchaku","Anchor","Dream Catcher","Gremlin Horn","PreservedInsect","Potion Belt","Magic Flower","Turnip","Ornamental Fan","MawBank","FossilizedHelix","Blue Candle","Incense Burner","Whetstone","Pantograph","Ice Cream","Lantern","Du-Vu Doll","Letter Opener","Happy Flower","Art of War","CeramicFish","Calipers","Ancient Tea Set","Toy Ornithopter","Boot","StrikeDummy","War Paint"],"acts_visited":["Exordium","TheCity","TheBeyond","TheEnding"],"potions_floor_usage":[12,40,51,56,56,56],"damage_taken":[{"damage":0,"enemies":"Cultist","floor":1,"turns":4},{"damage":3,"enemies":"Jaw Worm","floor":4,"turns":2},{"damage":11,"enemies":"3 Sentries","floor":6,"turns":7},{"damage":0,"enemies":"2 Louse","floor":7,"turns":2},{"damage":0,"enemies":"Gremlin Nob","floor":8,"turns":2},{"damage":3,"enemies":"2 Fungi Beasts","floor":10,"turns":3},{"damage":0,"enemies":"Lagavulin","floor":11,"turns":3},{"damage":7,"enemies":"3 Sentries","floor":12,"turns":10},{"damage":4,"enemies":"Red Slaver","floor":13,"turns":2},{"damage":17,"enemies":"Slime Boss","floor":16,"turns":10},{"damage":13,"enemies":"Shell Parasite","floor":18,"turns":3},{"damage":2,"enemies":"3 Byrds","floor":22,"turns":3},{"damage":3,"enemies":"Book of Stabbing","floor":24,"turns":3},{"damage":0,"enemies":"Snake Plant","floor":28,"turns":1},{"damage":0,"enemies":"Snecko","floor":30,"turns":2},{"damage":0,"enemies":"Gremlin Leader","floor":31,"turns":2},{"damage":0,"enemies":"Collector","floor":33,"turns":3},{"damage":0,"enemies":"3 Darklings","floor":35,"turns":2},{"damage":3,"enemies":"3 Shapes","floor":36,"turns":3},{"damage":0,"enemies":"Jaw Worm Horde","floor":39,"turns":2},{"damage":0,"enemies":"Reptomancer","floor":40,"turns":2},{"damage":0,"enemies":"Nemesis","floor":41,"turns":3},{"damage":0,"enemies":"Reptomancer","floor":42,"turns":2},{"damage":0,"enemies":"Giant Head","floor":44,"turns":4},{"damage":0,"enemies":"Sphere and 2 Shapes","floor":45,"turns":2},{"damage":0,"enemies":"Nemesis","floor":47,"turns":3},{"damage":0,"enemies":"3 Darklings","floor":48,"turns":2},{"damage":0,"enemies":"Donu and Deca","floor":50,"turns":3},{"damage":0,"enemies":"Time Eater","floor":51,"turns":4},{"damage":0,"enemies":"Shield and Spear","floor":55,"turns":2},{"damage":20,"enemies":"The Heart","floor":56,"turns":5}],"seed_played":"-4638700021377034943","potions_obtained":[{"floor":1,"key":"Explosive Potion"},{"floor":4,"key":"Fire Potion"},{"floor":12,"key":"Block Potion"},{"floor":24,"key":"Ancient Potion"},{"floor":30,"key":"HeartOfIron"},{"floor":33,"key":"AttackPotion"},{"floor":35,"key":"SpeedPotion"},{"floor":40,"key":"Fruit Juice"},{"floor":45,"key":"GamblersBrew"}],"is_trial":true,"path_per_floor":["M","?","?","M","$","E","M","E","T","M","E","E","M","$","R","B",null,"M","?","?","$","M","R","E","R","T","R","M","$","M","E","R","B",null,"M","M","T","?","M","E","E","E","T","E","M","$","E","M","R","B","B",null,"R","$","E","B",null],"character_chosen":"IRONCLAD","items_purchased":["Impatience","Nunchaku","Dark Embrace","Calipers","Evolve","Swift Potion"],"campfire_rested":0,"item_purchase_floors":[14,21,29,46,46,54],"current_hp_per_floor":[74,51,51,61,61,56,62,68,68,71,77,76,78,78,78,69,79,74,74,74,74,80,80,82,82,82,82,82,82,82,82,82,82,82,82,82,82,82,82,87,87,87,87,87,87,87,87,87,87,87,87,87,87,87,87,76],"gold":93,"neow_bonus":"","is_daily":false,"chose_seed":false,"campfire_upgraded":6,"win_rate":0.0,"timestamp":1611020699,"path_taken":["M","?","?","?","?","E","M","E","T","M","E","?","M","$","R","BOSS","M","?","?","$","M","R","E","R","T","R","M","$","M","E","R","BOSS","M","M","?","?","M","E","?","E","T","E","?","$","E","M","R","BOSS","BOSS","R","$","E","BOSS"],"items_purchased_type":["Card","Relic","Card","Relic","Card","Potion"],"build_version":"2020-12-22","purchased_purges":3,"victory":true,"max_hp_per_floor":[75,75,75,82,82,82,82,82,82,82,82,82,82,82,82,82,82,82,82,82,82,82,82,82,82,82,82,82,82,82,82,82,82,82,82,82,82,82,82,87,87,87,87,87,87,87,87,87,87,87,87,87,87,87,87,87],"relic_stats":{"Regal Pillow":0,"Gremlin Horn":[24,24],"CeramicFish":9,"Magic Flower":[3],"Whetstone":[],"Smiling Mask":125,"Boot":[0],"Burning Blood":87,"Blood Vial":8,"Nunchaku":[21],"Dream Catcher":0,"Gambling Chip":[0],"Pantograph":0,"Tiny Chest":1,"Prayer Wheel":0,"Happy Flower":[7],"counters":[31,101],"Blue Candle":[1],"PreservedInsect":471,"Letter Opener":[81],"War Paint":[],"MawBank":132,"Ornamental Fan":[192],"Bronze Scales":[242],"Turnip":[2],"Black Star":8,"Art of War":[0],"obtain_stats":[{"Ice Cream":41,"Regal Pillow":11,"Lantern":42,"Calipers":46,"Gremlin Horn":24,"CeramicFish":45,"Magic Flower":30,"Incense Burner":40,"Whetstone":40,"Smiling Mask":9,"Ancient Tea Set":47,"Boot":48,"Burning Blood":0,"Blood Vial":13,"Nunchaku":21,"Dream Catcher":24,"Strawberry":4,"Gambling Chip":6,"Pantograph":41,"Tiny Chest":7,"Prayer Wheel":18,"Potion Belt":28,"Happy Flower":44,"Blue Candle":39,"Oddly Smooth Stone":10,"PreservedInsect":26,"Letter Opener":43,"War Paint":55,"MawBank":35,"Akabeko":1,"Du-Vu Doll":42,"Anchor":22,"Ornamental Fan":31,"Bronze Scales":8,"Turnip":31,"Black Star":17,"Art of War":44,"StrikeDummy":55,"FossilizedHelix":36,"Toy Ornithopter":47},{"Ice Cream":22,"Regal Pillow":7,"Lantern":23,"Calipers":25,"Gremlin Horn":13,"CeramicFish":25,"Magic Flower":15,"Incense Burner":21,"Whetstone":21,"Smiling Mask":5,"Ancient Tea Set":26,"Boot":27,"Burning Blood":0,"Blood Vial":9,"Nunchaku":11,"Dream Catcher":13,"Strawberry":2,"Gambling Chip":3,"Pantograph":22,"Tiny Chest":4,"Prayer Wheel":11,"Potion Belt":14,"Happy Flower":24,"Blue Candle":20,"Oddly Smooth Stone":6,"PreservedInsect":13,"Letter Opener":23,"War Paint":30,"MawBank":18,"Akabeko":1,"Du-Vu Doll":23,"Anchor":12,"Ornamental Fan":16,"Bronze Scales":5,"Turnip":16,"Black Star":10,"Art of War":24,"StrikeDummy":30,"FossilizedHelix":19,"Toy Ornithopter":26},{"Ice Cream":74,"Regal Pillow":23,"Lantern":76,"Calipers":82,"Gremlin Horn":54,"CeramicFish":82,"Magic Flower":57,"Incense Burner":71,"Whetstone":71,"Smiling Mask":17,"Ancient Tea Set":85,"Boot":87,"Burning Blood":0,"Blood Vial":35,"Nunchaku":48,"Dream Catcher":54,"Strawberry":6,"Gambling Chip":13,"Pantograph":74,"Tiny Chest":15,"Prayer Wheel":48,"Potion Belt":55,"Happy Flower":80,"Blue Candle":69,"Oddly Smooth Stone":20,"PreservedInsect":54,"Letter Opener":76,"War Paint":96,"MawBank":64,"Akabeko":4,"Du-Vu Doll":76,"Anchor":51,"Ornamental Fan":59,"Bronze Scales":17,"Turnip":59,"Black Star":45,"Art of War":80,"StrikeDummy":96,"FossilizedHelix":67,"Toy Ornithopter":85}],"Toy Ornithopter":0},"card_choices":[{"not_picked":["True Grit","Fire Breathing","Havoc"],"picked":"SKIP","floor":6},{"not_picked":["Combust","Intimidate","Wild Strike"],"picked":"SKIP","floor":8},{"not_picked":["Second Wind","Wild Strike","Flame Barrier"],"picked":"SKIP","floor":11},{"not_picked":["Perfected Strike","Armaments","Whirlwind"],"picked":"SKIP","floor":12},{"not_picked":["Wild Strike","Uppercut","Intimidate"],"picked":"SKIP","floor":24},{"not_picked":["Hemokinesis","Wild Strike","Headbutt"],"picked":"SKIP","floor":31},{"not_picked":["Cleave","Carnage","Perfected Strike"],"picked":"SKIP","floor":40},{"not_picked":["Cleave","Double Tap"],"picked":"Feel No Pain","floor":41},{"not_picked":["Thunderclap","Inflame+1","Whirlwind"],"picked":"SKIP","floor":42},{"not_picked":["Uppercut+1","Clash+1"],"picked":"Shrug It Off+1","floor":44},{"not_picked":["Pommel Strike","Twin Strike","Fiend Fire"],"picked":"SKIP","floor":47},{"not_picked":["Flex","Headbutt","Blood for Blood"],"picked":"SKIP","floor":55}],"player_experience":1800139,"relics_obtained":[{"floor":1,"key":"Akabeko"},{"floor":4,"key":"Strawberry"},{"floor":6,"key":"Gambling Chip"},{"floor":7,"key":"Tiny Chest"},{"floor":8,"key":"Bronze Scales"},{"floor":9,"key":"Smiling Mask"},{"floor":10,"key":"Oddly Smooth Stone"},{"floor":11,"key":"Regal Pillow"},{"floor":13,"key":"Blood Vial"},{"floor":18,"key":"Prayer Wheel"},{"floor":22,"key":"Anchor"},{"floor":24,"key":"Dream Catcher"},{"floor":24,"key":"Gremlin Horn"},{"floor":26,"key":"PreservedInsect"},{"floor":28,"key":"Potion Belt"},{"floor":30,"key":"Magic Flower"},{"floor":31,"key":"Turnip"},{"floor":31,"key":"Ornamental Fan"},{"floor":35,"key":"MawBank"},{"floor":36,"key":"FossilizedHelix"},{"floor":39,"key":"Blue Candle"},{"floor":40,"key":"Incense Burner"},{"floor":40,"key":"Whetstone"},{"floor":41,"key":"Pantograph"},{"floor":41,"key":"Ice Cream"},{"floor":42,"key":"Lantern"},{"floor":42,"key":"Du-Vu Doll"},{"floor":43,"key":"Letter Opener"},{"floor":44,"key":"Happy Flower"},{"floor":44,"key":"Art of War"},{"floor":45,"key":"CeramicFish"},{"floor":47,"key":"Ancient Tea Set"},{"floor":47,"key":"Toy Ornithopter"},{"floor":48,"key":"Boot"},{"floor":55,"key":"StrikeDummy"},{"floor":55,"key":"War Paint"}],"event_choices":[{"damage_healed":0,"gold_gain":0,"player_choice":"Entered Light","damage_taken":23,"max_hp_gain":0,"max_hp_loss":0,"event_name":"Shining Light","floor":2,"gold_loss":0,"cards_upgraded":["Armaments","Body Slam"]},{"damage_healed":0,"gold_gain":0,"player_choice":"Ignored","damage_taken":0,"max_hp_gain":0,"max_hp_loss":0,"event_name":"Liars Game","floor":3,"gold_loss":0},{"cards_removed":["Armaments"],"damage_healed":0,"gold_gain":0,"player_choice":"Elegance","damage_taken":0,"max_hp_gain":0,"max_hp_loss":0,"event_name":"Back to Basics","floor":19,"gold_loss":0},{"damage_healed":0,"gold_gain":50,"player_choice":"Stole From Cult","damage_taken":0,"max_hp_gain":0,"max_hp_loss":0,"event_name":"Nest","floor":20,"gold_loss":0},{"cards_removed":["Seeing Red"],"damage_healed":0,"gold_gain":0,"player_choice":"Offered Uncommon","damage_taken":0,"max_hp_gain":0,"max_hp_loss":0,"event_name":"Bonfire Elementals","floor":38,"gold_loss":0}],"is_beta":false,"boss_relics":[{"not_picked":["Runic Dome","Black Blood"],"picked":"Black Star"},{"not_picked":["Snecko Eye","Empty Cage","Sozu"]}],"items_purged_floors":[5,14,21],"is_endless":false,"potions_floor_spawned":[1,4,8,11,12,13,22,24,30,33,35,39,40,45,47,55],"ascension_level":20}}