{"host":"Tylorde","time":1613875313,"event":{"mods":["BaseMod","Minty Spire (QoL Compilation)","Weighted Paths"],"gold_per_floor":[112,85,102,115,132,132,144,144,144,144,144,144,179,194,194,299,299,315,230,230,241,241,274,274,307,387,406,11,11,11,27,27,124,124,141,141,36,46,62,94,113,113,113,113,140,190,202,233,233,233,233,233,43,76,76],"floor_reached":56,"language":"ENG","playtime":7436,"items_purged":[],"score":1723,"play_id":"4ee8a184-b8ab-4aa8-a97d-a8d23c71fa8c","local_time":"20210220184153","is_ascension_mode":true,"campfire_choices":[{"data":"Poisoned Stab","floor":6.0,"key":"SMITH"},{"data":"Noxious Fumes","floor":8.0,"key":"SMITH"},{"data":"Choke","floor":10.0,"key":"SMITH"},{"data":"Leg Sweep","floor":12.0,"key":"SMITH"},{"floor":15.0,"key":"REST"},{"data":"Footwork","floor":30.0,"key":"SMITH"},{"data":"Skewer","floor":32.0,"key":"SMITH"},{"floor":42,"key":"RECALL"},{"data":"Concentrate","floor":49,"key":"SMITH"},{"data":"Adrenaline","floor":52,"key":"SMITH"}],"circlet_count":0,"master_deck":["AscendersBane","Survivor","Neutralize","Dagger Spray","Leg Sweep+1","Poisoned Stab+1","Choke+1","Noxious Fumes+1","Die Die Die","Malaise","Sucker Punch","Footwork+1","Heel Hook","Skewer+1","Reflex","Caltrops","Dodge and Roll","Concentrate+1","Grand Finale","Backflip","Well Laid Plans","RitualDagger","Adrenaline+1","Expertise","Blur","Prepared","Dash","Backflip+1","PiercingWail","Deflect","Prepared+1","Wraith Form v2","Footwork"],"relics":["Runic Dome","Bottled Flame","Vajra","Pandora\u0027s Box","Darkstone Periapt","Tingsha","Paper Crane","Lee\u0027s Waffle","Mummified Hand","MutagenicStrength","Runic Pyramid","Orichalcum","White Beast Statue","Gambling Chip","Dead Branch","Pear","OrangePellets","Bag of Marbles"],"acts_visited":["Exordium","TheCity","TheBeyond","TheEnding"],"potions_floor_usage":[40,48,50,55,55],"damage_taken":[{"damage":4.0,"enemies":"Small Slimes","floor":1.0,"turns":4.0},{"damage":0.0,"enemies":"2 Louse","floor":3.0,"turns":3.0},{"damage":7.0,"enemies":"Jaw Worm","floor":4.0,"turns":4.0},{"damage":0.0,"enemies":"Exordium Thugs","floor":5.0,"turns":5.0},{"damage":0.0,"enemies":"2 Fungi Beasts","floor":7.0,"turns":3.0},{"damage":12.0,"enemies":"Lagavulin","floor":13.0,"turns":7.0},{"damage":2.0,"enemies":"3 Louse","floor":14.0,"turns":2.0},{"damage":7.0,"enemies":"The Guardian","floor":16.0,"turns":8.0},{"damage":3.0,"enemies":"Chosen","floor":18.0,"turns":6.0},{"damage":8.0,"enemies":"3 Byrds","floor":21.0,"turns":3.0},{"damage":15.0,"enemies":"Book of Stabbing","floor":23.0,"turns":6.0},{"damage":13.0,"enemies":"Gremlin Leader","floor":25.0,"turns":8.0},{"damage":8.0,"enemies":"Cultist and Chosen","floor":27.0,"turns":4.0},{"damage":0.0,"enemies":"3 Cultists","floor":31.0,"turns":3.0},{"damage":34,"enemies":"Collector","floor":33,"turns":13},{"damage":15,"enemies":"3 Shapes","floor":35,"turns":4},{"damage":16,"enemies":"Orb Walker","floor":38,"turns":3},{"damage":0,"enemies":"Transient","floor":39,"turns":5},{"damage":2,"enemies":"Giant Head","floor":40,"turns":11},{"damage":17,"enemies":"3 Darklings","floor":41,"turns":5},{"damage":4,"enemies":"Nemesis","floor":45,"turns":5},{"damage":9,"enemies":"2 Orb Walkers","floor":46,"turns":5},{"damage":0,"enemies":"Jaw Worm Horde","floor":47,"turns":3},{"damage":15,"enemies":"Giant Head","floor":48,"turns":10},{"damage":11,"enemies":"Time Eater","floor":50,"turns":12},{"damage":17,"enemies":"Shield and Spear","floor":54,"turns":7},{"damage":49,"enemies":"The Heart","floor":55,"turns":8}],"seed_played":"-237896926239053434","potions_obtained":[{"floor":3.0,"key":"CultistPotion"},{"floor":4.0,"key":"FairyPotion"},{"floor":16.0,"key":"Fire Potion"},{"floor":18.0,"key":"SteroidPotion"},{"floor":38,"key":"PowerPotion"},{"floor":41,"key":"SkillPotion"},{"floor":46,"key":"Swift Potion"},{"floor":48,"key":"Dexterity Potion"},{"floor":54,"key":"Block Potion"}],"is_trial":false,"path_per_floor":["M","?","M","M","M","R","M","R","T","R","?","R","E","M","R","B",null,"M","?","?","M","?","E","?","E","T","M","$","?","R","M","R","B",null,"M","?","$","M","M","E","M","R","T","?","E","?","M","E","R","B",null,"R","$","E","B",null],"character_chosen":"THE_SILENT","items_purchased":["Lee\u0027s Waffle","Mummified Hand","GhostInAJar","OrangePellets","Footwork"],"campfire_rested":1,"item_purchase_floors":[28,28,37,53,53],"current_hp_per_floor":[59,59,59,52,52,52,52,52,52,52,38,38,26,24,45,38,62,59,59,46,38,38,23,17,4,4,22,82,82,82,82,82,48,74,59,59,59,43,43,41,24,24,24,72,68,59,59,54,54,43,72,72,72,55,6],"gold":76,"neow_bonus":"BOSS_RELIC","is_daily":false,"chose_seed":false,"campfire_upgraded":8,"win_rate":0.0,"timestamp":1613875313,"path_taken":["M","?","M","M","M","R","M","R","T","R","?","R","E","M","R","BOSS","M","?","?","?","?","E","?","E","T","M","$","?","R","M","R","BOSS","M","?","?","M","?","E","M","R","T","?","E","?","M","E","R","BOSS","R","$","E","BOSS"],"items_purchased_type":["Relic","Relic","Potion","Relic","Card"],"build_version":"2020-12-18","purchased_purges":0,"victory":true,"max_hp_per_floor":[70,70,70,70,70,70,70,70,70,70,70,70,70,70,70,70,70,70,70,75,75,75,75,75,75,75,75,82,82,82,82,82,82,82,82,82,82,82,82,82,82,82,82,72,72,72,72,82,82,82,82,82,82,82,82],"card_choices":[{"not_picked":["Cloak And Dagger","Well Laid Plans"],"picked":"Dagger Spray","floor":1.0},{"not_picked":["Blade Dance","Dagger Spray"],"picked":"Leg Sweep","floor":3.0},{"not_picked":["Backflip","Deflect"],"picked":"Poisoned Stab","floor":4.0},{"not_picked":["Cloak And Dagger","Bane"],"picked":"Choke","floor":5.0},{"not_picked":["Slice","Reflex"],"picked":"Noxious Fumes","floor":7.0},{"not_picked":["Underhanded Strike","Slice","Flechettes"],"picked":"SKIP","floor":13.0},{"not_picked":["Slice","Bane"],"picked":"Die Die Die","floor":14.0},{"not_picked":["Unload","Storm of Steel"],"picked":"Malaise","floor":16.0},{"not_picked":["Choke","Bane+1","Deflect"],"picked":"SKIP","floor":18.0},{"not_picked":["Slice","Bane","Infinite Blades+1"],"picked":"SKIP","floor":21.0},{"not_picked":["Accuracy+1","Underhanded Strike"],"picked":"Well Laid Plans","floor":23.0},{"not_picked":["Night Terror","Deadly Poison"],"picked":"Adrenaline","floor":25.0},{"not_picked":["Outmaneuver+1","Cloak And Dagger"],"picked":"Expertise","floor":27.0},{"not_picked":["Quick Slash","Slice"],"picked":"Blur","floor":31.0},{"not_picked":["Riddle With Holes","Underhanded Strike+1"],"picked":"Prepared","floor":35},{"not_picked":["Deadly Poison","Setup+1"],"picked":"Backflip+1","floor":38},{"not_picked":["Bouncing Flask+1","Outmaneuver+1"],"picked":"PiercingWail","floor":39},{"not_picked":["Underhanded Strike+1","Dagger Spray+1"],"picked":"Deflect","floor":40},{"not_picked":["Die Die Die","Bane","Concentrate"],"picked":"SKIP","floor":41},{"not_picked":["Backstab","PiercingWail","Flying Knee"],"picked":"SKIP","floor":45},{"not_picked":["Leg Sweep+1","Dash+1"],"picked":"Prepared+1","floor":46},{"not_picked":["Leg Sweep","Setup","Slice+1"],"picked":"SKIP","floor":47},{"not_picked":["All Out Attack+1","Bouncing Flask"],"picked":"Wraith Form v2","floor":48},{"not_picked":["Blur","Slice","Flechettes"],"picked":"SKIP","floor":54}],"player_experience":882140,"relics_obtained":[{"floor":9.0,"key":"Bottled Flame"},{"floor":13.0,"key":"Vajra"},{"floor":23.0,"key":"Tingsha"},{"floor":25.0,"key":"Paper Crane"},{"floor":40,"key":"Orichalcum"},{"floor":43,"key":"White Beast Statue"},{"floor":45,"key":"Gambling Chip"},{"floor":46,"key":"Dead Branch"},{"floor":48,"key":"Pear"},{"floor":54,"key":"Bag of Marbles"}],"event_choices":[{"damage_healed":0.0,"max_hp_gain":0.0,"max_hp_loss":0.0,"gold_gain":0.0,"event_name":"World of Goop","player_choice":"Left Gold","floor":2.0,"gold_loss":27.0,"damage_taken":0.0},{"damage_healed":0.0,"max_hp_gain":0.0,"max_hp_loss":0.0,"gold_gain":0.0,"event_name":"Shining Light","player_choice":"Entered Light","floor":11.0,"gold_loss":0.0,"damage_taken":14.0,"cards_upgraded":["Defend_G","Strike_G"]},{"damage_healed":0.0,"max_hp_gain":0.0,"max_hp_loss":0.0,"gold_gain":0.0,"event_name":"Addict","player_choice":"Obtained Relic","floor":19.0,"gold_loss":85.0,"damage_taken":0.0,"relics_obtained":["Darkstone Periapt"]},{"damage_healed":0.0,"max_hp_gain":5.0,"max_hp_loss":0.0,"gold_gain":0.0,"event_name":"Forgotten Altar","player_choice":"Shed Blood","floor":20.0,"gold_loss":0.0,"damage_taken":18.0},{"damage_healed":0.0,"max_hp_gain":0.0,"max_hp_loss":0.0,"gold_gain":0.0,"event_name":"The Library","player_choice":"Read","floor":22.0,"gold_loss":0.0,"damage_taken":0.0,"cards_obtained":["Backflip"]},{"damage_healed":0.0,"max_hp_gain":0.0,"max_hp_loss":0.0,"gold_gain":0.0,"event_name":"Nest","player_choice":"Joined the Cult","floor":24.0,"gold_loss":0.0,"damage_taken":6.0,"cards_obtained":["RitualDagger"]},{"damage_healed":0.0,"max_hp_gain":0.0,"max_hp_loss":0.0,"gold_gain":0.0,"event_name":"Drug Dealer","player_choice":"Inject Mutagens","floor":29.0,"gold_loss":0.0,"damage_taken":0.0,"relics_obtained":["MutagenicStrength"]},{"damage_healed":0,"gold_gain":0,"cards_transformed":["Setup"],"player_choice":"Transformed","damage_taken":0,"max_hp_gain":0,"max_hp_loss":0,"event_name":"Transmorgrifier","floor":36,"gold_loss":0,"cards_obtained":["Dash"]},{"damage_healed":72,"gold_gain":0,"player_choice":"Heal","damage_taken":0,"max_hp_gain":0,"max_hp_loss":10,"event_name":"The Moai Head","floor":44,"gold_loss":0},{"damage_healed":0,"gold_gain":0,"player_choice":"Fight","damage_taken":0,"max_hp_gain":0,"max_hp_loss":0,"event_name":"Mysterious Sphere","floor":46,"gold_loss":0}],"is_beta":true,"boss_relics":[{"not_picked":["Busted Crown","SlaversCollar"],"picked":"Pandora\u0027s Box"},{"not_picked":["Tiny House","Philosopher\u0027s Stone"],"picked":"Runic Pyramid"}],"items_purged_floors":[],"is_endless":false,"potions_floor_spawned":[3,4,14,16,18,38,39,41,45,46,47,48,54],"ascension_level":11}}