{"host":"430uhlt86khcpuzd","time":1613870742,"event":{"mods":["2.2 Compatiblity","Act Like it!","Aspiration","BaseMod","Bestiary","Better Third Choice","Colored Powertips","Conspire","Curses Come First","Dark Map","Energized Spire","Googly Eyes","Halation","Hubris","Infinite Spire","Minty Spire (QoL Compilation)","Rare Cards Sparkle","Relic Filter","Relic Sorter","Relic Stats","Reliquary","Replay The Spire","Small Relic Pack","StSLib","The Blue Laboratory","The Exalted","The Forsaken","Wide Potions"],"gold_per_floor":[111,122,122,147,147,147,172,172,195,222,234,246,259,273,273,370,370,382,394,411,411,411,411,411,411],"floor_reached":24,"language":"ENG","playtime":1946,"items_purged":[],"score":208,"play_id":"eb55ba41-b94c-46b9-9373-4714fa470dc4","local_time":"20210220182542","is_ascension_mode":false,"campfire_choices":[{"data":"theForsaken:Smite","floor":6,"key":"SMITH"},{"floor":15,"key":"REST"},{"floor":23,"key":"REST"}],"circlet_count":0,"master_deck":["theForsaken:TheForsaken_Strike","theForsaken:TheForsaken_Strike","theForsaken:TheForsaken_Strike","theForsaken:TheForsaken_Strike","theForsaken:TheForsaken_Defend","theForsaken:TheForsaken_Defend","theForsaken:TheForsaken_Defend","theForsaken:TheForsaken_Defend","theForsaken:Smite+1","theForsaken:Penitence","theForsaken:PreciseStrike","theForsaken:QuickAttack","theForsaken:AncientWords","theForsaken:ShieldCharge+1","theForsaken:Purification+1","theForsaken:BountifulSunlight","theForsaken:HymnOfPatience","theForsaken:HymnOfRest","theForsaken:Thunderbolt+1","theForsaken:FountainOfLife","theForsaken:StoreUp","theForsaken:MagicWeapon","theForsaken:StoreUp","infinitespire:Punishment+1"],"relics":["theForsaken:JudgementScales","NeowsBlessing","Snack Pack","Molten Egg 2","reliquary:PorcupineQuills","reliquary:Aerogel","conspire:DecoderRing","Replay:Bronze Core","theForsaken:HumbleEgg","theForsaken:ArmorOfThorns","Bromod:ArcaneFury"],"acts_visited":["Exordium","TheCity"],"potions_floor_usage":[7,12,16,18,20,24,24,24],"damage_taken":[{"damage":0,"enemies":"infinitespire:Voidling","floor":1,"turns":1},{"damage":0,"enemies":"Jaw Worm","floor":2,"turns":1},{"damage":0,"enemies":"conspire:MimicChest","floor":4,"turns":1},{"damage":25,"enemies":"Replay:BlueRogue","floor":7,"turns":6},{"damage":24,"enemies":"Lagavulin","floor":10,"turns":5},{"damage":1,"enemies":"conspire:RoseBush","floor":11,"turns":3},{"damage":2,"enemies":"Blue Slaver","floor":12,"turns":2},{"damage":1,"enemies":"2 Fungi Beasts","floor":13,"turns":2},{"damage":9,"enemies":"Exordium Thugs","floor":14,"turns":4},{"damage":41,"enemies":"Slime Boss","floor":16,"turns":7},{"damage":0,"enemies":"3 Byrds","floor":18,"turns":3},{"damage":25,"enemies":"Spheric Guardian","floor":19,"turns":4},{"damage":21,"enemies":"Shelled Parasite and Fungi","floor":20,"turns":3},{"damage":77,"enemies":"Nightmare","floor":24,"turns":5}],"seed_played":"-2982195704347048402","potions_obtained":[{"floor":4,"key":"blueLaboratory:FrostheartPotion"},{"floor":10,"key":"Adrenaline Potion"},{"floor":12,"key":"blueLaboratory:BottleOfRum"},{"floor":13,"key":"DistilledChaos"},{"floor":14,"key":"Elixir"},{"floor":16,"key":"Block Potion"},{"floor":19,"key":"SkillPotion"},{"floor":20,"key":"Block Potion"}],"is_trial":false,"path_per_floor":["M","M","$","?","?","R","E","?","T","E","M","M","M","M","R","B",null,"M","M","M","T","AVR","R","NM"],"character_chosen":"THE_FORSAKEN","items_purchased":[],"campfire_rested":2,"item_purchase_floors":[],"current_hp_per_floor":[65,65,65,65,65,65,50,50,50,42,44,46,47,45,64,45,65,67,47,31,31,31,51,0,0],"gold":411,"neow_bonus":"THREE_ENEMY_KILL","is_daily":false,"chose_seed":false,"campfire_upgraded":1,"win_rate":0.0,"timestamp":1613870742,"path_taken":["M","?","$","?","?","R","E","?","T","E","M","M","?","M","R","BOSS","M","M","M","?","AVR","R","NM"],"items_purchased_type":[],"build_version":"2020-12-22","purchased_purges":0,"victory":false,"max_hp_per_floor":[65,65,65,65,65,65,65,65,65,65,65,65,65,65,65,65,65,67,67,67,67,67,67,67,67],"relic_stats":{"counters":[14,47],"obtain_stats":[{"theForsaken:HumbleEgg":21,"reliquary:PorcupineQuills":7,"NeowsBlessing":0,"reliquary:Aerogel":9,"conspire:DecoderRing":10,"Replay:Bronze Core":17,"Molten Egg 2":5,"theForsaken:ArmorOfThorns":22,"Snack Pack":4,"theForsaken:JudgementScales":0,"Bromod:ArcaneFury":22},{"theForsaken:HumbleEgg":13,"reliquary:PorcupineQuills":4,"NeowsBlessing":0,"reliquary:Aerogel":4,"conspire:DecoderRing":5,"Replay:Bronze Core":10,"Molten Egg 2":3,"theForsaken:ArmorOfThorns":13,"Snack Pack":3,"theForsaken:JudgementScales":0,"Bromod:ArcaneFury":13},{"theForsaken:HumbleEgg":42,"reliquary:PorcupineQuills":9,"NeowsBlessing":0,"reliquary:Aerogel":9,"conspire:DecoderRing":14,"Replay:Bronze Core":32,"Molten Egg 2":3,"theForsaken:ArmorOfThorns":42,"Snack Pack":3,"theForsaken:JudgementScales":0,"Bromod:ArcaneFury":42}]},"card_choices":[{"not_picked":["theForsaken:RainingSunlight","theForsaken:BindingThorns"],"picked":"theForsaken:PreciseStrike","floor":1},{"not_picked":["theForsaken:HorrifyingStrike","theForsaken:ScorchingSunlight"],"picked":"theForsaken:QuickAttack","floor":2},{"not_picked":["theForsaken:Thunderbolt","theForsaken:DarkBarrier"],"picked":"theForsaken:AncientWords","floor":4},{"not_picked":["theForsaken:HealingLight","theForsaken:CreepingInfection"],"picked":"theForsaken:ShieldCharge+1","floor":7},{"not_picked":["theForsaken:PowerUp","theForsaken:PanicDive"],"picked":"theForsaken:Purification+1","floor":10},{"not_picked":["theForsaken:WordOfPower+1","theForsaken:DarkBarrier"],"picked":"theForsaken:BountifulSunlight","floor":11},{"not_picked":["theForsaken:DarkBarrier","theForsaken:FatRoll"],"picked":"theForsaken:HymnOfPatience","floor":12},{"not_picked":["theForsaken:NobleSacrifice","theForsaken:Thunderbolt+1"],"picked":"theForsaken:HymnOfRest","floor":13},{"not_picked":["theForsaken:HymnOfPatience","theForsaken:ShieldBash+1"],"picked":"theForsaken:Thunderbolt+1","floor":14},{"not_picked":["theForsaken:Horror","theForsaken:TearsOfSunlight"],"picked":"theForsaken:FountainOfLife","floor":16},{"not_picked":["theForsaken:HymnOfPatience","theForsaken:Parry"],"picked":"theForsaken:StoreUp","floor":18},{"not_picked":["theForsaken:RainingSunlight+1","theForsaken:BlessedWeapon"],"picked":"theForsaken:MagicWeapon","floor":19},{"not_picked":["theForsaken:HorrifyingStrike+1","theForsaken:DarkBargain+1"],"picked":"theForsaken:StoreUp","floor":20}],"player_experience":550593,"relics_obtained":[{"floor":4,"key":"Snack Pack"},{"floor":7,"key":"reliquary:PorcupineQuills"},{"floor":9,"key":"reliquary:Aerogel"},{"floor":10,"key":"conspire:DecoderRing"},{"floor":21,"key":"theForsaken:HumbleEgg"}],"event_choices":[{"cards_removed":["Injury"],"damage_healed":0,"gold_gain":0,"player_choice":"Removed Curses","damage_taken":0,"max_hp_gain":0,"max_hp_loss":0,"event_name":"Fountain of Cleansing","floor":8,"gold_loss":0}],"is_beta":false,"boss_relics":[{"not_picked":["theForsaken:ScalesOfTruth","ReplayTheSpireMod:SealedPack"],"picked":"Replay:Bronze Core"}],"items_purged_floors":[],"is_endless":true,"potions_floor_spawned":[4,10,12,13,14,16,19,20],"killed_by":"Nightmare","ascension_level":0}}