{"host":"k0cm6nn9mnmji9h1","time":1613900283,"event":{"mods":["2.2 Compatiblity","AchievementEnabler","BaseMod","Colored Map","DeckTracker","Gremlin Skip","Highlight Path","Lobotomy","Minty Spire (QoL Compilation)","Permanent Neow","StSLib","Waifu the Spire"],"gold_per_floor":[109,119,69,89,140,140,140],"floor_reached":6,"language":"KOR","playtime":191,"items_purged":[],"score":36,"play_id":"8e76f761-ae81-44c6-bbdd-8c4d39d80b95","local_time":"20210221183803","is_ascension_mode":false,"campfire_choices":[],"circlet_count":0,"master_deck":["Strike_R","Strike_R","Strike_R","Strike_R","Defend_R","Defend_R","Defend_R","Defend_R","Bash","Funeral","Wellcheers","UniverseFragment","Searing Blow"],"relics":["Burning Blood","CogitoBucket","Dream Catcher"],"acts_visited":["Exordium"],"potions_floor_usage":[],"damage_taken":[{"damage":6,"enemies":"Jaw Worm","floor":1,"turns":3},{"damage":2,"enemies":"2 Louse","floor":2,"turns":3},{"damage":0,"enemies":"Small Slimes","floor":4,"turns":3},{"damage":0,"enemies":"3 Sentries","floor":6,"turns":2}],"seed_played":"3973353697895991293","potions_obtained":[{"floor":2,"key":"DistilledChaos"}],"is_trial":false,"path_per_floor":["M","M","?","M","T","E"],"character_chosen":"IRONCLAD","items_purchased":[],"campfire_rested":0,"item_purchase_floors":[],"current_hp_per_floor":[80,80,80,80,80,80,80],"gold":140,"neow_bonus":"","is_daily":false,"chose_seed":false,"campfire_upgraded":0,"win_rate":0.0,"timestamp":1613900283,"path_taken":["M","M","?","M","?","E"],"items_purchased_type":[],"build_version":"2020-12-22","purchased_purges":0,"victory":false,"max_hp_per_floor":[80,80,80,80,80,80,80],"card_choices":[{"not_picked":["MHz","RedShoes"],"picked":"Funeral","floor":1},{"not_picked":["Rage","Rupture"],"picked":"Disarm","floor":1},{"not_picked":["Bloodbath","VoidDream"],"picked":"Wellcheers","floor":2},{"not_picked":["Warcry","Havoc"],"picked":"Infernal Blade","floor":2},{"not_picked":["VoidDream","BigBird"],"picked":"UniverseFragment","floor":4},{"not_picked":["Power Through","Body Slam"],"picked":"Searing Blow","floor":4}],"player_experience":531516,"relics_obtained":[{"floor":5,"key":"Dream Catcher"}],"event_choices":[{"cards_removed":["Strike_R"],"damage_healed":0,"gold_gain":0,"player_choice":"Card Removal","damage_taken":0,"max_hp_gain":0,"max_hp_loss":0,"event_name":"The Cleric","floor":3,"gold_loss":50}],"is_beta":false,"boss_relics":[],"items_purged_floors":[],"is_endless":false,"potions_floor_spawned":[2],"killed_by":"3 Sentries","ascension_level":0}}