{"host":"p48otulg9rbkrcsk","time":1613892307,"event":{"mods":["BaseMod","Colored Map","Minty Spire (QoL Compilation)","Quick Restart","StSLib","The Administrix","The Animator","[功能]功能增强和修复MOD"],"gold_per_floor":[112,104,119,33,49,49,44,44,44,79,91,103,115,157,169,276,288,316,340,332,348,333,333,362,397,397,415,440,440,440,463,463,570,570,588,548,538,1537,1537,1537,1571,1571,1571,1605,1590,1590,1617,1617,1617,1617],"floor_reached":51,"language":"ZHS","playtime":2793,"items_purged":["animator:Strike","animator:Strike","animator:Defend_Overlord","animator:Strike_Overlord","animator:Strike_MadokaMagica","animator:PandorasActor","animator:Demiurge","animator:Albedo+1","animator:Defend_Konosuba","animator:Defend_HitsugiNoChaika","animator:Ainz+1","animator:DolaStephanie+1","Normality","animator:IzunaHatsuse+1","animator:Albedo"],"score":1113,"play_id":"2461252c-8e8b-4c4c-a99d-8c81e185d8ff","local_time":"20210221152507","is_ascension_mode":true,"campfire_choices":[{"data":"animator:Albedo","floor":6.0,"key":"SMITH"},{"data":"animator:GazelDwargon","floor":8.0,"key":"SMITH"},{"data":"animator:Lu","floor":11.0,"key":"SMITH"},{"data":"animator:Ciel","floor":13.0,"key":"SMITH"},{"data":"animator:Ciel","floor":15.0,"key":"SMITH"},{"data":"animator:Ainz","floor":23.0,"key":"SMITH"},{"data":"animator:Cocytus","floor":29.0,"key":"SMITH"},{"floor":32.0,"key":"RECALL"},{"data":"animator:Ara","floor":40,"key":"SMITH"},{"data":"Normality","floor":42,"key":"PURGE"},{"floor":46,"key":"REST"},{"floor":49,"key":"REST"}],"circlet_count":0,"master_deck":["animator:Cocytus+1","animator:Ara+1","animator:GazelDwargon+1","animator:Ciel+1","animator:Lu+1","animator:Ciel+1","animator:Shuna+1","animator:Shuna+1","animator:Shuna+1","animator:Laby+1","animator:Hitei+1"],"relics":["animator:LivingPicture","animator:TheMissingPiece","Membership Card","Tiny Chest","Bronze Scales","Potion Belt","animator:HeavyHalberd","TheAbacus","MawBank","Letter Opener","Black Star","Regal Pillow","Happy Flower","TwistedFunnel","Champion Belt","Peace Pipe","Sling","Toy Ornithopter","Blue Candle","animator:OldCoffin","Smiling Mask","Singing Bowl","Juzu Bracelet","animator:HolyGrailRelic","Frozen Egg 2","Toolbox","Blood Vial","Bottled Tornado","Gremlin Horn","Eternal Feather","Ancient Tea Set","Bag of Marbles","Cauldron","Lantern","Orichalcum","animator:Buoy"],"acts_visited":["Exordium","TheCity","TheBeyond"],"potions_floor_usage":[33,44,50],"damage_taken":[{"damage":7.0,"enemies":"2 Louse","floor":1.0,"turns":3.0},{"damage":6.0,"enemies":"Jaw Worm","floor":3.0,"turns":3.0},{"damage":3.0,"enemies":"Cultist","floor":5.0,"turns":4.0},{"damage":0.0,"enemies":"Lagavulin","floor":10.0,"turns":7.0},{"damage":0.0,"enemies":"Gremlin Nob","floor":14.0,"turns":5.0},{"damage":23.0,"enemies":"Hexaghost","floor":16.0,"turns":8.0},{"damage":8.0,"enemies":"Shell Parasite","floor":18.0,"turns":5.0},{"damage":25.0,"enemies":"3 Byrds","floor":19.0,"turns":5.0},{"damage":0.0,"enemies":"Centurion and Healer","floor":21.0,"turns":5.0},{"damage":3.0,"enemies":"Snake Plant","floor":24.0,"turns":4.0},{"damage":31.0,"enemies":"Slavers","floor":25.0,"turns":4.0},{"damage":0.0,"enemies":"3 Cultists","floor":27.0,"turns":4.0},{"damage":0.0,"enemies":"Book of Stabbing","floor":28.0,"turns":5.0},{"damage":0,"enemies":"Automaton","floor":33,"turns":7},{"damage":0,"enemies":"Orb Walker","floor":35,"turns":3},{"damage":38,"enemies":"Giant Head","floor":41,"turns":13},{"damage":31,"enemies":"Nemesis","floor":44,"turns":11},{"damage":0,"enemies":"Time Eater","floor":50,"turns":11}],"seed_played":"1837485598217082309","potions_obtained":[{"floor":1.0,"key":"SteroidPotion"},{"floor":3.0,"key":"Swift Potion"},{"floor":5.0,"key":"Strength Potion"},{"floor":10.0,"key":"Fruit Juice"},{"floor":10.0,"key":"LiquidBronze"},{"floor":18.0,"key":"animator:FalseLifePotion"},{"floor":21.0,"key":"Block Potion"},{"floor":24.0,"key":"FairyPotion"},{"floor":25.0,"key":"Dexterity Potion"},{"floor":25.0,"key":"Fire Potion"},{"floor":28.0,"key":"Energy Potion"},{"floor":35,"key":"ColorlessPotion"},{"floor":44,"key":"EntropicBrew"},{"floor":45,"key":"Explosive Potion"},{"floor":45,"key":"Block Potion"}],"is_trial":false,"path_per_floor":["M","$","M","?","M","R","$","R","T","E","R","?","R","E","R","B",null,"M","M","$","M","$","R","M","E","T","M","E","R","?","T","R","B",null,"M","?","$","?","?","R","E","R","T","E","$","R","T","?","R","B",null],"character_chosen":"THE_ANIMATOR","items_purchased":["Membership Card","Tiny Chest","Bronze Scales","animator:Albedo","Potion Belt","animator:HeavyHalberd","TheAbacus","animator:PandorasActor","animator:Ciel","animator:Lu","Regal Pillow","Happy Flower","TwistedFunnel","Champion Belt","Peace Pipe","Sling","animator:Ainz","Frozen Egg 2","Toolbox","Blood Vial","animator:Laby+1","Cauldron","Lantern","Orichalcum"],"campfire_rested":2,"item_purchase_floors":[2,2,2,2,7,7,7,7,7,7,20,20,20,22,22,22,22,37,37,37,37,45,45,45],"current_hp_per_floor":[59,59,53,53,50,50,50,50,50,50,50,55,55,55,55,37,76,68,43,43,43,43,43,40,10,10,22,24,24,9,9,9,26,92,91,91,91,91,91,91,52,52,52,28,28,75,75,77,89,86],"gold":1617,"neow_bonus":"REMOVE_CARD","is_daily":false,"chose_seed":false,"campfire_upgraded":8,"win_rate":0.0,"timestamp":1613892307,"path_taken":["M","$","M","?","M","R","$","R","T","E","R","?","R","E","R","BOSS","M","M","$","M","$","R","M","E","T","M","E","R","?","?","R","BOSS","M","?","$","?","?","R","E","R","T","E","$","R","?","?","R","BOSS"],"items_purchased_type":["Relic","Relic","Relic","Card","Relic","Relic","Relic","Card","Card","Card","Relic","Relic","Relic","Relic","Relic","Relic","Card","Relic","Relic","Relic","Card","Relic","Relic","Relic"],"build_version":"2020-12-22","purchased_purges":15,"victory":true,"max_hp_per_floor":[66,66,66,66,66,66,66,66,66,66,66,71,71,71,71,76,76,76,76,76,76,76,76,76,77,77,77,79,79,84,84,84,84,92,91,91,91,91,91,91,90,90,90,87,87,87,87,89,89,86],"card_choices":[{"not_picked":["animator:Emonzaemon","animator:Melzalgald","animator:Tatsumaki"],"picked":"SKIP","floor":1.0},{"not_picked":["animator:Shinoa","animator:Shigure"],"picked":"animator:Ara","floor":3.0},{"not_picked":["animator:Geryuganshoop","animator:HiiragiShinya"],"picked":"animator:GazelDwargon","floor":5.0},{"not_picked":["animator:Togame","animator:PandorasActor"],"picked":"animator:Ciel","floor":14.0},{"not_picked":["animator:Azekura","animator:Geryuganshoop"],"picked":"animator:Shuna+1","floor":18.0},{"not_picked":["animator:Entoma","animator:Sonic","animator:Ain"],"picked":"SKIP","floor":19.0},{"not_picked":["animator:Shion","animator:Millim"],"picked":"animator:Shuna","floor":21.0},{"not_picked":["animator:Azekura","animator:Sonic"],"picked":"animator:DolaStephanie","floor":24.0},{"not_picked":["animator:Yuuichirou","animator:Sonic"],"picked":"animator:IzunaHatsuse+1","floor":25.0},{"not_picked":["animator:Melzalgald","animator:Shigure"],"picked":"animator:Shuna+1","floor":27.0},{"not_picked":["animator:Cocytus","animator:Demiurge","animator:Evileye"],"picked":"Singing Bowl","floor":28.0},{"not_picked":["animator:Boros","animator:HigakiRinne"],"picked":"animator:Albedo","floor":33},{"not_picked":["animator:Konayuki","animator:Yuuichirou+1","animator:Hakurou+1"],"picked":"Singing Bowl","floor":35},{"not_picked":["animator:DolaCouronne","animator:Aisha","animator:ZankiKiguchi+1"],"picked":"Singing Bowl","floor":41},{"not_picked":["animator:KrulTepes","animator:MumenRider"],"picked":"animator:Hitei+1","floor":44},{"not_picked":["animator:MisaKurobane","animator:HarukoHaruhara","animator:MisakiNakahara"],"picked":"Singing Bowl","floor":48}],"player_experience":199114,"relics_obtained":[{"floor":10.0,"key":"MawBank"},{"floor":14.0,"key":"Letter Opener"},{"floor":25.0,"key":"Toy Ornithopter"},{"floor":25.0,"key":"Blue Candle"},{"floor":26.0,"key":"animator:OldCoffin"},{"floor":28.0,"key":"Smiling Mask"},{"floor":28.0,"key":"Singing Bowl"},{"floor":31.0,"key":"Juzu Bracelet"},{"floor":41,"key":"Bottled Tornado"},{"floor":41,"key":"Gremlin Horn"},{"floor":43,"key":"Eternal Feather"},{"floor":44,"key":"Ancient Tea Set"},{"floor":44,"key":"Bag of Marbles"},{"floor":47,"key":"animator:Buoy"}],"event_choices":[{"damage_healed":0.0,"max_hp_gain":5.0,"max_hp_loss":0.0,"gold_gain":0.0,"event_name":"Big Fish","player_choice":"Donut","floor":12.0,"gold_loss":0.0,"damage_taken":0.0},{"damage_healed":0.0,"max_hp_gain":5.0,"max_hp_loss":0.0,"gold_gain":0.0,"event_name":"Forgotten Altar","player_choice":"Shed Blood","floor":30.0,"gold_loss":0.0,"damage_taken":20.0},{"damage_healed":0,"gold_gain":0,"player_choice":"Upgraded Two","damage_taken":0,"max_hp_gain":0,"max_hp_loss":0,"event_name":"Designer","floor":36,"gold_loss":40,"cards_upgraded":["animator:Shuna","animator:DolaStephanie"]},{"damage_healed":0,"gold_gain":999,"player_choice":"Gold","damage_taken":0,"max_hp_gain":0,"max_hp_loss":0,"event_name":"MindBloom","floor":38,"gold_loss":0,"cards_obtained":["Normality","Normality"]},{"damage_healed":0,"gold_gain":0,"player_choice":"Ignored","damage_taken":0,"max_hp_gain":0,"max_hp_loss":0,"event_name":"Tomb of Lord Red Mask","floor":39,"gold_loss":0},{"damage_healed":0,"gold_gain":0,"player_choice":"Memory 1","damage_taken":0,"max_hp_gain":0,"max_hp_loss":0,"event_name":"SensoryStone","floor":48,"gold_loss":0}],"is_beta":false,"boss_relics":[{"not_picked":["SacredBark","Pandora\u0027s Box"],"picked":"Black Star"},{"not_picked":["animator:CursedBlade","animator:CrumblingOrb"],"picked":"animator:HolyGrailRelic"}],"items_purged_floors":[2,2,7,20,20,20,20,22,22,22,37,37,45,45,45],"is_endless":false,"potions_floor_spawned":[1,3,5,10,10,14,18,21,24,24,25,25,25,28,28,35,35,44,44],"ascension_level":1}}