{"host":"f14d6hm2349s9jse","time":1613921968,"event":{"mods":["2.2 Compatiblity","BaseMod","Lobotomy","Minty Spire (QoL Compilation)","StSLib"],"gold_per_floor":[113,126,276,3,3,37,37,49,95,95,95],"floor_reached":10,"language":"ENG","playtime":950,"items_purged":[],"score":132,"play_id":"dc8c6f36-eca6-4791-b34a-a9643f816312","local_time":"20210221103928","is_ascension_mode":true,"campfire_choices":[{"floor":7.0,"key":"REST"}],"circlet_count":0,"master_deck":["AscendersBane","Strike_P","Strike_P","Strike_P","Strike_P","Defend_P","Defend_P","Defend_P","Eruption","Vigilance","PathToVictory","Scorched","Murderer","Doubt","Indignation","Judgement","GalaxyChild","PathToVictory","OSAHOGD"],"relics":["PureWater","CogitoBucket","Frozen Egg 2","Bronze Scales","Regal Pillow"],"acts_visited":["Exordium"],"potions_floor_usage":[],"damage_taken":[{"damage":0.0,"enemies":"Cultist","floor":1.0,"turns":3.0},{"damage":0.0,"enemies":"2 Louse","floor":2.0,"turns":1.0},{"damage":45.0,"enemies":"3 Sentries","floor":6.0,"turns":7.0},{"damage":0.0,"enemies":"Jaw Worm","floor":8.0,"turns":1.0},{"damage":45,"enemies":"Lagavulin","floor":10,"turns":4}],"seed_played":"7273039110911036380","potions_obtained":[{"floor":1.0,"key":"Ancient Potion"}],"is_trial":false,"path_per_floor":["M","M","?","$","?","E","R","M","T","E"],"character_chosen":"WATCHER","items_purchased":["Frozen Egg 2"],"campfire_rested":1,"item_purchase_floors":[4],"current_hp_per_floor":[61,61,61,61,61,16,36,36,36,0,0],"gold":95,"neow_bonus":"","is_daily":false,"chose_seed":false,"campfire_upgraded":0,"win_rate":0.0,"timestamp":1613921968,"path_taken":["M","M","?","$","?","E","R","?","T","E"],"items_purchased_type":["Relic"],"build_version":"2020-12-22","purchased_purges":0,"victory":false,"max_hp_per_floor":[68,68,68,68,68,68,68,68,68,68,68],"card_choices":[{"not_picked":["WreathOfFlame","BowlingBash"],"picked":"PathToVictory","floor":1.0},{"not_picked":["RedShoes","UniverseFragment"],"picked":"Scorched","floor":1.0},{"not_picked":["Funeral","Mercenary"],"picked":"Murderer","floor":2.0},{"not_picked":["Wallop","Evaluate","CrushJoints"],"picked":"SKIP","floor":2.0},{"not_picked":["SignatureMove","EmptyFist"],"picked":"Judgement","floor":6.0},{"not_picked":["PunishingBird","SpiderBud"],"picked":"GalaxyChild","floor":6.0},{"not_picked":["JustLucky","Evaluate"],"picked":"PathToVictory","floor":8.0},{"not_picked":["BeautyBeast","SnowQueen"],"picked":"OSAHOGD","floor":8.0}],"player_experience":2463875,"relics_obtained":[{"floor":6.0,"key":"Bronze Scales"},{"floor":9.0,"key":"Regal Pillow"}],"event_choices":[{"damage_healed":0.0,"max_hp_gain":0.0,"max_hp_loss":0.0,"gold_gain":150.0,"event_name":"Liars Game","player_choice":"AGREE","floor":3.0,"gold_loss":0.0,"damage_taken":0.0,"cards_obtained":["Doubt"]},{"damage_healed":0.0,"max_hp_gain":0.0,"max_hp_loss":0.0,"gold_gain":0.0,"cards_transformed":["Defend_P"],"event_name":"Transmorgrifier","player_choice":"Transformed","floor":5.0,"gold_loss":0.0,"damage_taken":0.0,"cards_obtained":["Indignation"]}],"is_beta":false,"boss_relics":[],"items_purged_floors":[],"is_endless":false,"potions_floor_spawned":[1],"killed_by":"Lagavulin","ascension_level":20}}