{"host":"8d3fefv2347kqkpz","time":1613918614,"event":{"mods":["AchievementEnabler","BaseMod","Better Vampires","BetterRewards","Colored Map","Colored Powertips","Downfall","Emptier Cage","Highlight Path","Marked Mod","Minty Spire (QoL Compilation)","Permanent Neow","Quick Restart","Rare Cards Sparkle","Relic Stats","Say the Spire","Spicy Shops","StSLib","Waifu the Spire"],"gold_per_floor":[111,111,186,205,205,249,249,263,263,263,287,307,326,357,357,487,487,500,46,46,46,46,46,46],"floor_reached":23,"language":"ZHS","playtime":791,"items_purged":["Strike_B"],"score":249,"play_id":"fe1fb4d6-5b8c-4aa1-bd53-940a9a195b39","local_time":"20210221224334","is_ascension_mode":false,"campfire_choices":[{"floor":7.0,"key":"REST"},{"data":"Recycle","floor":10.0,"key":"SMITH"},{"floor":15.0,"key":"REST"}],"circlet_count":0,"master_deck":["Strike_B","Strike_B","Defend_B","Defend_B","Defend_B","Defend_B","Zap","Dualcast","Blizzard","Glacier","Blizzard","Echo Form","Recycle+1","Conserve Battery","Loop"],"relics":["Cracked Core","Golden Idol","Bag of Preparation","Shuriken","Velvet Choker","Peace Pipe"],"acts_visited":["Exordium","TheCity"],"potions_floor_usage":[23],"damage_taken":[{"damage":0.0,"enemies":"2 Louse","floor":1.0,"turns":2.0},{"damage":0.0,"enemies":"Small Slimes","floor":4.0,"turns":5.0},{"damage":22.0,"enemies":"Gremlin Nob","floor":6.0,"turns":6.0},{"damage":0.0,"enemies":"Cultist","floor":8.0,"turns":3.0},{"damage":2.0,"enemies":"Large Slime","floor":11.0,"turns":7.0},{"damage":2.0,"enemies":"Blue Slaver","floor":12.0,"turns":4.0},{"damage":2.0,"enemies":"Exordium Wildlife","floor":13.0,"turns":3.0},{"damage":22.0,"enemies":"3 Sentries","floor":14.0,"turns":7.0},{"damage":0.0,"enemies":"The Guardian","floor":16.0,"turns":12.0},{"damage":8.0,"enemies":"Spheric Guardian","floor":18.0,"turns":6.0},{"damage":69,"enemies":"Book of Stabbing","floor":23,"turns":11}],"seed_played":"-6921935350098735801","potions_obtained":[{"floor":4.0,"key":"AttackPotion"},{"floor":6.0,"key":"Swift Potion"},{"floor":11.0,"key":"Energy Potion"},{"floor":13.0,"key":"Energy Potion"},{"floor":16.0,"key":"Dexterity Potion"}],"is_trial":false,"path_per_floor":["M","?","?","M","?","E","R","M","T","R","M","M","M","E","R","B",null,"M","$","?","?","?","E"],"character_chosen":"DEFECT","items_purchased":["Peace Pipe","Loop"],"campfire_rested":2,"item_purchase_floors":[19,19],"current_hp_per_floor":[75,57,46,46,46,24,46,46,46,46,44,42,40,18,40,40,75,67,67,67,67,67,0,0],"gold":46,"neow_bonus":"THREE_CARDS","is_daily":false,"chose_seed":false,"campfire_upgraded":1,"win_rate":0.0,"timestamp":1613918614,"path_taken":["M","?","?","M","?","E","R","M","T","R","?","M","M","E","R","BOSS","M","$","?","?","?","E"],"items_purchased_type":["Relic","Card"],"build_version":"2020-12-22","purchased_purges":1,"victory":false,"max_hp_per_floor":[75,75,75,75,75,75,75,75,75,75,75,75,75,75,75,75,75,75,75,75,75,75,75,75],"relic_stats":{"Peace Pipe":0,"counters":[11,66],"Golden Idol":64,"Shuriken":[3],"Bag of Preparation":[14],"obtain_stats":[{"Peace Pipe":19,"Golden Idol":2,"Shuriken":14,"Velvet Choker":17,"Bag of Preparation":9,"Cracked Core":0},{"Peace Pipe":10,"Golden Idol":1,"Shuriken":8,"Velvet Choker":9,"Bag of Preparation":4,"Cracked Core":0},{"Peace Pipe":55,"Golden Idol":2,"Shuriken":37,"Velvet Choker":49,"Bag of Preparation":16,"Cracked Core":0}]},"card_choices":[{"not_picked":["Cold Snap","Gash"],"picked":"Blizzard","floor":0.0},{"not_picked":["Barrage","Leap"],"picked":"Glacier","floor":1.0},{"not_picked":["Auto Shields","Ball Lightning"],"picked":"Blizzard","floor":4.0},{"not_picked":["Sweeping Beam","Ball Lightning","Rip and Tear"],"picked":"SKIP","floor":6.0},{"not_picked":["Fusion","Ball Lightning"],"picked":"Recycle","floor":8.0},{"not_picked":["Turbo","Reinforced Body","Static Discharge"],"picked":"SKIP","floor":11.0},{"not_picked":["Gash","Cold Snap"],"picked":"Conserve Battery","floor":12.0},{"not_picked":["Steam Power","Rip and Tear","Static Discharge"],"picked":"SKIP","floor":13.0},{"not_picked":["Hologram","Steam","Static Discharge"],"picked":"SKIP","floor":14.0},{"not_picked":["Turbo","Lockon","Barrage"],"picked":"SKIP","floor":18.0}],"player_experience":503081,"relics_obtained":[{"floor":9.0,"key":"Bag of Preparation"},{"floor":14.0,"key":"Shuriken"}],"event_choices":[{"damage_healed":0.0,"max_hp_gain":0.0,"max_hp_loss":0.0,"gold_gain":0.0,"event_name":"Golden Idol","player_choice":"Take Damage","floor":2.0,"gold_loss":0.0,"damage_taken":18.0,"relics_obtained":["Golden Idol"]},{"damage_healed":0.0,"max_hp_gain":0.0,"max_hp_loss":0.0,"gold_gain":75.0,"event_name":"World of Goop","player_choice":"Gather Gold","floor":3.0,"gold_loss":0.0,"damage_taken":11.0},{"damage_healed":0.0,"max_hp_gain":0.0,"max_hp_loss":0.0,"gold_gain":0.0,"event_name":"Match and Keep!","player_choice":"1 cards matched","floor":5.0,"gold_loss":0.0,"damage_taken":0.0,"cards_obtained":["Echo Form"]},{"damage_healed":0.0,"max_hp_gain":0.0,"max_hp_loss":0.0,"gold_gain":0.0,"event_name":"The Mausoleum","player_choice":"Ignored","floor":20.0,"gold_loss":0.0,"damage_taken":0.0},{"cards_removed":["Strike_B"],"damage_healed":0.0,"max_hp_gain":0.0,"max_hp_loss":0.0,"gold_gain":0.0,"event_name":"Back to Basics","player_choice":"Elegance","floor":21.0,"gold_loss":0.0,"damage_taken":0.0},{"damage_healed":0,"gold_gain":0,"player_choice":"Ignored","damage_taken":0,"max_hp_gain":0,"max_hp_loss":0,"event_name":"Cursed Tome","floor":22,"gold_loss":0}],"is_beta":false,"boss_relics":[{"not_picked":["Runic Dome","SlaversCollar"],"picked":"Velvet Choker"}],"items_purged_floors":[19],"is_endless":false,"potions_floor_spawned":[4,6,11,13,16],"killed_by":"Book of Stabbing","ascension_level":0}}