{"host":"mwb0clku6crgv6yl","time":1613912576,"event":{"mods":["AchievementEnabler","BaseMod","Highlight Path","Minty Spire (QoL Compilation)","StSLib","The Cursed"],"gold_per_floor":[119,119,136,61,80,80,111,134,169,181,143,175,200,244,256,368,380,407,344,356,379,403,415,462,474,562,586,137,163,179,179,179,277,277,288,338,338,358,268,284,298,312,365,365,737,449,449,460,460,460,460,460,89,124,124],"floor_reached":56,"language":"ZHS","playtime":2604,"items_purged":["Pain","Strike_P","Defend_P","Defend_P"],"score":1424,"play_id":"e95af84f-8013-4c72-9a4d-c2cdc00408c1","local_time":"20210221210256","is_ascension_mode":false,"campfire_choices":[{"data":"Eruption","floor":6.0,"key":"SMITH"},{"data":"PathToVictory","floor":15.0,"key":"SMITH"},{"data":"Vault","floor":25.0,"key":"SMITH"},{"data":"Thinking Ahead","floor":32.0,"key":"SMITH"},{"data":"Ghostly","floor":44.0,"key":"SMITH"},{"floor":49,"key":"RECALL"},{"data":"Apotheosis","floor":52,"key":"SMITH"}],"circlet_count":0,"master_deck":["Strike_P+1","Eruption+1","Vigilance","PathToVictory+1","Sanctity","Meditate","CarveReality+1","Vault+1","CurseOfTheBell","PathToVictory","EmptyMind","Thinking Ahead+1","PathToVictory","PathToVictory+1","PathToVictory","Ghostly","Ghostly","Ghostly+1","Ghostly","Ghostly+1","Scrawl","Apotheosis+1"],"relics":["Philosopher\u0027s Stone","WarpedTongs","MawBank","PreservedInsect","Whetstone","Calling Bell","Blood Vial","TeardropLocket","Incense Burner","Mummified Hand","Kunai","DollysMirror","Bottled Flame","Runic Pyramid","Thread and Needle","Old Coin","Strawberry","Pen Nib","Ornamental Fan"],"acts_visited":["Exordium","TheCity","TheBeyond","TheEnding"],"potions_floor_usage":[50,55,55,55],"damage_taken":[{"damage":0.0,"enemies":"2 Louse","floor":1.0,"turns":2.0},{"damage":1.0,"enemies":"Cultist","floor":3.0,"turns":2.0},{"damage":7.0,"enemies":"Jaw Worm","floor":5.0,"turns":4.0},{"damage":10.0,"enemies":"Lagavulin","floor":7.0,"turns":5.0},{"damage":0.0,"enemies":"Exordium Wildlife","floor":8.0,"turns":3.0},{"damage":0.0,"enemies":"Large Slime","floor":12.0,"turns":5.0},{"damage":0.0,"enemies":"Red Slaver","floor":13.0,"turns":3.0},{"damage":9.0,"enemies":"Gremlin Nob","floor":14.0,"turns":3.0},{"damage":0.0,"enemies":"Slime Boss","floor":16.0,"turns":7.0},{"damage":14.0,"enemies":"2 Thieves","floor":18.0,"turns":5.0},{"damage":0.0,"enemies":"Shell Parasite","floor":21.0,"turns":3.0},{"damage":6.0,"enemies":"Sentry and Sphere","floor":22.0,"turns":4.0},{"damage":8.0,"enemies":"Book of Stabbing","floor":24.0,"turns":5.0},{"damage":11.0,"enemies":"Snecko","floor":27.0,"turns":4.0},{"damage":16.0,"enemies":"Slavers","floor":29.0,"turns":3.0},{"damage":9.0,"enemies":"Centurion and Healer","floor":30.0,"turns":3.0},{"damage":0.0,"enemies":"Collector","floor":33.0,"turns":6.0},{"damage":0.0,"enemies":"3 Shapes","floor":35.0,"turns":2.0},{"damage":0.0,"enemies":"Mind Bloom Boss Battle","floor":36.0,"turns":4.0},{"damage":0.0,"enemies":"3 Darklings","floor":38.0,"turns":5.0},{"damage":0.0,"enemies":"Spire Growth","floor":40.0,"turns":4.0},{"damage":0.0,"enemies":"4 Shapes","floor":41.0,"turns":5.0},{"damage":0.0,"enemies":"Jaw Worm Horde","floor":42.0,"turns":4.0},{"damage":0.0,"enemies":"2 Orb Walkers","floor":45.0,"turns":4.0},{"damage":0,"enemies":"Sphere and 2 Shapes","floor":48,"turns":3},{"damage":1,"enemies":"Awakened One","floor":50,"turns":8},{"damage":0,"enemies":"Shield and Spear","floor":54,"turns":6},{"damage":31,"enemies":"The Heart","floor":55,"turns":8}],"seed_played":"-6764217229636745539","potions_obtained":[{"floor":3.0,"key":"StancePotion"},{"floor":5.0,"key":"DuplicationPotion"},{"floor":7.0,"key":"SpeedPotion"},{"floor":12.0,"key":"Explosive Potion"},{"floor":16.0,"key":"Fire Potion"},{"floor":18.0,"key":"BlessingOfTheForge"},{"floor":24.0,"key":"StancePotion"},{"floor":42.0,"key":"Weak Potion"},{"floor":54,"key":"PowerPotion"}],"is_trial":false,"path_per_floor":["M","?","M","$","M","R","E","M","T","$","?","M","M","E","R","B",null,"M","?","?","M","M","$","E","R","T","M","$","E","M","?","R","B",null,"M","?","?","M","?","M","M","M","T","R","?","$","?","M","R","B",null,"R","$","E","B",null],"character_chosen":"WATCHER","items_purchased":["Thinking Ahead","PathToVictory","DollysMirror","Apotheosis","LiquidMemories","Pen Nib"],"campfire_rested":0,"item_purchase_floors":[28,28,28,46,53,53],"current_hp_per_floor":[72,72,71,71,64,64,54,54,54,54,54,54,54,45,45,45,72,58,58,58,60,56,56,50,50,50,41,41,27,20,20,20,22,36,36,36,36,36,36,36,36,36,36,36,43,43,43,43,43,42,43,43,43,43,12],"gold":124,"neow_bonus":"BOSS_RELIC","is_daily":false,"chose_seed":false,"campfire_upgraded":6,"win_rate":0.0,"timestamp":1613912576,"path_taken":["M","?","M","$","M","R","E","M","T","?","?","?","M","E","R","BOSS","M","?","?","?","?","?","E","R","T","M","$","E","M","?","R","BOSS","M","?","?","?","?","M","M","?","T","R","?","$","?","?","R","BOSS","R","$","E","BOSS"],"items_purchased_type":["Card","Card","Relic","Card","Potion","Relic"],"build_version":"2020-12-22","purchased_purges":4,"victory":true,"max_hp_per_floor":[72,72,72,72,72,72,72,72,72,72,72,72,72,72,72,72,72,72,72,72,72,72,72,72,72,72,72,72,72,72,36,36,36,36,36,36,36,36,36,36,36,36,36,36,43,43,43,43,43,43,43,43,43,43,43],"card_choices":[{"not_picked":["Consecrate","BowlingBash"],"picked":"PathToVictory","floor":1.0},{"not_picked":["Consecrate","ThirdEye"],"picked":"Sanctity","floor":3.0},{"not_picked":["Meditate","Pray","WreathOfFlame"],"picked":"SKIP","floor":5.0},{"not_picked":["JustLucky","Perseverance","Halt"],"picked":"SKIP","floor":7.0},{"not_picked":["Halt","Evaluate"],"picked":"Meditate","floor":8.0},{"not_picked":["Prostrate","Worship"],"picked":"WaveOfTheHand","floor":12.0},{"not_picked":["FlurryOfBlows","Consecrate"],"picked":"CarveReality","floor":13.0},{"not_picked":["EmptyBody","Halt","ThirdEye"],"picked":"SKIP","floor":14.0},{"not_picked":["Ragnarok","MasterReality"],"picked":"Vault","floor":16.0},{"not_picked":["Collect","Pray"],"picked":"PathToVictory","floor":18.0},{"not_picked":["Nirvana","ThirdEye","Crescendo"],"picked":"SKIP","floor":21.0},{"not_picked":["FearNoEvil+1","FlyingSleeves","Prostrate"],"picked":"SKIP","floor":22.0},{"not_picked":["WaveOfTheHand","SashWhip","JustLucky+1"],"picked":"SKIP","floor":24.0},{"not_picked":["DeusExMachina","FlyingSleeves+1"],"picked":"EmptyMind","floor":27.0},{"not_picked":["BowlingBash","BattleHymn"],"picked":"PathToVictory","floor":29.0},{"not_picked":["EmptyBody","JustLucky","Conclude+1"],"picked":"SKIP","floor":30.0},{"not_picked":["Blasphemy","DeusExMachina"],"picked":"Scrawl","floor":33.0},{"not_picked":["Consecrate","Halt+1","WreathOfFlame+1"],"picked":"SKIP","floor":35.0},{"not_picked":["Protect+1","JustLucky","Collect"],"picked":"SKIP","floor":38.0},{"not_picked":["Crescendo","Indignation","CutThroughFate+1"],"picked":"SKIP","floor":40.0},{"not_picked":["CutThroughFate","BowlingBash+1","MasterReality"],"picked":"SKIP","floor":41.0},{"not_picked":["Nirvana","SandsOfTime+1","WindmillStrike"],"picked":"SKIP","floor":42.0},{"not_picked":["Wallop+1","Halt+1","ClearTheMind"],"picked":"SKIP","floor":48},{"not_picked":["BowlingBash+1","Swivel","Wish"],"picked":"SKIP","floor":54}],"player_experience":370711,"relics_obtained":[{"floor":7.0,"key":"MawBank"},{"floor":9.0,"key":"PreservedInsect"},{"floor":14.0,"key":"Whetstone"},{"floor":17.0,"key":"Blood Vial"},{"floor":17.0,"key":"TeardropLocket"},{"floor":17.0,"key":"Incense Burner"},{"floor":24.0,"key":"Mummified Hand"},{"floor":26.0,"key":"Kunai"},{"floor":29.0,"key":"Bottled Flame"},{"floor":36.0,"key":"Thread and Needle"},{"floor":45,"key":"Old Coin"},{"floor":45,"key":"Strawberry"},{"floor":54,"key":"Ornamental Fan"}],"event_choices":[{"damage_healed":0.0,"max_hp_gain":0.0,"max_hp_loss":0.0,"gold_gain":0.0,"event_name":"Accursed Blacksmith","player_choice":"Rummage","floor":2.0,"gold_loss":0.0,"damage_taken":0.0,"relics_obtained":["WarpedTongs"],"cards_obtained":["Pain"]},{"cards_removed":["Strike_P"],"damage_healed":0.0,"max_hp_gain":0.0,"max_hp_loss":0.0,"gold_gain":0.0,"event_name":"The Cleric","player_choice":"Card Removal","floor":11.0,"gold_loss":50.0,"damage_taken":0.0},{"cards_removed":["Strike_P"],"damage_healed":0.0,"max_hp_gain":0.0,"max_hp_loss":0.0,"gold_gain":0.0,"event_name":"Beggar","player_choice":"Gave Gold","floor":19.0,"gold_loss":75.0,"damage_taken":0.0},{"damage_healed":0.0,"max_hp_gain":0.0,"max_hp_loss":0.0,"gold_gain":0.0,"event_name":"Match and Keep!","player_choice":"0 cards matched","floor":20.0,"gold_loss":0.0,"damage_taken":0.0,"cards_obtained":[]},{"damage_healed":0.0,"max_hp_gain":0.0,"max_hp_loss":36.0,"gold_gain":0.0,"event_name":"Ghosts","player_choice":"Became a Ghost","floor":31.0,"gold_loss":0.0,"damage_taken":0.0,"cards_obtained":["Ghostly","Ghostly","Ghostly","Ghostly","Ghostly"]},{"damage_healed":0.0,"max_hp_gain":0.0,"max_hp_loss":0.0,"gold_gain":0.0,"event_name":"MindBloom","player_choice":"Fight","floor":36.0,"gold_loss":0.0,"damage_taken":0.0},{"cards_removed":["Defend_P"],"damage_healed":0.0,"max_hp_gain":0.0,"max_hp_loss":0.0,"gold_gain":0.0,"event_name":"Purifier","player_choice":"Purged","floor":37.0,"gold_loss":0.0,"damage_taken":0.0},{"cards_removed":["Defend_P"],"damage_healed":0.0,"max_hp_gain":0.0,"max_hp_loss":0.0,"gold_gain":0.0,"event_name":"Designer","player_choice":"Upgrade and Remove","floor":39.0,"gold_loss":90.0,"damage_taken":0.0,"cards_upgraded":["Ghostly"]},{"damage_healed":0.0,"max_hp_gain":0.0,"max_hp_loss":0.0,"gold_gain":0.0,"event_name":"Mysterious Sphere","player_choice":"Fight","floor":45.0,"gold_loss":0.0,"damage_taken":0.0},{"cards_removed":["WaveOfTheHand"],"damage_healed":0,"gold_gain":0,"player_choice":"Removed Skill","damage_taken":0,"max_hp_gain":0,"max_hp_loss":0,"event_name":"Falling","floor":47,"gold_loss":0}],"is_beta":false,"boss_relics":[{"not_picked":["Busted Crown","Black Star"],"picked":"Calling Bell"},{"not_picked":["Astrolabe","SacredBark"],"picked":"Runic Pyramid"}],"items_purged_floors":[4,28,46,53],"is_endless":false,"potions_floor_spawned":[3,5,7,12,16,18,22,24,29,33,38,42,45,54],"ascension_level":0}}