{"host":"vx488ommchhibo3k","time":1613912595,"event":{"mods":["BaseMod","BetterRewards","Colored Map","Colored Powertips","Highlight Path","Minty Spire (QoL Compilation)","Quick Restart","Rare Cards Sparkle","Shop Mod","StSLib","SuperFastMode"],"gold_per_floor":[115,134,59,59,9,9,26,56,81,81,100,125,125,200,200,200,200],"floor_reached":16,"language":"JPN","playtime":644,"items_purged":["Strike_P"],"score":158,"play_id":"583776a9-4c2e-4292-85d3-eec9ef284271","local_time":"20210221220315","is_ascension_mode":false,"campfire_choices":[{"data":"Apotheosis","floor":6,"key":"SMITH"},{"data":"Eruption","floor":10,"key":"SMITH"},{"data":"Tantrum","floor":15,"key":"SMITH"}],"circlet_count":0,"master_deck":["Strike_P","Strike_P","Strike_P+1","Defend_P","Defend_P","Defend_P+1","Defend_P","Eruption+1","Vigilance","Apotheosis+1","Establishment","BowlingBash","CrushJoints","Tantrum+1","ClearTheMind","WheelKick"],"relics":["PureWater","Mango","Bag of Marbles","Lee\u0027s Waffle","MealTicket","Matryoshka"],"acts_visited":["Exordium"],"potions_floor_usage":[8,8,12,16,16],"damage_taken":[{"damage":0,"enemies":"Cultist","floor":1,"turns":2},{"damage":15,"enemies":"Jaw Worm","floor":2,"turns":4},{"damage":0,"enemies":"Small Slimes","floor":7,"turns":3},{"damage":21,"enemies":"3 Sentries","floor":8,"turns":5},{"damage":2,"enemies":"Blue Slaver","floor":11,"turns":3},{"damage":0,"enemies":"Gremlin Nob","floor":12,"turns":2},{"damage":37,"enemies":"The Guardian","floor":16,"turns":4}],"seed_played":"-7749992661224690250","potions_obtained":[{"floor":1,"key":"BlessingOfTheForge"},{"floor":2,"key":"Swift Potion"},{"floor":8,"key":"Regen Potion"},{"floor":11,"key":"Dexterity Potion"}],"is_trial":false,"path_per_floor":["M","M","$","?","$","R","M","E","T","R","M","E","?","?","R","B"],"character_chosen":"WATCHER","items_purchased":["Apotheosis","Establishment","Bag of Marbles","Lee\u0027s Waffle","Energy Potion","CrushJoints"],"campfire_rested":0,"item_purchase_floors":[0,0,0,0,0,5],"current_hp_per_floor":[93,78,78,59,59,59,59,38,38,38,36,41,46,35,35,0,0],"gold":200,"neow_bonus":"","is_daily":false,"chose_seed":false,"campfire_upgraded":3,"win_rate":0.0,"timestamp":1613912595,"path_taken":["M","?","$","?","?","R","M","E","T","R","M","E","?","?","R","BOSS"],"items_purchased_type":["Card","Card","Relic","Relic","Potion","Card"],"build_version":"2020-12-22","purchased_purges":1,"victory":false,"max_hp_per_floor":[93,93,93,93,93,93,93,93,93,93,93,93,98,98,98,98,98],"card_choices":[{"not_picked":["Study","Consecrate"],"picked":"BowlingBash","floor":1},{"not_picked":["PathToVictory","FlurryOfBlows","Prostrate"],"picked":"SKIP","floor":2},{"not_picked":["Meditate","EmptyBody","Protect"],"picked":"SKIP","floor":7},{"not_picked":["ThirdEye","FollowUp"],"picked":"Tantrum","floor":8},{"not_picked":["JustLucky","BowlingBash"],"picked":"ClearTheMind","floor":11},{"not_picked":["Pray","FearNoEvil"],"picked":"WheelKick","floor":12}],"player_experience":146277,"relics_obtained":[{"floor":8,"key":"MealTicket"},{"floor":12,"key":"Matryoshka"}],"event_choices":[{"damage_healed":0,"gold_gain":0,"player_choice":"Entered Light","damage_taken":19,"max_hp_gain":0,"max_hp_loss":0,"event_name":"Shining Light","floor":4,"gold_loss":0,"cards_upgraded":["Defend_P","Strike_P"]},{"damage_healed":0,"gold_gain":0,"player_choice":"Donut","damage_taken":0,"max_hp_gain":5,"max_hp_loss":0,"event_name":"Big Fish","floor":13,"gold_loss":0},{"damage_healed":0,"gold_gain":75,"player_choice":"Gather Gold","damage_taken":11,"max_hp_gain":0,"max_hp_loss":0,"event_name":"World of Goop","floor":14,"gold_loss":0}],"is_beta":false,"boss_relics":[],"items_purged_floors":[3],"is_endless":false,"potions_floor_spawned":[1,2,8,11],"killed_by":"The Guardian","ascension_level":0}}