{"host":"pqs17sqrgflf4eqa","time":1613884505,"event":{"mods":["AchievementEnabler","BaseMod","Bestiary","Better Altar","Better Match","Better Skull","Block Reminder","Bossed Relics","Colored Map","Colored Powertips","Curses Come First","Dark Map","DeckTracker","Defective Defect","Displayed Cursed Tome","Emptier Cage","Googly Eyes","Highlight Path","Minty Spire (QoL Compilation)","Quick Restart","Slay-I","StSLib","SuperFastMode","Synergy Search","Thieving Mod","Transform Curses","everything is the same but u backflip on backflip","slay the spire mod where everything is the same but ironclad has a cowboy hat"],"gold_per_floor":[109,109,40,40,51,51,85,98,98,113,113,113],"floor_reached":11,"language":"ENG","playtime":158,"items_purged":[],"score":95,"play_id":"fb324248-b41c-4dfa-98cd-9eeb63ee58e4","local_time":"20210221001505","is_ascension_mode":true,"campfire_choices":[{"data":"Eruption","floor":6,"key":"SMITH"}],"circlet_count":0,"master_deck":["Strike_P","Strike_P","Strike_P","Strike_P","Defend_P","Defend_P","Defend_P","Eruption+1","Vigilance","BowlingBash","SandsOfTime","BattleHymn","Tantrum","FlurryOfBlows","Crescendo"],"relics":["Sozu","Turnip","Bottled Flame","Sundial"],"acts_visited":["Exordium"],"potions_floor_usage":[],"damage_taken":[{"damage":0,"enemies":"Cultist","floor":1,"turns":2},{"damage":10,"enemies":"Small Slimes","floor":5,"turns":3},{"damage":12,"enemies":"Lagavulin","floor":7,"turns":3},{"damage":0,"enemies":"Jaw Worm","floor":8,"turns":1},{"damage":32,"enemies":"Gremlin Gang","floor":10,"turns":2},{"damage":15,"enemies":"3 Sentries","floor":11,"turns":2}],"seed_played":"-7140783996344156538","potions_obtained":[],"is_trial":false,"path_per_floor":["M","T","$","?","M","R","E","M","T","M","E"],"character_chosen":"WATCHER","items_purchased":["SandsOfTime"],"campfire_rested":0,"item_purchase_floors":[3],"current_hp_per_floor":[65,65,65,65,55,55,43,43,43,11,0,0],"gold":113,"neow_bonus":"BOSS_RELIC","is_daily":false,"chose_seed":false,"campfire_upgraded":1,"win_rate":0.0,"timestamp":1613884505,"path_taken":["M","?","$","?","M","R","E","?","T","M","E"],"items_purchased_type":["Card"],"build_version":"2020-12-22","purchased_purges":0,"victory":false,"max_hp_per_floor":[72,72,72,72,72,72,72,72,72,72,72,72],"card_choices":[{"not_picked":["JustLucky","SashWhip"],"picked":"BowlingBash","floor":1},{"not_picked":["Evaluate","CutThroughFate"],"picked":"Tantrum","floor":5},{"not_picked":["Sanctity","FearNoEvil"],"picked":"FlurryOfBlows","floor":7},{"not_picked":["JustLucky","Omniscience"],"picked":"Crescendo","floor":8},{"not_picked":["EmptyBody","BowlingBash","ClearTheMind"],"picked":"SKIP","floor":10}],"player_experience":239583,"relics_obtained":[{"floor":2,"key":"Turnip"},{"floor":7,"key":"Bottled Flame"},{"floor":9,"key":"Sundial"}],"event_choices":[{"damage_healed":0,"gold_gain":0,"cards_transformed":["Defend_P"],"player_choice":"Transformed","damage_taken":0,"max_hp_gain":0,"max_hp_loss":0,"event_name":"Transmorgrifier","floor":4,"gold_loss":0,"cards_obtained":["BattleHymn"]}],"is_beta":false,"boss_relics":[],"items_purged_floors":[],"is_endless":false,"potions_floor_spawned":[5,10],"killed_by":"3 Sentries","ascension_level":6}}