{"host":"g1nobhbyuiiqkluq","time":1613884542,"event":{"mods":["Act Like it!","Aspiration","BaseMod","Better Match","Better Skull","Block Reminder","Conspire","Halation","Hubris","Minty Spire (QoL Compilation)","Quick Restart","Relic Stats","Replay The Spire","Spicy Shops","Spikes Relics","StSLib","SuperFastMode"],"gold_per_floor":[115,115,35,47,59,59,87,12,65,98,113,131,165,180,180,276,276,293,311,10,28,28,28,30,30],"floor_reached":24,"language":"ENG","playtime":874,"items_purged":["Strike_R"],"score":218,"play_id":"abf5d851-2521-48eb-a2fe-025387fc84db","local_time":"20210220211542","is_ascension_mode":false,"campfire_choices":[{"data":"Limit Break","floor":6.0,"key":"SMITH"},{"data":"Strike_R","floor":15.0,"key":"PURGE"},{"data":"Armaments","floor":23,"key":"SMITH"}],"circlet_count":0,"master_deck":["Bash","Limit Break+1","Heavy Blade","Spot Weakness","Sword Boomerang","Shrug It Off","Barricade","Whirlwind","Body Slam","conspire:HitWhereItHurts","ReplayTheSpireMod:Corrosion Curse","ReplayTheSpireMod:Limb From Limb","Corruption","Pommel Strike","Berserk","Shrug It Off","Armaments+1"],"relics":["Burning Blood","Replay:WaspNest","Strawberry","Rawhide","Ancient Tea Set","Pandora\u0027s Box","Membership Card","Kunai"],"acts_visited":["Exordium","TheCity"],"potions_floor_usage":[16,16,18,24],"damage_taken":[{"damage":6.0,"enemies":"Cultist","floor":1.0,"turns":3.0},{"damage":5.0,"enemies":"conspire:RoseBush","floor":4.0,"turns":2.0},{"damage":1.0,"enemies":"Jaw Worm","floor":5.0,"turns":3.0},{"damage":22.0,"enemies":"3 Sentries","floor":7.0,"turns":6.0},{"damage":42.0,"enemies":"Lagavulin","floor":10.0,"turns":8.0},{"damage":3.0,"enemies":"Looter","floor":11.0,"turns":3.0},{"damage":11.0,"enemies":"Red Slaver","floor":12.0,"turns":5.0},{"damage":37.0,"enemies":"3 Sentries","floor":13.0,"turns":8.0},{"damage":10.0,"enemies":"Large Slime","floor":14.0,"turns":9.0},{"damage":8,"enemies":"Slime Boss","floor":16,"turns":9},{"damage":6,"enemies":"Chosen","floor":18,"turns":3},{"damage":24,"enemies":"2 Thieves","floor":19,"turns":3},{"damage":26,"enemies":"Snake Plant","floor":21,"turns":4},{"damage":50,"enemies":"conspire:MimicChest","floor":24,"turns":5}],"seed_played":"-2064895641692421861","potions_obtained":[{"floor":2.0,"key":"CultistPotion"},{"floor":2.0,"key":"Regen Potion"},{"floor":2.0,"key":"SkillPotion"},{"floor":13.0,"key":"AttackPotion"},{"floor":14.0,"key":"EntropicBrew"},{"floor":16,"key":"AttackPotion"}],"is_trial":false,"path_per_floor":["M","?","$","M","M","R","E","$","T","E","M","M","E","M","R","B",null,"M","M","$","M","?","R","?"],"character_chosen":"IRONCLAD","items_purchased":["Spot Weakness","Membership Card","Kunai","Armaments"],"campfire_rested":0,"item_purchase_floors":[3,20,20,20],"current_hp_per_floor":[80,80,80,80,80,80,64,64,71,49,52,47,16,12,12,10,87,87,69,69,49,49,49,0,0],"gold":30,"neow_bonus":"ONE_RANDOM_RARE_CARD","is_daily":false,"chose_seed":false,"campfire_upgraded":2,"win_rate":0.0,"timestamp":1613884542,"path_taken":["M","?","$","M","M","R","E","$","T","E","M","?","E","M","R","BOSS","M","M","$","M","?","R","?"],"items_purchased_type":["Card","Relic","Relic","Card"],"build_version":"2020-12-22","purchased_purges":1,"victory":false,"max_hp_per_floor":[80,80,80,80,80,80,80,80,87,87,87,87,87,87,87,87,87,87,87,87,87,87,87,87,87],"relic_stats":{"counters":[14,71],"Pandora\u0027s Box":["Body Slam","conspire:HitWhereItHurts","ReplayTheSpireMod:Corrosion Curse","ReplayTheSpireMod:Limb From Limb","Corruption","Pommel Strike","Berserk"],"Kunai":[0],"obtain_stats":[{"Strawberry":9,"Rawhide":10,"Pandora\u0027s Box":17,"Replay:WaspNest":7,"Membership Card":20,"Kunai":20,"Ancient Tea Set":13,"Burning Blood":0},{"Strawberry":4,"Rawhide":5,"Pandora\u0027s Box":10,"Replay:WaspNest":4,"Membership Card":12,"Kunai":12,"Ancient Tea Set":8,"Burning Blood":0},{"Strawberry":14,"Rawhide":22,"Pandora\u0027s Box":56,"Replay:WaspNest":14,"Membership Card":62,"Kunai":62,"Ancient Tea Set":38,"Burning Blood":0}],"Burning Blood":72},"card_choices":[{"not_picked":["Iron Wave","Shockwave"],"picked":"Heavy Blade","floor":1.0},{"not_picked":["Massacre","Power Through"],"picked":"Sword Boomerang","floor":4.0},{"not_picked":["Body Slam","Iron Wave","Replay:Undeath\u0027s Touch"],"picked":"SKIP","floor":5.0},{"not_picked":["Armaments","hubris:ReadiedAction"],"picked":"Shrug It Off","floor":7.0},{"not_picked":["Warcry","Sentinel","Heavy Blade"],"picked":"SKIP","floor":10.0},{"not_picked":["Thunderclap","True Grit"],"picked":"Barricade","floor":11.0},{"not_picked":["Fire Breathing","Perfected Strike","Anger"],"picked":"SKIP","floor":12.0},{"not_picked":["Shockwave","BarbarianYell","Clothesline"],"picked":"SKIP","floor":13.0},{"not_picked":["Sword Boomerang","Thunderclap"],"picked":"Whirlwind","floor":14.0},{"not_picked":["Iron Wave","Pommel Strike"],"picked":"Shrug It Off","floor":18},{"not_picked":["Body Slam","Clothesline","Power Through"],"picked":"SKIP","floor":19},{"not_picked":["Iron Wave","Clash+1","Cleave"],"picked":"SKIP","floor":21}],"player_experience":3039349,"relics_obtained":[{"floor":7.0,"key":"Replay:WaspNest"},{"floor":9.0,"key":"Strawberry"},{"floor":10.0,"key":"Rawhide"},{"floor":13.0,"key":"Ancient Tea Set"}],"event_choices":[{"damage_healed":0.0,"max_hp_gain":0.0,"max_hp_loss":0.0,"gold_gain":0.0,"event_name":"Lab","player_choice":"Got Potions","floor":2.0,"gold_loss":0.0,"damage_taken":0.0}],"is_beta":false,"boss_relics":[{"not_picked":["halation:Risk","hubris:ScarierMask"],"picked":"Pandora\u0027s Box"}],"items_purged_floors":[8],"is_endless":false,"potions_floor_spawned":[4,5,13,14,16],"killed_by":"conspire:MimicChest","ascension_level":0}}