{"host":"ztzf20fs6w35ztzf","time":1613918955,"event":{"mods":["AchievementEnabler","AlwaysNeverKeys","BaseMod","BetterRewards","Colored Powertips","DeckTracker","Downfall","Grow up Mod","Lobotomy","Minty Spire (QoL Compilation)","Rare Cards Sparkle","Remove Card Discount Mod","Replay The Spire","StSLib","SuperFastMode"],"gold_per_floor":[111,111,125,125,115,115,141,141,141,191,203,221,256,246,246,320,320,336,350,350,350,369,369,369],"floor_reached":23,"language":"ENG","playtime":967,"items_purged":["Defend_R","Defend_R","Defend_R","Strike_R","Strike_R","Strike_R","Parasite","Strike_R","Parasite","Parasite"],"score":543,"play_id":"a36e4b5e-a7e3-4415-9c76-833c029b7ff8","local_time":"20210221224915","is_ascension_mode":true,"campfire_choices":[{"data":"Dual Wield","floor":6,"key":"SMITH"},{"data":"Armaments","floor":8,"key":"SMITH"},{"data":"Cleave","floor":15,"key":"SMITH"}],"circlet_count":0,"master_deck":["AscendersBane","Strike_R+1","Defend_R+1","Bash","VoidDream","WallGazer","Dual Wield+1","WhitesApple","Armaments+1","BigBird","MHz","Cleave+1","SnowQueen","Brutality","Parasite","QueenOfHatred","Parasite","PunishingBird","downfall:Bewildered","Parasite","NakedNest","Parasite"],"relics":["Burning Blood","CogitoBucket","Pet Ghost","Pantograph","ReplayTheSpireMod:TigerMarble","Black Star","SkinProphecy","sneckomod:BabySnecko","Blue Candle"],"acts_visited":["Exordium","TheCity"],"potions_floor_usage":[],"damage_taken":[{"damage":12,"enemies":"Jaw Worm","floor":1,"turns":2},{"damage":21,"enemies":"2 Louse","floor":3,"turns":3},{"damage":76,"enemies":"3 Sentries","floor":7,"turns":11},{"damage":12,"enemies":"Small Slimes","floor":11,"turns":4},{"damage":6,"enemies":"Red Slaver","floor":12,"turns":5},{"damage":25,"enemies":"Gremlin Nob","floor":13,"turns":4},{"damage":96,"enemies":"Slime Boss","floor":16,"turns":12},{"damage":54,"enemies":"Chosen","floor":18,"turns":4},{"damage":40,"enemies":"3 Byrds","floor":19,"turns":5},{"damage":64,"enemies":"Snecko","floor":22,"turns":6},{"damage":150,"enemies":"Gremlin Leader","floor":23,"turns":5}],"seed_played":"-6856016650451597090","potions_obtained":[{"floor":1,"key":"Flashbang"},{"floor":11,"key":"Strength Potion"}],"is_trial":false,"path_per_floor":["M","?","M","?","$","R","E","R","T","?","M","M","E","$","R","B",null,"M","M","?","?","M","E"],"character_chosen":"IRONCLAD","items_purchased":[],"campfire_rested":0,"item_purchase_floors":[],"current_hp_per_floor":[82,92,87,62,72,82,22,32,42,52,56,66,57,67,77,25,193,155,139,149,154,125,0,0],"gold":369,"neow_bonus":"","is_daily":false,"chose_seed":false,"campfire_upgraded":3,"win_rate":0.0,"timestamp":1613918955,"path_taken":["M","?","M","?","$","R","E","R","T","?","?","M","E","?","R","BOSS","M","M","?","?","M","E"],"items_purchased_type":[],"build_version":"2020-12-22","purchased_purges":10,"victory":false,"max_hp_per_floor":[95,105,115,125,135,145,155,165,175,185,195,205,215,216,226,236,246,253,265,275,285,297,299,299],"card_choices":[{"not_picked":["Wellcheers","ShyLook"],"picked":"VoidDream","floor":1},{"not_picked":["Replay:Undeath\u0027s Touch","ReplayTheSpireMod:Corrosion Curse","ReplayTheSpireMod:Strike From Hell"],"picked":"SKIP","floor":1},{"not_picked":["Murderer","BeautyBeast"],"picked":"WallGazer","floor":3},{"not_picked":["Shrug It Off","Massacre"],"picked":"Dual Wield","floor":3},{"not_picked":["UniverseFragment","Scorched"],"picked":"WhitesApple","floor":7},{"not_picked":["ReplayTheSpireMod:Strike From Hell","Battle Trance"],"picked":"Armaments","floor":7},{"not_picked":["Murderer","FairyFestival"],"picked":"BigBird","floor":11},{"not_picked":["Iron Wave","Power Through"],"picked":"Pommel Strike","floor":11},{"not_picked":["SilentOrchestra","Wellcheers"],"picked":"MHz","floor":12},{"not_picked":["Wild Strike","Twin Strike"],"picked":"Cleave","floor":12},{"not_picked":["LongBird","BeautyBeast"],"picked":"QueenOfHatred","floor":13},{"not_picked":["Havoc","ReplayTheSpireMod:Corrosion Curse","Replay:Undeath\u0027s Touch"],"picked":"SKIP","floor":13},{"not_picked":["Bloodbath","Funeral"],"picked":"SnowQueen","floor":16},{"not_picked":["Bludgeon","Eclipse"],"picked":"Brutality","floor":16},{"not_picked":["CherryBlossoms","BigBadWolf"],"picked":"QueenOfHatred","floor":18},{"not_picked":["Pummel","Headbutt","Second Wind"],"picked":"SKIP","floor":18},{"not_picked":["OldLady","CrumblingArmor"],"picked":"PunishingBird","floor":19},{"not_picked":["Clash","True Grit","Headbutt"],"picked":"SKIP","floor":19},{"not_picked":["Clash","True Grit","Headbutt"],"picked":"SKIP","floor":19},{"not_picked":["SingingMachine","BeautyBeast"],"picked":"NakedNest","floor":22},{"not_picked":["True Grit","Wild Strike","Iron Wave"],"picked":"SKIP","floor":22}],"player_experience":148739,"relics_obtained":[{"floor":7,"key":"Pet Ghost"},{"floor":9,"key":"Pantograph"},{"floor":13,"key":"ReplayTheSpireMod:TigerMarble"}],"event_choices":[{"damage_healed":0,"gold_gain":0,"player_choice":"Leave","damage_taken":0,"max_hp_gain":0,"max_hp_loss":0,"event_name":"The Cleric","floor":2,"gold_loss":0},{"damage_healed":0,"gold_gain":0,"player_choice":"Entered Light","damage_taken":35,"max_hp_gain":0,"max_hp_loss":0,"event_name":"Shining Light","floor":4,"gold_loss":0,"cards_upgraded":["Defend_R","Strike_R"]},{"damage_healed":0,"gold_gain":50,"player_choice":"Pray","damage_taken":0,"max_hp_gain":0,"max_hp_loss":0,"event_name":"Golden Shrine","floor":10,"gold_loss":0}],"is_beta":false,"boss_relics":[{"not_picked":["Runic Pyramid","Velvet Choker"],"picked":"Black Star"}],"items_purged_floors":[5,5,5,5,5,14,14,14,14,14],"is_endless":false,"potions_floor_spawned":[1,11,12,18,22],"killed_by":"Gremlin Leader","ascension_level":17}}