{"host":"4lhs9mfpcz34ad49","time":1613872960,"event":{"mods":["AchievementEnabler","BaseMod","Colored Powertips","Minty Spire (QoL Compilation)","Replay The Spire","StSLib"],"gold_per_floor":[118,118,138,26,45,71,82,82,82,128,148,164,164,199,199,299,299,312,312,329,10,30,30,42,77,77,77,89,89,89,120,120,224,224,237,251,251,267,267,267,295,295,320,346,95,95,95,111,111,111],"floor_reached":51,"language":"ENG","playtime":2249,"items_purged":["Pain"],"score":830,"play_id":"2f6b50e3-749c-41e6-8eb0-f619077da472","local_time":"20210220230240","is_ascension_mode":false,"campfire_choices":[{"data":"Feel No Pain","floor":8.0,"key":"SMITH"},{"data":"Bash","floor":13.0,"key":"SMITH"},{"floor":15.0,"key":"REST"},{"data":"Feel No Pain","floor":23.0,"key":"SMITH"},{"data":"Reckless Charge","floor":32.0,"key":"SMITH"},{"data":"Reckless Charge","floor":40,"key":"SMITH"},{"data":"Corruption","floor":42,"key":"SMITH"},{"data":"Barricade","floor":47,"key":"SMITH"},{"floor":49,"key":"RECALL"}],"circlet_count":0,"master_deck":["Strike_R","Strike_R","Strike_R","Strike_R","Strike_R","Defend_R","Defend_R","Defend_R","Defend_R","Bash+1","Replay:Undeath\u0027s Touch","True Grit","Feel No Pain+1","True Grit","Reckless Charge+1","Warcry","Flex","Reckless Charge+1","Feel No Pain+1","Demon Form+1","Defy Death+1","Inflame","Reaper+1","Body Slam+1","Corruption+1","Spot Weakness","Evolve","Barricade+1","Abandon+1","Spot Weakness+1","Reckless Charge+1","Regret"],"relics":["Black Blood","WarpedTongs","Pet Ghost","StrikeDummy","Replay:Rubber Ducky","Sundial","ChewingGum","Question Card","Bottled Lightning","Boot","White Beast Statue","Pocketwatch","Replay:Grab Bag","Cursed Key","Replay:Bronze Core","Dead Branch","Gremlin Food","Divine Protection","Shuriken"],"acts_visited":["Exordium","TheCity","TheBeyond"],"potions_floor_usage":[],"damage_taken":[{"damage":7.0,"enemies":"2 Louse","floor":1.0,"turns":3.0},{"damage":12.0,"enemies":"Cultist","floor":3.0,"turns":4.0},{"damage":6.0,"enemies":"Jaw Worm","floor":5.0,"turns":4.0},{"damage":32.0,"enemies":"3 Sentries","floor":6.0,"turns":16.0},{"damage":10.0,"enemies":"Red Slaver","floor":7.0,"turns":5.0},{"damage":0.0,"enemies":"3 Louse","floor":11.0,"turns":5.0},{"damage":18.0,"enemies":"Gremlin Gang","floor":12.0,"turns":6.0},{"damage":11.0,"enemies":"Lagavulin","floor":14.0,"turns":5.0},{"damage":16.0,"enemies":"The Guardian","floor":16.0,"turns":11.0},{"damage":1.0,"enemies":"2 Thieves","floor":18.0,"turns":4.0},{"damage":2.0,"enemies":"Chosen","floor":20.0,"turns":3.0},{"damage":1.0,"enemies":"Snecko","floor":22.0,"turns":5.0},{"damage":16.0,"enemies":"Centurion and Healer","floor":24.0,"turns":5.0},{"damage":27.0,"enemies":"Slavers","floor":25.0,"turns":6.0},{"damage":15.0,"enemies":"Snake Plant","floor":28.0,"turns":5.0},{"damage":1.0,"enemies":"Replay:Snechameleon","floor":31.0,"turns":7.0},{"damage":22.0,"enemies":"Collector","floor":33.0,"turns":8.0},{"damage":24,"enemies":"3 Darklings","floor":35,"turns":6},{"damage":0,"enemies":"3 Shapes","floor":36,"turns":5},{"damage":20,"enemies":"Sphere and 2 Shapes","floor":38,"turns":6},{"damage":17,"enemies":"Nemesis","floor":41,"turns":7},{"damage":12,"enemies":"R_Hoarder","floor":44,"turns":7},{"damage":0,"enemies":"Transient","floor":48,"turns":5},{"damage":23,"enemies":"Awakened One","floor":50,"turns":6}],"seed_played":"8982893245958145450","potions_obtained":[{"floor":1.0,"key":"ColorlessPotion"},{"floor":5.0,"key":"Strength Potion"},{"floor":12.0,"key":"Block Potion"},{"floor":16.0,"key":"Block Potion"},{"floor":25.0,"key":"Toxic Potion"},{"floor":28.0,"key":"EntropicBrew"},{"floor":33.0,"key":"DuplicationPotion"},{"floor":35,"key":"Elixir"}],"is_trial":false,"path_per_floor":["M","?","M","$","M","E","M","R","T","T","M","M","R","E","R","B",null,"M","?","M","$","M","R","M","E","T","?","M","$","?","E","R","B",null,"M","M","$","M","?","R","E","R","T","E","$","?","R","M","R","B",null],"character_chosen":"IRONCLAD","items_purchased":["Feel No Pain","Reaper","Question Card","Shuriken"],"campfire_rested":1,"item_purchase_floors":[4,21,21,45],"current_hp_per_floor":[87,87,81,81,81,55,51,51,51,51,57,45,45,40,66,56,88,88,88,88,88,88,88,78,88,88,88,79,79,79,84,84,68,88,76,88,88,80,80,80,75,75,75,75,75,75,75,87,87,76],"gold":111,"neow_bonus":"TEN_PERCENT_HP_BONUS","is_daily":false,"chose_seed":false,"campfire_upgraded":7,"win_rate":0.0,"timestamp":1613872960,"path_taken":["M","?","M","?","M","E","?","R","T","?","M","M","R","E","R","BOSS","M","?","M","$","?","R","M","E","T","?","?","$","?","E","R","BOSS","M","?","$","M","?","R","E","R","T","E","$","?","R","?","R","BOSS"],"items_purchased_type":["Card","Card","Relic","Relic"],"build_version":"2020-12-22","purchased_purges":1,"victory":true,"max_hp_per_floor":[88,88,88,88,88,88,88,88,88,88,88,88,88,88,88,88,88,88,88,88,88,88,88,88,88,88,88,88,88,88,88,88,88,88,88,88,88,88,88,88,88,88,88,88,88,88,88,88,88,88],"card_choices":[{"not_picked":["Burning Pact","Armaments"],"picked":"Replay:Undeath\u0027s Touch","floor":1.0},{"not_picked":["Replay:Undeath\u0027s Touch","Havoc"],"picked":"True Grit","floor":3.0},{"not_picked":["Sword Boomerang","Feel No Pain"],"picked":"True Grit","floor":5.0},{"not_picked":["Clash","Seeing Red"],"picked":"Reckless Charge","floor":6.0},{"not_picked":["Iron Wave","Twin Strike"],"picked":"Warcry","floor":7.0},{"not_picked":["Blood for Blood","Heavy Blade"],"picked":"Flex","floor":11.0},{"not_picked":["Havoc","Pommel Strike"],"picked":"Reckless Charge","floor":12.0},{"not_picked":["Rage","Pummel"],"picked":"Feel No Pain","floor":14.0},{"not_picked":["Berserk","Fiend Fire"],"picked":"Demon Form","floor":16.0},{"not_picked":["Cleave","Warcry"],"picked":"Defy Death+1","floor":18.0},{"not_picked":["Pommel Strike","Perfected Strike"],"picked":"Inflame","floor":20.0},{"not_picked":["Anger+1","Twin Strike+1","Warcry"],"picked":"Body Slam+1","floor":22.0},{"not_picked":["Uppercut","Armaments","Reckless Charge","Pommel Strike+1"],"picked":"SKIP","floor":24.0},{"not_picked":["Shrug It Off","Infernal Blade","Reaper"],"picked":"Corruption","floor":25.0},{"not_picked":["Armaments","Flex","Havoc+1"],"picked":"Spot Weakness","floor":28.0},{"not_picked":["Dropkick+1","Heavy Blade","Havoc"],"picked":"Evolve","floor":31.0},{"not_picked":["Brutality","Corruption","Bludgeon"],"picked":"Barricade","floor":33.0},{"not_picked":["Armaments","Iron Wave+1","Shrug It Off"],"picked":"Abandon+1","floor":35},{"not_picked":["Heavy Blade","Thunderclap+1","Hemokinesis"],"picked":"Spot Weakness+1","floor":36},{"not_picked":["Blood for Blood+1","Replay:Undeath\u0027s Touch+1","Sword Boomerang","Massacre+1"],"picked":"SKIP","floor":38},{"not_picked":["ReplayReversal","Carnage+1","Berserk"],"picked":"Reckless Charge+1","floor":41},{"not_picked":["ReplayTheSpireMod:Limb From Limb","Flame Barrier+1","Warcry+1","Massacre+1"],"picked":"SKIP","floor":44},{"not_picked":["Thunderclap","Searing Blow+1","Clothesline+1","Twin Strike+1"],"picked":"SKIP","floor":48}],"player_experience":433496,"relics_obtained":[{"floor":6.0,"key":"Pet Ghost"},{"floor":9.0,"key":"StrikeDummy"},{"floor":10.0,"key":"Replay:Rubber Ducky"},{"floor":14.0,"key":"Sundial"},{"floor":25.0,"key":"Bottled Lightning"},{"floor":26.0,"key":"Boot"},{"floor":31.0,"key":"Pocketwatch"},{"floor":41,"key":"Dead Branch"},{"floor":43,"key":"Gremlin Food"},{"floor":44,"key":"Divine Protection"}],"event_choices":[{"damage_healed":0.0,"max_hp_gain":0.0,"max_hp_loss":0.0,"gold_gain":0.0,"event_name":"Accursed Blacksmith","player_choice":"Rummage","floor":2.0,"gold_loss":0.0,"damage_taken":0.0,"relics_obtained":["WarpedTongs"],"cards_obtained":["Pain"]},{"damage_healed":0.0,"max_hp_gain":0.0,"max_hp_loss":0.0,"gold_gain":0.0,"event_name":"Upgrade Shrine","player_choice":"Upgraded","floor":19.0,"gold_loss":0.0,"damage_taken":0.0,"cards_upgraded":["Demon Form"]},{"damage_healed":0.0,"max_hp_gain":0.0,"max_hp_loss":0.0,"gold_gain":0.0,"event_name":"WeMeetAgain","player_choice":"Gave Potion","floor":27.0,"gold_loss":0.0,"damage_taken":0.0,"relics_obtained":["White Beast Statue"]},{"damage_healed":0.0,"max_hp_gain":0.0,"max_hp_loss":0.0,"gold_gain":0.0,"event_name":"Upgrade Shrine","player_choice":"Upgraded","floor":30.0,"gold_loss":0.0,"damage_taken":0.0,"cards_upgraded":["Reaper"]},{"damage_healed":0,"gold_gain":0,"player_choice":"Ignored","damage_taken":0,"max_hp_gain":0,"max_hp_loss":0,"event_name":"Tomb of Lord Red Mask","floor":39,"gold_loss":0},{"damage_healed":0,"gold_gain":0,"player_choice":"Ignored","damage_taken":0,"max_hp_gain":0,"max_hp_loss":0,"event_name":"NoteForYourself","floor":46,"gold_loss":0}],"is_beta":false,"boss_relics":[{"not_picked":["Replay:Wanted Poster","ReplayTheSpireMod:Onyx Gauntlets"],"picked":"ChewingGum"},{"not_picked":["Fusion Hammer","Tiny House"],"picked":"Replay:Grab Bag"},{"not_picked":["Sozu","ReplayTheSpireMod:DimensionalGlitch"],"picked":"Cursed Key"},{"not_picked":["Electric Blood","Busted Crown"],"picked":"Replay:Bronze Core"},{"not_picked":["SlaversCollar","Empty Cage"],"picked":"Black Blood"}],"items_purged_floors":[4],"is_endless":false,"potions_floor_spawned":[1,5,12,16,20,22,25,28,31,33,35,36,38,41,44,48],"ascension_level":0}}