{"host":"1ftto2vaskemldx8","time":1613939390,"event":{"mods":["BaseMod","Downfall","Minty Spire (QoL Compilation)","Replay The Spire","StSLib","Together in Spire","[功能]功能增强和修复MOD"],"gold_per_floor":[99,119,1,21,31,31,111,146,165,65,140,173,173,194,208,554,554,354,397,430,580,517,569,569,780,780,854,906,967,1048,966,1005,1390,1390,1390,1439,1686,1695,1362,1431,1431,1431,1479,1433,1474,1419,1510,1593,1642,1660,1660,1751,1674,1674,1714,1760],"floor_reached":57,"language":"ZHS","playtime":3315,"items_purged":["Strike_R","Defend_R","ReplayTheSpireMod:Limb From Limb+1","Strike_R","Defend_R","Strike_R","Defend_R","Strike_R","Defend_R","Strike_R","Dark Embrace"],"score":1785,"play_id":"e327b828-4ef6-4bd8-8ebe-33cc707e7261","local_time":"20210222042950","is_ascension_mode":true,"campfire_choices":[{"floor":1,"key":"RECALL"},{"data":"Pommel Strike","floor":10,"key":"SMITH"},{"floor":18,"key":"DIG"},{"data":"Limit Break","floor":26,"key":"SMITH"},{"data":"ReplayTheSpireMod:Uncanny Aura","floor":35,"key":"SMITH"},{"data":"Flex","floor":42,"key":"SMITH"},{"data":"Double Tap","floor":54,"key":"SMITH"}],"circlet_count":0,"master_deck":["Bash","Pommel Strike+1","Flex","Whirlwind+1","Pot Of Greed","Pot Of Greed","Battle Trance+1","Replay:Undeath\u0027s Touch","Double Tap+1","Pummel","Inflame","Limit Break+1","Reaper","Replay:Many Hands+1","Pot Of Greed","Seeing Red+1","Power Through","Flex","ReplayTheSpireMod:Uncanny Aura+1","ReplayTheSpireMod:Brewmster","Warcry+1","Inflame","Reaper","HandOfGreedExtend","Shrug It Off","Exhume","Offering","Pot Of Greed","Flex+1","Juggernaut","Shrug It Off","expansioncontent:PrepareCrush","Ghostly Armor+1"],"relics":["Burning Blood","Another Sword","Grinning Jar","Guide Book","Golden Idol","HornCleat","downfall:HeartBlessingRed","Bottled Flame","ReplayTheSpireMod:Ring of Challenge","Ring of Misfortune","Eternal Feather","Replay:Bronze Core","downfall:HeartBlessingBlue","downfall:HeartBlessingGreen","Replay:Bandana","Juzu Bracelet","HandDrill","CeramicFish","Singing Bowl","ReplayTheSpireMod:ShopPack","Ginger","PreservedInsect","Du-Vu Doll","Self Forming Clay","Membership Card","Boot","Incense Burner","Busted Crown","Replay:WaspNest","Anchor","Pet Ghost","Chemical X","Snack Pack","Frozen Eye","Pen Nib","ReplayTheSpireMod:Spearhead","War Paint","BargainBundle","Replay:Bottled Flurry","CaptainsWheel"],"acts_visited":["Exordium","TheCity","TheBeyond","TheEnding"],"potions_floor_usage":[5,8,8,8,12,16,16,20,20,27,28,29,33,33,33,36,36,45,49,52,52,55,55,55,55,55,55,55,56,56,56],"damage_taken":[{"damage":1,"enemies":"Cultist","floor":2,"turns":3},{"damage":0,"enemies":"downfall:FleeingMerchant","floor":3,"turns":4},{"damage":0,"enemies":"2 Louse","floor":4,"turns":2},{"damage":2,"enemies":"Small Slimes","floor":5,"turns":2},{"damage":23,"enemies":"Lagavulin","floor":8,"turns":4},{"damage":9,"enemies":"Red Slaver","floor":9,"turns":2},{"damage":0,"enemies":"Gremlin Nob","floor":12,"turns":2},{"damage":0,"enemies":"3 Louse","floor":14,"turns":2},{"damage":6,"enemies":"Looter","floor":15,"turns":2},{"damage":1,"enemies":"WA_ARCHETYPE_RETAIN","floor":16,"turns":3},{"damage":6,"enemies":"Chosen","floor":19,"turns":3},{"damage":5,"enemies":"downfall:LooterAlt2","floor":20,"turns":2},{"damage":0,"enemies":"downfall:FleeingMerchant","floor":22,"turns":5},{"damage":0,"enemies":"3 Cultists","floor":23,"turns":2},{"damage":0,"enemies":"downfall:FleeingMerchant","floor":25,"turns":2},{"damage":0,"enemies":"Book of Stabbing","floor":27,"turns":2},{"damage":12,"enemies":"Cultist and Chosen","floor":28,"turns":2},{"damage":12,"enemies":"Chosen and Byrds","floor":29,"turns":2},{"damage":0,"enemies":"Gremlin Leader","floor":30,"turns":2},{"damage":0,"enemies":"Snake Plant","floor":32,"turns":2},{"damage":0,"enemies":"IC_MUSHROOM_ARCHETYPE","floor":33,"turns":5},{"damage":12,"enemies":"Orb Walker","floor":36,"turns":2},{"damage":14,"enemies":"3 Shapes","floor":40,"turns":2},{"damage":0,"enemies":"Sphere and 2 Shapes","floor":43,"turns":3},{"damage":3,"enemies":"3 Darklings","floor":45,"turns":1},{"damage":6,"enemies":"Nemesis","floor":47,"turns":1},{"damage":6,"enemies":"Maw","floor":48,"turns":3},{"damage":10,"enemies":"4 Shapes","floor":49,"turns":2},{"damage":21,"enemies":"SI_POISON_ARCHETYPE","floor":50,"turns":5},{"damage":6,"enemies":"downfall:CharBossMerchant","floor":52,"turns":2},{"damage":8,"enemies":"downfall:NeowBoss","floor":55,"turns":8},{"damage":37,"enemies":"downfall:NeowBossFinal","floor":56,"turns":6}],"seed_played":"9166594772820956650","potions_obtained":[{"floor":2,"key":"SpeedPotion"},{"floor":2,"key":"FearPotion"},{"floor":4,"key":"BlessingOfTheForge"},{"floor":5,"key":"BlessingOfTheForge"},{"floor":5,"key":"BloodPotion"},{"floor":8,"key":"FairyPotion"},{"floor":8,"key":"Fire Potion"},{"floor":12,"key":"SmokeBomb"},{"floor":14,"key":"BlessingOfTheForge"},{"floor":15,"key":"Energy Potion"},{"floor":19,"key":"Fire Potion"},{"floor":19,"key":"Fire Potion"},{"floor":20,"key":"GamblersBrew"},{"floor":23,"key":"Energy Potion"},{"floor":27,"key":"Adrenaline Potion"},{"floor":28,"key":"Elixir"},{"floor":28,"key":"Swift Potion"},{"floor":30,"key":"BloodPotion"},{"floor":32,"key":"Guardian:BlockOnCardUsePotion"},{"floor":40,"key":"ElixirPotion"},{"floor":43,"key":"SkillPotion"},{"floor":48,"key":"Strength Potion"},{"floor":52,"key":"Adrenaline Potion"}],"is_trial":false,"path_per_floor":["R","M","$","M","M","?","T","E","M","R","?","E","?","M","M","B",null,"R","M","M","?","$","M","T","$","R","E","M","M","E","$","M","B",null,"R","M","?","?","?","M","T","R","M","$","M","$","E","M","M","B",null,"E","$","R","B","B",null],"character_chosen":"IRONCLAD","items_purchased":["Flex","Whirlwind","Grinning Jar","Replay:Wax Seal","Guide Book","Juzu Bracelet","HandDrill","CeramicFish","Flex","ReplayTheSpireMod:ShopPack","Ginger","PreservedInsect","Membership Card","Boot","Incense Burner","Reaper","HandOfGreedExtend","Anchor","Pet Ghost","Chemical X","Snack Pack","Frozen Eye","Pen Nib","expansioncontent:PrepareCrush","BargainBundle","Replay:Bottled Flurry","CaptainsWheel"],"campfire_rested":0,"item_purchase_floors":[3,3,3,3,3,22,22,22,22,25,25,25,31,31,31,31,31,44,44,44,46,46,46,46,53,53,53],"current_hp_per_floor":[72,72,72,72,72,54,54,51,48,48,37,43,43,49,49,54,72,82,82,82,82,82,82,82,86,86,86,82,84,90,90,90,92,92,92,88,88,88,106,106,106,106,108,108,110,110,110,112,110,114,114,116,116,116,116,85],"gold":1760,"neow_bonus":"ONE_RARE_RELIC","is_daily":false,"chose_seed":false,"campfire_upgraded":5,"win_rate":0.0,"timestamp":1613939390,"path_taken":["R","M","$","M","M","?","T","E","M","R","?","E","?","M","M","BOSS","R","M","M","?","$","M","T","$","R","E","M","M","E","$","M","BOSS","R","M","?","?","?","M","T","R","M","$","M","$","E","M","M","BOSS","E","$","R","BOSS","BOSS"],"items_purchased_type":["Card","Card","Relic","Relic","Relic","Relic","Relic","Relic","Card","Relic","Relic","Relic","Relic","Relic","Relic","Card","Card","Relic","Relic","Relic","Relic","Relic","Relic","Card","Relic","Relic","Relic"],"build_version":"2020-12-22","purchased_purges":11,"victory":true,"max_hp_per_floor":[72,72,72,72,72,72,72,72,72,72,72,72,72,72,72,72,72,82,82,82,82,82,82,82,86,86,86,88,90,90,90,90,92,92,92,94,94,94,106,106,106,106,108,108,110,110,110,112,114,114,114,116,116,116,116,116],"card_choices":[{"not_picked":["Abandon","Fire Breathing"],"picked":"Pommel Strike","floor":2},{"not_picked":["Defy Death","Blood for Blood"],"picked":"ReplayTheSpireMod:Limb From Limb","floor":3},{"not_picked":["Flame Barrier","Pommel Strike"],"picked":"Battle Trance","floor":4},{"not_picked":["True Grit","Warcry"],"picked":"Combust","floor":5},{"not_picked":["Thunderclap","Body Slam"],"picked":"Replay:Undeath\u0027s Touch","floor":8},{"not_picked":["Armaments","Whirlwind"],"picked":"Dark Embrace","floor":9},{"not_picked":["Cleave","Intimidate"],"picked":"Double Tap","floor":12},{"not_picked":["Run Through","Dual Wield"],"picked":"Pummel","floor":14},{"not_picked":["Fire Breathing","Iron Wave"],"picked":"Inflame","floor":15},{"not_picked":["Berserk","Barricade"],"picked":"Limit Break","floor":16},{"not_picked":["Barricade","Immolate"],"picked":"Reaper","floor":16},{"not_picked":["Double Tap","Impervious"],"picked":"Replay:Many Hands","floor":16},{"not_picked":["Warcry","Rampage"],"picked":"Seeing Red+1","floor":19},{"not_picked":["Metallicize","Life Link","Massacre"],"picked":"SKIP","floor":20},{"not_picked":["Warcry","Blood for Blood+1"],"picked":"Power Through","floor":22},{"not_picked":["Armaments","True Grit+1","Flex"],"picked":"SKIP","floor":23},{"not_picked":["Combust","Wild Strike","Immolate"],"picked":"Singing Bowl","floor":25},{"not_picked":["Panache","ReplayTheSpireMod:Trickstab","Swift Strike"],"picked":"Singing Bowl","floor":25},{"not_picked":["Secret Weapon","Madness"],"picked":"ReplayTheSpireMod:Uncanny Aura","floor":25},{"not_picked":["Secret Technique","Violence"],"picked":"ReplayTheSpireMod:Brewmster","floor":25},{"not_picked":["Spot Weakness","Wild Strike"],"picked":"Warcry+1","floor":27},{"not_picked":["Iron Wave","Thunderclap+1","Clothesline"],"picked":"Singing Bowl","floor":28},{"not_picked":["Intimidate","Seeing Red","Spot Weakness+1"],"picked":"Singing Bowl","floor":29},{"not_picked":["Heavy Blade","ReplayTheSpireMod:Corrosion Curse"],"picked":"Inflame","floor":30},{"not_picked":["Fiend Fire","Run Through"],"picked":"Shrug It Off","floor":32},{"not_picked":["Barricade","Hemogenesis","Fiend Fire"],"picked":"Singing Bowl","floor":33},{"not_picked":["Immolate","Fiend Fire"],"picked":"Exhume","floor":33},{"not_picked":["Immolate","Impervious"],"picked":"Offering","floor":33},{"not_picked":["Dual Wield"],"picked":"Singing Bowl","floor":36},{"not_picked":[],"picked":"Flex","floor":37},{"not_picked":[],"picked":"Shrug It Off","floor":40},{"not_picked":["Flex"],"picked":"Singing Bowl","floor":43},{"not_picked":["Clash"],"picked":"Singing Bowl","floor":45},{"not_picked":[],"picked":"Ghostly Armor+1","floor":47},{"not_picked":["Havoc+1"],"picked":"Singing Bowl","floor":48},{"not_picked":["Shrug It Off+1"],"picked":"Singing Bowl","floor":49},{"not_picked":["Uppercut+1"],"picked":"Singing Bowl","floor":52}],"player_experience":212499,"relics_obtained":[{"floor":8,"key":"HornCleat"},{"floor":12,"key":"Bottled Flame"},{"floor":13,"key":"ReplayTheSpireMod:Ring of Challenge"},{"floor":13,"key":"Ring of Misfortune"},{"floor":16,"key":"Eternal Feather"},{"floor":18,"key":"Replay:Bandana"},{"floor":24,"key":"Singing Bowl"},{"floor":27,"key":"Du-Vu Doll"},{"floor":30,"key":"Self Forming Clay"},{"floor":41,"key":"Replay:WaspNest"},{"floor":47,"key":"ReplayTheSpireMod:Spearhead"},{"floor":52,"key":"War Paint"}],"event_choices":[{"damage_healed":0,"gold_gain":0,"player_choice":"Take Damage","damage_taken":18,"relics_obtained":["Golden Idol"],"max_hp_gain":0,"max_hp_loss":0,"event_name":"Golden Idol","floor":6,"gold_loss":0},{"damage_healed":0,"gold_gain":75,"player_choice":"Gather Gold","damage_taken":11,"max_hp_gain":0,"max_hp_loss":0,"event_name":"World of Goop","floor":11,"gold_loss":0}],"is_beta":false,"boss_relics":[{"not_picked":["Sozu","Ooze Armor"],"picked":"Replay:Bronze Core"},{"not_picked":["Ring of Chaos","ReplayTheSpireMod:DimensionalGlitch"],"picked":"Busted Crown"}],"items_purged_floors":[3,3,22,25,25,25,25,25,25,25,25],"is_endless":false,"potions_floor_spawned":[2,2,4,5,5,8,8,12,14,15,19,19,20,23,27,27,28,28,28,30,32,32,33,33,40,40,43,43,48,48,52,52,52],"ascension_level":3}}