{"host":"b9id4afcchnn1rfb","time":1613942697,"event":{"mods":["Act Like it!","BaseMod","Better Note","Colored Map","Colored Powertips","Hallownest","Hermit","Infinite Spire","Minty Spire (QoL Compilation)","StSLib","SuperFastMode","The Death Knight","The Necromancer"],"gold_per_floor":[117,117,137,150,163,198,198,227,227,261,588,623,753,130,130,230,230,240,290,340,340,340,340,366,376,431,451,467,467,487,501,501,598,598,614,614,288,288,299,299,299,330,330,364,376,393,308,323,323,323,323,323,51,77,77],"floor_reached":56,"language":"ENG","playtime":2167,"items_purged":["Strike_W","Defend_W","Defend_W"],"score":1656,"play_id":"44929f81-3ee4-4bb5-91fe-7d1fb0b3da87","local_time":"20210221222457","is_ascension_mode":true,"campfire_choices":[{"floor":7,"key":"REST"},{"data":"Summon_Lich","floor":7,"key":"SMITH"},{"floor":15,"key":"REST"},{"data":"Shade_Step","floor":15,"key":"SMITH"},{"data":"infinitespire:NeuralNetwork","floor":23,"key":"SMITH"},{"floor":29,"key":"REST"},{"floor":29,"key":"RECALL"},{"floor":32,"key":"REST"},{"data":"Bone_Armory","floor":32,"key":"SMITH"},{"floor":40,"key":"REST"},{"data":"infinitespire:SevenWalls","floor":40,"key":"SMITH"},{"floor":49,"key":"REST"},{"data":"Bone_Armory","floor":49,"key":"SMITH"},{"data":"Apotheosis","floor":52,"key":"SMITH"}],"circlet_count":0,"master_deck":["Strike_W","Strike_W","Defend_W","Defend_W","Negative_Energy_Arrows","Bone_Wall","Finger_Of_Death","Summon_Lich+1","Spectral_Walk","Summon_Lich+1","Blood_Is_Power","Bone_Prison","Shade_Step+1","Siphon_Strength","Grasp_Heart","Finesse","Skeleton_Dragon","Bone_Armory+1","infinitespire:NeuralNetwork+1","infinitespire:SevenWalls+1","Summon_Lich","Negative_Energy_Burst","Summon_Undead_Army","Summon_Undead+1","Bone_Prison","infinitespire:Gouge","Bone_Armory+1","Summon_Lich","Apotheosis+1","Bones_to_Steel","Hallownest:skillKingdomsEdgeMap","Bone_Armory","Bone_Prison"],"relics":["Vampire_Amulet","Hallownest:DreamNailRelic","infinitespire:Magic Flask","The Courier","Ancient Tea Set","Old Coin","Oddly Smooth Stone","Strawberry","Mummified Hand","Tiny House","infinitespire:Satchel","Orichalcum","infinitespire:Lucky Rock","Black Star","Bag of Preparation","infinitespire:Golems Mask","InkBottle","Blue Candle","Bronze Scales","Boot","Bottled Lightning","DeathKnight:PutricidesVial","infinitespire:Beetle Shell"],"acts_visited":["Exordium","Hallownest:Greenpath","Hallownest:CityofTears","TheEnding"],"potions_floor_usage":[8,16,18,55],"damage_taken":[{"damage":19,"enemies":"Hallownest:2_Tiktiks_and_1_Crawlid","floor":1,"turns":4},{"damage":0,"enemies":"Hallownest:2_Baldur","floor":3,"turns":4},{"damage":2,"enemies":"2_ Uuma","floor":4,"turns":5},{"damage":17,"enemies":"Hallownest:2_Tiktiks_1_Baldur_1_Crawlid","floor":5,"turns":5},{"damage":7,"enemies":"Hallownest:eliteVengeflyKing","floor":6,"turns":7},{"damage":26,"enemies":"Hallownest:eliteMossKnight","floor":8,"turns":7},{"damage":17,"enemies":"Hallownest:eliteVengeflyKing","floor":10,"turns":6},{"damage":20,"enemies":"Hallownest:eliteMossKnight","floor":11,"turns":8},{"damage":2,"enemies":"Hallownest:eliteMossKnight","floor":12,"turns":4},{"damage":6,"enemies":"Hallownest:BossBrokenVessel","floor":16,"turns":6},{"damage":4,"enemies":"Hallownest:3_Youths","floor":18,"turns":3},{"damage":6,"enemies":"Hallownest:3_Youths","floor":19,"turns":4},{"damage":2,"enemies":"Hallownest:Nosk","floor":24,"turns":5},{"damage":3,"enemies":"Hallownest:Flukemon_and_Top","floor":25,"turns":5},{"damage":6,"enemies":"Hallownest:Warrior_and_Youth","floor":27,"turns":3},{"damage":4,"enemies":"Hallownest:2_Flukemon","floor":28,"turns":4},{"damage":13,"enemies":"Hallownest:3_Mistakes","floor":30,"turns":3},{"damage":5,"enemies":"Hallownest:Warrior_and_Youth","floor":31,"turns":5},{"damage":37,"enemies":"Hallownest:BossMantisLord","floor":33,"turns":8},{"damage":37,"enemies":"Hallownest:3_Siblings","floor":35,"turns":7},{"damage":7,"enemies":"Hallownest:Shield_Heavy","floor":39,"turns":4},{"damage":19,"enemies":"Hallownest:eliteHiveKnight","floor":42,"turns":6},{"damage":0,"enemies":"Hallownest:eliteCollector","floor":44,"turns":7},{"damage":3,"enemies":"Hallownest:2_Great","floor":45,"turns":4},{"damage":3,"enemies":"Hallownest:Shield_Sturdy","floor":46,"turns":4},{"damage":14,"enemies":"Hallownest:2_Soldiers_and_1_Guardian","floor":48,"turns":4},{"damage":18,"enemies":"Hallownest:Radiance","floor":50,"turns":7},{"damage":25,"enemies":"Shield and Spear","floor":54,"turns":4},{"damage":16,"enemies":"The Heart","floor":55,"turns":8}],"seed_played":"2754105252039457406","potions_obtained":[{"floor":3,"key":"DuplicationPotion"},{"floor":6,"key":"CultistPotion"},{"floor":8,"key":"SneckoOil"},{"floor":12,"key":"Ancient Potion"},{"floor":16,"key":"DistilledChaos"},{"floor":18,"key":"DeathKnight:BottledBloodEchoes"},{"floor":30,"key":"FairyPotion"}],"is_trial":false,"path_per_floor":["M","?","M","M","M","E","R","E","T","E","?","E","?","$","R","B",null,"M","?","AVR","?","?","R","E","M","T","M","M","R","M","M","R","B",null,"M","?","$","?","M","R","T","E","T","E","M","M","?","M","R","B",null,"R","$","E","B",null],"character_chosen":"NECROMANCER","items_purchased":["Siphon_Strength","Grasp_Heart","Strawberry","Mummified Hand","Finesse","Bone_Armory","Summon_Lich","Apotheosis","Bone_Armory","Bottled Lightning","PowerPotion"],"campfire_rested":6,"item_purchase_floors":[14,14,14,14,14,37,37,37,53,53,53],"current_hp_per_floor":[62,62,66,68,59,64,82,60,60,51,33,33,33,40,66,64,83,85,81,86,82,82,82,82,81,81,79,79,94,87,86,94,78,90,59,36,36,51,60,88,88,71,71,77,74,81,81,73,94,93,94,94,94,82,86],"gold":77,"neow_bonus":"TEN_PERCENT_HP_BONUS","is_daily":false,"chose_seed":false,"campfire_upgraded":7,"win_rate":0.0,"timestamp":1613942697,"path_taken":["M","?","?","M","M","E","R","E","T","E","?","E","?","$","R","BOSS","M","?","AVR","?","?","R","E","M","T","M","?","R","M","M","R","BOSS","M","?","$","?","M","R","?","E","T","E","M","M","?","?","R","BOSS","R","$","E","BOSS"],"items_purchased_type":["Card","Card","Relic","Relic","Card","Card","Card","Card","Card","Relic","Potion"],"build_version":"2020-12-22","purchased_purges":3,"victory":true,"max_hp_per_floor":[82,82,82,82,82,82,82,82,82,82,82,82,82,89,89,89,89,89,89,94,94,94,94,94,94,94,94,94,94,94,94,94,94,94,94,94,94,94,94,94,94,94,94,94,94,94,94,94,94,94,94,94,94,94,94],"card_choices":[{"not_picked":["Consume_Illness","Thousand_Bone_Knives"],"picked":"Finger_Of_Death","floor":1},{"not_picked":["Blood_Curse","Spectral_Walk"],"picked":"Summon_Lich","floor":3},{"not_picked":["Life_Drain","Shade_Step"],"picked":"Spectral_Walk","floor":4},{"not_picked":["Bone_Armor","Death_March_Dance"],"picked":"Summon_Lich","floor":5},{"not_picked":["Life_Tap","Chill_Blood","Consume_Illness"],"picked":"SKIP","floor":6},{"not_picked":["Finger_Of_Death","Necromantic_Selection","Death_Coil"],"picked":"SKIP","floor":8},{"not_picked":["Blood_Whip","Blood_Curse"],"picked":"Blood_Is_Power","floor":10},{"not_picked":["Blood_Is_Power","Negative_Energy_Bomb"],"picked":"Bone_Prison","floor":11},{"not_picked":["Negative_Energy_Javelin","Bone_Armor"],"picked":"Shade_Step","floor":12},{"not_picked":["Summon_Vampire_Lady","Negative_Energy_Bomb"],"picked":"Skeleton_Dragon","floor":16},{"not_picked":["Exploit","Death_Coil","Blood_Shield+1"],"picked":"SKIP","floor":18},{"not_picked":["Bone_Spikes+1","Blood_Curse"],"picked":"Bone_Armory","floor":20},{"not_picked":["Life_Drain","Plague_Bolt+1"],"picked":"Summon_Lich","floor":24},{"not_picked":["Bone_Spikes","Necrotic_Claws+1"],"picked":"Negative_Energy_Burst","floor":25},{"not_picked":["Violent_Necrosis","Bone_Armor+1"],"picked":"Summon_Undead_Army","floor":27},{"not_picked":["Toxic_Smoke_Screen","Epidemic+1","Shackles_Of_Pain+1"],"picked":"SKIP","floor":28},{"not_picked":["Blood_Whip","Vampiric_Strike","Scare"],"picked":"SKIP","floor":30},{"not_picked":["Negative_Energy_Bomb","Bones_to_Steel+1"],"picked":"Summon_Undead+1","floor":31},{"not_picked":["Death_Coil+1","Bone_Shift+1"],"picked":"Bone_Prison","floor":35},{"not_picked":["infinitespire:Starlight","infinitespire:SealOfDarkness+"],"picked":"infinitespire:Gouge","floor":36},{"not_picked":["Negative_Energy_Mist","Blood_Shield","Death_Coil+1"],"picked":"SKIP","floor":39},{"not_picked":["Negative_Energy_Javelin","Chill_Blood","Exploit"],"picked":"SKIP","floor":42},{"not_picked":["Flesh_Made_Foul","Negative_Energy_Burst+1","Vampiric_Strike"],"picked":"SKIP","floor":44},{"not_picked":["Negative_Energy_Sphere","Negative_Energy_Javelin"],"picked":"Bones_to_Steel","floor":45},{"not_picked":["Death_Coil+1","Cloudkill","Blood_Curse"],"picked":"SKIP","floor":46},{"not_picked":["Death_Coil+1","Plague_Bolt+1","Negative_Energy_Javelin"],"picked":"SKIP","floor":48},{"not_picked":["Uncharnel","Flesh_Made_Foul"],"picked":"Bone_Prison","floor":54}],"player_experience":499191,"relics_obtained":[{"floor":6,"key":"infinitespire:Magic Flask"},{"floor":8,"key":"The Courier"},{"floor":10,"key":"Ancient Tea Set"},{"floor":11,"key":"Old Coin"},{"floor":12,"key":"Oddly Smooth Stone"},{"floor":24,"key":"Orichalcum"},{"floor":26,"key":"infinitespire:Lucky Rock"},{"floor":41,"key":"Bag of Preparation"},{"floor":42,"key":"infinitespire:Golems Mask"},{"floor":42,"key":"InkBottle"},{"floor":43,"key":"Blue Candle"},{"floor":44,"key":"Bronze Scales"},{"floor":44,"key":"Boot"},{"floor":54,"key":"DeathKnight:PutricidesVial"},{"floor":54,"key":"infinitespire:Beetle Shell"}],"event_choices":[],"is_beta":false,"boss_relics":[{"not_picked":["Ectoplasm","Fusion Hammer","Velvet Choker"]},{"not_picked":["Cursed Key","infinitespire:Cupcake"],"picked":"Black Star"}],"items_purged_floors":[14,20,37],"is_endless":false,"potions_floor_spawned":[3,6,8,12,16,18,27,30,31,33,39],"ascension_level":6}}