{"host":"8pvw2tcf9wctlvur","time":1613933662,"event":{"mods":["BaseMod","Better Third Choice","Colored Powertips","Curses Come First","Minty Spire (QoL Compilation)","Rare Cards Sparkle","Relic Stats","StSLib","SuperFastMode"],"gold_per_floor":[116,6,20,36,48,48,65,65,92,41,41,59,59,39,39,139,139,153,153,153],"floor_reached":19,"language":"ENG","playtime":773,"items_purged":[],"score":175,"play_id":"662d3f06-db05-4a48-b3a3-a6fc5e8e46f9","local_time":"20210221115422","is_ascension_mode":true,"campfire_choices":[{"floor":6,"key":"REST"},{"floor":8,"key":"REST"},{"floor":15,"key":"REST"}],"circlet_count":0,"master_deck":["Strike_B","Strike_B","Strike_B","Strike_B","Defend_B","Defend_B","Defend_B","Defend_B","Zap","Dualcast","Fusion","White Noise","Loop","Self Repair","Compile Driver","Rebound","Capacitor","Cold Snap","Ball Lightning","Thunder Strike","Doom and Gloom+1"],"relics":["Cracked Core","Oddly Smooth Stone","Blood Vial","Black Star"],"acts_visited":["Exordium","TheCity"],"potions_floor_usage":[5,16,16,16,16,16,19],"damage_taken":[{"damage":0,"enemies":"Cultist","floor":1,"turns":3},{"damage":19,"enemies":"Jaw Worm","floor":3,"turns":3},{"damage":6,"enemies":"2 Louse","floor":4,"turns":3},{"damage":30,"enemies":"Gremlin Gang","floor":5,"turns":6},{"damage":26,"enemies":"3 Louse","floor":7,"turns":4},{"damage":34,"enemies":"Lots of Slimes","floor":12,"turns":3},{"damage":23,"enemies":"Slime Boss","floor":16,"turns":6},{"damage":62,"enemies":"2 Thieves","floor":18,"turns":5},{"damage":15,"enemies":"Shell Parasite","floor":19,"turns":2}],"seed_played":"2065882723779988594","potions_obtained":[{"floor":4,"key":"SneckoOil"},{"floor":12,"key":"EntropicBrew"},{"floor":14,"key":"Strength Potion"},{"floor":16,"key":"PowerPotion"}],"is_trial":false,"path_per_floor":["M","$","M","M","M","R","M","R","T","$","$","M","?","?","R","B",null,"M","M"],"character_chosen":"DEFECT","items_purchased":["White Noise","Loop","Cold Snap"],"campfire_rested":3,"item_purchase_floors":[2,2,10],"current_hp_per_floor":[75,75,56,57,34,56,37,59,59,59,59,27,9,9,31,32,75,13,0,0],"gold":153,"neow_bonus":"RANDOM_COMMON_RELIC","is_daily":false,"chose_seed":false,"campfire_upgraded":0,"win_rate":0.0,"timestamp":1613933662,"path_taken":["M","$","M","?","M","R","M","R","T","?","$","?","?","?","R","BOSS","M","M"],"items_purchased_type":["Card","Card","Card"],"build_version":"2020-12-22","purchased_purges":0,"victory":false,"max_hp_per_floor":[75,75,75,75,75,75,75,75,75,75,75,75,75,75,75,75,75,75,75,75],"relic_stats":{"Blood Vial":6,"counters":[9,35],"Black Star":0,"obtain_stats":[{"Blood Vial":9,"Oddly Smooth Stone":0,"Black Star":17,"Cracked Core":0},{"Blood Vial":5,"Oddly Smooth Stone":0,"Black Star":7,"Cracked Core":0},{"Blood Vial":19,"Oddly Smooth Stone":0,"Black Star":28,"Cracked Core":0}]},"card_choices":[{"not_picked":["Gash","Cold Snap"],"picked":"Fusion","floor":1},{"not_picked":["Barrage","Steam"],"picked":"Self Repair","floor":3},{"not_picked":["Stack","Gash"],"picked":"Compile Driver","floor":4},{"not_picked":["Go for the Eyes","Barrage"],"picked":"Rebound","floor":5},{"not_picked":["Lockon","Reinforced Body"],"picked":"Capacitor","floor":7},{"not_picked":["Cold Snap","Steam"],"picked":"Ball Lightning","floor":12},{"not_picked":["Meteor Strike","Buffer"],"picked":"Thunder Strike","floor":16},{"not_picked":["Genetic Algorithm","Undo"],"picked":"Doom and Gloom+1","floor":18}],"player_experience":300772,"relics_obtained":[{"floor":9,"key":"Blood Vial"}],"event_choices":[{"damage_healed":0,"gold_gain":0,"player_choice":"LEAVE","damage_taken":18,"max_hp_gain":0,"max_hp_loss":0,"event_name":"betterThird:BetterScrap","floor":13,"gold_loss":0,"cards_obtained":["Feed"]},{"damage_healed":0,"gold_gain":0,"player_choice":"Bought 1 Potion","damage_taken":0,"max_hp_gain":0,"max_hp_loss":0,"event_name":"The Woman in Blue","floor":14,"gold_loss":0}],"is_beta":false,"boss_relics":[{"not_picked":["Nuclear Battery","Cursed Key"],"picked":"Black Star"}],"items_purged_floors":[],"is_endless":false,"potions_floor_spawned":[4,12,16],"killed_by":"Shell Parasite","ascension_level":2}}