{"host":"skr63qsdfgeey3it","time":1613865766,"event":{"mods":["BaseMod","Colored Map","Hubris","Minty Spire (QoL Compilation)","Monster B Gone","Reliquary","Replay The Spire","Spicy Shops","StSLib"],"gold_per_floor":[113,1,1,1,1,1,1,44,44,68,106,122,149,149,149],"floor_reached":14,"language":"ENG","playtime":187,"items_purged":[],"score":212,"play_id":"d70640e8-6435-4bff-bdb2-e00fd81193e3","local_time":"20210220180246","is_ascension_mode":true,"campfire_choices":[{"floor":6,"key":"REST"}],"circlet_count":0,"master_deck":["AscendersBane","Strike_B","Strike_B","Strike_B+1","Strike_B","Defend_B","Defend_B","Defend_B+1","Defend_B","Zap","Dualcast","ReplayTheSpireMod:System Scan","Lockon+1","Static Discharge","Cold Snap","Beam Cell","Streamline"],"relics":["Cracked Core","NeowsBlessing","Golden Idol","DataDisk","hubris:Towel","hubris:BallOfYels","Simple Rune","Shuriken","reliquary:ExpiredCoupon"],"acts_visited":["Exordium"],"potions_floor_usage":[14],"damage_taken":[{"damage":0,"enemies":"Cultist","floor":1,"turns":1},{"damage":0,"enemies":"Lagavulin","floor":8,"turns":1},{"damage":0,"enemies":"2 Louse","floor":10,"turns":1},{"damage":22,"enemies":"Gremlin Nob","floor":11,"turns":4},{"damage":4,"enemies":"Jaw Worm","floor":12,"turns":2},{"damage":21,"enemies":"Lagavulin","floor":14,"turns":3}],"seed_played":"632561575957865328","potions_obtained":[{"floor":11,"key":"Explosive Potion"}],"is_trial":false,"path_per_floor":["M","$","?","?","?","R","?","E","T","M","E","M","T","E"],"character_chosen":"DEFECT","items_purchased":["Lockon"],"campfire_rested":1,"item_purchase_floors":[2],"current_hp_per_floor":[64,64,40,22,22,43,43,43,43,43,21,17,17,0,0],"gold":149,"neow_bonus":"THREE_ENEMY_KILL","is_daily":false,"chose_seed":false,"campfire_upgraded":0,"win_rate":0.0,"timestamp":1613865766,"path_taken":["M","$","?","?","?","R","?","E","T","?","E","M","?","E"],"items_purchased_type":["Card"],"build_version":"2020-12-22","purchased_purges":0,"victory":false,"max_hp_per_floor":[71,71,71,71,71,71,71,71,71,71,71,71,71,71,71],"card_choices":[{"not_picked":["Coolheaded","Steam Power"],"picked":"ReplayTheSpireMod:System Scan","floor":1},{"not_picked":["Genetic Algorithm","Steam"],"picked":"Static Discharge","floor":8},{"not_picked":["Hologram","Stack"],"picked":"Cold Snap","floor":10},{"not_picked":["Conserve Battery","Heatsinks"],"picked":"Beam Cell","floor":11},{"not_picked":["ReplayTheSpireMod:GoodbyeWorld","Darkness"],"picked":"Streamline","floor":12}],"player_experience":983563,"relics_obtained":[{"floor":8,"key":"hubris:BallOfYels"},{"floor":9,"key":"Simple Rune"},{"floor":11,"key":"Shuriken"},{"floor":13,"key":"reliquary:ExpiredCoupon"}],"event_choices":[{"damage_healed":0,"gold_gain":0,"player_choice":"Take Damage","damage_taken":24,"relics_obtained":["Golden Idol"],"max_hp_gain":0,"max_hp_loss":0,"event_name":"Golden Idol","floor":3,"gold_loss":0},{"damage_healed":0,"gold_gain":0,"player_choice":"Success","damage_taken":18,"relics_obtained":["DataDisk"],"max_hp_gain":0,"max_hp_loss":0,"event_name":"Scrap Ooze","floor":4,"gold_loss":0},{"damage_healed":0,"gold_gain":0,"player_choice":"Grow","damage_taken":0,"max_hp_gain":0,"max_hp_loss":0,"event_name":"Living Wall","floor":7,"gold_loss":0,"cards_upgraded":["Lockon"]}],"is_beta":false,"boss_relics":[],"items_purged_floors":[],"is_endless":false,"potions_floor_spawned":[11],"killed_by":"Lagavulin","ascension_level":15}}