{"host":"nnmmiiw4bez2c8ei","time":1613887224,"event":{"mods":["AchievementEnabler","BaseMod","Colored Map","Colored Powertips","Minty Spire (QoL Compilation)","Rare Cards Sparkle","StSLib"],"gold_per_floor":[114,39,214,229,0,0,0,0,0,0,30,60,90,120,132,244,256,283,310,237,264,1,1,1,31,106,106,31,61,61,61,61,161,161,176,176,191,41,56,56,56,86,86,86,116,191,221,61,61,61],"floor_reached":51,"language":"KOR","playtime":2271,"items_purged":["Shrug It Off","Doubt"],"score":1291,"play_id":"fffe24c7-e45e-4b82-91b1-93c010c1cf26","local_time":"20210221150024","daily_mods":["SealedDeck","Flight","Elite Swarm"],"is_ascension_mode":false,"campfire_choices":[{"data":"Dark Embrace","floor":6.0,"key":"SMITH"},{"data":"Entrench","floor":7.0,"key":"SMITH"},{"data":"Body Slam","floor":10.0,"key":"SMITH"},{"data":"1","floor":15.0,"key":"LIFT"},{"data":"2","floor":23.0,"key":"LIFT"},{"data":"3","floor":24.0,"key":"LIFT"},{"data":"Demon Form","floor":27.0,"key":"SMITH"},{"data":"Armaments","floor":32.0,"key":"SMITH"},{"data":"Enlightenment","floor":40.0,"key":"SMITH"},{"data":"Corruption","floor":44,"key":"SMITH"},{"floor":49,"key":"DIG"}],"circlet_count":0,"master_deck":["Pommel Strike","Warcry","Thunderclap","Armaments+1","Shrug It Off","Entrench+1","Shrug It Off","Body Slam+1","Intimidate","Rampage","Dark Embrace+1","Corruption+1","Exhume","Immolate","Impervious","Demon Form+1","CurseOfTheBell","Metallicize","Offering","Double Tap","Shockwave+1","Enlightenment+1","HandOfGreed","Seeing Red","Entrench+1","Barricade","Offering","Metallicize"],"relics":["Burning Blood","TheAbacus","White Beast Statue","FossilizedHelix","Bronze Scales","Girya","MawBank","Calling Bell","MealTicket","Thread and Needle","Letter Opener","Orichalcum","Membership Card","Ancient Tea Set","Mercury Hourglass","Pantograph","Medical Kit","Juzu Bracelet","HornCleat","SlaversCollar","Strange Spoon","Anchor","Eternal Feather","Meat on the Bone","Sundial","Shovel","Bag of Preparation","Blue Candle","Oddly Smooth Stone"],"acts_visited":["Exordium","TheCity","TheBeyond"],"potions_floor_usage":[],"damage_taken":[{"damage":0.0,"enemies":"Small Slimes","floor":1.0,"turns":4.0},{"damage":0.0,"enemies":"2 Louse","floor":4.0,"turns":2.0},{"damage":14.0,"enemies":"Gremlin Nob","floor":11.0,"turns":5.0},{"damage":0.0,"enemies":"Lagavulin","floor":12.0,"turns":5.0},{"damage":0.0,"enemies":"Gremlin Nob","floor":13.0,"turns":4.0},{"damage":0.0,"enemies":"Lagavulin","floor":14.0,"turns":5.0},{"damage":0.0,"enemies":"The Guardian","floor":16.0,"turns":4.0},{"damage":0.0,"enemies":"Chosen","floor":18.0,"turns":5.0},{"damage":0.0,"enemies":"2 Thieves","floor":19.0,"turns":3.0},{"damage":0.0,"enemies":"Cultist and Chosen","floor":21.0,"turns":6.0},{"damage":0.0,"enemies":"Book of Stabbing","floor":25.0,"turns":2.0},{"damage":13.0,"enemies":"Slavers","floor":29.0,"turns":3.0},{"damage":6.0,"enemies":"Collector","floor":33.0,"turns":3.0},{"damage":0.0,"enemies":"3 Darklings","floor":35.0,"turns":3.0},{"damage":0.0,"enemies":"3 Shapes","floor":37.0,"turns":2.0},{"damage":7.0,"enemies":"Transient","floor":39.0,"turns":5.0},{"damage":0,"enemies":"Reptomancer","floor":42,"turns":4},{"damage":0,"enemies":"Giant Head","floor":45,"turns":4},{"damage":6,"enemies":"Mind Bloom Boss Battle","floor":46,"turns":5},{"damage":0,"enemies":"Nemesis","floor":47,"turns":5},{"damage":19,"enemies":"Donu and Deca","floor":50,"turns":3}],"seed_played":"-7397021786818157212","potions_obtained":[{"floor":4.0,"key":"FearPotion"},{"floor":11.0,"key":"ColorlessPotion"},{"floor":12.0,"key":"Fire Potion"},{"floor":14.0,"key":"Explosive Potion"},{"floor":16.0,"key":"SteroidPotion"},{"floor":18.0,"key":"Ancient Potion"},{"floor":39.0,"key":"EntropicBrew"}],"is_trial":false,"path_per_floor":["M","$","?","M","$","R","R","?","T","R","E","E","E","E","R","B",null,"M","M","?","M","$","R","R","E","T","R","$","E","?","?","R","B",null,"M","?","M","$","M","R","?","E","T","R","E","?","E","$","R","B",null],"character_chosen":"IRONCLAD","items_purchased":["Dark Embrace","TheAbacus","Membership Card","Ancient Tea Set","Medical Kit","Strange Spoon","Anchor","Blue Candle","Metallicize"],"campfire_rested":0,"item_purchase_floors":[5,5,22,22,28,38,38,48,48],"current_hp_per_floor":[80,80,80,80,80,80,80,85,85,85,77,83,85,85,85,85,85,85,85,85,85,85,85,85,85,85,85,85,78,78,78,78,85,85,85,75,81,85,84,84,84,85,85,85,85,85,85,85,85,72],"gold":61,"neow_bonus":"","is_daily":true,"chose_seed":false,"campfire_upgraded":7,"win_rate":0.0,"timestamp":1613887224,"path_taken":["M","$","?","M","$","R","R","?","T","R","E","E","E","E","R","BOSS","M","M","?","M","$","R","R","E","T","R","$","E","?","?","R","BOSS","M","?","M","$","M","R","?","E","T","R","E","?","E","$","R","BOSS"],"items_purchased_type":["Card","Relic","Relic","Relic","Relic","Relic","Relic","Relic","Card"],"build_version":"2020-12-22","purchased_purges":2,"victory":true,"max_hp_per_floor":[80,80,80,80,80,80,80,85,85,85,85,85,85,85,85,85,85,85,85,85,85,85,85,85,85,85,85,85,85,85,85,85,85,85,85,85,85,85,85,85,85,85,85,85,85,85,85,85,85,85],"card_choices":[{"not_picked":["Anger","True Grit"],"picked":"Rampage","floor":1.0},{"not_picked":["Twin Strike","True Grit","Body Slam"],"picked":"SKIP","floor":4.0},{"not_picked":["Reaper","Demon Form"],"picked":"Corruption","floor":11.0},{"not_picked":["Reaper","Juggernaut"],"picked":"Exhume","floor":12.0},{"not_picked":["Feed","Impervious"],"picked":"Immolate","floor":13.0},{"not_picked":["Exhume","Immolate"],"picked":"Impervious","floor":14.0},{"not_picked":["Reaper","Offering"],"picked":"Demon Form","floor":16.0},{"not_picked":["Flex+1","Searing Blow+1","Reckless Charge+1"],"picked":"SKIP","floor":18.0},{"not_picked":["Twin Strike","Headbutt"],"picked":"Metallicize","floor":19.0},{"not_picked":["Clash+1","Blood for Blood","Perfected Strike"],"picked":"SKIP","floor":21.0},{"not_picked":["Demon Form","Juggernaut","Brutality"],"picked":"SKIP","floor":25.0},{"not_picked":["Fiend Fire","Immolate"],"picked":"Offering","floor":29.0},{"not_picked":["Fiend Fire","Juggernaut"],"picked":"Double Tap","floor":33.0},{"not_picked":["Twin Strike+1","Whirlwind"],"picked":"Shockwave+1","floor":35.0},{"not_picked":["Deep Breath","Mind Blast"],"picked":"Enlightenment","floor":36.0},{"not_picked":["Good Instincts","Jack Of All Trades"],"picked":"HandOfGreed","floor":36.0},{"not_picked":["Thunderclap","Flex"],"picked":"Seeing Red","floor":37.0},{"not_picked":["Warcry+1","Shrug It Off"],"picked":"Entrench+1","floor":39.0},{"not_picked":["Immolate","Exhume","Juggernaut"],"picked":"SKIP","floor":42},{"not_picked":["Bludgeon","Brutality"],"picked":"Barricade","floor":45},{"not_picked":["Barricade","Exhume"],"picked":"Offering","floor":47}],"player_experience":521945,"relics_obtained":[{"floor":9.0,"key":"White Beast Statue"},{"floor":11.0,"key":"FossilizedHelix"},{"floor":12.0,"key":"Bronze Scales"},{"floor":13.0,"key":"Girya"},{"floor":14.0,"key":"MawBank"},{"floor":17.0,"key":"MealTicket"},{"floor":17.0,"key":"Thread and Needle"},{"floor":17.0,"key":"Letter Opener"},{"floor":25.0,"key":"Mercury Hourglass"},{"floor":26.0,"key":"Pantograph"},{"floor":29.0,"key":"Juzu Bracelet"},{"floor":42,"key":"Eternal Feather"},{"floor":43,"key":"Meat on the Bone"},{"floor":45,"key":"Sundial"},{"floor":46,"key":"Shovel"},{"floor":47,"key":"Bag of Preparation"},{"floor":49,"key":"Oddly Smooth Stone"}],"event_choices":[{"damage_healed":0.0,"max_hp_gain":0.0,"max_hp_loss":0.0,"gold_gain":175.0,"event_name":"Liars Game","player_choice":"AGREE","floor":3.0,"gold_loss":0.0,"damage_taken":0.0,"cards_obtained":["Doubt"]},{"damage_healed":0.0,"max_hp_gain":5.0,"max_hp_loss":0.0,"gold_gain":0.0,"event_name":"Big Fish","player_choice":"Donut","floor":8.0,"gold_loss":0.0,"damage_taken":0.0},{"damage_healed":0.0,"max_hp_gain":0.0,"max_hp_loss":0.0,"gold_gain":0.0,"event_name":"Addict","player_choice":"Obtained Relic","floor":20.0,"gold_loss":85.0,"damage_taken":0.0,"relics_obtained":["Orichalcum"]},{"damage_healed":0.0,"max_hp_gain":0.0,"max_hp_loss":0.0,"gold_gain":0.0,"event_name":"The Mausoleum","player_choice":"Opened","floor":30.0,"gold_loss":0.0,"damage_taken":0.0,"relics_obtained":["HornCleat"],"cards_obtained":["Writhe"]},{"cards_removed":["Writhe"],"damage_healed":0.0,"max_hp_gain":0.0,"max_hp_loss":0.0,"gold_gain":0.0,"event_name":"Back to Basics","player_choice":"Elegance","floor":31.0,"gold_loss":0.0,"damage_taken":0.0},{"damage_healed":0.0,"max_hp_gain":0.0,"max_hp_loss":0.0,"gold_gain":0.0,"event_name":"SensoryStone","player_choice":"Memory 3","floor":36.0,"gold_loss":0.0,"damage_taken":10.0},{"damage_healed":0.0,"max_hp_gain":0.0,"max_hp_loss":0.0,"gold_gain":0.0,"event_name":"SecretPortal","player_choice":"Ignored","floor":41.0,"gold_loss":0.0,"damage_taken":0.0},{"damage_healed":0,"gold_gain":0,"player_choice":"Fight","damage_taken":0,"max_hp_gain":0,"max_hp_loss":0,"event_name":"MindBloom","floor":46,"gold_loss":0}],"is_beta":false,"boss_relics":[{"not_picked":["Coffee Dripper","Velvet Choker"],"picked":"Calling Bell"},{"not_picked":["Philosopher\u0027s Stone","Tiny House"],"picked":"SlaversCollar"}],"items_purged_floors":[2,22],"is_endless":false,"potions_floor_spawned":[4,11,12,13,14,16,18,19,21,25,29,33,35,37,39,42,45,46,47],"ascension_level":0}}