{"host":"sw6p9u0oh417cx03","time":1613914130,"event":{"mods":["AchievementEnabler","Act Like it!","BaseMod","CapriCore","DeckTracker","Highlight Path","Minty Spire (QoL Compilation)","Quick Restart","StSLib"],"gold_per_floor":[10,10,10,28,28,69,92,430,430,444,514,529,529,542,542,668,668,687,602,527,165,189,228,228,268,268,303,316,63,78,78,78,201,201,220,244,262,282,306,306,306,327,327,202,223,263,104,119,119,119,119,119,119,153,153],"floor_reached":56,"language":"ZHS","playtime":930,"items_purged":["Deadly Poison","Neutralize","Concentrate+1"],"score":1796,"play_id":"7ae47fd3-1559-4cde-b9c3-b08374a47eb0","local_time":"20210221212850","is_ascension_mode":true,"campfire_choices":[{"data":"Concentrate","floor":15.0,"key":"SMITH"},{"data":"Calculated Gamble","floor":24.0,"key":"SMITH"},{"data":"Reflex","floor":32.0,"key":"SMITH"},{"floor":40.0,"key":"RECALL"},{"data":"Grand Finale","floor":49,"key":"SMITH"},{"data":"Prepared","floor":52,"key":"SMITH"}],"circlet_count":0,"master_deck":["Survivor","Prepared+1","Reflex+1","Calculated Gamble+1","Terror","Adrenaline","Tactician+1","Grand Finale+1"],"relics":["Ring of the Snake","FossilizedHelix","Golden Idol","Akabeko","Old Coin","Blue Candle","Bag of Preparation","Pandora\u0027s Box","Centennial Puzzle","Calipers","Letter Opener","Red Mask","MealTicket","Medical Kit","Runic Pyramid","Meat on the Bone","Regal Pillow","Oddly Smooth Stone"],"acts_visited":["TheCity","TheBeyond","TheEnding"],"potions_floor_usage":[],"damage_taken":[{"damage":0.0,"enemies":"2 Louse","floor":1.0,"turns":1.0},{"damage":0.0,"enemies":"Jaw Worm","floor":4.0,"turns":1.0},{"damage":0.0,"enemies":"3 Sentries","floor":6.0,"turns":1.0},{"damage":0.0,"enemies":"Cultist","floor":7.0,"turns":1.0},{"damage":0.0,"enemies":"Gremlin Nob","floor":8.0,"turns":1.0},{"damage":0.0,"enemies":"3 Louse","floor":10.0,"turns":1.0},{"damage":0.0,"enemies":"3 Sentries","floor":11.0,"turns":1.0},{"damage":0.0,"enemies":"Large Slime","floor":12.0,"turns":1.0},{"damage":0.0,"enemies":"Looter","floor":14.0,"turns":1.0},{"damage":0.0,"enemies":"Slime Boss","floor":16.0,"turns":1.0},{"damage":0.0,"enemies":"3 Byrds","floor":18.0,"turns":1.0},{"damage":0.0,"enemies":"Chosen","floor":22.0,"turns":1.0},{"damage":0.0,"enemies":"Book of Stabbing","floor":23.0,"turns":1.0},{"damage":0.0,"enemies":"Masked Bandits","floor":25.0,"turns":1.0},{"damage":0.0,"enemies":"Slavers","floor":27.0,"turns":1.0},{"damage":0.0,"enemies":"Snake Plant","floor":28.0,"turns":1.0},{"damage":0.0,"enemies":"Centurion and Healer","floor":30.0,"turns":1.0},{"damage":0.0,"enemies":"Automaton","floor":33.0,"turns":1.0},{"damage":0.0,"enemies":"3 Shapes","floor":35.0,"turns":1.0},{"damage":0.0,"enemies":"3 Darklings","floor":36.0,"turns":1.0},{"damage":0.0,"enemies":"Spire Growth","floor":37.0,"turns":1.0},{"damage":0.0,"enemies":"Maw","floor":38.0,"turns":1.0},{"damage":0.0,"enemies":"Writhing Mass","floor":39.0,"turns":1.0},{"damage":0.0,"enemies":"Jaw Worm Horde","floor":42.0,"turns":1.0},{"damage":0,"enemies":"Sphere and 2 Shapes","floor":45,"turns":1},{"damage":0,"enemies":"Nemesis","floor":46,"turns":1},{"damage":0,"enemies":"3 Darklings","floor":48,"turns":1},{"damage":0,"enemies":"Awakened One","floor":50,"turns":2},{"damage":0,"enemies":"Shield and Spear","floor":54,"turns":1},{"damage":0,"enemies":"The Heart","floor":55,"turns":3}],"seed_played":"-7838258320077276222","potions_obtained":[{"floor":4.0,"key":"SpeedPotion"},{"floor":6.0,"key":"Energy Potion"},{"floor":8.0,"key":"LiquidMemories"},{"floor":10.0,"key":"FairyPotion"},{"floor":42.0,"key":"AttackPotion"}],"is_trial":false,"path_per_floor":["M","$","?","M","$","E","M","E","T","M","?","M","?","M","R","B",null,"M","?","?","$","M","E","R","?","T","E","M","$","M","?","R","B",null,"M","M","M","M","M","R","?","M","T","$","M","E","$","M","R","B",null,"R","$","E","B",null],"character_chosen":"THE_SILENT","items_purchased":["Calipers","Medical Kit","Grand Finale"],"campfire_rested":0,"item_purchase_floors":[21,29,47],"current_hp_per_floor":[70,70,65,65,65,65,65,65,65,65,65,65,65,65,65,65,65,65,65,65,65,65,65,65,65,65,65,65,65,65,65,65,65,65,65,65,65,65,65,65,65,65,65,65,65,65,65,65,65,65,65,65,65,65,65],"gold":153,"neow_bonus":"ONE_RARE_RELIC","is_daily":false,"chose_seed":false,"campfire_upgraded":5,"win_rate":0.0,"timestamp":1613914130,"path_taken":["M","$","?","M","$","E","M","E","T","M","?","M","?","?","R","BOSS","M","?","?","$","M","E","R","?","T","E","M","$","?","?","R","BOSS","M","M","M","M","M","R","?","M","T","$","M","E","$","M","R","BOSS","R","$","E","BOSS"],"items_purchased_type":["Relic","Relic","Card"],"build_version":"2020-12-22","purchased_purges":3,"victory":true,"max_hp_per_floor":[70,70,65,65,65,65,65,65,65,65,65,65,65,65,65,65,65,65,65,65,65,65,65,65,65,65,65,65,65,65,65,65,65,65,65,65,65,65,65,65,65,65,65,65,65,65,65,65,65,65,65,65,65,65,65],"card_choices":[{"not_picked":["Dodge and Roll","Underhanded Strike"],"picked":"Prepared","floor":1.0},{"not_picked":["Dagger Spray","Sucker Punch"],"picked":"Reflex","floor":4.0},{"not_picked":["Riddle With Holes","Expertise"],"picked":"Deadly Poison","floor":6.0},{"not_picked":["Backflip","Deadly Poison","Riddle With Holes"],"picked":"SKIP","floor":7.0},{"not_picked":["Underhanded Strike","Dagger Throw","Outmaneuver"],"picked":"SKIP","floor":8.0},{"not_picked":["Flying Knee","Eviscerate"],"picked":"Calculated Gamble","floor":10.0},{"not_picked":["Slice","Cloak And Dagger"],"picked":"Phantasmal Killer","floor":11.0},{"not_picked":["Poisoned Stab","Blur"],"picked":"Terror","floor":12.0},{"not_picked":["All Out Attack","Prepared"],"picked":"Concentrate","floor":14.0},{"not_picked":["Tools of the Trade","Phantasmal Killer"],"picked":"Adrenaline","floor":16.0},{"not_picked":["Blade Dance+1","Flying Knee","Concentrate+1"],"picked":"SKIP","floor":18.0},{"not_picked":["Flying Knee","Deadly Poison+1","Outmaneuver"],"picked":"SKIP","floor":22.0},{"not_picked":["Outmaneuver","Prepared+1","Skewer"],"picked":"SKIP","floor":23.0},{"not_picked":["Escape Plan","Calculated Gamble+1","Deadly Poison"],"picked":"SKIP","floor":27.0},{"not_picked":["Deflect","Heel Hook","Caltrops"],"picked":"SKIP","floor":28.0},{"not_picked":["Sucker Punch","Deflect","Reflex+1"],"picked":"SKIP","floor":30.0},{"not_picked":["Backflip","Prepared+1","Infinite Blades+1"],"picked":"SKIP","floor":35.0},{"not_picked":["Dodge and Roll","Cloak And Dagger","Calculated Gamble"],"picked":"SKIP","floor":36.0},{"not_picked":["Skewer+1","Malaise","Well Laid Plans"],"picked":"SKIP","floor":37.0},{"not_picked":["Outmaneuver+1","Sucker Punch","Endless Agony+1"],"picked":"SKIP","floor":38.0},{"not_picked":["All Out Attack","Slice+1","Blade Dance+1"],"picked":"SKIP","floor":39.0},{"not_picked":["Crippling Poison","Riddle With Holes"],"picked":"Tactician+1","floor":42.0},{"not_picked":["Cloak And Dagger","Blade Dance+1","Backstab+1"],"picked":"SKIP","floor":45},{"not_picked":["Backflip+1","Deflect+1","Dagger Throw"],"picked":"SKIP","floor":46},{"not_picked":["Blade Dance+1","Prepared","Backflip"],"picked":"SKIP","floor":48},{"not_picked":["Endless Agony+1","Dodge and Roll","Well Laid Plans+1"],"picked":"SKIP","floor":54}],"player_experience":304316,"relics_obtained":[{"floor":6.0,"key":"Akabeko"},{"floor":8.0,"key":"Old Coin"},{"floor":9.0,"key":"Blue Candle"},{"floor":11.0,"key":"Bag of Preparation"},{"floor":23.0,"key":"Letter Opener"},{"floor":25.0,"key":"Red Mask"},{"floor":27.0,"key":"MealTicket"},{"floor":43.0,"key":"Meat on the Bone"},{"floor":46,"key":"Regal Pillow"},{"floor":54,"key":"Oddly Smooth Stone"}],"event_choices":[{"damage_healed":0.0,"max_hp_gain":0.0,"max_hp_loss":5.0,"gold_gain":0.0,"event_name":"Golden Idol","player_choice":"Lose Max HP","floor":3.0,"gold_loss":0.0,"damage_taken":0.0,"relics_obtained":["Golden Idol"]},{"damage_healed":0.0,"max_hp_gain":0.0,"max_hp_loss":0.0,"gold_gain":30.0,"event_name":"Dead Adventurer","player_choice":"Searched \u00273\u0027 times","floor":11.0,"gold_loss":0.0,"damage_taken":0.0},{"cards_removed":["Strike_G"],"damage_healed":0.0,"max_hp_gain":0.0,"max_hp_loss":0.0,"gold_gain":0.0,"event_name":"Purifier","player_choice":"Purged","floor":13.0,"gold_loss":0.0,"damage_taken":0.0},{"damage_healed":0.0,"max_hp_gain":0.0,"max_hp_loss":0.0,"gold_gain":0.0,"event_name":"Addict","player_choice":"Obtained Relic","floor":19.0,"gold_loss":85.0,"damage_taken":0.0,"relics_obtained":["Centennial Puzzle"]},{"cards_removed":["Phantasmal Killer"],"damage_healed":0.0,"max_hp_gain":0.0,"max_hp_loss":0.0,"gold_gain":0.0,"event_name":"Beggar","player_choice":"Gave Gold","floor":20.0,"gold_loss":75.0,"damage_taken":0.0},{"damage_healed":0.0,"max_hp_gain":0.0,"max_hp_loss":0.0,"gold_gain":0.0,"event_name":"Masked Bandits","player_choice":"Fought Bandits","floor":25.0,"gold_loss":0.0,"damage_taken":0.0},{"damage_healed":21.0,"max_hp_gain":0.0,"max_hp_loss":0.0,"gold_gain":0.0,"event_name":"The Library","player_choice":"Heal","floor":31.0,"gold_loss":0.0,"damage_taken":0.0},{"damage_healed":0.0,"max_hp_gain":0.0,"max_hp_loss":0.0,"gold_gain":0.0,"event_name":"SensoryStone","player_choice":"Memory 1","floor":41.0,"gold_loss":0.0,"damage_taken":0.0}],"is_beta":false,"boss_relics":[{"not_picked":["Sozu","Cursed Key"],"picked":"Pandora\u0027s Box"},{"not_picked":["Fusion Hammer","Ring of the Serpent"],"picked":"Runic Pyramid"}],"items_purged_floors":[21,29,44],"is_endless":false,"potions_floor_spawned":[4,6,8,10,11,14,23,27,28,36,37,39,42,48],"ascension_level":1}}