{"host":"dpjm9ksidutf4nb4","time":1613950211,"event":{"mods":["2.2 Compatiblity","AchievementEnabler","Bartender","BaseMod","BetterRewards","Duelist Mod","Fireblade Mod","Hermit","Infinite Spire","Minty Spire (QoL Compilation)","Rare Cards Sparkle","Replay The Spire","Shade Mod","Small Relic Pack","StSLib","The Bladedancer","The Cursed","The Judge","The Servant 0.9.4","The Wild Card","Yuri Mod"],"gold_per_floor":[119,119,119,137,156,156,168,194,194,224,240,41,68,68,68,163,163,182,182,202,220,220,232,279,306,341,365,377,389,419,449,461,571,583,605,617,215,231,231,261,261,271,271,299,299,316,346,362,362,362],"floor_reached":51,"language":"ENG","playtime":3487,"items_purged":["blademaster:Defend","Pain"],"score":1055,"play_id":"2fb5b93b-14ed-4687-b056-1b89ef1cf8ba","local_time":"20210221173011","is_ascension_mode":true,"campfire_choices":[{"data":"blademaster:Sharpen","floor":6,"key":"SMITH"},{"floor":15,"key":"REST"},{"floor":23,"key":"REST"},{"data":"blademaster:Flurry","floor":29,"key":"SMITH"},{"data":"blademaster:ThreePointStrike","floor":32,"key":"SMITH"},{"data":"blademaster:CombatPrep","floor":41,"key":"SMITH"},{"floor":45,"key":"REST"},{"floor":49,"key":"REST"}],"circlet_count":0,"master_deck":["blademaster:Strike","blademaster:Strike","blademaster:Strike","blademaster:Strike","blademaster:Defend","blademaster:Defend","blademaster:Defend","blademaster:RagingBlow","blademaster:HighVoltage","blademaster:LightningDraw","blademaster:Stability","blademaster:FuriousStrike","blademaster:Sharpen+1","blademaster:AspectOfLightning","blademaster:Reversal","blademaster:Vortex","blademaster:ThreePointStrike","blademaster:Sharpen+1","blademaster:AspectOfWind","blademaster:Sharpen+1","blademaster:Flurry+1","blademaster:Stability","blademaster:Overcharge","blademaster:Empower+1","blademaster:BloodyBlow+1","blademaster:AwakeningDefend","blademaster:Stormstrike","infinitespire:NeuralNetwork","infinitespire:Fortify","blademaster:FuriousStrike","blademaster:Cut","blademaster:AspectOfLightning","blademaster:Sharpen+1","blademaster:ThreePointStrike+1","blademaster:Empower","blademaster:CombatPrep+1","Metamorphosis","Metamorphosis","blademaster:DeadlyDance+1","blademaster:RollingTyphoon","blademaster:Sharpen+1","blademaster:UnrelentingWind","blademaster:Flurry","blademaster:DragonStrike+1"],"relics":["blademaster:DancersAmulet","Strawberry","Centennial Puzzle","Onion Ring","Orrery","Blue Doll","ChewingGum","MawBank","Replay:Bottled Eggs","Smiling Mask","Black Star","WarpedTongs","relicPack:DarknessArmor","infinitespire:Satchel","White_Cape","infinitespire:Lucky Rock","Cleaning_Rag","Simple Rune","Blood Vial","PreservedInsect"],"acts_visited":["Exordium","TheCity","TheBeyond"],"potions_floor_usage":[8,13,16,16,25,35,38,44,46,47,50],"damage_taken":[{"damage":8,"enemies":"2 Louse","floor":1,"turns":3},{"damage":0,"enemies":"Small Slimes","floor":4,"turns":4},{"damage":0,"enemies":"Cultist","floor":5,"turns":4},{"damage":11,"enemies":"Large Slime","floor":7,"turns":5},{"damage":9,"enemies":"Gremlin Nob","floor":8,"turns":4},{"damage":20,"enemies":"Lagavulin","floor":10,"turns":5},{"damage":2,"enemies":"Exordium Wildlife","floor":11,"turns":2},{"damage":8,"enemies":"3 Sentries","floor":13,"turns":6},{"damage":17,"enemies":"Hexaghost","floor":16,"turns":6},{"damage":0,"enemies":"Chosen","floor":18,"turns":3},{"damage":1,"enemies":"3 Byrds","floor":20,"turns":3},{"damage":8,"enemies":"3 Cultists","floor":21,"turns":4},{"damage":8,"enemies":"Gremlin Leader","floor":24,"turns":5},{"damage":0,"enemies":"Snake Plant","floor":25,"turns":2},{"damage":13,"enemies":"Snecko","floor":27,"turns":4},{"damage":0,"enemies":"Sentry and Sphere","floor":30,"turns":4},{"damage":2,"enemies":"3 Cultists","floor":31,"turns":3},{"damage":32,"enemies":"Champ","floor":33,"turns":7},{"damage":0,"enemies":"Orb Walker","floor":35,"turns":2},{"damage":9,"enemies":"3 Darklings","floor":38,"turns":3},{"damage":6,"enemies":"Reptomancer","floor":40,"turns":4},{"damage":9,"enemies":"4 Shapes","floor":42,"turns":3},{"damage":25,"enemies":"Nemesis","floor":44,"turns":3},{"damage":10,"enemies":"Writhing Mass","floor":46,"turns":2},{"damage":32,"enemies":"Reptomancer","floor":47,"turns":3},{"damage":18,"enemies":"Maw","floor":48,"turns":4},{"damage":64,"enemies":"infinitespire:MassOfShapes","floor":50,"turns":6}],"seed_played":"-692777506810385109","potions_obtained":[{"floor":4,"key":"Energy Potion"},{"floor":7,"key":"Toxic Potion"},{"floor":10,"key":"Dexterity Potion"},{"floor":11,"key":"SkillPotion"},{"floor":16,"key":"Fire Potion"},{"floor":18,"key":"BlessingOfTheForge"},{"floor":21,"key":"SkillPotion"},{"floor":31,"key":"Swift Potion"},{"floor":35,"key":"GamblersBrew"},{"floor":40,"key":"SteroidPotion"},{"floor":46,"key":"Fire Potion"},{"floor":47,"key":"FearPotion"},{"floor":48,"key":"LifebloodPotion"}],"is_trial":false,"path_per_floor":["M","?","?","M","M","R","M","E","T","E","M","$","E","?","R","B",null,"M","?","M","M","AVR","R","E","M","T","M","?","R","M","M","R","B",null,"M","?","$","M","?","E","R","M","T","E","R","M","E","M","R","B",null],"character_chosen":"THE_BLADEMASTER","items_purchased":["Orrery","blademaster:Stability","relicPack:DarknessArmor","Metamorphosis"],"campfire_rested":4,"item_purchase_floors":[12,12,37,37],"current_hp_per_floor":[60,60,60,60,60,60,49,47,47,27,25,25,17,17,41,24,68,68,68,67,59,59,82,74,80,80,73,73,73,79,82,82,56,76,82,82,82,79,79,79,79,76,76,57,81,77,51,41,65,9],"gold":362,"neow_bonus":"ONE_RANDOM_RARE_CARD","is_daily":false,"chose_seed":false,"campfire_upgraded":4,"win_rate":0.0,"timestamp":1613950211,"path_taken":["M","?","?","M","?","R","M","E","T","E","M","$","E","?","R","BOSS","M","?","?","M","AVR","R","E","M","T","M","?","R","M","M","R","BOSS","M","?","$","?","?","E","R","M","T","E","R","M","E","M","R","BOSS"],"items_purchased_type":["Relic","Card","Relic","Card"],"build_version":"2020-12-22","purchased_purges":2,"victory":true,"max_hp_per_floor":[75,75,75,75,75,75,75,82,82,82,82,82,82,82,82,82,82,82,82,82,82,82,82,82,82,82,82,82,82,82,82,82,82,82,82,82,82,82,82,82,82,82,82,82,82,82,82,82,82,82],"card_choices":[{"not_picked":["blademaster:BladeCross","blademaster:ThunderSlash"],"picked":"blademaster:Stability","floor":1},{"not_picked":["blademaster:Rupture","blademaster:OneTrickPony"],"picked":"blademaster:Sharpen","floor":4},{"not_picked":["blademaster:Cut","blademaster:LeechingStrike"],"picked":"blademaster:AspectOfLightning","floor":5},{"not_picked":["blademaster:SharpBlades","blademaster:LeechingStrike"],"picked":"blademaster:Reversal","floor":7},{"not_picked":["blademaster:AwakeningStrike","blademaster:OneTrickPony"],"picked":"blademaster:Vortex","floor":8},{"not_picked":["blademaster:BloodyBlow","blademaster:DancingEdge"],"picked":"blademaster:ThreePointStrike","floor":10},{"not_picked":["blademaster:Breeze","blademaster:OneTrickPony"],"picked":"blademaster:Sharpen","floor":11},{"not_picked":["blademaster:ChargingUp","blademaster:AwakeningStrike"],"picked":"blademaster:AspectOfWind","floor":12},{"not_picked":["blademaster:SlyStabs","blademaster:BloodyBlow"],"picked":"blademaster:Sharpen","floor":12},{"not_picked":["blademaster:Quickness","blademaster:Bloodbath"],"picked":"blademaster:Stability","floor":12},{"not_picked":["blademaster:LeechingStrike","blademaster:Gust"],"picked":"blademaster:Flurry","floor":12},{"not_picked":["blademaster:UnrelentingWind","blademaster:Flurry"],"picked":"blademaster:Overcharge","floor":13},{"not_picked":["blademaster:UnrelentingWind","blademaster:StanceMastery"],"picked":"blademaster:Empower","floor":16},{"not_picked":["blademaster:Thrust","blademaster:LeechingStrike"],"picked":"blademaster:BloodyBlow+1","floor":18},{"not_picked":["blademaster:FuriousStrike","blademaster:AirSlash"],"picked":"blademaster:AwakeningDefend","floor":20},{"not_picked":["blademaster:AspectOfLightning","blademaster:CombatPrep"],"picked":"blademaster:Stormstrike","floor":21},{"not_picked":["blademaster:Breeze","blademaster:BloodyBlow+1"],"picked":"blademaster:FuriousStrike+1","floor":24},{"not_picked":["blademaster:DragonStrike","blademaster:LightningDraw"],"picked":"blademaster:Cut","floor":25},{"not_picked":["blademaster:BladeDance","blademaster:Frontflip"],"picked":"blademaster:AspectOfLightning","floor":27},{"not_picked":["blademaster:Slice","blademaster:Quickstep+1"],"picked":"blademaster:Sharpen+1","floor":30},{"not_picked":["blademaster:IcyWind","blademaster:Blockade"],"picked":"blademaster:ThreePointStrike","floor":31},{"not_picked":["blademaster:HighVoltage","blademaster:FlockOfBlades"],"picked":"blademaster:Empower","floor":33},{"not_picked":["blademaster:AspectOfLightning+1","blademaster:ThunderSlash"],"picked":"blademaster:CombatPrep","floor":35},{"not_picked":["blademaster:ColdBlood","blademaster:SlyStabs"],"picked":"blademaster:DeadlyDance+1","floor":38},{"not_picked":["blademaster:Thrust+1","blademaster:Stormstrike"],"picked":"blademaster:RollingTyphoon","floor":40},{"not_picked":["blademaster:BloodyBlow+1","blademaster:Overcharge"],"picked":"blademaster:Sharpen+1","floor":42},{"not_picked":["blademaster:BladeDance","blademaster:LightningDraw"],"picked":"blademaster:UnrelentingWind","floor":44},{"not_picked":["blademaster:ChargingUp","blademaster:AwakeningStrike+1"],"picked":"blademaster:Flurry","floor":46},{"not_picked":["blademaster:BloodyBlow","blademaster:AspectOfWind+1","blademaster:CloudOfSteel"],"picked":"SKIP","floor":47},{"not_picked":["blademaster:Safeguard","blademaster:AspectOfWind"],"picked":"blademaster:DragonStrike+1","floor":48}],"player_experience":726460,"relics_obtained":[{"floor":8,"key":"Strawberry"},{"floor":8,"key":"blademaster:WindChargePerk"},{"floor":9,"key":"Centennial Puzzle"},{"floor":10,"key":"Onion Ring"},{"floor":10,"key":"blademaster:OnAttackedChargePerk"},{"floor":13,"key":"Blue Doll"},{"floor":13,"key":"blademaster:RandomStancePerk"},{"floor":24,"key":"Replay:Bottled Eggs"},{"floor":24,"key":"blademaster:StanceHealPerk"},{"floor":26,"key":"Smiling Mask"},{"floor":40,"key":"infinitespire:Satchel"},{"floor":40,"key":"blademaster:FinisherDrawCardPerk"},{"floor":40,"key":"White_Cape"},{"floor":43,"key":"infinitespire:Lucky Rock"},{"floor":44,"key":"Cleaning_Rag"},{"floor":44,"key":"Simple Rune"},{"floor":44,"key":"blademaster:DextrousPerk"},{"floor":47,"key":"Blood Vial"},{"floor":47,"key":"blademaster:LightningChargePerk"},{"floor":47,"key":"PreservedInsect"}],"event_choices":[{"damage_healed":0,"gold_gain":0,"player_choice":"1 cards matched","damage_taken":0,"max_hp_gain":0,"max_hp_loss":0,"event_name":"Match and Keep!","floor":3,"gold_loss":0,"cards_obtained":["blademaster:FuriousStrike"]},{"damage_healed":0,"gold_gain":0,"player_choice":"Upgraded","damage_taken":0,"max_hp_gain":0,"max_hp_loss":0,"event_name":"Upgrade Shrine","floor":19,"gold_loss":0,"cards_upgraded":["blademaster:Empower"]},{"damage_healed":0,"gold_gain":0,"player_choice":"Simplicity","damage_taken":0,"max_hp_gain":0,"max_hp_loss":0,"event_name":"Back to Basics","floor":28,"gold_loss":0,"cards_upgraded":["blademaster:Strike","blademaster:Strike","blademaster:Strike","blademaster:Strike","blademaster:Defend","blademaster:Defend","blademaster:Defend","blademaster:FuriousStrike","blademaster:Cut"]},{"damage_healed":0,"gold_gain":0,"player_choice":"Rummage","damage_taken":0,"relics_obtained":["WarpedTongs"],"max_hp_gain":0,"max_hp_loss":0,"event_name":"Accursed Blacksmith","floor":36,"gold_loss":0,"cards_obtained":["Pain"]},{"cards_removed":["blademaster:Stability"],"damage_healed":0,"gold_gain":0,"player_choice":"Removed Power","damage_taken":0,"max_hp_gain":0,"max_hp_loss":0,"event_name":"Falling","floor":39,"gold_loss":0}],"is_beta":false,"boss_relics":[{"not_picked":["Empty Cage","Painkiller Herb"],"picked":"ChewingGum"},{"not_picked":["SacredBark","relicPack:KazumaCape"],"picked":"Black Star"}],"items_purged_floors":[22,37],"is_endless":false,"potions_floor_spawned":[4,7,10,11,16,18,21,31,35,40,46,47,48],"ascension_level":6}}