{"host":"89iuq2p5kwriuwfq","time":1613906488,"event":{"mods":["BaseMod","Curses Come First","Custom Start","Minty Spire (QoL Compilation)","Permanent Neow","StSLib"],"gold_per_floor":[10,10,28,5,15,15,50,50,130,130,156,214,243,255,255,331,331,343,343,60,73,73,73,99,24,24,40,40,57,57,75,75,147,147,160,160,174,187,239,251,297,327,339,386,414,437,449,495,507,519],"floor_reached":51,"language":"ENG","playtime":3186,"items_purged":["Defend_B"],"score":1368,"play_id":"757bc0c6-0f6f-48d7-85fa-6988c56ebdcf","local_time":"20210221112128","is_ascension_mode":true,"campfire_choices":[{"data":"Biased Cognition","floor":6.0,"key":"SMITH"},{"data":"Defragment","floor":8.0,"key":"SMITH"},{"data":"Ball Lightning","floor":10.0,"key":"SMITH"},{"data":"Buffer","floor":15.0,"key":"SMITH"},{"floor":23.0,"key":"REST"},{"floor":28.0,"key":"REST"},{"data":"Capacitor","floor":30.0,"key":"SMITH"},{"data":"Loop","floor":32.0,"key":"SMITH"},{"data":"Chaos","floor":40.0,"key":"SMITH"},{"data":"Double Energy","floor":49,"key":"SMITH"}],"circlet_count":0,"master_deck":["AscendersBane","Strike_B","Zap","Dualcast","Ball Lightning+1","Leap","Biased Cognition+1","Coolheaded","Sweeping Beam","Ball Lightning","Defragment+1","Buffer+1","Chaos+1","Coolheaded","Core Surge+1","Genetic Algorithm+1","Loop+1","Doom and Gloom+1","Conserve Battery","Leap","Capacitor+1","Force Field","Coolheaded","Tempest+1","Double Energy+1","Coolheaded","Cold Snap+1","Secret Technique"],"relics":["Cracked Core","Pen Nib","Molten Egg 2","Tiny Chest","Mercury Hourglass","Empty Cage","Membership Card","Bottled Flame","Turnip","HornCleat","Inserter","Meat on the Bone","MawBank","Ice Cream","Bird Faced Urn","MealTicket","Pantograph"],"acts_visited":["Exordium","TheCity","TheBeyond"],"potions_floor_usage":[46,48,48],"damage_taken":[{"damage":7.0,"enemies":"Jaw Worm","floor":1.0,"turns":3.0},{"damage":0.0,"enemies":"Cultist","floor":3.0,"turns":2.0},{"damage":1.0,"enemies":"Small Slimes","floor":5.0,"turns":3.0},{"damage":14.0,"enemies":"3 Sentries","floor":7.0,"turns":5.0},{"damage":14.0,"enemies":"Gremlin Nob","floor":11.0,"turns":4.0},{"damage":5.0,"enemies":"Lagavulin","floor":13.0,"turns":5.0},{"damage":0.0,"enemies":"2 Fungi Beasts","floor":14.0,"turns":2.0},{"damage":9.0,"enemies":"Slime Boss","floor":16.0,"turns":7.0},{"damage":12.0,"enemies":"3 Byrds","floor":18.0,"turns":3.0},{"damage":17.0,"enemies":"2 Thieves","floor":21.0,"turns":4.0},{"damage":10.0,"enemies":"Gremlin Leader","floor":24.0,"turns":6.0},{"damage":24.0,"enemies":"Shelled Parasite and Fungi","floor":27.0,"turns":6.0},{"damage":0.0,"enemies":"Snecko","floor":29.0,"turns":3.0},{"damage":0.0,"enemies":"Centurion and Healer","floor":31.0,"turns":6.0},{"damage":2.0,"enemies":"Champ","floor":33.0,"turns":10.0},{"damage":0.0,"enemies":"3 Darklings","floor":35.0,"turns":6.0},{"damage":0.0,"enemies":"Orb Walker","floor":37.0,"turns":3.0},{"damage":3.0,"enemies":"Writhing Mass","floor":38.0,"turns":7.0},{"damage":0,"enemies":"Nemesis","floor":41,"turns":7},{"damage":5,"enemies":"3 Darklings","floor":42,"turns":5},{"damage":6,"enemies":"Giant Head","floor":44,"turns":8},{"damage":7,"enemies":"4 Shapes","floor":45,"turns":6},{"damage":35,"enemies":"Jaw Worm Horde","floor":46,"turns":5},{"damage":23,"enemies":"Reptomancer","floor":48,"turns":5},{"damage":37,"enemies":"Awakened One","floor":50,"turns":12}],"seed_played":"3702087830744290381","potions_obtained":[{"floor":1.0,"key":"Weak Potion"},{"floor":5.0,"key":"Explosive Potion"},{"floor":13.0,"key":"Block Potion"},{"floor":16.0,"key":"Fire Potion"},{"floor":21.0,"key":"DistilledChaos"},{"floor":29.0,"key":"SpeedPotion"},{"floor":31.0,"key":"LiquidBronze"},{"floor":33.0,"key":"Fire Potion"},{"floor":37.0,"key":"ColorlessPotion"},{"floor":38.0,"key":"FearPotion"},{"floor":42,"key":"AttackPotion"},{"floor":46,"key":"Explosive Potion"}],"is_trial":false,"path_per_floor":["M","?","M","$","M","R","E","R","T","R","E","?","E","M","R","B",null,"M","?","$","M","T","R","E","?","T","M","R","M","R","M","R","B",null,"M","?","M","M","T","R","E","M","T","E","M","M","?","E","R","B",null],"character_chosen":"DEFECT","items_purchased":["Sweeping Beam","Membership Card","Loop","Doom and Gloom+1","Conserve Battery"],"campfire_rested":2,"item_purchase_floors":[4,20,20,20,20],"current_hp_per_floor":[57,57,57,57,56,56,42,42,42,42,28,28,23,23,23,14,57,45,45,45,28,28,49,39,39,39,15,36,36,36,36,36,34,62,62,62,62,59,59,59,59,54,54,58,59,42,42,39,39,37],"gold":531,"neow_bonus":"REMOVE_TWO","is_daily":false,"chose_seed":false,"campfire_upgraded":8,"win_rate":0.0,"timestamp":1613906488,"path_taken":["M","?","M","?","M","R","E","R","T","R","E","?","E","M","R","BOSS","M","?","?","M","?","R","E","?","T","M","R","M","R","M","R","BOSS","M","?","?","M","?","R","E","M","T","E","M","M","?","E","R","BOSS"],"items_purchased_type":["Card","Relic","Card","Card","Card"],"build_version":"2020-12-22","purchased_purges":1,"victory":true,"max_hp_per_floor":[71,71,71,71,71,71,71,71,71,71,71,71,71,71,71,71,71,71,71,71,71,71,71,71,71,71,71,71,71,71,71,71,71,71,71,71,71,71,71,71,71,71,71,71,71,71,71,71,71,71],"card_choices":[{"not_picked":["Heatsinks","Redo"],"picked":"Ball Lightning","floor":1.0},{"not_picked":["Cold Snap","Conserve Battery"],"picked":"Coolheaded","floor":3.0},{"not_picked":["Fusion","Go for the Eyes"],"picked":"Ball Lightning","floor":5.0},{"not_picked":["Rainbow","Conserve Battery"],"picked":"Defragment","floor":7.0},{"not_picked":["Go for the Eyes+1","Chaos"],"picked":"Buffer","floor":11.0},{"not_picked":["Conserve Battery","Steam"],"picked":"Chaos","floor":13.0},{"not_picked":["Sweeping Beam+1","Redo"],"picked":"Coolheaded","floor":14.0},{"not_picked":["Fission","Electrodynamics"],"picked":"Core Surge+1","floor":16.0},{"not_picked":["Hologram","Stack"],"picked":"Genetic Algorithm+1","floor":18.0},{"not_picked":["Consume","Compile Driver+1"],"picked":"Leap","floor":21.0},{"not_picked":["Blizzard+1","Steam","Conserve Battery"],"picked":"SKIP","floor":24.0},{"not_picked":["Sweeping Beam+1","Hologram","Blizzard+1"],"picked":"SKIP","floor":27.0},{"not_picked":["Reboot","Stack"],"picked":"Capacitor","floor":29.0},{"not_picked":["Leap","Steam"],"picked":"Force Field","floor":31.0},{"not_picked":["Double Energy+1","White Noise+1","Barrage+1"],"picked":"SKIP","floor":35.0},{"not_picked":["Compile Driver+1","Steam Power"],"picked":"Coolheaded","floor":37.0},{"not_picked":["Compile Driver+1","FTL+1"],"picked":"Tempest+1","floor":38.0},{"not_picked":["Turbo","Skim"],"picked":"Double Energy","floor":41},{"not_picked":["Go for the Eyes+1","Lockon+1"],"picked":"Coolheaded","floor":42},{"not_picked":["Fusion","Thunder Strike+1"],"picked":"Cold Snap+1","floor":44},{"not_picked":["BootSequence+1","Conserve Battery","Force Field"],"picked":"SKIP","floor":45},{"not_picked":["Hologram+1","Ball Lightning+1","Barrage+1"],"picked":"SKIP","floor":46},{"not_picked":["Enlightenment","Madness"],"picked":"Secret Technique","floor":47},{"not_picked":["Compile Driver+1","Beam Cell+1","Conserve Battery"],"picked":"SKIP","floor":48}],"player_experience":756453,"relics_obtained":[{"floor":7.0,"key":"Pen Nib"},{"floor":9.0,"key":"Molten Egg 2"},{"floor":11.0,"key":"Tiny Chest"},{"floor":13.0,"key":"Mercury Hourglass"},{"floor":22.0,"key":"Bottled Flame"},{"floor":24.0,"key":"Turnip"},{"floor":26.0,"key":"HornCleat"},{"floor":39.0,"key":"MawBank"},{"floor":41,"key":"Ice Cream"},{"floor":43,"key":"Bird Faced Urn"},{"floor":44,"key":"MealTicket"},{"floor":48,"key":"Pantograph"}],"event_choices":[{"damage_healed":0.0,"max_hp_gain":0.0,"max_hp_loss":0.0,"gold_gain":0.0,"event_name":"Match and Keep!","player_choice":"2 cards matched","floor":2.0,"gold_loss":0.0,"damage_taken":0.0,"cards_obtained":["Leap","Biased Cognition"]},{"damage_healed":0.0,"max_hp_gain":0.0,"max_hp_loss":0.0,"gold_gain":58.0,"event_name":"Golden Wing","player_choice":"Gained Gold","floor":12.0,"gold_loss":0.0,"damage_taken":0.0},{"cards_removed":["Strike_B"],"damage_healed":0.0,"max_hp_gain":0.0,"max_hp_loss":0.0,"gold_gain":0.0,"event_name":"Purifier","player_choice":"Purged","floor":19.0,"gold_loss":0.0,"damage_taken":0.0},{"cards_removed":["Defend_B"],"damage_healed":0.0,"max_hp_gain":0.0,"max_hp_loss":0.0,"gold_gain":0.0,"event_name":"Beggar","player_choice":"Gave Gold","floor":25.0,"gold_loss":75.0,"damage_taken":0.0},{"damage_healed":0.0,"max_hp_gain":0.0,"max_hp_loss":0.0,"gold_gain":0.0,"event_name":"WeMeetAgain","player_choice":"Gave Potion","floor":36.0,"gold_loss":0.0,"damage_taken":0.0,"relics_obtained":["Meat on the Bone"]},{"damage_healed":0,"gold_gain":0,"player_choice":"Memory 1","damage_taken":0,"max_hp_gain":0,"max_hp_loss":0,"event_name":"SensoryStone","floor":47,"gold_loss":0}],"is_beta":false,"boss_relics":[{"not_picked":["Runic Dome","Black Star"],"picked":"Empty Cage"},{"not_picked":["Cursed Key","Sozu"],"picked":"Inserter"}],"items_purged_floors":[20],"is_endless":false,"potions_floor_spawned":[1,5,13,16,21,29,31,33,37,38,42,46],"ascension_level":14}}