{"host":"ufhw4cf0hh51lveu","time":1613895314,"event":{"mods":["BaseMod","DeckTracker","Lobotomy","Minty Spire (QoL Compilation)","SuperFastMode"],"gold_per_floor":[116,127,77,77,87,87,97,97,97,97,111,31,47,57,57,154,154,167,178,198,54,54,54,54,54,81,81,99,46,66,82,82,180,180,192,13,26,36,0,0,12,12,12,26,41,59,71,71,71,1,1],"floor_reached":52,"language":"KOR","playtime":2339,"items_purged":["Tempest","NothingThere"],"score":702,"play_id":"49165655-4131-4bbb-94f9-47bb765caefa","local_time":"20210221171514","is_ascension_mode":false,"campfire_choices":[{"data":"Dualcast","floor":6.0,"key":"SMITH"},{"data":"Defragment","floor":8.0,"key":"SMITH"},{"data":"Zap","floor":10.0,"key":"SMITH"},{"data":"Defragment","floor":15.0,"key":"SMITH"},{"floor":23.0,"key":"REST"},{"floor":25.0,"key":"REST"},{"data":"Capacitor","floor":27.0,"key":"SMITH"},{"data":"Ball Lightning","floor":32.0,"key":"SMITH"},{"floor":40,"key":"REST"},{"data":"Sunder","floor":42,"key":"SMITH"},{"data":"Defragment","floor":49,"key":"SMITH"}],"circlet_count":0,"master_deck":["Strike_B+1","Defend_B+1","Defend_B+1","Defend_B+1","Defend_B+1","Dualcast+1","UniverseFragment","Wellcheers","OSAHOGD","CherryBlossoms","Defragment+1","Cold Snap","Defragment+1","Coolheaded","Capacitor+1","ShyLook","MeltingLove","Ball Lightning+1","Skim","LongBird","Ball Lightning","Coolheaded+1","Sunder+1","Coolheaded+1","WhiteNight","OldLady","Defragment+1","Parasite","Freischutz"],"relics":["Cracked Core","CogitoBucket","RabbitCall","Gambling Chip","Theresia","Empty Cage","Ancient Tea Set","SacredBark","Red Mask","InkBottle"],"acts_visited":["Exordium","TheCity","TheBeyond"],"potions_floor_usage":[41,41,47],"damage_taken":[{"damage":3.0,"enemies":"Jaw Worm","floor":1.0,"turns":4.0},{"damage":0.0,"enemies":"Small Slimes","floor":2.0,"turns":2.0},{"damage":0.0,"enemies":"2 Louse","floor":5.0,"turns":3.0},{"damage":10.0,"enemies":"Looter","floor":7.0,"turns":4.0},{"damage":0.0,"enemies":"Exordium Wildlife","floor":11.0,"turns":3.0},{"damage":15.0,"enemies":"Gremlin Gang","floor":13.0,"turns":4.0},{"damage":0.0,"enemies":"Large Slime","floor":14.0,"turns":4.0},{"damage":11.0,"enemies":"Hexaghost","floor":16.0,"turns":12.0},{"damage":8.0,"enemies":"2 Thieves","floor":18.0,"turns":5.0},{"damage":0.0,"enemies":"Spheric Guardian","floor":19.0,"turns":4.0},{"damage":44.0,"enemies":"3 Cultists","floor":20.0,"turns":11.0},{"damage":0.0,"enemies":"Centurion and Healer","floor":28.0,"turns":7.0},{"damage":0.0,"enemies":"Chosen and Byrds","floor":30.0,"turns":6.0},{"damage":3.0,"enemies":"Snake Plant","floor":31.0,"turns":3.0},{"damage":0.0,"enemies":"Collector","floor":33.0,"turns":11.0},{"damage":83.0,"enemies":"3 Darklings","floor":35.0,"turns":15.0},{"damage":23.0,"enemies":"3 Shapes","floor":37.0,"turns":5.0},{"damage":25,"enemies":"Jaw Worm Horde","floor":38,"turns":4},{"damage":7,"enemies":"Maw","floor":41,"turns":7},{"damage":13,"enemies":"Sphere and 2 Shapes","floor":44,"turns":6},{"damage":30,"enemies":"Spire Growth","floor":45,"turns":6},{"damage":25,"enemies":"Maw","floor":46,"turns":9},{"damage":30,"enemies":"Writhing Mass","floor":47,"turns":9},{"damage":139,"enemies":"Donu and Deca","floor":50,"turns":16}],"seed_played":"-5663323414623864828","potions_obtained":[{"floor":5.0,"key":"EntropicBrew"},{"floor":14.0,"key":"Regen Potion"},{"floor":16.0,"key":"FearPotion"},{"floor":18.0,"key":"GamblersBrew"},{"floor":20.0,"key":"ColorlessPotion"},{"floor":30.0,"key":"Strength Potion"},{"floor":33.0,"key":"FearPotion"},{"floor":37.0,"key":"FearPotion"},{"floor":38,"key":"LiquidBronze"},{"floor":46,"key":"SkillPotion"}],"is_trial":false,"path_per_floor":["M","M","?","?","M","R","M","R","T","R","M","$","M","M","R","B",null,"M","M","M","$","?","R","?","R","T","R","M","$","M","M","R","B",null,"M","$","M","M","?","R","M","R","T","M","M","M","M","?","R","B",null,null],"character_chosen":"DEFECT","items_purchased":["Defragment","Skim","Ball Lightning","Sunder"],"campfire_rested":3,"item_purchase_floors":[12,21,29,36],"current_hp_per_floor":[72,72,72,72,72,72,62,62,62,62,62,62,50,50,50,57,75,67,67,29,29,15,39,39,63,63,63,66,66,69,66,66,69,80,26,26,6,49,49,73,69,69,69,80,71,72,74,74,74,44,44],"gold":1,"neow_bonus":"","is_daily":false,"chose_seed":false,"campfire_upgraded":8,"win_rate":0.0,"timestamp":1613895314,"path_taken":["M","M","?","?","M","R","M","R","T","R","M","$","M","M","R","BOSS","M","M","M","$","?","R","?","R","T","R","M","$","M","M","R","BOSS","M","$","M","?","?","R","M","R","T","M","M","M","M","?","R","BOSS"],"items_purchased_type":["Card","Card","Card","Card"],"build_version":"2020-12-22","purchased_purges":2,"victory":true,"max_hp_per_floor":[75,75,75,75,75,75,75,75,75,75,75,75,75,75,75,75,75,75,75,75,75,80,80,80,80,80,80,80,80,80,80,80,80,80,80,80,80,80,80,80,80,80,80,80,80,80,80,76,76,76,76],"card_choices":[{"not_picked":["Yin","MHz","Mercenary"],"picked":"Singing Bowl","floor":1.0},{"not_picked":["Bloodbath","FairyFestival"],"picked":"UniverseFragment","floor":1.0},{"not_picked":["Redo","Hologram","Compile Driver"],"picked":"SKIP","floor":1.0},{"not_picked":["Murderer","Bloodbath","PunishingBird"],"picked":"Singing Bowl","floor":2.0},{"not_picked":["VoidDream","QueenOfHatred"],"picked":"Wellcheers","floor":2.0},{"not_picked":["Conserve Battery","Turbo","Rebound"],"picked":"SKIP","floor":2.0},{"not_picked":["Rudolta","OldLady"],"picked":"OSAHOGD","floor":5.0},{"not_picked":["Beam Cell","Auto Shields","Scrape"],"picked":"SKIP","floor":5.0},{"not_picked":["GalaxyChild","Scarecrow"],"picked":"CherryBlossoms","floor":7.0},{"not_picked":["Core Surge","FTL"],"picked":"Defragment","floor":7.0},{"not_picked":["Scorched","VoidDream","MHz"],"picked":"Singing Bowl","floor":11.0},{"not_picked":["Coolheaded","BootSequence"],"picked":"Cold Snap","floor":11.0},{"not_picked":["BeautyBeast","PunishingBird"],"picked":"OldLady","floor":13.0},{"not_picked":["Leap","Genetic Algorithm"],"picked":"Coolheaded","floor":13.0},{"not_picked":["BigBird","Mercenary","LittlePrince"],"picked":"Singing Bowl","floor":14.0},{"not_picked":["MeatLantern","Yin"],"picked":"VoidDream","floor":14.0},{"not_picked":["Static Discharge","Meteor Strike"],"picked":"Capacitor","floor":14.0},{"not_picked":["PunishingBird","Bloodbath","WallGazer"],"picked":"Singing Bowl","floor":16.0},{"not_picked":["Scorched","BeautyBeast"],"picked":"ShyLook","floor":16.0},{"not_picked":["Murderer","FairyFestival","Bloodbath"],"picked":"Singing Bowl","floor":18.0},{"not_picked":["Storm","Chaos+1","Steam+1"],"picked":"SKIP","floor":18.0},{"not_picked":["BeautyBeast","MeatLantern"],"picked":"MeltingLove","floor":19.0},{"not_picked":["Leap","Blizzard"],"picked":"Tempest","floor":19.0},{"not_picked":["NothingThere","Scorched","WallGazer"],"picked":"Singing Bowl","floor":20.0},{"not_picked":["Beam Cell+1","Conserve Battery"],"picked":"Ball Lightning","floor":20.0},{"not_picked":["Variant","BigBird","BigBadWolf"],"picked":"Singing Bowl","floor":28.0},{"not_picked":["Redo+1","Skim","Blizzard"],"picked":"SKIP","floor":28.0},{"not_picked":["CENSORED","Variant","GreedKing"],"picked":"Singing Bowl","floor":30.0},{"not_picked":["Rip and Tear","Compile Driver","Skim"],"picked":"SKIP","floor":30.0},{"not_picked":["LittlePrince","SingingMachine","MHz"],"picked":"Singing Bowl","floor":31.0},{"not_picked":["RedShoes","LittleHelper"],"picked":"LongBird","floor":31.0},{"not_picked":["Coolheaded","Redo"],"picked":"Ball Lightning","floor":31.0},{"not_picked":["Variant","MHz"],"picked":"NothingThere","floor":33.0},{"not_picked":["GreedKing","QueenBee","FairyFestival"],"picked":"Singing Bowl","floor":35.0},{"not_picked":["Scarecrow","CENSORED"],"picked":"Yin","floor":35.0},{"not_picked":["FTL","Go for the Eyes+1"],"picked":"Coolheaded+1","floor":35.0},{"not_picked":["Turbo+1","Go for the Eyes","Hyperbeam"],"picked":"SKIP","floor":37.0},{"not_picked":["BeautyBeast","Bloodbath","BlueStar"],"picked":"Singing Bowl","floor":38},{"not_picked":["Ball Lightning+1","Sweeping Beam+1"],"picked":"Coolheaded+1","floor":38},{"not_picked":["HeroicMonk","FieryBird"],"picked":"WhiteNight","floor":41},{"not_picked":["Tempest+1","Turbo+1"],"picked":"Ball Lightning+1","floor":41},{"not_picked":["QueenBee","LittleHelper","HappyTeddy"],"picked":"Singing Bowl","floor":44},{"not_picked":["Hologram+1","Redo+1","Core Surge"],"picked":"SKIP","floor":44},{"not_picked":["BeautyBeast","Funeral","Scarecrow"],"picked":"Singing Bowl","floor":45},{"not_picked":["NakedNest","Funeral"],"picked":"OldLady","floor":45},{"not_picked":["Redo+1","Steam Power","Fusion+1"],"picked":"SKIP","floor":45},{"not_picked":["BigBadWolf","FieryBird","LittlePrince"],"picked":"Singing Bowl","floor":46},{"not_picked":["Streamline","Beam Cell+1"],"picked":"Defragment","floor":46},{"not_picked":["Rudolta","WhitesApple"],"picked":"Freischutz","floor":47},{"not_picked":["Melter","White Noise+1","Rebound"],"picked":"SKIP","floor":47}],"player_experience":70306,"relics_obtained":[{"floor":9.0,"key":"Gambling Chip"},{"floor":26.0,"key":"Ancient Tea Set"},{"floor":43,"key":"InkBottle"}],"event_choices":[{"cards_removed":["Strike_B"],"damage_healed":0.0,"max_hp_gain":0.0,"max_hp_loss":0.0,"gold_gain":0.0,"event_name":"The Cleric","player_choice":"Card Removal","floor":3.0,"gold_loss":50.0,"damage_taken":0.0},{"damage_healed":0.0,"max_hp_gain":0.0,"max_hp_loss":0.0,"gold_gain":0.0,"event_name":"Golden Wing","player_choice":"Ignored","floor":4.0,"gold_loss":0.0,"damage_taken":0.0},{"damage_healed":0.0,"max_hp_gain":5.0,"max_hp_loss":0.0,"gold_gain":0.0,"event_name":"Forgotten Altar","player_choice":"Shed Blood","floor":22.0,"gold_loss":0.0,"damage_taken":19.0},{"damage_healed":0.0,"max_hp_gain":0.0,"max_hp_loss":0.0,"gold_gain":0.0,"event_name":"Back to Basics","player_choice":"Simplicity","floor":24.0,"gold_loss":0.0,"damage_taken":0.0,"cards_upgraded":["Strike_B","Defend_B","Defend_B","Defend_B","Defend_B"]},{"damage_healed":0,"gold_gain":0,"player_choice":"Paid","damage_taken":0,"relics_obtained":["Red Mask"],"max_hp_gain":0,"max_hp_loss":0,"event_name":"Tomb of Lord Red Mask","floor":39,"gold_loss":36},{"damage_healed":0,"gold_gain":0,"player_choice":"Max HP","damage_taken":0,"max_hp_gain":0,"max_hp_loss":4,"event_name":"Winding Halls","floor":48,"gold_loss":0}],"is_beta":false,"boss_relics":[{"not_picked":["Coffee Dripper","Sozu"],"picked":"Empty Cage"},{"not_picked":["Philosopher\u0027s Stone","Fusion Hammer"],"picked":"SacredBark"}],"items_purged_floors":[21,36],"is_endless":false,"potions_floor_spawned":[5,11,14,16,18,20,30,33,37,38,46],"ascension_level":0}}