{"host":"ydh61a5ftgdajrbo","time":1613907419,"event":{"mods":["BaseMod","Colored Map","Colored Powertips","DeckTracker","Downfall","Hermit","Koishi","Minty Spire (QoL Compilation)","Prisma Mod","Relic Stats","Spire Arcade","StSLib","SuperFastMode","The Cursed","The Jungle","The Mystic","The Runesmith","The Senshi","The Servant 0.9.4"],"gold_per_floor":[115,126,126,126,126,159,159,176,203,48,70,90,110,139,139,220,220,244,259,19,43,57,93,102,112,112,112,151,151,53,73,73,73,73],"floor_reached":33,"language":"ZHS","playtime":1239,"items_purged":["Regret","Writhe"],"score":582,"play_id":"21e369e8-7eed-4674-969d-91d9bcbda6b7","local_time":"20210221193659","is_ascension_mode":true,"campfire_choices":[{"floor":7,"key":"REST"},{"data":"Calculated Gamble","floor":15,"key":"SMITH"},{"floor":29,"key":"REST"},{"floor":32,"key":"REST"}],"circlet_count":0,"master_deck":["AscendersBane","Strike_G","Strike_G","Strike_G","Strike_G","Strike_G","Defend_G","Defend_G","Defend_G","Defend_G","Defend_G","Survivor","Neutralize","CurseOfTheBell","Flying Knee","Heel Hook","Crippling Poison","Deadly Poison","Calculated Gamble+1","Deadly Poison","Heel Hook","Sucker Punch","Endless Agony","Unload","Blade Dance+1","Escape Plan","Dagger Spray+1","Footwork","Deflect","Acrobatics","Die Die Die"],"relics":["Calling Bell","Bronze Scales","Mercury Hourglass","champ:DuelingGlove","Anchor","CaptainsWheel","Tingsha","bronze:BronzeIdol","CeramicFish","Busted Crown","Guardian:PocketSentry","Runesmith:AutoHammer","Smiling Mask","Toy Ornithopter","Gremlin Horn"],"acts_visited":["Exordium","TheCity"],"potions_floor_usage":[16,23,23,27,28,33],"damage_taken":[{"damage":0.0,"enemies":"Small Slimes","floor":1.0,"turns":3.0},{"damage":2.0,"enemies":"Jaw Worm","floor":2.0,"turns":3.0},{"damage":30,"enemies":"Lagavulin","floor":6,"turns":7},{"damage":1,"enemies":"Cultist","floor":8,"turns":3},{"damage":0,"enemies":"Lots of Slimes","floor":11,"turns":2},{"damage":8,"enemies":"Exordium Wildlife","floor":12,"turns":3},{"damage":0,"enemies":"Gremlin Gang","floor":13,"turns":3},{"damage":0,"enemies":"Blue Slaver","floor":14,"turns":2},{"damage":23,"enemies":"Slime Boss","floor":16,"turns":8},{"damage":0,"enemies":"Chosen","floor":18,"turns":4},{"damage":0,"enemies":"Shell Parasite","floor":19,"turns":2},{"damage":6,"enemies":"Centurion and Healer","floor":21,"turns":4},{"damage":0,"enemies":"Sentry and Sphere","floor":22,"turns":4},{"damage":4,"enemies":"Slavers","floor":23,"turns":4},{"damage":14,"enemies":"Snake Plant","floor":25,"turns":3},{"damage":18,"enemies":"Book of Stabbing","floor":28,"turns":4},{"damage":13,"enemies":"Snecko","floor":31,"turns":4},{"damage":81,"enemies":"Champ","floor":33,"turns":9}],"seed_played":"9133122422158321834","potions_obtained":[{"floor":2.0,"key":"Swift Potion"},{"floor":6,"key":"PowerPotion"},{"floor":16,"key":"BlessingOfTheForge"},{"floor":25,"key":"AttackPotion"},{"floor":27,"key":"Fruit Juice"},{"floor":27,"key":"Weak Potion"},{"floor":31,"key":"DuplicationPotion"}],"is_trial":false,"path_per_floor":["M","M","?","?","?","E","R","M","T","$","M","M","M","M","R","B",null,"M","M","$","M","M","E","?","M","T","?","E","R","$","M","R","B"],"character_chosen":"THE_SILENT","items_purchased":["Calculated Gamble","Guardian:PocketSentry","Escape Plan","Acrobatics"],"campfire_rested":3,"item_purchase_floors":[10,20,20,30],"current_hp_per_floor":[59,57,52,52,52,22,41,40,40,40,40,32,32,32,32,9,52,52,52,52,46,46,42,42,28,28,38,25,46,46,33,54,0,0],"gold":73,"neow_bonus":"BOSS_RELIC","is_daily":false,"chose_seed":false,"campfire_upgraded":1,"win_rate":0.0,"timestamp":1613907419,"path_taken":["M","M","?","?","?","E","R","M","T","$","M","M","?","M","R","BOSS","M","M","$","M","M","E","?","M","T","?","E","R","$","?","R","BOSS"],"items_purchased_type":["Card","Relic","Card","Card"],"build_version":"2020-12-22","purchased_purges":2,"victory":false,"max_hp_per_floor":[66,66,66,66,66,66,66,66,66,66,66,66,66,66,66,66,66,66,66,66,66,66,66,66,66,66,71,71,71,71,71,71,71,71],"relic_stats":{"Busted Crown":16,"Gremlin Horn":[0,0],"counters":[18,70],"Bronze Scales":[169],"CeramicFish":126,"Tingsha":[123],"Smiling Mask":50,"obtain_stats":[{"champ:DuelingGlove":0,"Gremlin Horn":28,"CeramicFish":9,"Tingsha":5,"Guardian:PocketSentry":20,"Smiling Mask":24,"Mercury Hourglass":0,"bronze:BronzeIdol":6,"Calling Bell":0,"Anchor":3,"CaptainsWheel":4,"Busted Crown":17,"Bronze Scales":0,"Runesmith:AutoHammer":23,"Toy Ornithopter":26,"Ring of the Snake":0},{"champ:DuelingGlove":0,"Gremlin Horn":16,"CeramicFish":4,"Tingsha":2,"Guardian:PocketSentry":11,"Smiling Mask":14,"Mercury Hourglass":0,"bronze:BronzeIdol":3,"Calling Bell":0,"Anchor":2,"CaptainsWheel":2,"Busted Crown":9,"Bronze Scales":0,"Runesmith:AutoHammer":14,"Toy Ornithopter":15,"Ring of the Snake":0},{"champ:DuelingGlove":0,"Gremlin Horn":57,"CeramicFish":16,"Tingsha":6,"Guardian:PocketSentry":39,"Smiling Mask":50,"Mercury Hourglass":0,"bronze:BronzeIdol":13,"Calling Bell":0,"Anchor":6,"CaptainsWheel":6,"Busted Crown":34,"Bronze Scales":0,"Runesmith:AutoHammer":50,"Toy Ornithopter":53,"Ring of the Snake":0}],"Toy Ornithopter":15,"Mercury Hourglass":[266]},"card_choices":[{"not_picked":["Outmaneuver","Choke"],"picked":"Flying Knee","floor":1.0},{"not_picked":["Prepared","Cloak And Dagger"],"picked":"Heel Hook","floor":2.0},{"not_picked":["Blade Dance","Slice"],"picked":"Crippling Poison","floor":6},{"not_picked":["Noxious Fumes","Acrobatics"],"picked":"Deadly Poison","floor":8},{"not_picked":["Slice","Outmaneuver"],"picked":"Deadly Poison","floor":11},{"not_picked":["Caltrops","Terror"],"picked":"Heel Hook","floor":12},{"not_picked":["Backflip","Venomology"],"picked":"Sucker Punch","floor":13},{"not_picked":["Bane","Terror"],"picked":"Endless Agony","floor":14},{"not_picked":["Glass Knife","Wraith Form v2"],"picked":"Unload","floor":16},{"not_picked":[],"picked":"Blade Dance+1","floor":18},{"not_picked":["Expertise"],"picked":"SKIP","floor":19},{"not_picked":[],"picked":"Dagger Spray+1","floor":21},{"not_picked":["Quick Slash"],"picked":"SKIP","floor":22},{"not_picked":[],"picked":"Footwork","floor":23},{"not_picked":["Dagger Spray"],"picked":"SKIP","floor":25},{"not_picked":[],"picked":"Deflect","floor":28},{"not_picked":[],"picked":"Die Die Die","floor":31}],"player_experience":416799,"relics_obtained":[{"floor":0.0,"key":"Bronze Scales"},{"floor":0.0,"key":"Mercury Hourglass"},{"floor":0.0,"key":"champ:DuelingGlove"},{"floor":6,"key":"bronze:BronzeIdol"},{"floor":9,"key":"CeramicFish"},{"floor":23,"key":"Runesmith:AutoHammer"},{"floor":26,"key":"Toy Ornithopter"},{"floor":28,"key":"Gremlin Horn"}],"event_choices":[{"damage_healed":0.0,"max_hp_gain":0.0,"max_hp_loss":0.0,"gold_gain":0.0,"event_name":"Scrap Ooze","player_choice":"Success","floor":3.0,"gold_loss":0.0,"damage_taken":5.0,"relics_obtained":["Anchor"]},{"damage_healed":0.0,"max_hp_gain":0.0,"max_hp_loss":0.0,"gold_gain":0.0,"event_name":"Big Fish","player_choice":"Box","floor":4.0,"gold_loss":0.0,"damage_taken":0.0,"relics_obtained":["CaptainsWheel"],"cards_obtained":["Regret"]},{"damage_healed":0,"gold_gain":0,"player_choice":"Opened","damage_taken":0,"relics_obtained":["Smiling Mask"],"max_hp_gain":0,"max_hp_loss":0,"event_name":"The Mausoleum","floor":24,"gold_loss":0,"cards_obtained":["Writhe"]},{"damage_healed":0,"gold_gain":0,"player_choice":"Got Potions","damage_taken":0,"max_hp_gain":0,"max_hp_loss":0,"event_name":"Lab","floor":27,"gold_loss":0}],"is_beta":false,"boss_relics":[{"not_picked":["Philosopher\u0027s Stone","Sozu"],"picked":"Busted Crown"}],"items_purged_floors":[10,30],"is_endless":false,"potions_floor_spawned":[2,6,12,13,16,22,25,31],"killed_by":"Champ","ascension_level":20}}