{"host":"ia6vzboaxs0e83w2","time":1613903851,"event":{"mods":["2.2 Compatiblity","BaseMod","Colored Map","DeckTracker","Downfall","Highlight Path","Minty Spire (QoL Compilation)","Random Character Button","StSLib"],"gold_per_floor":[99,116,128,146,146,146,146,179,193,213,213,213,213,213,231,328,328,328,344,33,52,52,69,69,89,89,89,89,89],"floor_reached":27,"language":"POL","playtime":1927,"items_purged":[],"score":215,"play_id":"04046e15-0938-4938-a3c4-b8b239253918","local_time":"20210221113731","is_ascension_mode":false,"campfire_choices":[{"data":"Slimebound:Split","floor":1.0,"key":"SMITH"},{"data":"Slimebound:SplitMire","floor":6.0,"key":"SMITH"},{"floor":11.0,"key":"REST"},{"data":"1","floor":18.0,"key":"LIFT"}],"circlet_count":0,"master_deck":["Slimebound:Strike_Slimebound","Slimebound:Strike_Slimebound","Slimebound:Strike_Slimebound","Slimebound:Tackle","Slimebound:Defend_Slimebound","Slimebound:Defend_Slimebound","Slimebound:Defend_Slimebound","Slimebound:Defend_Slimebound","Slimebound:Split+1","Slimebound:CorrosiveSpit+1","Slimebound:HauntingLick","Slimebound:LeechingTouch","Slimebound:SplitMire+1","downfall:Aged","Slimebound:SamplingLick","Slimebound:Schlurp","Slimebound:PrepareCrush","Shame","Slimebound:SlimeTap","Slimebound:MassFeed","Slimebound:Schlurp","Slimebound:SplitAcid+1","Slimebound:GoopSpray","Slimebound:SamplingLick+1","Slimebound:SplitBruiser","Regret","Slimebound:ForwardTackle+1","Slimebound:FinishingTackle"],"relics":["Cursed Key","Girya","Ornamental Fan","Vajra","Gremlin Horn","Fusion Hammer","Blue Candle","Kunai"],"acts_visited":["Exordium","TheCity"],"potions_floor_usage":[],"damage_taken":[{"damage":7.0,"enemies":"Small Slimes","floor":2.0,"turns":3.0},{"damage":0.0,"enemies":"2 Louse","floor":3.0,"turns":3.0},{"damage":0.0,"enemies":"Jaw Worm","floor":4.0,"turns":3.0},{"damage":12.0,"enemies":"3 Sentries","floor":8.0,"turns":6.0},{"damage":0.0,"enemies":"2 Fungi Beasts","floor":9.0,"turns":2.0},{"damage":5.0,"enemies":"downfall:LooterAlt","floor":10.0,"turns":3.0},{"damage":0.0,"enemies":"Exordium Wildlife","floor":15.0,"turns":3.0},{"damage":26.0,"enemies":"IC_STATUS_ARCHETYPE","floor":16.0,"turns":6.0},{"damage":7.0,"enemies":"Shell Parasite","floor":19.0,"turns":4.0},{"damage":10.0,"enemies":"downfall:FleeingMerchant","floor":20.0,"turns":4.0},{"damage":10.0,"enemies":"Chosen","floor":21.0,"turns":4.0},{"damage":8.0,"enemies":"Snecko","floor":23.0,"turns":5.0},{"damage":30.0,"enemies":"Cultist and Chosen","floor":25.0,"turns":7.0},{"damage":8,"enemies":"3 Cultists","floor":27,"turns":2}],"seed_played":"-7569628990281271525","potions_obtained":[{"floor":10.0,"key":"ColorlessPotion"},{"floor":15.0,"key":"LiquidMemories"},{"floor":16.0,"key":"Block Potion"},{"floor":21.0,"key":"SteroidPotion"},{"floor":22.0,"key":"CultistPotion"},{"floor":25.0,"key":"Ancient Potion"}],"is_trial":false,"path_per_floor":["R","M","M","M","?","R","T","E","M","M","R","?","T","?","M","B",null,"R","M","$","M","?","M","T","M","?","M"],"character_chosen":"SLIMEBOUND","items_purchased":["Blue Candle","Slimebound:GoopSpray"],"campfire_rested":1,"item_purchase_floors":[20,20],"current_hp_per_floor":[65,58,58,58,58,58,58,46,46,41,60,57,57,62,62,36,70,70,63,53,43,43,38,38,8,8,0,0,0],"gold":89,"neow_bonus":"BOSS_RELIC","is_daily":false,"chose_seed":false,"campfire_upgraded":2,"win_rate":0.0,"timestamp":1613903851,"path_taken":["R","M","M","M","?","R","T","E","M","M","R","?","?","?","M","BOSS","R","M","$","M","?","M","T","M","?","?"],"items_purchased_type":["Relic","Card"],"build_version":"2020-12-22","purchased_purges":0,"victory":false,"max_hp_per_floor":[65,65,65,65,65,65,65,65,65,65,65,65,65,70,70,70,70,70,70,70,70,70,73,73,73,73,73,73,73],"card_choices":[{"not_picked":["Slimebound:LeechEnergy","Slimebound:PressTheAttack"],"picked":"Slimebound:HauntingLick","floor":2.0},{"not_picked":["Slimebound:Schlurp","Slimebound:LeechEnergy"],"picked":"Slimebound:LeechingTouch","floor":3.0},{"not_picked":["Slimebound:Prepare","Slimebound:SlimeSpikes"],"picked":"Slimebound:SplitMire","floor":4.0},{"not_picked":["Slimebound:HauntingLick","Slimebound:LevelUp"],"picked":"Slimebound:SamplingLick","floor":8.0},{"not_picked":["Slimebound:LeechingTouch","Slimebound:SlimeSpikes"],"picked":"Slimebound:Schlurp","floor":9.0},{"not_picked":["Slimebound:GrowthPunch","Slimebound:LivingWall"],"picked":"Slimebound:PrepareCrush","floor":10.0},{"not_picked":["Slimebound:Dissolve","Slimebound:HauntingLick"],"picked":"Slimebound:SlimeTap","floor":15.0},{"not_picked":["Slimebound:FirmFortitude","Slimebound:Overexert"],"picked":"Slimebound:MassFeed","floor":16.0},{"not_picked":["Slimebound:RollThrough","Slimebound:LevelUp"],"picked":"Slimebound:Schlurp","floor":19.0},{"not_picked":["Slimebound:FlameTackle","Slimebound:LeechingTouch"],"picked":"Slimebound:SplitAcid+1","floor":20.0},{"not_picked":["Slimebound:ItLooksTasty+1","Slimebound:LeechEnergy"],"picked":"Slimebound:SamplingLick+1","floor":21.0},{"not_picked":["Slimebound:ComboTackle+1","Slimebound:DisruptingSlam"],"picked":"Slimebound:SplitBruiser","floor":23.0},{"not_picked":["Slimebound:SplitBruiser","Slimebound:SamplingLick"],"picked":"Slimebound:ForwardTackle+1","floor":25.0}],"player_experience":454227,"relics_obtained":[{"floor":7.0,"key":"Girya"},{"floor":8.0,"key":"Ornamental Fan"},{"floor":13.0,"key":"Gremlin Horn"},{"floor":24.0,"key":"Kunai"}],"event_choices":[{"damage_healed":0.0,"max_hp_gain":0.0,"max_hp_loss":0.0,"gold_gain":0.0,"event_name":"Living Wall","player_choice":"Grow","floor":5.0,"gold_loss":0.0,"damage_taken":0.0,"cards_upgraded":["Slimebound:CorrosiveSpit"]},{"damage_healed":0.0,"max_hp_gain":0.0,"max_hp_loss":0.0,"gold_gain":0.0,"event_name":"Scrap Ooze","player_choice":"Success","floor":12.0,"gold_loss":0.0,"damage_taken":3.0,"relics_obtained":["Vajra"]},{"damage_healed":0.0,"max_hp_gain":5.0,"max_hp_loss":0.0,"gold_gain":0.0,"event_name":"Big Fish","player_choice":"Donut","floor":14.0,"gold_loss":0.0,"damage_taken":0.0}],"is_beta":false,"boss_relics":[{"not_picked":["Runic Dome","Runic Pyramid"],"picked":"Fusion Hammer"}],"items_purged_floors":[],"is_endless":false,"potions_floor_spawned":[10,15,16,21,25],"killed_by":"3 Cultists","ascension_level":0}}