{"host":"w11d5xug8ost5klq","time":1613879882,"event":{"mods":["100% Spire Juice","2.2 Compatiblity","BaseMod","Better Third Choice","Emptier Cage","Highlight Path","KinomotoSakuraMod(????)","Minty Spire (QoL Compilation)","Quick Restart","Reliquary","Shapeshifter Mod","Spicy Shops","StSLib","The Alterego","WarShipGirlsR/????R mod"],"gold_per_floor":[114,37,57,57,57,77,106,106,106,106,106,122,134,169,169,270,270,289,334,67,78,78,89,89,99,99,113,130,150,150,169,169,267,267,282,45,93,107,107,107,137,137,162,176,203,222,237,252,252,252],"floor_reached":51,"language":"ENG","playtime":4599,"items_purged":["Shame"],"score":698,"play_id":"28025162-1316-40bd-ba52-b72233250ff4","local_time":"20210220215802","is_ascension_mode":false,"campfire_choices":[{"floor":11.0,"key":"REST"},{"floor":15.0,"key":"REST"},{"data":"ClowCardTheFirey","floor":24,"key":"SMITH"},{"data":"ClowCardTheChange","floor":30,"key":"SMITH"},{"floor":32,"key":"REST"},{"data":"ClowCardTheFight","floor":40,"key":"SMITH"},{"data":"ClowCardTheIllusion","floor":42,"key":"SMITH"},{"floor":49,"key":"REST"}],"circlet_count":0,"master_deck":["SakuraCardTheFight+","SakuraCardTheFirey+","SakuraCardTheEarthy+","ClowCardTheSword+1","ClowCardTheShield+1","SpellCardSeal","SpellCardRelease","ClowCardTheChange+1","ClowCardTheSand","ClowCardTheShadow+1","ClowCardTheLoop+1","ClowCardTheSand","ClowCardTheSand","ClowCardTheEarthy+1","ClowCardTheShot","ClowCardTheFight+1","ClowCardTheIllusion+1","ClowCardTheWindy+1","Writhe","ClowCardTheShadow+1","ClowCardTheChange+1","ClowCardTheFloat+1","ClowCardTheMist+1"],"relics":["KSMOD_SealedBook","KSMOD_UltimateWand","reliquary:Aerogel","Torii","Lizard Tail","Bag of Marbles","Letter Opener","Potion Belt","KSMOD_GemBrooch","GremlinMask","reliquary:ThirdArm","Oddly Smooth Stone","CaptainsWheel","Bottled Lightning","reliquary:RosewoodLute","KSMOD_RollerSkates","KSMOD_SwordJade"],"acts_visited":["Exordium","TheCity","TheBeyond"],"potions_floor_usage":[21,31,33,45,50,50,50],"damage_taken":[{"damage":11.0,"enemies":"Jaw Worm","floor":1.0,"turns":5.0},{"damage":0.0,"enemies":"2 Louse","floor":3.0,"turns":3.0},{"damage":0.0,"enemies":"Cultist","floor":6.0,"turns":3.0},{"damage":22.0,"enemies":"Gremlin Nob","floor":7.0,"turns":4.0},{"damage":0.0,"enemies":"Red Slaver","floor":12.0,"turns":5.0},{"damage":0.0,"enemies":"2 Fungi Beasts","floor":13.0,"turns":5.0},{"damage":13.0,"enemies":"Lagavulin","floor":14.0,"turns":8.0},{"damage":29.0,"enemies":"Slime Boss","floor":16.0,"turns":19.0},{"damage":0,"enemies":"Chosen","floor":18,"turns":9},{"damage":11,"enemies":"2 Thieves","floor":21,"turns":4},{"damage":0,"enemies":"Centurion and Healer","floor":23,"turns":6},{"damage":1,"enemies":"Chosen and Byrds","floor":25,"turns":5},{"damage":10,"enemies":"Shelled Parasite and Fungi","floor":27,"turns":6},{"damage":1,"enemies":"Snake Plant","floor":28,"turns":4},{"damage":18,"enemies":"Snecko","floor":29,"turns":4},{"damage":0,"enemies":"Cultist and Chosen","floor":31,"turns":6},{"damage":23,"enemies":"Collector","floor":33,"turns":12},{"damage":30,"enemies":"3 Shapes","floor":35,"turns":6},{"damage":63,"enemies":"2 Orb Walkers","floor":37,"turns":6},{"damage":0,"enemies":"3 Darklings","floor":38,"turns":8},{"damage":0,"enemies":"Giant Head","floor":41,"turns":8},{"damage":1,"enemies":"Spire Growth","floor":44,"turns":4},{"damage":34,"enemies":"Reptomancer","floor":45,"turns":7},{"damage":1,"enemies":"4 Shapes","floor":46,"turns":8},{"damage":0,"enemies":"Maw","floor":47,"turns":6},{"damage":0,"enemies":"Transient","floor":48,"turns":5},{"damage":1,"enemies":"Awakened One","floor":50,"turns":11}],"seed_played":"-3646319162732549195","potions_obtained":[{"floor":1.0,"key":"GamblersBrew"},{"floor":7.0,"key":"Dexterity Potion"},{"floor":13.0,"key":"EssenceOfSteel"},{"floor":16.0,"key":"Explosive Potion"},{"floor":21,"key":"KSMOD_MagickBottle"},{"floor":23,"key":"SteroidPotion"},{"floor":29,"key":"DistilledChaos"},{"floor":33,"key":"SkillPotion"},{"floor":35,"key":"SmokeBomb"},{"floor":38,"key":"AttackPotion"},{"floor":46,"key":"Fire Potion"},{"floor":48,"key":"Dexterity Potion"}],"is_trial":false,"path_per_floor":["M","$","M","?","$","M","E","?","T","?","R","M","M","E","R","B",null,"M","T","$","M","?","M","R","M","T","M","M","M","R","M","R","B",null,"M","$","?","M","?","R","E","R","T","M","E","M","M","M","R","B",null],"character_chosen":"KINOMOTOSAKURA","items_purchased":["ClowCardTheEarthy","KSMOD_GemBrooch","ClowCardTheSand","Oddly Smooth Stone","CaptainsWheel"],"campfire_rested":4,"item_purchase_floors":[2,20,20,36,36],"current_hp_per_floor":[73,73,73,73,73,73,51,34,34,34,59,59,59,46,71,42,84,84,84,84,73,73,73,73,72,72,62,61,43,43,43,68,45,84,54,54,33,33,54,54,54,54,54,53,19,18,18,18,43,42],"gold":252,"neow_bonus":"TWENTY_PERCENT_HP_BONUS","is_daily":false,"chose_seed":false,"campfire_upgraded":4,"win_rate":0.0,"timestamp":1613879882,"path_taken":["M","$","M","?","$","M","E","?","T","?","R","?","M","E","R","BOSS","M","?","$","M","?","M","R","?","T","M","M","M","R","M","R","BOSS","M","$","?","M","?","R","E","R","T","M","E","M","M","M","R","BOSS"],"items_purchased_type":["Card","Relic","Card","Relic","Relic"],"build_version":"2020-12-22","purchased_purges":1,"victory":true,"max_hp_per_floor":[84,84,84,84,84,84,84,84,84,84,84,84,84,84,84,84,84,84,84,84,84,84,84,84,84,84,84,84,84,84,84,84,84,84,84,84,84,84,84,84,84,84,84,84,84,84,84,84,84,84],"card_choices":[{"not_picked":["ClowCardTheStorm","ClowCardThePower"],"picked":"ClowCardTheChange","floor":1.0},{"not_picked":["ClowCardTheLibra","ClowCardTheMist"],"picked":"ClowCardTheSand","floor":3.0},{"not_picked":[],"picked":"ClowCardTheCreate","floor":4.0},{"not_picked":["ClowCardTheJump","ClowCardTheErase"],"picked":"ClowCardTheShadow","floor":6.0},{"not_picked":["ClowCardTheMove","ClowCardTheSand"],"picked":"ClowCardTheLoop","floor":7.0},{"not_picked":["ClowCardTheShot","ClowCardTheFirey"],"picked":"ClowCardTheCreate","floor":12.0},{"not_picked":["ClowCardTheLittle","ClowCardThePower"],"picked":"ClowCardTheSand","floor":13.0},{"not_picked":["ClowCardTheSilent","ClowCardTheSweet","ClowCardTheWatery"],"picked":"SKIP","floor":14.0},{"not_picked":["ClowCardTheLight","ClowCardTheDash"],"picked":"ClowCardTheCreate","floor":16.0},{"not_picked":["ClowCardTheMaze","ClowCardTheMirror","ClowCardTheMist"],"picked":"SKIP","floor":18},{"not_picked":["ClowCardTheShadow","ClowCardTheJump+1"],"picked":"ClowCardTheFirey","floor":21},{"not_picked":["ClowCardTheWindy","ClowCardThePower"],"picked":"ClowCardTheEarthy+1","floor":23},{"not_picked":["ClowCardTheSand","ClowCardTheDream"],"picked":"ClowCardTheShot","floor":25},{"not_picked":["ClowCardTheSilent","ClowCardTheDream","ClowCardTheMist"],"picked":"SKIP","floor":27},{"not_picked":["ClowCardTheRain","ClowCardTheChange","ClowCardTheMaze"],"picked":"SKIP","floor":28},{"not_picked":["ClowCardTheVoice+1","ClowCardTheShot","ClowCardTheIllusion"],"picked":"SKIP","floor":29},{"not_picked":["ClowCardTheShot","ClowCardTheSweet"],"picked":"ClowCardTheFight","floor":31},{"not_picked":["ClowCardTheThunder","ClowCardTheThrough"],"picked":"ClowCardTheCreate","floor":33},{"not_picked":["ClowCardTheSand+1","ClowCardTheSleep"],"picked":"ClowCardTheIllusion","floor":35},{"not_picked":["ClowCardTheBig+1","ClowCardTheMist+1"],"picked":"ClowCardTheWindy+1","floor":37},{"not_picked":["ClowCardTheSand+1","ClowCardTheLock","ClowCardTheMaze"],"picked":"SKIP","floor":38},{"not_picked":["ClowCardTheFight","ClowCardTheLittle+1"],"picked":"ClowCardTheShadow+1","floor":41},{"not_picked":["ClowCardTheVoice+1","ClowCardTheDream"],"picked":"ClowCardTheChange+1","floor":44},{"not_picked":["ClowCardTheDream","ClowCardTheFirey"],"picked":"ClowCardTheFloat+1","floor":45},{"not_picked":["ClowCardTheWindy+1","ClowCardTheLibra+1"],"picked":"ClowCardTheMist+1","floor":46},{"not_picked":["ClowCardTheLittle","ClowCardThePower+1","ClowCardTheArrow+1"],"picked":"SKIP","floor":47},{"not_picked":["ClowCardTheErase","ClowCardTheLock","ClowCardTheShot"],"picked":"SKIP","floor":48}],"player_experience":123552,"relics_obtained":[{"floor":6.0,"key":"reliquary:Aerogel"},{"floor":7.0,"key":"Torii"},{"floor":9.0,"key":"Lizard Tail"},{"floor":13.0,"key":"Bag of Marbles"},{"floor":14.0,"key":"KSMOD_Cerberus"},{"floor":18,"key":"Letter Opener"},{"floor":19,"key":"Potion Belt"},{"floor":37,"key":"KSMOD_Yue"},{"floor":38,"key":"Bottled Lightning"},{"floor":41,"key":"reliquary:RosewoodLute"},{"floor":43,"key":"KSMOD_RollerSkates"},{"floor":45,"key":"KSMOD_SwordJade"}],"event_choices":[{"damage_healed":51.0,"max_hp_gain":0.0,"max_hp_loss":84.0,"gold_gain":0.0,"event_name":"betterThird:BetterShining","player_choice":"Upgrade","floor":8.0,"gold_loss":0.0,"damage_taken":17.0,"cards_upgraded":["ClowCardTheShield","ClowCardTheShadow"]},{"damage_healed":0.0,"max_hp_gain":0.0,"max_hp_loss":0.0,"gold_gain":0.0,"event_name":"Accursed Blacksmith","player_choice":"Forge","floor":10.0,"gold_loss":0.0,"damage_taken":0.0,"cards_upgraded":["ClowCardTheLoop"]},{"damage_healed":0,"gold_gain":0,"player_choice":"Trade","damage_taken":0,"relics_obtained":["GremlinMask"],"max_hp_gain":0,"max_hp_loss":0,"event_name":"FaceTrader","floor":22,"gold_loss":0},{"damage_healed":0,"gold_gain":0,"player_choice":"Fight","damage_taken":0,"max_hp_gain":0,"max_hp_loss":0,"event_name":"Mysterious Sphere","floor":37,"gold_loss":0},{"damage_healed":21,"gold_gain":0,"player_choice":"Writhe","damage_taken":0,"max_hp_gain":0,"max_hp_loss":0,"event_name":"Winding Halls","floor":39,"gold_loss":0,"cards_obtained":["Writhe"]}],"is_beta":false,"boss_relics":[{"not_picked":["Astrolabe","reliquary:RedPaperclip"],"picked":"KSMOD_StarWand"},{"not_picked":["Empty Cage","reliquary:WritOfMandamus"],"picked":"reliquary:ThirdArm"}],"items_purged_floors":[20],"is_endless":false,"potions_floor_spawned":[1,7,13,16,21,23,29,33,35,38,45,46,48],"ascension_level":0}}