{"host":"1nniobf0g4s2td4e","time":1613947548,"event":{"mods":["2.2 Compatiblity","BaseMod","Minty Spire (QoL Compilation)","StSLib","SuperFastMode"],"gold_per_floor":[112,44,44,56,70,70,105,105,105,105,16,16,31,50,50,154,154,169,94,111,134,153,186,197,215,215,215,249,349,77,91,91,187,187,187],"floor_reached":34,"language":"ENG","playtime":946,"items_purged":["Strike_R","Strike_R"],"score":392,"play_id":"6a9b8458-56ac-4da6-83be-5344b2fde242","local_time":"20210221164548","is_ascension_mode":false,"campfire_choices":[{"data":"Combust","floor":6.0,"key":"SMITH"},{"data":"Combust","floor":8.0,"key":"SMITH"},{"data":"Metallicize","floor":10.0,"key":"SMITH"},{"data":"Combust","floor":12.0,"key":"SMITH"},{"data":"Rage","floor":15.0,"key":"SMITH"},{"data":"Hemokinesis","floor":27.0,"key":"SMITH"},{"data":"Bloodletting","floor":32.0,"key":"SMITH"}],"circlet_count":0,"master_deck":["Strike_R","Strike_R","Strike_R","Defend_R","Defend_R","Defend_R","Defend_R","Bash","Headbutt+1","Combust+1","Iron Wave+1","Metallicize+1","Combust+1","Combust+1","Shrug It Off","Rage+1","Hemokinesis+1","Brutality","Warcry+1","Clash","Dropkick+1","Bloodletting+1","Thunderclap+1","Corruption"],"relics":["Black Blood","NeowsBlessing","TungstenRod","Sundial","TungstenRod","TungstenRod","Whetstone","Kunai","Dead Branch","Art of War","Prayer Wheel","Question Card","Membership Card","Bronze Scales"],"acts_visited":["Exordium","TheCity"],"potions_floor_usage":[],"damage_taken":[{"damage":0.0,"enemies":"Cultist","floor":1.0,"turns":1.0},{"damage":0.0,"enemies":"Jaw Worm","floor":4.0,"turns":1.0},{"damage":0.0,"enemies":"2 Louse","floor":5.0,"turns":1.0},{"damage":18.0,"enemies":"Lagavulin","floor":7.0,"turns":7.0},{"damage":1.0,"enemies":"Lots of Slimes","floor":13.0,"turns":2.0},{"damage":12.0,"enemies":"Exordium Wildlife","floor":14.0,"turns":2.0},{"damage":30.0,"enemies":"Hexaghost","floor":16.0,"turns":9.0},{"damage":7.0,"enemies":"Shell Parasite","floor":18.0,"turns":5.0},{"damage":0.0,"enemies":"3 Byrds","floor":20.0,"turns":3.0},{"damage":0.0,"enemies":"Snecko","floor":22.0,"turns":3.0},{"damage":37.0,"enemies":"Slavers","floor":23.0,"turns":5.0},{"damage":0.0,"enemies":"Centurion and Healer","floor":24.0,"turns":5.0},{"damage":24.0,"enemies":"Snake Plant","floor":25.0,"turns":4.0},{"damage":9.0,"enemies":"Book of Stabbing","floor":28.0,"turns":6.0},{"damage":14.0,"enemies":"Colosseum Slavers","floor":29.0,"turns":4.0},{"damage":0.0,"enemies":"Colosseum Nobs","floor":29.0,"turns":4.0},{"damage":3.0,"enemies":"3 Cultists","floor":31.0,"turns":3.0},{"damage":36.0,"enemies":"Automaton","floor":33.0,"turns":9.0}],"seed_played":"-4794149877524815652","potions_obtained":[{"floor":5.0,"key":"DuplicationPotion"},{"floor":7.0,"key":"BlessingOfTheForge"},{"floor":16.0,"key":"SteroidPotion"},{"floor":23.0,"key":"EntropicBrew"},{"floor":31.0,"key":"Swift Potion"}],"is_trial":false,"path_per_floor":["M","$","$","M","M","R","E","R","T","R","$","R","M","M","R","B",null,"M","$","M","T","M","E","M","M","T","R","E","?","$","M","R","B",null],"character_chosen":"IRONCLAD","items_purchased":["Combust","Combust","Shrug It Off","Membership Card","Bronze Scales"],"campfire_rested":0,"item_purchase_floors":[2,11,11,30,30],"current_hp_per_floor":[80,80,80,80,80,80,68,68,68,68,68,68,73,67,67,43,80,80,80,80,80,80,55,67,55,55,55,58,68,68,77,77,53,53,53],"gold":187,"neow_bonus":"THREE_ENEMY_KILL","is_daily":false,"chose_seed":false,"campfire_upgraded":7,"win_rate":0.0,"timestamp":1613947548,"path_taken":["M","?","$","M","?","R","E","R","T","R","$","R","M","M","R","BOSS","M","$","?","?","M","E","M","?","T","R","E","?","$","M","R","BOSS"],"items_purchased_type":["Card","Card","Card","Relic","Relic"],"build_version":"2020-12-22","purchased_purges":2,"victory":false,"max_hp_per_floor":[80,80,80,80,80,80,80,80,80,80,80,80,80,80,80,80,80,80,80,80,80,80,80,80,80,80,80,80,80,80,80,80,80,80,80],"card_choices":[{"not_picked":["Armaments","Havoc"],"picked":"Headbutt","floor":1.0},{"not_picked":["Flex","Anger"],"picked":"Iron Wave","floor":4.0},{"not_picked":["Body Slam","Corruption"],"picked":"Metallicize","floor":5.0},{"not_picked":["Sword Boomerang","Hemokinesis"],"picked":"Combust","floor":7.0},{"not_picked":["Shrug It Off","Flex"],"picked":"Rage","floor":13.0},{"not_picked":["Burning Pact","True Grit"],"picked":"Hemokinesis","floor":14.0},{"not_picked":["Barricade","Double Tap"],"picked":"Brutality","floor":16.0},{"not_picked":["Headbutt","Carnage","Wild Strike"],"picked":"SKIP","floor":18.0},{"not_picked":["Anger","Limit Break"],"picked":"Warcry+1","floor":20.0},{"not_picked":["Shrug It Off","Havoc"],"picked":"Clash","floor":22.0},{"not_picked":["Inflame","Fire Breathing+1","Twin Strike"],"picked":"SKIP","floor":23.0},{"not_picked":["True Grit","Armaments"],"picked":"Dropkick+1","floor":24.0},{"not_picked":["Fire Breathing","Body Slam+1","Sword Boomerang+1"],"picked":"SKIP","floor":25.0},{"not_picked":["Infernal Blade","Ghostly Armor","Clothesline"],"picked":"SKIP","floor":28.0},{"not_picked":["Headbutt+1","Cleave+1"],"picked":"Bloodletting","floor":29.0},{"not_picked":["Uppercut","Heavy Blade+1","Iron Wave"],"picked":"Thunderclap+1","floor":31.0},{"not_picked":["Pummel","Sentinel","Heavy Blade","Anger"],"picked":"SKIP","floor":31.0},{"not_picked":["Limit Break","Exhume","Juggernaut"],"picked":"Corruption","floor":33.0}],"player_experience":776861,"relics_obtained":[{"floor":7.0,"key":"Sundial"},{"floor":21.0,"key":"Whetstone"},{"floor":23.0,"key":"Kunai"},{"floor":26.0,"key":"Dead Branch"},{"floor":28.0,"key":"Art of War"},{"floor":29.0,"key":"Prayer Wheel"},{"floor":29.0,"key":"Question Card"}],"event_choices":[{"damage_healed":0.0,"max_hp_gain":0.0,"max_hp_loss":0.0,"gold_gain":0.0,"event_name":"Colosseum","player_choice":"Fight","floor":29.0,"gold_loss":0.0,"damage_taken":0.0},{"damage_healed":0.0,"max_hp_gain":0.0,"max_hp_loss":0.0,"gold_gain":0.0,"event_name":"Colosseum","player_choice":"Fought Nobs","floor":29.0,"gold_loss":0.0,"damage_taken":0.0}],"is_beta":false,"boss_relics":[{"not_picked":["Mark of Pain","Ectoplasm"],"picked":"Black Blood"}],"items_purged_floors":[19,30],"is_endless":false,"potions_floor_spawned":[5,7,16,22,23,31,33],"ascension_level":0}}