{"host":"ssceekdvsvld625r","time":1613904567,"event":{"mods":["AchievementEnabler","BaseMod","Better Third Choice","Block Reminder","Colored Map","Colored Powertips","Downfall","Minty Spire (QoL Compilation)","Permanent Neow","Quick Restart","Rare Cards Sparkle","Relic Stats","Reliquary","Replay The Spire","Shop Mod","StSLib"],"gold_per_floor":[111,111,161,230,230,230,249,249,249,264,323,353,353,353],"floor_reached":13,"language":"ENG","playtime":763,"items_purged":[],"score":84,"play_id":"44336618-30ca-4b49-9954-01006e1ae395","local_time":"20210221034927","is_ascension_mode":true,"campfire_choices":[{"data":"Zap","floor":6,"key":"SMITH"},{"data":"Heatsinks","floor":8,"key":"SMITH"}],"circlet_count":0,"master_deck":["Strike_B","Strike_B","Strike_B","Strike_B","Defend_B","Defend_B","Defend_B","Defend_B","Zap+1","Dualcast","Voices","Heatsinks+1","Spreading Infection","FIFO Queue"],"relics":["Cracked Core","Boot","Golden Idol","ReplayTheSpireMod:Ring of Challenge","Ring of Greed","Golden Egg","Tiny Chest","Replay:Rubber Ducky","ReplayTheSpireMod:TigerMarble"],"acts_visited":["Exordium"],"potions_floor_usage":[13,13],"damage_taken":[{"damage":0,"enemies":"2 Louse","floor":1,"turns":2},{"damage":9,"enemies":"Jaw Worm","floor":4,"turns":4},{"damage":2,"enemies":"Small Slimes","floor":7,"turns":3},{"damage":14,"enemies":"Looter","floor":10,"turns":4},{"damage":25,"enemies":"Exordium Wildlife","floor":11,"turns":8},{"damage":11,"enemies":"Lagavulin","floor":13,"turns":5}],"seed_played":"3276322973790693831","potions_obtained":[{"floor":7,"key":"SpeedPotion"},{"floor":11,"key":"CultistPotion"}],"is_trial":false,"path_per_floor":["M","?","?","M","?","R","M","R","T","M","M","?","E"],"character_chosen":"DEFECT","items_purchased":[],"campfire_rested":0,"item_purchase_floors":[],"current_hp_per_floor":[75,69,69,60,48,48,46,46,46,32,7,7,0,0],"gold":353,"neow_bonus":"RANDOM_COMMON_RELIC","is_daily":false,"chose_seed":false,"campfire_upgraded":2,"win_rate":0.0,"timestamp":1613904567,"path_taken":["M","?","?","M","?","R","M","R","T","M","M","?","E"],"items_purchased_type":[],"build_version":"2020-12-22","purchased_purges":0,"victory":false,"max_hp_per_floor":[75,69,69,69,69,69,69,69,69,69,69,69,69,69],"relic_stats":{"counters":[6,26],"Golden Idol":12,"Tiny Chest":0,"Boot":[19],"obtain_stats":[{"Golden Egg":3,"Golden Idol":2,"Tiny Chest":3,"ReplayTheSpireMod:TigerMarble":9,"Ring of Greed":3,"ReplayTheSpireMod:Ring of Challenge":3,"Cracked Core":0,"Boot":0,"Replay:Rubber Ducky":5},{"Golden Egg":1,"Golden Idol":1,"Tiny Chest":1,"ReplayTheSpireMod:TigerMarble":3,"Ring of Greed":1,"ReplayTheSpireMod:Ring of Challenge":1,"Cracked Core":0,"Boot":0,"Replay:Rubber Ducky":2},{"Golden Egg":2,"Golden Idol":2,"Tiny Chest":2,"ReplayTheSpireMod:TigerMarble":9,"Ring of Greed":2,"ReplayTheSpireMod:Ring of Challenge":2,"Cracked Core":0,"Boot":0,"Replay:Rubber Ducky":6}]},"card_choices":[{"not_picked":["Streamline","Consume","Stack"],"picked":"SKIP","floor":1},{"not_picked":["Fusion","Steam"],"picked":"Heatsinks","floor":4},{"not_picked":["Doom and Gloom","Go for the Eyes","Time Bomb"],"picked":"SKIP","floor":7},{"not_picked":["Stack","ReplaySort","Rebound"],"picked":"SKIP","floor":10},{"not_picked":["Barrage","Chaos"],"picked":"FIFO Queue","floor":11}],"player_experience":79332,"relics_obtained":[{"floor":3,"key":"ReplayTheSpireMod:Ring of Challenge"},{"floor":3,"key":"Ring of Greed"},{"floor":3,"key":"Golden Egg"},{"floor":3,"key":"Tiny Chest"},{"floor":9,"key":"ReplayTheSpireMod:TigerMarble"}],"event_choices":[{"damage_healed":0,"gold_gain":0,"player_choice":"Lose Max HP","damage_taken":0,"relics_obtained":["Golden Idol"],"max_hp_gain":0,"max_hp_loss":6,"event_name":"Golden Idol","floor":2,"gold_loss":0},{"damage_healed":0,"gold_gain":0,"player_choice":"Relic ","damage_taken":12,"max_hp_gain":0,"max_hp_loss":0,"event_name":"betterThird:BetterScrap","floor":5,"gold_loss":0,"cards_obtained":["Double Tap"]},{"damage_healed":0,"gold_gain":30,"player_choice":"Searched \u00271\u0027 times","damage_taken":0,"max_hp_gain":0,"max_hp_loss":0,"event_name":"Dead Adventurer","floor":12,"gold_loss":0}],"is_beta":false,"boss_relics":[],"items_purged_floors":[],"is_endless":false,"potions_floor_spawned":[7,11],"killed_by":"Lagavulin","ascension_level":3}}