{"host":"sav7uxregyirlf69","time":1613872497,"event":{"mods":["AchievementEnabler","BaseMod","Colored Map","DeckTracker","Keyboard Shortcuts","Minty Spire (QoL Compilation)","READ ME - Guardian Mod","StSLib","SuperFastMode"],"gold_per_floor":[20,35,45,45,64,64,98,98,122,122,81,6,37,48,48,48,48],"floor_reached":16,"language":"KOR","playtime":259,"items_purged":[],"score":220,"play_id":"e1d002a5-2f08-4607-9985-29162d3335c5","local_time":"20210221105457","is_ascension_mode":true,"campfire_choices":[{"data":"A Thousand Cuts","floor":6,"key":"SMITH"},{"floor":8,"key":"REST"},{"data":"Blade Dance","floor":10,"key":"SMITH"},{"data":"Bullet Time","floor":15,"key":"SMITH"}],"circlet_count":0,"master_deck":["AscendersBane","Strike_G+1","Strike_G","Strike_G","Defend_G","Defend_G","Defend_G","Defend_G","Survivor","Neutralize+1","A Thousand Cuts+1","Bullet Time+1","Dagger Throw","Blade Dance+1","Prepared","Escape Plan"],"relics":["Ring of the Snake","Smiling Mask","Regal Pillow","Whetstone","Peace Pipe"],"acts_visited":["Exordium"],"potions_floor_usage":[13,16],"damage_taken":[{"damage":0,"enemies":"Cultist","floor":1,"turns":4},{"damage":7,"enemies":"Jaw Worm","floor":2,"turns":4},{"damage":0,"enemies":"Small Slimes","floor":3,"turns":2},{"damage":3,"enemies":"Looter","floor":5,"turns":4},{"damage":29,"enemies":"Gremlin Nob","floor":7,"turns":4},{"damage":9,"enemies":"Lagavulin","floor":13,"turns":6},{"damage":9,"enemies":"3 Louse","floor":14,"turns":2},{"damage":19,"enemies":"Hexaghost","floor":16,"turns":8}],"seed_played":"1606415820647425986","potions_obtained":[{"floor":2,"key":"SmokeBomb"},{"floor":5,"key":"Dexterity Potion"},{"floor":7,"key":"AttackPotion"}],"is_trial":false,"path_per_floor":["M","M","M","?","M","R","E","R","T","R","$","?","E","M","R","B"],"character_chosen":"THE_SILENT","items_purchased":["Escape Plan"],"campfire_rested":1,"item_purchase_floors":[11],"current_hp_per_floor":[59,52,52,34,31,31,2,36,36,36,36,36,27,18,18,0,0],"gold":48,"neow_bonus":"TRANSFORM_TWO_CARDS","is_daily":false,"chose_seed":false,"campfire_upgraded":3,"win_rate":0.0,"timestamp":1613872497,"path_taken":["M","?","M","?","M","R","E","R","T","R","$","?","E","M","R","BOSS"],"items_purchased_type":["Card"],"build_version":"2020-12-22","purchased_purges":0,"victory":false,"max_hp_per_floor":[66,66,66,66,66,66,66,66,66,66,66,66,66,66,66,66,66],"card_choices":[{"not_picked":["Slice","PiercingWail"],"picked":"Dagger Throw","floor":1},{"not_picked":["Calculated Gamble","Underhanded Strike"],"picked":"Blade Dance","floor":2},{"not_picked":["Sucker Punch","Flechettes"],"picked":"Prepared","floor":3},{"not_picked":["PiercingWail","Choke","Dagger Throw"],"picked":"SKIP","floor":5},{"not_picked":["Bane","Underhanded Strike","Dash"],"picked":"SKIP","floor":7},{"not_picked":["Wraith Form v2","Dagger Throw","Endless Agony"],"picked":"SKIP","floor":13},{"not_picked":["Cloak And Dagger","All Out Attack","Blade Dance"],"picked":"SKIP","floor":14}],"player_experience":1638489,"relics_obtained":[{"floor":7,"key":"Regal Pillow"},{"floor":9,"key":"Whetstone"},{"floor":13,"key":"Peace Pipe"}],"event_choices":[{"damage_healed":0,"gold_gain":0,"player_choice":"Success","damage_taken":18,"relics_obtained":["Smiling Mask"],"max_hp_gain":0,"max_hp_loss":0,"event_name":"Scrap Ooze","floor":4,"gold_loss":0},{"cards_removed":["Strike_G"],"damage_healed":0,"gold_gain":0,"player_choice":"Card Removal","damage_taken":0,"max_hp_gain":0,"max_hp_loss":0,"event_name":"The Cleric","floor":12,"gold_loss":75}],"is_beta":false,"boss_relics":[],"items_purged_floors":[],"is_endless":false,"potions_floor_spawned":[2,5,7],"killed_by":"Hexaghost","ascension_level":20}}