{"host":"veh3iuu7yass7ajm","time":1613893653,"event":{"mods":["2.2 Compatiblity","BaseMod","Beaked The Cultist","BetterRewards","Clockwork Mod","Colored Map","Colored Powertips","Conspire","DeckTracker","Downfall","GungeonMod","Hermit","Jedi Mod","Minty Spire (QoL Compilation)","RatMod","Relic Relevance Reorder","StSLib","Strawberry Spire","The Animator","The Death Knight","The Gatherer","Unknown Chances","Waifu the Spire"],"gold_per_floor":[117,129,145,145,155,185,185,65,92,121,138,138,150,224,224,322,322,340,340,344,344],"floor_reached":20,"language":"ENG","playtime":1046,"items_purged":["DeathKnight:Strike_DeathKnight"],"score":193,"play_id":"de960621-3649-45f6-9d3e-944d97abcd38","local_time":"20210221204733","is_ascension_mode":true,"campfire_choices":[{"floor":7,"key":"REST"},{"floor":12,"key":"REST"},{"data":"DeathKnight:Contagion","floor":15,"key":"SMITH"}],"circlet_count":0,"master_deck":["DeathKnight:Strike_DeathKnight","DeathKnight:Strike_DeathKnight","DeathKnight:Strike_DeathKnight","DeathKnight:Defend_DeathKnight","DeathKnight:Defend_DeathKnight","DeathKnight:Defend_DeathKnight","DeathKnight:Defend_DeathKnight","DeathKnight:RuneTap","DeathKnight:RuneStrike","DeathKnight:RuneShock","DeathKnight:MutagenicPlague","DeathKnight:DeathCoil","DeathKnight:FrosPresence","DeathKnight:Hysteria","DeathKnight:Contagion+1"],"relics":["DeathKnight:BrokenRuneblade","Mango","jedi:crownofsimplicity","DemoMod:BigBoy","Eternal Feather","jedi:hotpepper","Enchiridion"],"acts_visited":["Exordium","TheCity"],"potions_floor_usage":[5],"damage_taken":[{"damage":2,"enemies":"Cultist","floor":1,"turns":4},{"damage":0,"enemies":"2 Louse","floor":2,"turns":3},{"damage":10,"enemies":"Jaw Worm","floor":3,"turns":4},{"damage":0,"enemies":"Lots of Slimes","floor":5,"turns":4},{"damage":45,"enemies":"Lagavulin","floor":6,"turns":10},{"damage":35,"enemies":"Gremlin Nob","floor":10,"turns":5},{"damage":6,"enemies":"Exordium Wildlife","floor":11,"turns":4},{"damage":0,"enemies":"Large Slime","floor":13,"turns":4},{"damage":10,"enemies":"Hexaghost","floor":16,"turns":7},{"damage":16,"enemies":"3 Byrds","floor":18,"turns":6},{"damage":37,"enemies":"conspire:MimicChest","floor":20,"turns":4}],"seed_played":"4189741980451638989","potions_obtained":[{"floor":1,"key":"jedi:wingpotion"},{"floor":2,"key":"DistilledChaos"},{"floor":16,"key":"Strength Potion"},{"floor":18,"key":"jedi:wingpotion"}],"is_trial":false,"path_per_floor":["M","M","M","?","M","E","R","$","T","E","M","R","M","T","R","B",null,"M","?","?"],"character_chosen":"DEATH_KNIGHT","items_purchased":["DeathKnight:RuneShock","DeathKnight:Hysteria"],"campfire_rested":2,"item_purchase_floors":[0,8],"current_hp_per_floor":[73,73,63,56,56,25,51,51,51,16,10,36,36,36,45,35,66,50,34,0,0],"gold":344,"neow_bonus":"","is_daily":false,"chose_seed":false,"campfire_upgraded":1,"win_rate":0.0,"timestamp":1613893653,"path_taken":["M","?","M","?","M","E","R","?","T","E","M","R","?","?","R","BOSS","M","?","?"],"items_purchased_type":["Card","Card"],"build_version":"2020-12-22","purchased_purges":1,"victory":false,"max_hp_per_floor":[75,75,75,75,75,89,89,89,89,89,89,89,89,89,89,89,66,66,66,66,66],"card_choices":[{"not_picked":["DeathKnight:Ossuary","DeathKnight:HornOfWinter","DeathKnight:RunicCorruption"],"picked":"SKIP","floor":1},{"not_picked":["DeathKnight:BludPresence","DeathKnight:BloodTap"],"picked":"DeathKnight:DeathCoil","floor":2},{"not_picked":["DeathKnight:Obliterate","DeathKnight:UnholyAssault","DeathKnight:UnholyFrenzy"],"picked":"SKIP","floor":3},{"not_picked":["DeathKnight:GargoyleSkin","DeathKnight:BloodPact","DeathKnight:ArmyOfTheDead"],"picked":"SKIP","floor":5},{"not_picked":["DeathKnight:BloodPact","DeathKnight:AntiMagicShell"],"picked":"DeathKnight:FrosPresence","floor":6},{"not_picked":["DeathKnight:Hysteria","DeathKnight:BoneShield","DeathKnight:DeathGrip"],"picked":"SKIP","floor":10},{"not_picked":["DeathKnight:BloodBoil","DeathKnight:AntiMagicShell"],"picked":"DeathKnight:Contagion","floor":11},{"not_picked":["DeathKnight:PillarOfFrost","DeathKnight:BludPresence","DeathKnight:FesteringStrike"],"picked":"SKIP","floor":13},{"not_picked":["DeathKnight:DarkSuccor+1","DeathKnight:RuneShock+1","DeathKnight:DeathAndDecay"],"picked":"SKIP","floor":18}],"player_experience":174292,"relics_obtained":[{"floor":6,"key":"Mango"},{"floor":9,"key":"jedi:crownofsimplicity"},{"floor":10,"key":"DemoMod:BigBoy"},{"floor":14,"key":"Eternal Feather"},{"floor":19,"key":"Enchiridion"}],"event_choices":[{"cards_removed":["DeathKnight:Strike_DeathKnight"],"damage_healed":0,"gold_gain":0,"player_choice":"Card Removal","damage_taken":7,"max_hp_gain":0,"max_hp_loss":0,"event_name":"Golden Wing","floor":4,"gold_loss":0},{"damage_healed":0,"gold_gain":0,"player_choice":"Obtained Book","damage_taken":16,"max_hp_gain":0,"max_hp_loss":0,"event_name":"Cursed Tome","floor":19,"gold_loss":0}],"is_beta":false,"boss_relics":[{"not_picked":["SacredBark","Runic Dome"],"picked":"jedi:hotpepper"}],"items_purged_floors":[8],"is_endless":false,"potions_floor_spawned":[1,2,16,18],"killed_by":"conspire:MimicChest","ascension_level":1}}