{"host":"raaimkojny05jekw","time":1613898255,"event":{"mods":["AchievementEnabler","BaseMod","Colored Map","Colored Powertips","DeckTracker","Minty Spire (QoL Compilation)","Quick Restart","Rare Cards Sparkle","everything is the same but u backflip on backflip"],"gold_per_floor":[112,112,11,31,106,106,131,141,141,141,141,153,31,50,50,151,151,171,186,186,204,220,220,239,239,262,172,190,206,206,206],"floor_reached":30,"language":"KOR","playtime":928,"items_purged":["Normality"],"score":374,"play_id":"ec055960-bfc1-4d62-938c-dca3645c904c","local_time":"20210221180415","is_ascension_mode":true,"campfire_choices":[{"data":"True Grit","floor":6,"key":"SMITH"},{"data":"Searing Blow","floor":10,"key":"SMITH"},{"data":"Searing Blow+1","floor":15,"key":"SMITH"},{"data":"Searing Blow+3","floor":23,"key":"SMITH"},{"data":"1","floor":25,"key":"LIFT"}],"circlet_count":0,"master_deck":["AscendersBane","Strike_R","Strike_R+1","Strike_R","Strike_R","Strike_R","Defend_R","Defend_R","Defend_R","Defend_R","Bash","Apotheosis+1","Dropkick","True Grit+1","Pommel Strike","Seeing Red","Searing Blow+4","Carnage","Battle Trance","Madness","Double Tap","Metallicize","Inflame","Battle Trance","Ghostly Armor","Whirlwind"],"relics":["Burning Blood","TungstenRod","Girya","Cursed Key","Happy Flower"],"acts_visited":["Exordium","TheCity"],"potions_floor_usage":[16,18,22,24,28,28,28],"damage_taken":[{"damage":0,"enemies":"Small Slimes","floor":1,"turns":4},{"damage":4,"enemies":"Jaw Worm","floor":4,"turns":5},{"damage":24,"enemies":"Gremlin Nob","floor":7,"turns":4},{"damage":2,"enemies":"2 Louse","floor":8,"turns":2},{"damage":13,"enemies":"Gremlin Gang","floor":12,"turns":4},{"damage":1,"enemies":"Looter","floor":14,"turns":3},{"damage":3,"enemies":"Slime Boss","floor":16,"turns":6},{"damage":7,"enemies":"Spheric Guardian","floor":18,"turns":4},{"damage":22,"enemies":"2 Thieves","floor":19,"turns":4},{"damage":15,"enemies":"3 Cultists","floor":21,"turns":5},{"damage":10,"enemies":"Centurion and Healer","floor":22,"turns":5},{"damage":13,"enemies":"Chosen and Byrds","floor":24,"turns":5},{"damage":1,"enemies":"3 Cultists","floor":28,"turns":5},{"damage":16,"enemies":"Snake Plant","floor":29,"turns":3},{"damage":40,"enemies":"Gremlin Leader","floor":30,"turns":4}],"seed_played":"-8945937550511074681","potions_obtained":[{"floor":8,"key":"AttackPotion"},{"floor":12,"key":"SpeedPotion"},{"floor":19,"key":"SpeedPotion"},{"floor":21,"key":"LiquidMemories"},{"floor":24,"key":"EntropicBrew"}],"is_trial":false,"path_per_floor":["M","?","$","M","?","R","E","M","T","R","?","M","$","M","R","B",null,"M","M","?","M","M","R","M","R","T","?","M","M","E"],"character_chosen":"IRONCLAD","items_purchased":["True Grit","Battle Trance","Madness"],"campfire_rested":0,"item_purchase_floors":[3,13,13],"current_hp_per_floor":[78,78,78,80,69,69,51,55,55,55,55,48,48,53,53,56,74,73,57,57,48,44,44,37,37,37,37,42,32,0,0],"gold":206,"neow_bonus":"RANDOM_COLORLESS_2","is_daily":false,"chose_seed":false,"campfire_upgraded":4,"win_rate":0.0,"timestamp":1613898255,"path_taken":["M","?","$","M","?","R","E","M","T","R","?","M","$","M","R","BOSS","M","M","?","M","?","R","M","R","T","?","?","M","E"],"items_purchased_type":["Card","Card","Card"],"build_version":"2020-12-22","purchased_purges":1,"victory":false,"max_hp_per_floor":[80,80,80,80,80,80,80,80,80,80,80,80,80,80,80,80,80,80,80,80,80,80,80,80,80,80,77,77,77,77,77],"card_choices":[{"not_picked":["Violence","Master of Strategy"],"picked":"Apotheosis","floor":0},{"not_picked":["Body Slam","Ghostly Armor"],"picked":"Dropkick","floor":1},{"not_picked":["Armaments","Fire Breathing"],"picked":"Pommel Strike","floor":4},{"not_picked":["Clothesline","Armaments"],"picked":"Seeing Red","floor":7},{"not_picked":["Thunderclap","Shrug It Off"],"picked":"Searing Blow","floor":8},{"not_picked":["Warcry","Anger"],"picked":"Carnage","floor":12},{"not_picked":["Clash","Flex","Perfected Strike"],"picked":"SKIP","floor":14},{"not_picked":["Brutality","Juggernaut"],"picked":"Double Tap","floor":16},{"not_picked":["Blood for Blood","Wild Strike"],"picked":"Metallicize","floor":18},{"not_picked":["Armaments","Seeing Red"],"picked":"Inflame","floor":19},{"not_picked":["Pommel Strike","Anger"],"picked":"Battle Trance","floor":21},{"not_picked":["Havoc","Armaments","Iron Wave+1"],"picked":"SKIP","floor":22},{"not_picked":["Heavy Blade","Perfected Strike+1"],"picked":"Ghostly Armor","floor":24},{"not_picked":["Cleave","Wild Strike"],"picked":"Whirlwind","floor":28},{"not_picked":["Burning Pact","Twin Strike","Armaments"],"picked":"SKIP","floor":29}],"player_experience":779348,"relics_obtained":[{"floor":7,"key":"TungstenRod"},{"floor":9,"key":"Girya"},{"floor":26,"key":"Happy Flower"}],"event_choices":[{"damage_healed":0,"gold_gain":0,"player_choice":"Grow","damage_taken":0,"max_hp_gain":0,"max_hp_loss":0,"event_name":"Living Wall","floor":2,"gold_loss":0,"cards_upgraded":["Apotheosis"]},{"damage_healed":0,"gold_gain":75,"player_choice":"Gather Gold","damage_taken":11,"max_hp_gain":0,"max_hp_loss":0,"event_name":"World of Goop","floor":5,"gold_loss":0},{"damage_healed":0,"gold_gain":0,"player_choice":"Ignored","damage_taken":0,"max_hp_gain":0,"max_hp_loss":0,"event_name":"Liars Game","floor":11,"gold_loss":0},{"damage_healed":0,"gold_gain":0,"player_choice":"Upgraded","damage_taken":0,"max_hp_gain":0,"max_hp_loss":0,"event_name":"Upgrade Shrine","floor":20,"gold_loss":0,"cards_upgraded":["Searing Blow"]},{"cards_removed":["Parasite"],"damage_healed":0,"gold_gain":0,"player_choice":"Upgrade and Remove","damage_taken":0,"max_hp_gain":0,"max_hp_loss":0,"event_name":"Designer","floor":27,"gold_loss":90,"cards_upgraded":["Strike_R"]}],"is_beta":false,"boss_relics":[{"not_picked":["SlaversCollar","Tiny House"],"picked":"Cursed Key"}],"items_purged_floors":[3],"is_endless":false,"potions_floor_spawned":[8,12,14,19,21,24],"killed_by":"Gremlin Leader","ascension_level":12}}