{"host":"bpr07pynnqpe5ded","time":1613937758,"event":{"mods":["2.2 Compatiblity","Aspiration","BaseMod","Better Note","Better Third Choice","BetterRewards","Downfall","Jorbs\u0027s Wanderer Trilogy","Minty Spire (QoL Compilation)","Replay The Spire","Shop Mod","StSLib","The Marked","??????REMEMod"],"gold_per_floor":[117,67,78,98,115,115,144,144,144,219,219,237,237,258,258,258,258],"floor_reached":16,"language":"ENG","playtime":653,"items_purged":[],"score":102,"play_id":"229d400c-4e0f-4877-bab9-d286c2e65e44","local_time":"20210221200238","is_ascension_mode":false,"campfire_choices":[{"data":"Consume","floor":6,"key":"SMITH"},{"floor":11,"key":"RECALL"},{"floor":13,"key":"REST"},{"data":"Ball Lightning","floor":15,"key":"SMITH"}],"circlet_count":0,"master_deck":["Strike_B","Strike_B","Strike_B","Defend_B","Defend_B","Defend_B","Defend_B","Zap","Dualcast","Consume+1","Conserve Battery","Ball Lightning+1","Cold Snap"],"relics":["Cracked Core","REME_ComplimentaryCards","Prayer Wheel","Kunai","Golden Idol","aspiration:FetidBarrel"],"acts_visited":["Exordium"],"potions_floor_usage":[14],"damage_taken":[{"damage":2,"enemies":"2 Louse","floor":1,"turns":4},{"damage":0,"enemies":"Small Slimes","floor":3,"turns":3},{"damage":4,"enemies":"Jaw Worm","floor":4,"turns":3},{"damage":0,"enemies":"Exordium Wildlife","floor":5,"turns":3},{"damage":12,"enemies":"Lagavulin","floor":7,"turns":5},{"damage":4,"enemies":"Blue Slaver","floor":12,"turns":4},{"damage":0,"enemies":"Exordium Thugs","floor":14,"turns":4},{"damage":0,"enemies":"Slime Boss","floor":16,"turns":1}],"seed_played":"-2626186186476175538","potions_obtained":[{"floor":1,"key":"Energy Potion"},{"floor":4,"key":"Ancient Potion"},{"floor":12,"key":"Block Potion"},{"floor":14,"key":"FocusPotion"}],"is_trial":false,"path_per_floor":["M","?","M","M","M","R","E","?","T","?","R","M","R","M","R","B"],"character_chosen":"DEFECT","items_purchased":[],"campfire_rested":1,"item_purchase_floors":[],"current_hp_per_floor":[80,80,80,76,76,76,64,44,44,33,33,29,53,53,53,53,53],"gold":258,"neow_bonus":"TEN_PERCENT_HP_BONUS","is_daily":false,"chose_seed":false,"campfire_upgraded":2,"win_rate":0.0,"timestamp":1613937758,"path_taken":["M","?","M","M","M","R","E","?","T","?","R","M","R","M","R","BOSS"],"items_purchased_type":[],"build_version":"2020-12-22","purchased_purges":0,"victory":false,"max_hp_per_floor":[82,82,82,82,82,82,82,82,82,82,82,82,82,82,82,82,82],"card_choices":[{"not_picked":["Time Bomb","Rebound"],"picked":"Consume","floor":1},{"not_picked":["Coolheaded","Streamline"],"picked":"Conserve Battery","floor":3},{"not_picked":["Compile Driver","Barrage","FTL"],"picked":"SKIP","floor":3},{"not_picked":["Creative AI","Go for the Eyes"],"picked":"Ball Lightning","floor":4},{"not_picked":["Panic Button","Sweeping Beam","Aggregate"],"picked":"SKIP","floor":4},{"not_picked":["Sunder","Sweeping Beam","ReplayGash"],"picked":"SKIP","floor":5},{"not_picked":["ReplayTheSpireMod:GoodbyeWorld","Melter","Biased Cognition"],"picked":"SKIP","floor":5},{"not_picked":["Skim","Beam Cell"],"picked":"Cold Snap","floor":7},{"not_picked":["Lockon","Barrage","Stack"],"picked":"SKIP","floor":12},{"not_picked":["Beam Cell","ReplayTheSpireMod:GoodbyeWorld","Rebound"],"picked":"SKIP","floor":12},{"not_picked":["Turbo","Reinforced Body","Conserve Battery"],"picked":"SKIP","floor":14},{"not_picked":["ReplayTheSpireMod:Reroute Power","ReplaySolidLightProjector","Go for the Eyes"],"picked":"SKIP","floor":14}],"player_experience":1199821,"relics_obtained":[{"floor":7,"key":"Kunai"},{"floor":9,"key":"aspiration:FetidBarrel"}],"event_choices":[{"cards_removed":["Strike_B"],"damage_healed":0,"gold_gain":0,"player_choice":"Card Removal","damage_taken":0,"max_hp_gain":0,"max_hp_loss":0,"event_name":"The Cleric","floor":2,"gold_loss":50},{"damage_healed":0,"gold_gain":0,"player_choice":"Take Damage","damage_taken":20,"relics_obtained":["Golden Idol"],"max_hp_gain":0,"max_hp_loss":0,"event_name":"Golden Idol","floor":8,"gold_loss":0},{"damage_healed":0,"gold_gain":75,"player_choice":"Gold","damage_taken":11,"max_hp_gain":0,"max_hp_loss":0,"event_name":"betterThird:BetterGoop","floor":10,"gold_loss":0}],"is_beta":false,"boss_relics":[],"items_purged_floors":[],"is_endless":false,"potions_floor_spawned":[1,4,12,14],"killed_by":"Slime Boss","ascension_level":0}}