{"host":"pf9sh7nh6rpu9sau","time":1613871668,"event":{"mods":["2.2 Compatiblity","BaseMod","BetterRewards","Clockwork Mod","Downfall","Hermit","Minty Spire (QoL Compilation)","Permanent Neow","Quick Restart","Somnambulant","StSLib","The Clintock","The Disciple","The Hierophant","The Runesmith"],"gold_per_floor":[111,61,61,61,80,80,99,127,127,143,16,16,16],"floor_reached":12,"language":"ENG","playtime":842,"items_purged":["somnambulantmod: SomnambulantStrike"],"score":78,"play_id":"bf4af6d4-68b1-4cc4-bebb-ce4e70bf251b","local_time":"20210220204108","is_ascension_mode":false,"campfire_choices":[{"floor":6,"key":"REST"}],"circlet_count":0,"master_deck":["somnambulantmod: SomnambulantStrike","somnambulantmod: SomnambulantStrike","somnambulantmod: Defend_Somnambulant+1","somnambulantmod: Defend_Somnambulant","somnambulantmod: Defend_Somnambulant","somnambulantmod: Defend_Somnambulant","somnambulantmod: Defend_Somnambulant","somnambulantmod: QuickNap","somnambulantmod: PrimingPunch","somnambulantmod: SleepParalysis","somnambulantmod: Cower","somnambulantmod: Trauma","somnambulantmod: LightSleeper","somnambulantmod: Narcolepsy","somnambulantmod: HeavyLids","somnambulantmod: BadIdea"],"relics":["somnambulantmod: DreamJournal","Matryoshka","Regal Pillow"],"acts_visited":["Exordium"],"potions_floor_usage":[10],"damage_taken":[{"damage":10,"enemies":"Small Slimes","floor":1,"turns":2},{"damage":4,"enemies":"Jaw Worm","floor":5,"turns":3},{"damage":1,"enemies":"Cultist","floor":7,"turns":4},{"damage":22,"enemies":"3 Sentries","floor":8,"turns":7},{"damage":7,"enemies":"Exordium Wildlife","floor":10,"turns":5},{"damage":18,"enemies":"Gremlin Nob","floor":12,"turns":4}],"seed_played":"-48570112347828756","potions_obtained":[{"floor":7,"key":"SpeedPotion"}],"is_trial":false,"path_per_floor":["M","?","?","?","M","R","M","E","T","M","$","E"],"character_chosen":"THE_SOMNAMBULANT","items_purchased":["somnambulantmod: BadIdea"],"campfire_rested":1,"item_purchase_floors":[11],"current_hp_per_floor":[60,60,60,53,49,72,71,49,49,42,42,24,24],"gold":16,"neow_bonus":"ONE_RANDOM_RARE_CARD","is_daily":false,"chose_seed":false,"campfire_upgraded":0,"win_rate":0.0,"timestamp":1613871668,"path_taken":["M","?","?","?","M","R","M","E","T","M","$","E"],"items_purchased_type":["Card"],"build_version":"2020-12-22","purchased_purges":1,"victory":false,"max_hp_per_floor":[70,70,70,70,70,72,72,72,72,72,72,72,72],"card_choices":[{"not_picked":["somnambulantmod: SnuggleUp","somnambulantmod: Relive"],"picked":"somnambulantmod: Cower","floor":1},{"not_picked":["somnambulantmod: DreamBig","somnambulantmod: Cower"],"picked":"somnambulantmod: Trauma","floor":5},{"not_picked":["somnambulantmod: DeeperSleep","somnambulantmod: NightHaunts"],"picked":"somnambulantmod: LightSleeper","floor":7},{"not_picked":["somnambulantmod: DarkeningMind","somnambulantmod: ShimmeringVeil"],"picked":"somnambulantmod: Narcolepsy","floor":8},{"not_picked":["somnambulantmod: LeechFears","somnambulantmod: MindWave"],"picked":"somnambulantmod: HeavyLids","floor":10}],"player_experience":725389,"relics_obtained":[{"floor":8,"key":"Matryoshka"},{"floor":9,"key":"Regal Pillow"}],"event_choices":[{"cards_removed":["somnambulantmod: SomnambulantStrike"],"damage_healed":0,"gold_gain":0,"player_choice":"Card Removal","damage_taken":0,"max_hp_gain":0,"max_hp_loss":0,"event_name":"The Cleric","floor":2,"gold_loss":50},{"damage_healed":0,"gold_gain":0,"player_choice":"Ignored","damage_taken":0,"max_hp_gain":0,"max_hp_loss":0,"event_name":"Liars Game","floor":3,"gold_loss":0},{"cards_removed":["somnambulantmod: SomnambulantStrike"],"damage_healed":0,"gold_gain":0,"player_choice":"Card Removal","damage_taken":7,"max_hp_gain":0,"max_hp_loss":0,"event_name":"Golden Wing","floor":4,"gold_loss":0}],"is_beta":false,"boss_relics":[],"items_purged_floors":[11],"is_endless":false,"potions_floor_spawned":[7],"killed_by":"Gremlin Nob","ascension_level":0}}