{"host":"prxrhpgaxnj4om9r","time":1613867977,"event":{"mods":["AchievementEnabler","BaseMod","Colored Map","DeckTracker","Minty Spire (QoL Compilation)"],"gold_per_floor":[117,117,117,136,136,168,268,268,316,354,380,412,438,469,481,593,605,634,348,363,379,379,379,398,415,463,463,200,200,200,162,162,162,162],"floor_reached":33,"language":"KOR","playtime":1155,"items_purged":[],"score":307,"play_id":"ff0b6bf3-0051-4705-8c37-785f792be844","local_time":"20210221093937","is_ascension_mode":false,"campfire_choices":[{"data":"Streamline","floor":8.0,"key":"SMITH"},{"data":"Sweeping Beam","floor":15.0,"key":"SMITH"},{"floor":23,"key":"REST"},{"floor":27,"key":"REST"},{"floor":30,"key":"RECALL"},{"data":"Defragment","floor":32,"key":"SMITH"}],"circlet_count":0,"master_deck":["Strike_B","Strike_B","Strike_B","Strike_B","Defend_B","Defend_B","Defend_B","Zap+1","Dualcast","Sweeping Beam+1","Streamline+1","Electrodynamics","Steam Power","Sunder","Skim","BootSequence","Buffer","Ball Lightning+1","Bandage Up","Turbo","Scrape+1","Cold Snap","Cold Snap","All For One","Self Repair","Melter","Defragment+1","Double Energy"],"relics":["Cracked Core","NeowsBlessing","Bag of Marbles","MawBank","Art of War","Inserter","Blood Vial","Omamori"],"acts_visited":["Exordium","TheCity"],"potions_floor_usage":[21,25],"damage_taken":[{"damage":0.0,"enemies":"Jaw Worm","floor":1.0,"turns":1.0},{"damage":0.0,"enemies":"2 Louse","floor":4.0,"turns":1.0},{"damage":0.0,"enemies":"3 Sentries","floor":6.0,"turns":1.0},{"damage":0.0,"enemies":"Gremlin Nob","floor":10.0,"turns":2.0},{"damage":0.0,"enemies":"Cultist","floor":11.0,"turns":2.0},{"damage":0.0,"enemies":"Lots of Slimes","floor":12.0,"turns":1.0},{"damage":3.0,"enemies":"Exordium Thugs","floor":13.0,"turns":2.0},{"damage":0.0,"enemies":"Large Slime","floor":14.0,"turns":3.0},{"damage":43.0,"enemies":"The Guardian","floor":16.0,"turns":8.0},{"damage":20.0,"enemies":"2 Thieves","floor":18.0,"turns":3.0},{"damage":20,"enemies":"Spheric Guardian","floor":20,"turns":4},{"damage":23,"enemies":"Snake Plant","floor":21,"turns":4},{"damage":12,"enemies":"Chosen and Byrds","floor":24,"turns":5},{"damage":16,"enemies":"Shelled Parasite and Fungi","floor":25,"turns":5},{"damage":61,"enemies":"Champ","floor":33,"turns":9}],"seed_played":"-2443981207915531643","potions_obtained":[{"floor":4.0,"key":"CultistPotion"},{"floor":6.0,"key":"Fire Potion"},{"floor":11.0,"key":"FocusPotion"},{"floor":18.0,"key":"Weak Potion"},{"floor":24,"key":"Block Potion"}],"is_trial":false,"path_per_floor":["M","?","$","M","?","E","?","R","T","E","M","M","M","M","R","B",null,"M","$","M","M","?","R","M","M","T","R","$","?","R","$","R","B"],"character_chosen":"DEFECT","items_purchased":["Blood Vial","Bandage Up","Turbo","Self Repair","Melter","Omamori","Double Energy"],"campfire_rested":2,"item_purchase_floors":[19,19,19,28,28,28,31],"current_hp_per_floor":[75,68,68,68,68,68,68,68,68,68,68,68,65,65,65,22,75,55,55,41,24,24,46,40,30,30,52,52,52,52,52,52,0,0],"gold":162,"neow_bonus":"THREE_ENEMY_KILL","is_daily":false,"chose_seed":false,"campfire_upgraded":3,"win_rate":0.0,"timestamp":1613867977,"path_taken":["M","?","$","M","?","E","?","R","T","E","M","M","?","M","R","BOSS","M","$","?","M","?","R","M","M","T","R","?","?","R","$","R","BOSS"],"items_purchased_type":["Relic","Card","Card","Card","Card","Relic","Card"],"build_version":"2020-12-22","purchased_purges":0,"victory":false,"max_hp_per_floor":[75,75,75,75,75,75,75,75,75,75,75,75,75,75,75,75,75,75,75,75,75,75,75,75,75,75,75,75,75,75,75,75,75,75],"card_choices":[{"not_picked":["Compile Driver","Recycle"],"picked":"Sweeping Beam","floor":1.0},{"not_picked":["Compile Driver","Lockon"],"picked":"Streamline","floor":4.0},{"not_picked":["Streamline","Conserve Battery"],"picked":"Electrodynamics","floor":6.0},{"not_picked":["Aggregate","Lockon"],"picked":"Steam Power","floor":10.0},{"not_picked":["Hologram","Barrage"],"picked":"Sunder","floor":11.0},{"not_picked":["Cold Snap","Hologram"],"picked":"Capacitor","floor":12.0},{"not_picked":["Gash","Compile Driver"],"picked":"Skim","floor":13.0},{"not_picked":["Compile Driver","Reinforced Body"],"picked":"BootSequence","floor":14.0},{"not_picked":["Thunder Strike","Electrodynamics"],"picked":"Buffer","floor":16.0},{"not_picked":["Fusion","Skim"],"picked":"Ball Lightning+1","floor":18.0},{"not_picked":["Turbo","Rebound"],"picked":"Scrape+1","floor":20},{"not_picked":["Beam Cell","Coolheaded"],"picked":"Cold Snap","floor":21},{"not_picked":["Sweeping Beam","Auto Shields"],"picked":"Cold Snap","floor":24},{"not_picked":["Gash","Compile Driver+1"],"picked":"All For One","floor":25}],"player_experience":560149,"relics_obtained":[{"floor":6.0,"key":"Bag of Marbles"},{"floor":9.0,"key":"MawBank"},{"floor":10.0,"key":"Art of War"}],"event_choices":[{"cards_removed":["Defend_B"],"damage_healed":0.0,"max_hp_gain":0.0,"max_hp_loss":0.0,"gold_gain":0.0,"event_name":"Golden Wing","player_choice":"Card Removal","floor":2.0,"gold_loss":0.0,"damage_taken":7.0},{"damage_healed":0.0,"max_hp_gain":0.0,"max_hp_loss":0.0,"gold_gain":0.0,"event_name":"Living Wall","player_choice":"Grow","floor":5.0,"gold_loss":0.0,"damage_taken":0.0,"cards_upgraded":["Zap"]},{"damage_healed":0.0,"max_hp_gain":0.0,"max_hp_loss":0.0,"gold_gain":100.0,"event_name":"Golden Shrine","player_choice":"Pray","floor":7.0,"gold_loss":0.0,"damage_taken":0.0},{"cards_removed":["Capacitor"],"damage_healed":0,"gold_gain":0,"player_choice":"Elegance","damage_taken":0,"max_hp_gain":0,"max_hp_loss":0,"event_name":"Back to Basics","floor":22,"gold_loss":0},{"damage_healed":0,"gold_gain":0,"player_choice":"Read","damage_taken":0,"max_hp_gain":0,"max_hp_loss":0,"event_name":"The Library","floor":29,"gold_loss":0,"cards_obtained":["Defragment"]}],"is_beta":false,"boss_relics":[{"not_picked":["Sozu","Philosopher\u0027s Stone"],"picked":"Inserter"}],"items_purged_floors":[],"is_endless":false,"potions_floor_spawned":[4,6,11,18,24],"killed_by":"Champ","ascension_level":0}}