{"host":"i29s15dsg0c43zmx","time":1613940166,"event":{"mods":["AchievementEnabler","BaseMod","Colored Map","Minty Spire (QoL Compilation)","StSLib"],"gold_per_floor":[116,291,291,291,291,291,324,335,335,0,17,34,34,44,44,44,44],"floor_reached":16,"language":"ENG","playtime":466,"items_purged":["Strike_P+1"],"score":100,"play_id":"25617c42-8dc5-4796-8778-bb1fef5a2969","local_time":"20210221214246","is_ascension_mode":false,"campfire_choices":[{"data":"Eruption","floor":6,"key":"SMITH"},{"floor":13,"key":"REST"},{"floor":15,"key":"REST"}],"circlet_count":0,"master_deck":["Strike_P","Strike_P","Strike_P","Defend_P","Defend_P","Defend_P","Defend_P","Eruption+1","Vigilance","Injury","Omniscience+1","Prostrate","Consecrate","Protect"],"relics":["PureWater","Shuriken","Frozen Egg 2","Bottled Lightning"],"acts_visited":["Exordium"],"potions_floor_usage":[7,16],"damage_taken":[{"damage":9,"enemies":"2 Louse","floor":1,"turns":3},{"damage":28,"enemies":"Gremlin Nob","floor":7,"turns":5},{"damage":0,"enemies":"Small Slimes","floor":8,"turns":3},{"damage":0,"enemies":"Jaw Worm","floor":11,"turns":3},{"damage":0,"enemies":"3 Louse","floor":12,"turns":1},{"damage":8,"enemies":"Looter","floor":14,"turns":5},{"damage":56,"enemies":"Hexaghost","floor":16,"turns":10}],"seed_played":"9141910804395194576","potions_obtained":[{"floor":1,"key":"FearPotion"},{"floor":8,"key":"Ambrosia"},{"floor":11,"key":"BlessingOfTheForge"}],"is_trial":false,"path_per_floor":["M","?","?","?","?","R","E","M","T","$","M","M","R","M","R","B"],"character_chosen":"WATCHER","items_purchased":["Bottled Lightning"],"campfire_rested":2,"item_purchase_floors":[10],"current_hp_per_floor":[63,63,68,61,46,46,18,18,18,18,18,18,41,33,56,0,0],"gold":44,"neow_bonus":"THREE_RARE_CARDS","is_daily":false,"chose_seed":false,"campfire_upgraded":1,"win_rate":0.0,"timestamp":1613940166,"path_taken":["M","?","?","?","?","R","E","M","T","?","?","M","R","M","R","BOSS"],"items_purchased_type":["Relic"],"build_version":"2020-12-22","purchased_purges":1,"victory":false,"max_hp_per_floor":[72,72,77,77,77,77,77,77,77,77,77,77,77,77,77,77,77],"card_choices":[{"not_picked":["Alpha","Judgement"],"picked":"Omniscience","floor":0},{"not_picked":["Halt","Adaptation"],"picked":"Prostrate","floor":1},{"not_picked":["Prostrate","CrushJoints"],"picked":"Consecrate","floor":7},{"not_picked":["ReachHeaven","TalkToTheHand","FearNoEvil"],"picked":"SKIP","floor":8},{"not_picked":["Meditate","CrushJoints"],"picked":"Protect","floor":11},{"not_picked":["ClearTheMind","CarveReality","Protect"],"picked":"SKIP","floor":12},{"not_picked":["FollowUp","FlyingSleeves","Indignation"],"picked":"SKIP","floor":14}],"player_experience":108361,"relics_obtained":[{"floor":7,"key":"Shuriken"},{"floor":9,"key":"Frozen Egg 2"}],"event_choices":[{"damage_healed":0,"gold_gain":175,"player_choice":"AGREE","damage_taken":0,"max_hp_gain":0,"max_hp_loss":0,"event_name":"Liars Game","floor":2,"gold_loss":0,"cards_obtained":["Doubt"]},{"damage_healed":0,"gold_gain":0,"player_choice":"Donut","damage_taken":0,"max_hp_gain":5,"max_hp_loss":0,"event_name":"Big Fish","floor":3,"gold_loss":0},{"cards_removed":["Doubt"],"damage_healed":0,"gold_gain":0,"player_choice":"Card Removal","damage_taken":7,"max_hp_gain":0,"max_hp_loss":0,"event_name":"Golden Wing","floor":4,"gold_loss":0},{"damage_healed":0,"gold_gain":0,"player_choice":"Entered Light","damage_taken":15,"max_hp_gain":0,"max_hp_loss":0,"event_name":"Shining Light","floor":5,"gold_loss":0,"cards_upgraded":["Omniscience","Strike_P"]}],"is_beta":false,"boss_relics":[],"items_purged_floors":[10],"is_endless":false,"potions_floor_spawned":[1,8,11],"killed_by":"Hexaghost","ascension_level":0}}