{"host":"m3nvt13i50wb5dv0","time":1613914086,"event":{"mods":["2.2 Compatiblity","Act Like it!","BaseMod","Bossed Relics","Curses Come First","Downfall","Fox Events","Minty Spire (QoL Compilation)","Relic Stats","Reliquary","Robot Space Explorer","Ruina","Spire Arcade","StSLib"],"gold_per_floor":[118,118,129,54,68,68,103,103,155,155,173,199,210,151,151,228,228,247,247,147,164,164,190,190,276,276,105,135,153,184,196,196,196,196],"floor_reached":33,"language":"ENG","playtime":2705,"items_purged":["Strike_R","Strike_R"],"score":541,"play_id":"47de00a5-9f4d-4089-bad6-3379cd6436aa","local_time":"20210221202806","is_ascension_mode":true,"campfire_choices":[{"data":"Perfected Strike","floor":6,"key":"SMITH"},{"data":"Bash","floor":8,"key":"SMITH"},{"data":"Blood for Blood","floor":15,"key":"SMITH"},{"data":"Pommel Strike","floor":24,"key":"SMITH"},{"data":"Pommel Strike","floor":32,"key":"SMITH"}],"circlet_count":0,"master_deck":["AscendersBane","Strike_R","Strike_R","Defend_R","Defend_R","Defend_R","Defend_R","Bash+1","Blood for Blood+1","Pommel Strike+1","Battle Trance","Perfected Strike+1","Impervious","Combust","Disarm","Shrug It Off","Feed","ruina:CrimsonScar","Cleave","Pommel Strike+1","Fire Breathing","Evolve"],"relics":["Burning Blood","Torii","reliquary:Spinner","reliquary:Knoch","White Beast Statue","Astrolabe","downfall:ExtraCursedKey","Toy Ornithopter","Vajra","reliquary:MedicineBall","reliquary:PartyBalloon"],"acts_visited":["Exordium","ruina:Briah"],"potions_floor_usage":[12,21,21,28,29,30,31,33,33],"damage_taken":[{"damage":2,"enemies":"Small Slimes","floor":1,"turns":4},{"damage":6,"enemies":"Cultist","floor":3,"turns":3},{"damage":2,"enemies":"Jaw Worm","floor":5,"turns":4},{"damage":14,"enemies":"3 Sentries","floor":7,"turns":8},{"damage":13,"enemies":"Blue Slaver","floor":11,"turns":4},{"damage":7,"enemies":"Lagavulin","floor":12,"turns":6},{"damage":10,"enemies":"3 Louse","floor":13,"turns":3},{"damage":14,"enemies":"The Guardian","floor":16,"turns":13},{"damage":7,"enemies":"ruina:Nosferatu","floor":18,"turns":7},{"damage":24,"enemies":"ruina:BadWolf","floor":21,"turns":10},{"damage":12,"enemies":"ruina:ServantOfWrath","floor":23,"turns":6},{"damage":4,"enemies":"ruina:RoadHome","floor":28,"turns":5},{"damage":14,"enemies":"ruina:Woodsman","floor":29,"turns":4},{"damage":5,"enemies":"ruina:ServantOfWrath","floor":30,"turns":5},{"damage":5,"enemies":"ruina:QueenOfHate","floor":31,"turns":4},{"damage":105,"enemies":"ruina:JesterOfNihil","floor":33,"turns":10}],"seed_played":"2154489755846817313","potions_obtained":[{"floor":1,"key":"HeartOfIron"},{"floor":5,"key":"Swift Potion"},{"floor":12,"key":"Slimebound:ThreeZeroPotion"},{"floor":13,"key":"AttackPotion"},{"floor":21,"key":"SpeedPotion"},{"floor":23,"key":"HeartOfIron"},{"floor":28,"key":"BloodPotion"},{"floor":29,"key":"DistilledChaos"},{"floor":30,"key":"Regen Potion"},{"floor":31,"key":"BlessingOfTheForge"}],"is_trial":false,"path_per_floor":["M","?","M","$","M","R","E","R","T","?","M","E","M","$","R","B",null,"M","?","$","M","?","E","R","?","T","$","E","M","E","M","R","B"],"character_chosen":"IRONCLAD","items_purchased":["Shrug It Off","Vajra"],"campfire_rested":0,"item_purchase_floors":[14,27],"current_hp_per_floor":[68,68,68,68,68,68,60,60,60,53,46,45,41,41,41,33,59,61,61,61,46,46,40,40,40,40,40,51,51,57,71,71,0,0],"gold":196,"neow_bonus":"ONE_RARE_RELIC","is_daily":false,"chose_seed":false,"campfire_upgraded":5,"win_rate":0.0,"timestamp":1613914086,"path_taken":["M","?","M","?","M","R","E","R","T","?","M","E","M","?","R","BOSS","M","?","$","M","?","E","R","?","T","?","E","M","E","M","R","BOSS"],"items_purchased_type":["Card","Relic"],"build_version":"2020-12-22","purchased_purges":2,"victory":false,"max_hp_per_floor":[68,68,68,68,68,68,68,68,68,68,68,68,68,68,68,68,68,71,64,64,67,67,67,67,67,67,67,71,74,74,77,77,77,77],"relic_stats":{"Torii":65,"counters":[16,96],"Astrolabe":[],"obtain_stats":[{"Torii":0,"reliquary:PartyBalloon":30,"Astrolabe":17,"Vajra":27,"downfall:ExtraCursedKey":22,"reliquary:MedicineBall":28,"reliquary:Spinner":7,"reliquary:Knoch":9,"Burning Blood":0,"White Beast Statue":12,"Toy Ornithopter":23},{"Torii":0,"reliquary:PartyBalloon":14,"Astrolabe":8,"Vajra":11,"downfall:ExtraCursedKey":10,"reliquary:MedicineBall":12,"reliquary:Spinner":4,"reliquary:Knoch":4,"Burning Blood":0,"White Beast Statue":6,"Toy Ornithopter":11},{"Torii":0,"reliquary:PartyBalloon":82,"Astrolabe":45,"Vajra":68,"downfall:ExtraCursedKey":62,"reliquary:MedicineBall":73,"reliquary:Spinner":19,"reliquary:Knoch":19,"Burning Blood":0,"White Beast Statue":29,"Toy Ornithopter":68}],"Burning Blood":82,"Toy Ornithopter":30},"card_choices":[{"not_picked":["Dual Wield","True Grit"],"picked":"Blood for Blood","floor":1},{"not_picked":["Combust","Bloodletting"],"picked":"Battle Trance","floor":3},{"not_picked":["Second Wind","Intimidate"],"picked":"Perfected Strike","floor":5},{"not_picked":["Havoc","Sword Boomerang"],"picked":"Impervious","floor":7},{"not_picked":["Carnage","Havoc","Combust"],"picked":"SKIP","floor":11},{"not_picked":["Carnage","Havoc"],"picked":"Combust","floor":11},{"not_picked":["Flame Barrier","Combust"],"picked":"Disarm","floor":12},{"not_picked":["Iron Wave","Anger","Flex"],"picked":"SKIP","floor":13},{"not_picked":["Limit Break","Barricade"],"picked":"Feed","floor":16},{"not_picked":["Iron Wave","Entrench","Pommel Strike"],"picked":"SKIP","floor":18},{"not_picked":["ruina:Nihil","ruina:Thirst"],"picked":"ruina:CrimsonScar","floor":19},{"not_picked":["Perfected Strike","Havoc","Seeing Red"],"picked":"SKIP","floor":21},{"not_picked":["Hemokinesis","Iron Wave"],"picked":"Cleave","floor":23},{"not_picked":["Fiend Fire","Flex","Shockwave"],"picked":"SKIP","floor":28},{"not_picked":["Wild Strike+1","Twin Strike"],"picked":"Pommel Strike","floor":29},{"not_picked":["Cleave","Power Through"],"picked":"Fire Breathing","floor":30},{"not_picked":["Second Wind+1","Offering"],"picked":"Evolve","floor":31}],"player_experience":1444783,"relics_obtained":[{"floor":7,"key":"reliquary:Spinner"},{"floor":9,"key":"reliquary:Knoch"},{"floor":12,"key":"White Beast Statue"},{"floor":23,"key":"Toy Ornithopter"},{"floor":28,"key":"reliquary:MedicineBall"},{"floor":30,"key":"reliquary:PartyBalloon"}],"event_choices":[{"damage_healed":0,"gold_gain":0,"player_choice":"1 cards matched","damage_taken":0,"max_hp_gain":0,"max_hp_loss":0,"event_name":"Match and Keep!","floor":2,"gold_loss":0,"cards_obtained":["Pommel Strike"]},{"cards_removed":["Strike_R"],"damage_healed":0,"gold_gain":0,"player_choice":"Card Removal","damage_taken":7,"max_hp_gain":0,"max_hp_loss":0,"event_name":"Golden Wing","floor":10,"gold_loss":0}],"is_beta":false,"boss_relics":[{"not_picked":["reliquary:KinkedSpring","reliquary:Craggleroot"],"picked":"Astrolabe"}],"items_purged_floors":[4,20],"is_endless":false,"potions_floor_spawned":[1,5,12,13,16,18,21,23,28,29,30,31],"killed_by":"ruina:JesterOfNihil","ascension_level":18}}