{"host":"y4fuci1jk2rsxnep","time":1613866219,"event":{"mods":["AchievementEnabler","BaseMod","Colored Powertips","Custom Start","Defuse TimeMaze Blight","Dio Mod","Downfall","Hermit","Hero for Fun","Hubris","Hunter ??","Infinite Spire","Minty Spire (QoL Compilation)","Quick Restart","Reliquary","Remove Card Discount Mod","Replay The Spire","StSLib","The Blackbeard","The Bug Knight","The Mystic","The Runesmith"],"gold_per_floor":[112,123,135,150,168,193,208,208,231,231,244,255,286,39,39,142,142,158,158,158,158,171,171,182,210,264,147,159,159,159,175,175,278,278,306,342,342,342],"floor_reached":37,"language":"ENG","playtime":3549,"items_purged":["hermit:Strike_Hermit","hermit:Strike_Hermit","hermit:Strike_Hermit","hermit:Defend_Hermit","hermit:Defend_Hermit","hermit:Strike_Hermit"],"score":681,"play_id":"bf2b5528-9b59-4e59-8602-9e13de9b0070","local_time":"20210221011019","is_ascension_mode":true,"campfire_choices":[{"floor":10,"key":"REST"},{"floor":15,"key":"REST"},{"data":"hermit:ShadowCloak","floor":23,"key":"SMITH"},{"data":"hermit:CursedWeapon","floor":29,"key":"SMITH"},{"data":"hermit:Virtue","floor":32,"key":"SMITH"}],"circlet_count":0,"master_deck":["hermit:Defend_Hermit+1","hermit:Snapshot","hermit:Covet","hermit:Quickdraw","hermit:Vantage","hermit:Misfire","hermit:BodyArmor","hermit:Virtue+1","hermit:Deadeye","hermit:CursedWeapon+1","hermit:Misfire","hermit:Deadeye","hermit:FromBeyond+1","hermit:ShadowCloak+1","hermit:Dissolve+1","hermit:FromBeyond+1","ReplayTheSpireMod:Faulty Equipment","Pain","Decay","hermit:Feint+1","infinitespire:Starlight+1","hermit:GhostlyPresence+1","hermit:FromBeyond+1","Pain","hermit:Malice+1","hermit:LoneWolf+1","hermit:Virtue+1","hermit:Dive+1","hermit:FromBeyond+1","hermit:Determination+1"],"relics":["hermit:Momento","Toxic Egg 2","reliquary:SharkskinSheath","Replay:Ancient Bell","Blue Doll","Kunai","hubris:GlazedTorus","Cursed Key","hubris:Potato","Du-Vu Doll","hubris:EvacipatedBox","Ornamental Fan","ReplayTheSpireMod:TigerMarble","infinitespire:EvilPickle","hubris:ScarierMask"],"acts_visited":["Exordium","TheCity","TheBeyond"],"potions_floor_usage":[13,22,25,33],"damage_taken":[{"damage":1,"enemies":"Cultist","floor":1,"turns":3},{"damage":3,"enemies":"2 Louse","floor":2,"turns":3},{"damage":1,"enemies":"Jaw Worm","floor":3,"turns":2},{"damage":9,"enemies":"2 Fungi Beasts","floor":4,"turns":4},{"damage":1,"enemies":"Exordium Thugs","floor":5,"turns":5},{"damage":40,"enemies":"Lagavulin","floor":6,"turns":7},{"damage":0,"enemies":"Gremlin Gang","floor":7,"turns":5},{"damage":12,"enemies":"2 Fungi Beasts","floor":11,"turns":3},{"damage":13,"enemies":"Looter","floor":12,"turns":3},{"damage":2,"enemies":"3 Louse","floor":13,"turns":3},{"damage":14,"enemies":"Slime Boss","floor":16,"turns":10},{"damage":3,"enemies":"Chosen","floor":18,"turns":7},{"damage":0,"enemies":"Shell Parasite","floor":22,"turns":3},{"damage":16,"enemies":"Shelled Parasite and Fungi","floor":24,"turns":3},{"damage":13,"enemies":"HollowMod:Nosk","floor":25,"turns":7},{"damage":0,"enemies":"Sentry and Sphere","floor":28,"turns":3},{"damage":0,"enemies":"Snake Plant","floor":31,"turns":2},{"damage":27,"enemies":"Pondfish","floor":33,"turns":10},{"damage":10,"enemies":"3 Darklings","floor":35,"turns":3},{"damage":19,"enemies":"Orb Walker","floor":36,"turns":3},{"damage":23,"enemies":"infinitespire:Three Voidlings","floor":37,"turns":4},{"damage":72,"enemies":"Nightmare_Alpha","floor":37,"turns":10}],"seed_played":"7867147929402843477","potions_obtained":[{"floor":3,"key":"SkillPotion"},{"floor":4,"key":"Dexterity Potion"},{"floor":5,"key":"Regen Potion"},{"floor":6,"key":"AttackPotion"},{"floor":22,"key":"AttackPotion"},{"floor":24,"key":"Reflective Coating"},{"floor":25,"key":"Dexterity Potion"}],"is_trial":false,"path_per_floor":["M","M","M","M","M","E","M","?","T","R","M","M","M","$","R","B",null,"M","?","AVR","$","M","R","M","E","T","$","M","R","?","M","R","B",null,"M","M","?"],"character_chosen":"HERMIT","items_purchased":["hermit:ShadowCloak","hermit:Dissolve+1","hubris:Potato","Du-Vu Doll","hubris:EvacipatedBox","hermit:Malice+1","hermit:LoneWolf+1"],"campfire_rested":2,"item_purchase_floors":[14,14,21,21,21,27,27],"current_hp_per_floor":[74,71,70,61,60,20,20,20,20,42,30,17,15,15,37,23,75,72,72,72,13,28,28,27,44,44,44,44,44,44,44,44,32,75,65,46,0,0],"gold":342,"neow_bonus":"RANDOM_EVENT","is_daily":false,"chose_seed":false,"campfire_upgraded":3,"win_rate":0.0,"timestamp":1613866219,"path_taken":["M","M","M","M","M","E","M","?","T","R","M","M","?","$","R","BOSS","M","?","AVR","?","M","R","M","E","T","$","M","R","?","M","R","BOSS","M","M","?"],"items_purchased_type":["Card","Card","Relic","Relic","Relic","Card","Card"],"build_version":"2020-12-22","purchased_purges":6,"victory":false,"max_hp_per_floor":[75,75,75,75,75,75,75,75,75,75,75,75,75,75,75,75,75,75,75,75,75,75,75,75,75,75,75,75,75,75,75,75,75,75,75,75,75,75],"card_choices":[{"not_picked":["hermit:FullyLoaded","hermit:HoleUp"],"picked":"hermit:Quickdraw","floor":1},{"not_picked":["hermit:Dive","hermit:Ricochet"],"picked":"hermit:Vantage","floor":2},{"not_picked":["hermit:HighCaliber","hermit:Quickdraw"],"picked":"hermit:Misfire","floor":3},{"not_picked":["hermit:Gestalt","hermit:Roulette"],"picked":"hermit:BodyArmor","floor":4},{"not_picked":["hermit:Cheat","hermit:Misfire"],"picked":"hermit:Virtue","floor":5},{"not_picked":["hermit:TrackingShot","hermit:LuckOfTheDraw+1"],"picked":"hermit:Deadeye","floor":6},{"not_picked":["hermit:Dive+1","hermit:BodyArmor+1"],"picked":"hermit:CursedWeapon","floor":7},{"not_picked":["hermit:LowProfile+1","hermit:Ricochet"],"picked":"hermit:Misfire","floor":11},{"not_picked":["hermit:WideOpen","hermit:Feint+1"],"picked":"hermit:Deadeye","floor":12},{"not_picked":["hermit:BodyArmor+1","hermit:Manifest+1"],"picked":"hermit:FromBeyond+1","floor":13},{"not_picked":["hermit:BlackWind","hermit:HighNoon"],"picked":"hermit:FromBeyond+1","floor":16},{"not_picked":["hubris:Gluttony","Clumsy"],"picked":"ReplayTheSpireMod:Faulty Equipment","floor":17},{"not_picked":["hubris:Lust","ReplayTheSpireMod:Restless Dread"],"picked":"Pain","floor":17},{"not_picked":["ReplayTheSpireMod:Restless Dread","hubris:Disease"],"picked":"Decay","floor":17},{"not_picked":["hermit:Glare+1","hermit:LuckOfTheDraw+1"],"picked":"hermit:Feint+1","floor":18},{"not_picked":["hermit:Combo+1","hermit:EyeOfTheStorm+1","hermit:Ricochet+1"],"picked":"SKIP","floor":22},{"not_picked":["hermit:Snipe+1","hermit:NoHoldsBarred"],"picked":"hermit:GhostlyPresence+1","floor":24},{"not_picked":["hermit:Magnum","hermit:Grudge+1"],"picked":"hermit:FromBeyond+1","floor":25},{"not_picked":["hermit:Roulette+1","hermit:CalledShot"],"picked":"hermit:Virtue+1","floor":28},{"not_picked":["hermit:HoleUp+1","hermit:Feint+1"],"picked":"hermit:Dive+1","floor":31},{"not_picked":["hermit:BlackWind","hermit:Magnum"],"picked":"hermit:FromBeyond+1","floor":33},{"not_picked":["hermit:Feint+1","hermit:ItchyTrigger"],"picked":"hermit:Determination+1","floor":35},{"not_picked":["hermit:Feint+1","hermit:SprayPray+1","hermit:ItchyTrigger"],"picked":"SKIP","floor":36}],"player_experience":676413,"relics_obtained":[{"floor":6,"key":"Toxic Egg 2"},{"floor":9,"key":"reliquary:SharkskinSheath"},{"floor":25,"key":"Ornamental Fan"},{"floor":26,"key":"ReplayTheSpireMod:TigerMarble"}],"event_choices":[{"cards_removed":["hermit:Defend_Hermit"],"damage_healed":0,"gold_gain":0,"player_choice":"Offered Basic","damage_taken":0,"max_hp_gain":0,"max_hp_loss":0,"event_name":"Bonfire Elementals","floor":8,"gold_loss":0}],"is_beta":false,"boss_relics":[{"not_picked":["Kintsugi","hubris:CrackedHourglass"],"picked":"Replay:Ancient Bell"},{"not_picked":["ReplayTheSpireMod:Lightbulb","infinitespire:PuzzleCube"],"picked":"Blue Doll"},{"not_picked":["reliquary:HotPoker","HornCleat"],"picked":"Kunai"},{"not_picked":["Pondfish Scales","Replay:PocketPolymizer"],"picked":"hubris:GlazedTorus"},{"not_picked":["bronze:MakeshiftBattery","hubris:Backtick","hubris:BlackHole"],"picked":"hubris:ScarierMask"}],"items_purged_floors":[14,14,14,14,14,14],"is_endless":false,"potions_floor_spawned":[3,4,5,6,11,12,22,24,25],"killed_by":"Nightmare_Alpha","ascension_level":4}}