{"host":"snczp9esof91ppiq","time":1613883480,"event":{"mods":["AchievementEnabler","BaseMod","Better Match","Better Note","Better Sensory Stone","Better Skull","Colored Map","Colored Powertips","Hermit","Minty Spire (QoL Compilation)","Relic Stats","StSLib"],"gold_per_floor":[113,288,207,219,63,93,103,128,128,128,138,103,3,15,15,90,90,105,122,122,140,166,178,218,230,242,254,285,297,297],"floor_reached":29,"language":"ENG","playtime":1223,"items_purged":["Doubt","Defend_R"],"score":473,"play_id":"75f86999-d820-4371-b86f-8147ef0c3e55","local_time":"20210220225800","is_ascension_mode":true,"campfire_choices":[{"data":"Searing Blow","floor":10.0,"key":"SMITH"},{"data":"Searing Blow+1","floor":15.0,"key":"SMITH"},{"data":"Searing Blow+2","floor":23.0,"key":"SMITH"},{"floor":25.0,"key":"REST"}],"circlet_count":0,"master_deck":["AscendersBane","Strike_R","Strike_R","Strike_R","Strike_R","Defend_R","Defend_R","Defend_R","Bash","Spot Weakness","Cleave","Searing Blow+3","Combust","Iron Wave","Shrug It Off","Heavy Blade","Warcry","Infernal Blade+1","Flex+1","Flame Barrier","Shrug It Off"],"relics":["Burning Blood","NeowsBlessing","Champion Belt","Du-Vu Doll","Tiny Chest","Mango","Snecko Eye","MawBank","Ice Cream","Turnip"],"acts_visited":["Exordium","TheCity"],"potions_floor_usage":[29],"damage_taken":[{"damage":0.0,"enemies":"Small Slimes","floor":1.0,"turns":1.0},{"damage":0.0,"enemies":"2 Louse","floor":4.0,"turns":1.0},{"damage":0.0,"enemies":"3 Sentries","floor":6.0,"turns":2.0},{"damage":1.0,"enemies":"Cultist","floor":7.0,"turns":3.0},{"damage":25.0,"enemies":"Lagavulin","floor":8.0,"turns":5.0},{"damage":9.0,"enemies":"Gremlin Gang","floor":11.0,"turns":4.0},{"damage":13.0,"enemies":"2 Fungi Beasts","floor":14.0,"turns":3.0},{"damage":49.0,"enemies":"Hexaghost","floor":16.0,"turns":6.0},{"damage":12.0,"enemies":"Chosen","floor":18.0,"turns":4.0},{"damage":6.0,"enemies":"Spheric Guardian","floor":19.0,"turns":3.0},{"damage":14.0,"enemies":"Centurion and Healer","floor":21.0,"turns":6.0},{"damage":20.0,"enemies":"Book of Stabbing","floor":24.0,"turns":4.0},{"damage":15.0,"enemies":"Snake Plant","floor":28.0,"turns":4.0},{"damage":68,"enemies":"Gremlin Leader","floor":29,"turns":5}],"seed_played":"-4155622887429155851","potions_obtained":[{"floor":1.0,"key":"FearPotion"},{"floor":11.0,"key":"Fire Potion"},{"floor":14.0,"key":"PowerPotion"},{"floor":16.0,"key":"SpeedPotion"},{"floor":18.0,"key":"Energy Potion"},{"floor":19.0,"key":"Energy Potion"},{"floor":28.0,"key":"ColorlessPotion"}],"is_trial":false,"path_per_floor":["M","?","?","M","$","E","M","E","T","R","M","?","$","M","R","B",null,"M","M","?","M","T","R","E","R","T","?","M","E"],"character_chosen":"IRONCLAD","items_purchased":["Searing Blow"],"campfire_rested":1,"item_purchase_floors":[5],"current_hp_per_floor":[74,74,74,75,75,75,75,56,70,70,67,89,89,82,82,39,77,71,71,71,63,63,63,49,75,75,75,66,0,0],"gold":297,"neow_bonus":"THREE_ENEMY_KILL","is_daily":false,"chose_seed":false,"campfire_upgraded":3,"win_rate":0.0,"timestamp":1613883480,"path_taken":["M","?","?","M","$","E","?","E","T","R","?","?","$","M","R","BOSS","M","M","?","M","?","R","E","R","T","?","M","E"],"items_purchased_type":["Card"],"build_version":"2020-12-22","purchased_purges":2,"victory":false,"max_hp_per_floor":[75,75,75,75,75,75,75,75,89,89,89,89,89,89,89,89,89,89,89,89,89,89,89,89,89,89,89,89,89,89],"relic_stats":{"counters":[14,51],"Snecko Eye":[41,42,51,47],"Tiny Chest":1,"Turnip":[2],"Champion Belt":[11],"MawBank":84,"obtain_stats":[{"Du-Vu Doll":6,"Ice Cream":24,"NeowsBlessing":0,"Snecko Eye":17,"Tiny Chest":8,"Mango":9,"Turnip":26,"Champion Belt":3,"MawBank":22,"Burning Blood":0},{"Du-Vu Doll":3,"Ice Cream":12,"NeowsBlessing":0,"Snecko Eye":8,"Tiny Chest":5,"Mango":5,"Turnip":12,"Champion Belt":1,"MawBank":11,"Burning Blood":0},{"Du-Vu Doll":4,"Ice Cream":42,"NeowsBlessing":0,"Snecko Eye":25,"Tiny Chest":12,"Mango":12,"Turnip":42,"Champion Belt":1,"MawBank":38,"Burning Blood":0}],"Burning Blood":62},"card_choices":[{"not_picked":["Dual Wield","Perfected Strike"],"picked":"Spot Weakness","floor":1.0},{"not_picked":["Sword Boomerang","Flex"],"picked":"Cleave","floor":4.0},{"not_picked":["Rupture","Warcry"],"picked":"Combust","floor":6.0},{"not_picked":["Second Wind","Perfected Strike"],"picked":"Iron Wave","floor":7.0},{"not_picked":["Juggernaut","Dark Embrace"],"picked":"Shrug It Off","floor":8.0},{"not_picked":["Iron Wave","Havoc"],"picked":"Heavy Blade","floor":11.0},{"not_picked":["Anger","Searing Blow"],"picked":"Warcry","floor":14.0},{"not_picked":["Havoc","Rage"],"picked":"Infernal Blade+1","floor":18.0},{"not_picked":["Shockwave","Iron Wave"],"picked":"Flex+1","floor":19.0},{"not_picked":["Wild Strike+1","Bloodletting","Warcry"],"picked":"SKIP","floor":21.0},{"not_picked":["Clash","Reckless Charge+1","Body Slam"],"picked":"SKIP","floor":24.0},{"not_picked":["Sword Boomerang","Hemokinesis"],"picked":"Shrug It Off","floor":28.0}],"player_experience":929062,"relics_obtained":[{"floor":6.0,"key":"Du-Vu Doll"},{"floor":8.0,"key":"Tiny Chest"},{"floor":9.0,"key":"Mango"},{"floor":22.0,"key":"MawBank"},{"floor":24.0,"key":"Ice Cream"},{"floor":26.0,"key":"Turnip"}],"event_choices":[{"damage_healed":0.0,"max_hp_gain":0.0,"max_hp_loss":0.0,"gold_gain":175.0,"event_name":"Liars Game","player_choice":"AGREE","floor":2.0,"gold_loss":0.0,"damage_taken":0.0,"cards_obtained":["Doubt"]},{"damage_healed":0.0,"max_hp_gain":0.0,"max_hp_loss":0.0,"gold_gain":0.0,"event_name":"WeMeetAgain","player_choice":"Paid Gold","floor":3.0,"gold_loss":81.0,"damage_taken":0.0,"relics_obtained":["Champion Belt"]},{"damage_healed":22.0,"max_hp_gain":0.0,"max_hp_loss":0.0,"gold_gain":0.0,"event_name":"The Cleric","player_choice":"Healed","floor":12.0,"gold_loss":35.0,"damage_taken":0.0},{"damage_healed":0.0,"max_hp_gain":0.0,"max_hp_loss":0.0,"gold_gain":0.0,"cards_transformed":["Strike_R"],"event_name":"Transmorgrifier","player_choice":"Transformed","floor":20.0,"gold_loss":0.0,"damage_taken":0.0,"cards_obtained":["Flame Barrier"]},{"cards_removed":["Strike_R"],"damage_healed":0.0,"max_hp_gain":0.0,"max_hp_loss":0.0,"gold_gain":0.0,"event_name":"betterNote:BetterNote","player_choice":"Give","floor":27.0,"gold_loss":0.0,"damage_taken":0.0,"cards_obtained":["Defend_R"]}],"is_beta":false,"boss_relics":[{"not_picked":["Runic Cube","Runic Pyramid"],"picked":"Snecko Eye"}],"items_purged_floors":[5,13],"is_endless":false,"potions_floor_spawned":[1,11,14,16,18,19,28],"killed_by":"Gremlin Leader","ascension_level":14}}