{"host":"1a8lb11wemezctea","time":1613933424,"event":{"mods":["BaseMod","Colored Powertips","Highlight Path","Minty Spire (QoL Compilation)"],"gold_per_floor":[119,8,8,18,29,61,136,146,172,172,189,189,42,59,59,59,59],"floor_reached":16,"language":"ENG","playtime":592,"items_purged":["Strike_G"],"score":173,"play_id":"20bb2c9a-2f21-468f-82ff-53d00f0d5f28","local_time":"20210221135024","is_ascension_mode":true,"campfire_choices":[{"floor":10,"key":"REST"},{"data":"Terror","floor":12,"key":"SMITH"},{"data":"Infinite Blades","floor":15,"key":"SMITH"}],"circlet_count":0,"master_deck":["AscendersBane","Strike_G","Strike_G","Strike_G","Defend_G","Defend_G","Defend_G","Defend_G","Defend_G","Survivor","Neutralize","Terror+1","Infinite Blades+1","Predator","Sucker Punch","Cloak And Dagger","Dagger Spray","Leg Sweep","Blur","Dagger Throw"],"relics":["Ring of the Snake","NeowsBlessing","Regal Pillow","Snake Skull"],"acts_visited":["Exordium"],"potions_floor_usage":[6,16,16],"damage_taken":[{"damage":0,"enemies":"Cultist","floor":1,"turns":1},{"damage":0,"enemies":"Jaw Worm","floor":4,"turns":1},{"damage":0,"enemies":"Small Slimes","floor":5,"turns":1},{"damage":25,"enemies":"Gremlin Nob","floor":6,"turns":4},{"damage":4,"enemies":"Blue Slaver","floor":8,"turns":4},{"damage":4,"enemies":"3 Louse","floor":11,"turns":3},{"damage":0,"enemies":"Large Slime","floor":14,"turns":4},{"damage":49,"enemies":"Slime Boss","floor":16,"turns":8}],"seed_played":"2324192833373879583","potions_obtained":[{"floor":1,"key":"BlessingOfTheForge"},{"floor":8,"key":"Poison Potion"},{"floor":11,"key":"SteroidPotion"}],"is_trial":false,"path_per_floor":["M","$","?","M","M","E","?","M","T","R","M","R","$","M","R","B"],"character_chosen":"THE_SILENT","items_purchased":["Infinite Blades","Predator","Blur"],"campfire_rested":1,"item_purchase_floors":[2,2,13],"current_hp_per_floor":[59,59,59,59,59,34,23,19,19,53,49,49,49,49,49,0,0],"gold":59,"neow_bonus":"THREE_ENEMY_KILL","is_daily":false,"chose_seed":false,"campfire_upgraded":2,"win_rate":0.0,"timestamp":1613933424,"path_taken":["M","?","?","M","?","E","?","M","T","R","M","R","$","M","R","BOSS"],"items_purchased_type":["Card","Card","Card"],"build_version":"2020-12-22","purchased_purges":1,"victory":false,"max_hp_per_floor":[66,66,66,66,66,66,66,66,66,66,66,66,66,66,66,66,66],"card_choices":[{"not_picked":["Crippling Poison","Outmaneuver"],"picked":"Terror","floor":1},{"not_picked":["Concentrate","Underhanded Strike"],"picked":"Sucker Punch","floor":4},{"not_picked":["Dagger Throw","Dodge and Roll"],"picked":"Cloak And Dagger","floor":5},{"not_picked":["Riddle With Holes","Deadly Poison"],"picked":"Dagger Spray","floor":6},{"not_picked":["Dodge and Roll","Infinite Blades","Setup"],"picked":"SKIP","floor":8},{"not_picked":["Underhanded Strike","Deflect"],"picked":"Leg Sweep","floor":11},{"not_picked":["Prepared","Acrobatics"],"picked":"Dagger Throw","floor":14}],"player_experience":292436,"relics_obtained":[{"floor":6,"key":"Regal Pillow"},{"floor":9,"key":"Snake Skull"}],"event_choices":[{"cards_removed":["Strike_G"],"damage_healed":0,"gold_gain":0,"player_choice":"Offered Basic","damage_taken":0,"max_hp_gain":0,"max_hp_loss":0,"event_name":"Bonfire Elementals","floor":3,"gold_loss":0},{"damage_healed":0,"gold_gain":75,"player_choice":"Gather Gold","damage_taken":11,"max_hp_gain":0,"max_hp_loss":0,"event_name":"World of Goop","floor":7,"gold_loss":0}],"is_beta":false,"boss_relics":[],"items_purged_floors":[13],"is_endless":false,"potions_floor_spawned":[1,8,11],"killed_by":"Slime Boss","ascension_level":14}}