{"host":"jkpogsfllfv54rv3","time":1613898478,"event":{"mods":["Aspiration","BaseMod","Colored Map","Colored Powertips","Conspire","Downfall","Duelist Mod","GungeonMod","Halation","Hubris","Infinite Spire","Lobotomy","Minty Spire (QoL Compilation)","Rare Cards Sparkle","Replay The Spire","StSLib"],"gold_per_floor":[112,112,122,122,14,14,40,60,60,60,70,23,123,91,91,192,192,203,213,223,233,233,233,233,233,259,259,259,270,50,23,23,105,105,119,129,152,167,13,13,13,13],"floor_reached":41,"language":"ENG","playtime":3669,"items_purged":[],"score":466,"play_id":"8ebde853-5ff5-452c-8780-f5c544e289d4","local_time":"20210221120758","is_ascension_mode":false,"campfire_choices":[{"data":"Aggregate","floor":6,"key":"SMITH"},{"floor":15,"key":"REST"},{"floor":23,"key":"REST"},{"floor":25,"key":"REST"},{"floor":28,"key":"REST"},{"data":"infinitespire:DeathsTouch","floor":32,"key":"SMITH"},{"floor":40,"key":"REST"}],"circlet_count":0,"master_deck":["Strike_B","Strike_B","Strike_B","Strike_B","Defend_B","Defend_B","Defend_B","Zap","Dualcast","Ball Lightning","Streamline","Skim","Fusion+1","Storm","Aggregate+1","Electrodynamics","Chill","Panic Button","Redo","Steam","Fission","Overencumbered","Clumsy","Shame","White Noise+1","Doom and Gloom","Auto Shields","Leap","infinitespire:DeathsTouch+1","conspire:SharedLibrary","Turbo","The Bomb","Rebound","Creative AI","Compile Driver","Cold Snap+1","Pot Of Greed","Pot Of Greed","Pot Of Greed","Pot Of Greed","Sweeping Beam"],"relics":["Cracked Core","NeowsBlessing","aspiration:FetidBarrel","halation:SelfBoilingWater","hubris:Icosahedron","Replay:Ancient Bell","infinitespire:PuzzleCube","DemoMod:OrangeGuonStone","DemoMod:Relodestone","CaptainsWheel","MealTicket","hubris:GrandSneckoEye","Grinning Jar","Strawberry"],"acts_visited":["Exordium","TheCity","TheBeyond"],"potions_floor_usage":[16,19,20,29,41],"damage_taken":[{"damage":0,"enemies":"conspire:RoseBush","floor":1,"turns":1},{"damage":0,"enemies":"2 Louse","floor":3,"turns":1},{"damage":0,"enemies":"Lagavulin","floor":7,"turns":1},{"damage":8,"enemies":"Small Slimes","floor":8,"turns":2},{"damage":6,"enemies":"2 Fungi Beasts","floor":11,"turns":3},{"damage":7,"enemies":"Gremlin Gang","floor":14,"turns":3},{"damage":5,"enemies":"Slime Boss","floor":16,"turns":7},{"damage":10,"enemies":"2 Thieves","floor":18,"turns":3},{"damage":1,"enemies":"Spheric Guardian","floor":19,"turns":3},{"damage":39,"enemies":"Snake Plant","floor":20,"turns":3},{"damage":22,"enemies":"Sentry and Sphere","floor":21,"turns":6},{"damage":8,"enemies":"Shelled Parasite and Fungi","floor":29,"turns":5},{"damage":49,"enemies":"Champ","floor":33,"turns":13},{"damage":2,"enemies":"Orb Walker","floor":35,"turns":3},{"damage":13,"enemies":"3 Darklings","floor":36,"turns":3},{"damage":46,"enemies":"Maw","floor":38,"turns":6},{"damage":63,"enemies":"Transient","floor":41,"turns":4}],"seed_played":"-2630038427351133906","potions_obtained":[{"floor":1,"key":"sneckomod:MuddlingPotion"},{"floor":11,"key":"FearPotion"},{"floor":18,"key":"Energy Potion"},{"floor":21,"key":"DemoMod:BlankPotion"},{"floor":33,"key":"sneckomod:MuddlingPotion"}],"is_trial":false,"path_per_floor":["M","?","M","?","$","R","E","M","T","?","M","$","?","M","R","B",null,"M","M","M","M","AVR","R","?","R","T","?","R","M","$","$","R","B",null,"M","M","T","M","$","R","M"],"character_chosen":"DEFECT","items_purchased":["Storm","Aggregate","Redo","Turbo","The Bomb","Rebound","Strawberry"],"campfire_rested":5,"item_purchase_floors":[5,5,12,30,30,31,39],"current_hp_per_floor":[75,75,75,75,75,75,75,67,67,67,61,61,61,54,75,70,75,65,64,25,3,3,25,25,47,47,47,69,61,75,75,75,26,75,73,60,60,14,36,60,0,0],"gold":13,"neow_bonus":"THREE_ENEMY_KILL","is_daily":false,"chose_seed":false,"campfire_upgraded":2,"win_rate":0.0,"timestamp":1613898478,"path_taken":["M","?","M","?","$","R","E","M","T","?","M","$","?","M","R","BOSS","M","M","?","M","AVR","R","?","R","T","?","R","M","?","$","R","BOSS","M","?","?","M","$","R","M"],"items_purchased_type":["Card","Card","Card","Card","Card","Card","Relic"],"build_version":"2020-12-22","purchased_purges":0,"victory":false,"max_hp_per_floor":[75,75,75,75,75,75,75,75,75,75,75,75,75,75,75,75,75,75,75,75,75,75,75,75,75,75,75,75,75,75,75,75,75,75,75,75,75,75,82,82,82,82],"card_choices":[{"not_picked":["Panic Button","Leap"],"picked":"Ball Lightning","floor":1},{"not_picked":["Barrage","White Noise"],"picked":"Skim","floor":3},{"not_picked":["Undo","Conserve Battery"],"picked":"Electrodynamics","floor":7},{"not_picked":["Hologram","Sweeping Beam"],"picked":"Chill","floor":8},{"not_picked":["ReplayTheSpireMod:Reroute Power","BasicCrystalCard"],"picked":"Panic Button","floor":11},{"not_picked":["BasicCrystalCard","Steam Power"],"picked":"Steam","floor":14},{"not_picked":["Reboot","ReplayTheSpireMod:Fabricate Wheel"],"picked":"Fission","floor":16},{"not_picked":["Regret","theDuelist:PsiCurse"],"picked":"Overencumbered","floor":17},{"not_picked":["Spreading Infection","downfall:Aged"],"picked":"Clumsy","floor":17},{"not_picked":["conspire:Blindness","Replay:Hysterical Blindness"],"picked":"Shame","floor":17},{"not_picked":["ReplayGash+1","Rebound+1"],"picked":"White Noise+1","floor":18},{"not_picked":["ReplayTheSpireMod:System Scan","conspire:Rain"],"picked":"Doom and Gloom","floor":19},{"not_picked":["aspiration:Polymerization","Go for the Eyes"],"picked":"Auto Shields","floor":20},{"not_picked":["Heatsinks","FTL"],"picked":"Leap","floor":21},{"not_picked":["Steam Power+1","Blizzard"],"picked":"conspire:SharedLibrary","floor":29},{"not_picked":["Amplify","hubris:Prefetch"],"picked":"Creative AI","floor":33},{"not_picked":["Hologram+1","Redo+1"],"picked":"Compile Driver","floor":35},{"not_picked":["Panic Button","ReplayTheSpireMod:Repulse"],"picked":"Cold Snap+1","floor":36},{"not_picked":["Scrape","Defragment"],"picked":"Sweeping Beam","floor":38}],"player_experience":52500,"relics_obtained":[{"floor":7,"key":"aspiration:FetidBarrel"},{"floor":9,"key":"halation:SelfBoilingWater"},{"floor":26,"key":"MealTicket"},{"floor":37,"key":"Grinning Jar"}],"event_choices":[{"damage_healed":0,"gold_gain":100,"player_choice":"Pray","damage_taken":0,"max_hp_gain":0,"max_hp_loss":0,"event_name":"Golden Shrine","floor":13,"gold_loss":0}],"is_beta":false,"boss_relics":[{"not_picked":["Black Star","Runic Dome"],"picked":"Replay:Ancient Bell"},{"not_picked":["Replay:Wax Seal","Blood Vial"],"picked":"infinitespire:PuzzleCube"},{"not_picked":["aspiration:SeaSaltIceCream","Replay:Bottled Flurry"],"picked":"DemoMod:OrangeGuonStone"},{"not_picked":["aspiration:HatOfInfinitePower","conspire:InfiniteJournal"],"picked":"DemoMod:Relodestone"},{"not_picked":["Ring of Chaos","Replay:Drink Me"],"picked":"hubris:GrandSneckoEye"}],"items_purged_floors":[],"is_endless":false,"potions_floor_spawned":[1,11,18,21,33],"killed_by":"Transient","ascension_level":0}}