{"host":"7am2it9afgpzdoy6","time":1613904945,"event":{"mods":["2.2 Compatiblity","Act Like it!","Aspiration","BaseMod","Become a monster 百变怪","Colored Powertips","Conspire","Downfall","Friendly Minions","Gensokyo","Hubris","Infinite Spire","Koishi","LagranYue(拉格朗・月)","Lobotomy","LobotomyExtend","Mimic Mod","Minty Spire (QoL Compilation)","Quick Restart","Reimu（博丽灵梦）","Remilia（蕾米莉亚）","Replay The Spire","RumiaBox-露米娅的神秘盒子","Shop Mod","StSLib","The Jungle","Waifu the Spire","Wandering Minibosses","Yuyuko","[IsaacMod]以撒尖塔"],"gold_per_floor":[110,110,130,130,150,182,182,182,233,248,248,260,260,271,271,374,374,385,385,140,140,140,140,140,203,203,231,567,567,581,581,641,654,654,749,749,763,763,763,783,106,106,141,141,179,179,189,189,209,209,209,304,304,309,309,325,325,325,325,14,14,14,14,14,35,48,71,71,0,0],"floor_reached":69,"language":"ZHS","playtime":5878,"items_purged":["DespairKnight"],"score":1044,"play_id":"ea10ae4f-9521-46dc-bd10-2a18a6234e82","local_time":"20210221185545","is_ascension_mode":true,"campfire_choices":[{"floor":15,"key":"DIG"}],"circlet_count":0,"master_deck":["SpecialBullet","SpecialBullet","SpecialBullet","SpecialBullet","SpecialBullet","SpecialBullet","SpecialBullet","SpecialBullet","TodaysExpression","Twilight+1","InformationCode","RedEyes","Wellcheers","WristCuter","OSAHOGD","Horn","VoidDream","SpiderBud","RedShoes","CENSORED_ego","Twilight","Woodsman","Gensokyo:LockedMedkit","SomewhereSpear","SecurityCode","PunishingBird","Horn+1","MHz","Logging","Twilight","MeatLantern","Hypocrisy","TrainingCode","BlackArmy","Justitia","Soda+1","Funeral","Ecstasy+1","ReplayUltimateDefense","WallGazer","Gensokyo:RainbowDanmaku+1","ControlCode","TT2Protocol","ParadiseLost","SummonCall","WhiteNight","QueenOfHatred"],"relics":["CogitoBucket","HushsDoor","LagranYue:RandomDrawCardRelic","Pen Nib","LetterFromLob","Pondfish Scales","DeathBook","Darkstone Periapt","hubris:Towel","hubris:TenFootPole","Mango","TreeSap","wanderingMiniBosses:Inkheart","Juzu Bracelet","Calling Bell","Oddly Smooth Stone","UnicornStump","Replay:Towering Pillar of Hats","GuppysCollar","hubris:BottledRain","GodSword6","aspiration:HummingbirdHeart","Gensokyo:Companionship","hubris:Spice","AspirationHeart","Coffee Dripper","conspire:TopHat","Potion Belt","Replay:PocketPolymizer","Pocketwatch","AtMidnight","BackwardClock","Busted Crown","GuppysHairball","GuppysPaw","infinitespire:Lychee Nut","hubris:Icosahedron","Ring of Peace","ReplayTheSpireMod:Ring of Exchange","GuppysHead","Gensokyo:Justice","aspiration:SeaSaltIceCream","NeowsBlessing","LagranYue:RareGoldArmorRelic","aspiration:HatOfInfinitePower"],"acts_visited":["Gensokyo:Gensokyo","Gensokyo:Gensokyoer","Gensokyo:Gensokyoest","Gensokyo:Gensokyo"],"potions_floor_usage":[14,27,27,35,52,52,52,52,52,69,69],"damage_taken":[{"damage":0,"enemies":"Gensokyo:Python","floor":1,"turns":2},{"damage":6,"enemies":"Gensokyo:2_Kodama","floor":3,"turns":2},{"damage":0,"enemies":"Gensokyo:3_Fairies","floor":5,"turns":2},{"damage":18,"enemies":"Gensokyo:Cirno","floor":6,"turns":5},{"damage":9,"enemies":"Gensokyo:Python_and_Kodama","floor":10,"turns":4},{"damage":25,"enemies":"Gensokyo:2_Rabbits","floor":12,"turns":4},{"damage":9,"enemies":"Gensokyo:5_Fairies","floor":14,"turns":11},{"damage":7,"enemies":"Gensokyo:Reimu","floor":16,"turns":5},{"damage":3,"enemies":"Gensokyo:Chomper","floor":18,"turns":5},{"damage":35,"enemies":"Nightmare","floor":27,"turns":7},{"damage":5,"enemies":"Gensokyo:2_Gloops","floor":28,"turns":6},{"damage":1,"enemies":"Gensokyo:2_Gloops","floor":30,"turns":5},{"damage":4,"enemies":"Gensokyo:Wraith","floor":33,"turns":3},{"damage":139,"enemies":"Gensokyo:Eternal_Rivals","floor":35,"turns":8},{"damage":2,"enemies":"Gensokyo:AncientGuardian","floor":37,"turns":4},{"damage":0,"enemies":"Gensokyo:3_Bats","floor":40,"turns":4},{"damage":0,"enemies":"Gensokyo:Kasen","floor":43,"turns":4},{"damage":0,"enemies":"Gensokyo:Sharpion","floor":45,"turns":6},{"damage":0,"enemies":"Gensokyo:Sharpion","floor":47,"turns":3},{"damage":0,"enemies":"Gensokyo:3_Boulders","floor":49,"turns":4},{"damage":0,"enemies":"Gensokyo:3_Boulders","floor":50,"turns":4},{"damage":3,"enemies":"Gensokyo:Yuyuko","floor":52,"turns":4},{"damage":3,"enemies":"Gensokyo:2_Kodama","floor":54,"turns":1},{"damage":0,"enemies":"conspire:MimicChest","floor":56,"turns":2},{"damage":0,"enemies":"Gensokyo:Cirno","floor":65,"turns":2},{"damage":0,"enemies":"Gensokyo:Python","floor":66,"turns":1},{"damage":0,"enemies":"Gensokyo:Aya","floor":67,"turns":1},{"damage":170,"enemies":"Delirium","floor":69,"turns":16}],"seed_played":"2479400208802073929","potions_obtained":[{"floor":1,"key":"infinitespire:BlackPotion"},{"floor":6,"key":"champ:CounterPotion"},{"floor":10,"key":"FearPotion"},{"floor":16,"key":"Block Potion"},{"floor":18,"key":"ColorlessPotion"},{"floor":33,"key":"Elixir"},{"floor":35,"key":"bronze:BurnAndBuffPotion"},{"floor":37,"key":"Swift Potion"},{"floor":49,"key":"Cursed Concoction"},{"floor":52,"key":"FearPotion"},{"floor":66,"key":"Guardian:BlockOnCardUsePotion"}],"is_trial":false,"path_per_floor":["M","?","M","$","M","E","?","R","T","M","?","M","?","M","R","B",null,"M","?","COS","?","PTL","PTL","?","?","R","NM","MIM","R","M","?","?","M","R","B",null,"M","AVR","?","M","$","R","E","?","MIM","COS","M","R","M","?","R","B",null,"M","?","?","?","?","R","$","?","T","?","COS","E","M","E","R","B"],"character_chosen":"Angela","items_purchased":["Twilight","GuppysCollar","conspire:TopHat","Potion Belt","Strength Potion","ReplayUltimateDefense","Energy Potion","GuppysHairball","GuppysPaw","GuppysHead"],"campfire_rested":0,"item_purchase_floors":[17,17,41,41,41,41,41,53,53,60],"current_hp_per_floor":[70,56,50,50,50,32,32,32,32,26,30,8,16,37,37,34,62,63,63,63,63,63,63,63,55,55,36,44,44,96,96,89,100,100,17,104,104,104,104,108,108,108,108,108,120,120,120,120,120,120,120,120,100,100,100,75,75,81,81,81,81,81,77,77,85,85,85,85,0,0],"gold":0,"neow_bonus":"RANDOM_COMMON_RELIC","is_daily":false,"chose_seed":false,"campfire_upgraded":0,"win_rate":0.0,"timestamp":1613904945,"path_taken":["M","?","M","?","?","E","?","R","T","M","?","M","?","M","R","BOSS","M","?","COS","?","PTL","PTL","?","?","R","NM","MIM","R","M","?","?","M","R","BOSS","M","AVR","?","M","?","R","E","?","MIM","COS","M","R","M","?","R","BOSS","M","?","?","?","?","R","?","?","T","?","COS","E","M","E","R","BOSS"],"items_purchased_type":["Card","Relic","Relic","Relic","Potion","Card","Potion","Relic","Relic","Relic"],"build_version":"2020-12-22","purchased_purges":1,"victory":false,"max_hp_per_floor":[70,70,70,70,70,70,70,70,70,70,84,84,84,69,69,73,62,66,66,66,66,66,66,66,66,66,70,74,74,96,96,96,100,100,104,104,104,104,104,108,108,108,108,108,120,120,120,120,120,120,120,120,100,100,100,75,75,81,81,81,81,81,81,81,85,85,89,89,89,89],"card_choices":[{"not_picked":[],"picked":"EpicFetus","floor":0},{"not_picked":["Yin","BeautyBeast"],"picked":"DespairKnight","floor":1},{"not_picked":["Wingbeat"],"picked":"TodaysExpression","floor":1},{"not_picked":["CherryBlossoms","Murderer"],"picked":"SnowQueen","floor":3},{"not_picked":["ShedSkin"],"picked":"Twilight","floor":3},{"not_picked":["Harvest"],"picked":"RedEyes","floor":5},{"not_picked":["Murderer","Scorched"],"picked":"Wellcheers","floor":6},{"not_picked":["Lantern"],"picked":"WristCuter","floor":6},{"not_picked":["Porccubus","CherryBlossoms"],"picked":"OSAHOGD","floor":10},{"not_picked":["CUTE"],"picked":"Horn","floor":10},{"not_picked":["OldLady","Alriune"],"picked":"VoidDream","floor":12},{"not_picked":["TodaysExpression"],"picked":"ShedSkin","floor":12},{"not_picked":["DreamingCurrent","Murderer"],"picked":"SpiderBud","floor":14},{"not_picked":["RapturousDream","RedEyes"],"picked":"SKIP","floor":14},{"not_picked":["UniverseFragment","CherryBlossoms"],"picked":"RedShoes","floor":16},{"not_picked":["Pinks"],"picked":"CENSORED_ego","floor":16},{"not_picked":["Scorched","Mercenary"],"picked":"Woodsman","floor":18},{"not_picked":["RedEyes+1","BlueScar"],"picked":"SKIP","floor":18},{"not_picked":["FourthMatchFlame+1"],"picked":"SomewhereSpear","floor":25},{"not_picked":["Yin","Bloodbath"],"picked":"ShyLook","floor":27},{"not_picked":["TodaysExpression+1","Horn"],"picked":"SKIP","floor":27},{"not_picked":["LittlePrince","Scarecrow"],"picked":"PunishingBird","floor":28},{"not_picked":["SomewhereSpear"],"picked":"Horn+1","floor":28},{"not_picked":["Bloodbath","Murderer"],"picked":"MHz","floor":30},{"not_picked":["FourthMatchFlame"],"picked":"Logging","floor":30},{"not_picked":["BeautyBeast","Mercenary"],"picked":"MeatLantern","floor":33},{"not_picked":["BearPaw"],"picked":"Hypocrisy","floor":33},{"not_picked":["GreedKing","Alriune"],"picked":"BlackArmy","floor":35},{"not_picked":["Adoration"],"picked":"Justitia","floor":35},{"not_picked":["Reverberation"],"picked":"Soda+1","floor":37},{"not_picked":["OldLady","FairyFestival"],"picked":"Funeral","floor":40},{"not_picked":["Heaven+1"],"picked":"Ecstasy+1","floor":40},{"not_picked":["Soda","Amita+1"],"picked":"SKIP","floor":43},{"not_picked":["GreedKing","LaLuna"],"picked":"WallGazer","floor":45},{"not_picked":["Penitence+1","hubris:SpiceAddiction"],"picked":"SKIP","floor":47},{"not_picked":["TheSmile","RedEyes"],"picked":"SKIP","floor":49},{"not_picked":["Gensokyo:Dawn+1","Gensokyo:HouraiInAPot+1"],"picked":"Gensokyo:RainbowDanmaku+1","floor":50},{"not_picked":["Justitia"],"picked":"ParadiseLost","floor":52},{"not_picked":["LongBird","SingingMachine"],"picked":"WhiteNight","floor":65},{"not_picked":["BodiesMountain","HappyTeddy"],"picked":"QueenOfHatred","floor":67}],"player_experience":223746,"relics_obtained":[{"floor":1,"key":"LetterFromLob"},{"floor":6,"key":"Darkstone Periapt"},{"floor":9,"key":"hubris:TenFootPole"},{"floor":14,"key":"wanderingMiniBosses:Inkheart"},{"floor":15,"key":"Juzu Bracelet"},{"floor":17,"key":"Oddly Smooth Stone"},{"floor":17,"key":"UnicornStump"},{"floor":17,"key":"Replay:Towering Pillar of Hats"},{"floor":27,"key":"hubris:BottledRain"},{"floor":28,"key":"GodSword6"},{"floor":28,"key":"aspiration:HummingbirdHeart"},{"floor":43,"key":"Replay:PocketPolymizer"},{"floor":45,"key":"Pocketwatch"},{"floor":45,"key":"hubris:Spice"},{"floor":47,"key":"AtMidnight"},{"floor":56,"key":"infinitespire:Lychee Nut"},{"floor":58,"key":"Ring of Peace"},{"floor":58,"key":"ReplayTheSpireMod:Ring of Exchange"},{"floor":62,"key":"aspiration:SeaSaltIceCream"},{"floor":65,"key":"LagranYue:RareGoldArmorRelic"},{"floor":67,"key":"aspiration:HatOfInfinitePower"}],"event_choices":[{"damage_healed":0,"gold_gain":0,"player_choice":"Leave","damage_taken":0,"max_hp_gain":0,"max_hp_loss":0,"event_name":"conspire:Investor","floor":21,"gold_loss":0}],"is_beta":false,"boss_relics":[{"not_picked":["Runic Dome","Replay:Drink Me"],"picked":"Calling Bell"},{"not_picked":[]},{"not_picked":["aspiration:PoetsPen_weak","aspiration:RitualDagger"],"picked":"Coffee Dripper"},{"not_picked":[]},{"not_picked":["Sozu","ChampionBelt"],"picked":"Busted Crown"},{"not_picked":[]}],"items_purged_floors":[41],"is_endless":true,"potions_floor_spawned":[1,6,10,16,18,33,35,37,49,52,66],"killed_by":"Delirium","ascension_level":1}}