{"host":"p1xsuo25udtrkbq2","time":1613887307,"event":{"mods":["BaseMod","Colored Map","Googly Eyes","Highlight Path","Minty Spire (QoL Compilation)","Quick Restart","Rare Cards Sparkle","StSLib"],"gold_per_floor":[20,36,46,61,77,107,107,142,142,175,250,4,4,24,24,97,97,110,110,121,121,138,163,163,191,191,217,228,228,240,73,73,152,152,168,188,188,208,41,41,66,95,95,127,139,139,139,186,186,186,186,186,186,13,38,38],"floor_reached":57,"language":"ENG","playtime":7574,"items_purged":["Strike_G"],"score":2855,"play_id":"eb49f8cc-c7a5-4e25-8880-175c1ae09da2","local_time":"20210221010147","is_ascension_mode":true,"campfire_choices":[{"floor":7.0,"key":"REST"},{"floor":13.0,"key":"REST"},{"data":"Eviscerate","floor":15.0,"key":"SMITH"},{"floor":24.0,"key":"REST"},{"data":"Wraith Form v2","floor":29.0,"key":"SMITH"},{"data":"Footwork","floor":32.0,"key":"SMITH"},{"floor":40.0,"key":"RECALL"},{"data":"Tools of the Trade","floor":47.0,"key":"SMITH"},{"data":"Underhanded Strike","floor":49,"key":"SMITH"},{"data":"Outmaneuver","floor":53,"key":"SMITH"}],"circlet_count":0,"master_deck":["AscendersBane","Strike_G+1","Strike_G+1","Strike_G+1","Defend_G+1","Defend_G+1","Defend_G+1","Defend_G+1","Defend_G+1","Survivor","Unload","Dagger Spray","Eviscerate+1","Cloak And Dagger","Dagger Throw","Underhanded Strike+1","Outmaneuver+1","Backflip+1","Underhanded Strike+1","Bouncing Flask+1","Blur+1","Wraith Form v2+1","PiercingWail+1","Concentrate+1","Endless Agony+1","Flying Knee+1","Skewer+1","Underhanded Strike+1","Footwork+1","Tactician+1","Footwork","Night Terror+1","Calculated Gamble+1","Tactician+1","Parasite","Wraith Form v2+1","Tools of the Trade+1","Prepared+1"],"relics":["Ring of the Snake","Letter Opener","Molten Egg 2","Gremlin Horn","Toxic Egg 2","Runic Pyramid","Pen Nib","Bronze Scales","Eternal Feather","Sozu","DollysMirror","TungstenRod","Kunai","Pantograph","HornCleat","Torii","OrangePellets","Orichalcum"],"acts_visited":["Exordium","TheCity","TheBeyond","TheEnding"],"potions_floor_usage":[],"damage_taken":[{"damage":1.0,"enemies":"Cultist","floor":1.0,"turns":4.0},{"damage":3.0,"enemies":"Small Slimes","floor":2.0,"turns":3.0},{"damage":0.0,"enemies":"2 Louse","floor":3.0,"turns":2.0},{"damage":2.0,"enemies":"Red Slaver","floor":4.0,"turns":3.0},{"damage":3.0,"enemies":"Blue Slaver","floor":5.0,"turns":2.0},{"damage":20.0,"enemies":"3 Sentries","floor":6.0,"turns":9.0},{"damage":22.0,"enemies":"Lagavulin","floor":8.0,"turns":6.0},{"damage":8.0,"enemies":"Gremlin Nob","floor":10.0,"turns":3.0},{"damage":0.0,"enemies":"3 Louse","floor":14.0,"turns":2.0},{"damage":17.0,"enemies":"Hexaghost","floor":16.0,"turns":8.0},{"damage":3.0,"enemies":"3 Byrds","floor":18.0,"turns":4.0},{"damage":0.0,"enemies":"Spheric Guardian","floor":20.0,"turns":3.0},{"damage":0.0,"enemies":"Snake Plant","floor":22.0,"turns":5.0},{"damage":16.0,"enemies":"Slavers","floor":23.0,"turns":5.0},{"damage":0.0,"enemies":"Gremlin Leader","floor":25.0,"turns":3.0},{"damage":6.0,"enemies":"Slavers","floor":27.0,"turns":3.0},{"damage":0.0,"enemies":"Snecko","floor":28.0,"turns":3.0},{"damage":1.0,"enemies":"Cultist and Chosen","floor":30.0,"turns":6.0},{"damage":37.0,"enemies":"Champ","floor":33.0,"turns":10.0},{"damage":0.0,"enemies":"Orb Walker","floor":35.0,"turns":3.0},{"damage":0.0,"enemies":"3 Shapes","floor":36.0,"turns":2.0},{"damage":2.0,"enemies":"Writhing Mass","floor":38.0,"turns":8.0},{"damage":22.0,"enemies":"Mind Bloom Boss Battle","floor":41.0,"turns":3.0},{"damage":0.0,"enemies":"Nemesis","floor":42.0,"turns":7.0},{"damage":0.0,"enemies":"Reptomancer","floor":44.0,"turns":7.0},{"damage":0.0,"enemies":"3 Darklings","floor":45.0,"turns":6.0},{"damage":10,"enemies":"2 Orb Walkers","floor":48,"turns":4},{"damage":36,"enemies":"Time Eater","floor":50,"turns":15},{"damage":9,"enemies":"Donu and Deca","floor":51,"turns":16},{"damage":10,"enemies":"Shield and Spear","floor":55,"turns":12},{"damage":42,"enemies":"The Heart","floor":56,"turns":15}],"seed_played":"-4340137178161548742","potions_obtained":[{"floor":2.0,"key":"Energy Potion"},{"floor":5.0,"key":"Block Potion"},{"floor":8.0,"key":"EntropicBrew"},{"floor":14.0,"key":"Swift Potion"},{"floor":18.0,"key":"Poison Potion"},{"floor":23.0,"key":"CunningPotion"},{"floor":27.0,"key":"AttackPotion"}],"is_trial":false,"path_per_floor":["M","M","M","M","M","E","R","E","T","E","?","$","R","M","R","B",null,"M","?","M","?","M","E","R","E","T","E","M","R","M","$","R","B",null,"M","M","?","M","$","R","?","E","T","E","M","?","R","?","R","B","B",null,"R","$","E","B",null],"character_chosen":"THE_SILENT","items_purchased":["Backflip+1","Underhanded Strike+1","Bouncing Flask+1","Tactician+1","Footwork","DollysMirror","OrangePellets"],"campfire_rested":3,"item_purchase_floors":[12,12,12,31,31,39,54],"current_hp_per_floor":[58,55,55,53,50,30,49,27,27,19,8,8,27,27,27,10,52,49,49,49,49,49,33,52,52,52,46,46,61,60,60,66,29,57,57,57,57,55,55,66,44,44,44,44,44,44,65,55,66,30,46,61,66,66,56,24],"gold":38,"neow_bonus":"THREE_RARE_CARDS","is_daily":false,"chose_seed":false,"campfire_upgraded":6,"win_rate":0.0,"timestamp":1613887307,"path_taken":["M","?","M","M","M","E","R","E","T","E","?","$","R","M","R","BOSS","M","?","M","?","M","E","R","E","T","E","?","R","M","$","R","BOSS","M","M","?","M","$","R","?","E","T","E","M","?","R","?","R","BOSS","BOSS","R","$","E","BOSS"],"items_purchased_type":["Card","Card","Card","Card","Card","Relic","Relic"],"build_version":"2020-12-22","purchased_purges":1,"victory":true,"max_hp_per_floor":[66,66,66,66,66,66,66,66,66,66,66,66,66,66,66,66,66,66,66,66,66,66,66,66,66,66,66,66,66,66,66,66,66,66,66,66,66,66,66,66,66,66,66,66,66,66,66,66,66,66,66,66,66,66,66,66],"card_choices":[{"not_picked":["Doppelganger","Storm of Steel"],"picked":"Unload","floor":0.0},{"not_picked":["Acrobatics","Bane"],"picked":"Dagger Spray","floor":1.0},{"not_picked":["Dagger Throw","Outmaneuver"],"picked":"Eviscerate","floor":2.0},{"not_picked":["Sucker Punch","Predator"],"picked":"Cloak And Dagger","floor":3.0},{"not_picked":["Catalyst","Predator"],"picked":"Dagger Throw","floor":4.0},{"not_picked":["Deadly Poison","Bane","Flechettes"],"picked":"SKIP","floor":5.0},{"not_picked":["After Image","PiercingWail"],"picked":"Underhanded Strike","floor":6.0},{"not_picked":["Poisoned Stab+1","Dagger Spray+1"],"picked":"Outmaneuver","floor":8.0},{"not_picked":["Accuracy","Choke+1","Flechettes+1"],"picked":"SKIP","floor":10.0},{"not_picked":["Dodge and Roll+1","Sucker Punch+1"],"picked":"Blur+1","floor":14.0},{"not_picked":["Night Terror+1","Glass Knife+1"],"picked":"Wraith Form v2","floor":16.0},{"not_picked":["Poisoned Stab+1","Cloak And Dagger+1"],"picked":"PiercingWail+1","floor":18.0},{"not_picked":["Noxious Fumes","Well Laid Plans"],"picked":"Concentrate+1","floor":20.0},{"not_picked":["Deadly Poison+1","Blade Dance+1"],"picked":"Flying Knee+1","floor":22.0},{"not_picked":["Blade Dance+1","Slice+1"],"picked":"Skewer+1","floor":23.0},{"not_picked":["All Out Attack+1","Blade Dance+1"],"picked":"Underhanded Strike+1","floor":25.0},{"not_picked":["A Thousand Cuts","Slice+1","Dagger Spray+1"],"picked":"SKIP","floor":27.0},{"not_picked":["Dagger Spray+1","Riddle With Holes+1","Choke+1"],"picked":"SKIP","floor":28.0},{"not_picked":["Prepared+1","Quick Slash+1"],"picked":"Footwork","floor":30.0},{"not_picked":["Tools of the Trade","After Image"],"picked":"Night Terror+1","floor":33.0},{"not_picked":["Cloak And Dagger+1","Deadly Poison+1"],"picked":"Calculated Gamble+1","floor":35.0},{"not_picked":["Deadly Poison+1","Crippling Poison+1"],"picked":"Tactician+1","floor":36.0},{"not_picked":["Cloak And Dagger+1","Blade Dance+1","Quick Slash+1"],"picked":"SKIP","floor":38.0},{"not_picked":["Quick Slash+1","Flying Knee+1"],"picked":"Tools of the Trade","floor":42.0},{"not_picked":["Underhanded Strike+1","Cloak And Dagger+1"],"picked":"Prepared+1","floor":44.0},{"not_picked":["Masterful Stab+1","Poisoned Stab+1","Backstab+1"],"picked":"SKIP","floor":45.0},{"not_picked":["Deflect+1","Cloak And Dagger+1","Slice+1"],"picked":"SKIP","floor":55}],"player_experience":1130532,"relics_obtained":[{"floor":6.0,"key":"Letter Opener"},{"floor":8.0,"key":"Molten Egg 2"},{"floor":9.0,"key":"Gremlin Horn"},{"floor":10.0,"key":"Toxic Egg 2"},{"floor":23.0,"key":"Pen Nib"},{"floor":25.0,"key":"Bronze Scales"},{"floor":27.0,"key":"Eternal Feather"},{"floor":41.0,"key":"TungstenRod"},{"floor":42.0,"key":"Kunai"},{"floor":43.0,"key":"Pantograph"},{"floor":44.0,"key":"HornCleat"},{"floor":48,"key":"Torii"},{"floor":55,"key":"Orichalcum"}],"event_choices":[{"damage_healed":0.0,"max_hp_gain":0.0,"max_hp_loss":0.0,"gold_gain":75.0,"event_name":"World of Goop","player_choice":"Gather Gold","floor":11.0,"gold_loss":0.0,"damage_taken":11.0},{"damage_healed":0.0,"max_hp_gain":0.0,"max_hp_loss":0.0,"gold_gain":0.0,"event_name":"Back to Basics","player_choice":"Simplicity","floor":19.0,"gold_loss":0.0,"damage_taken":0.0,"cards_upgraded":["Strike_G","Strike_G","Strike_G","Strike_G","Defend_G","Defend_G","Defend_G","Defend_G","Defend_G"]},{"damage_healed":0.0,"max_hp_gain":0.0,"max_hp_loss":0.0,"gold_gain":0.0,"cards_transformed":["Strike_G"],"event_name":"Transmorgrifier","player_choice":"Transformed","floor":21.0,"gold_loss":0.0,"damage_taken":0.0,"cards_obtained":["Endless Agony"]},{"damage_healed":0.0,"max_hp_gain":0.0,"max_hp_loss":0.0,"gold_gain":0.0,"event_name":"Tomb of Lord Red Mask","player_choice":"Ignored","floor":37.0,"gold_loss":0.0,"damage_taken":0.0},{"damage_healed":0.0,"max_hp_gain":0.0,"max_hp_loss":0.0,"gold_gain":0.0,"event_name":"MindBloom","player_choice":"Fight","floor":41.0,"gold_loss":0.0,"damage_taken":0.0},{"cards_removed":["Neutralize"],"damage_healed":0.0,"max_hp_gain":0.0,"max_hp_loss":0.0,"gold_gain":0.0,"event_name":"Falling","player_choice":"Removed Attack","floor":46.0,"gold_loss":0.0,"damage_taken":0.0},{"damage_healed":0,"gold_gain":0,"player_choice":"Fight","damage_taken":0,"max_hp_gain":0,"max_hp_loss":0,"event_name":"Mysterious Sphere","floor":48,"gold_loss":0}],"is_beta":false,"boss_relics":[{"not_picked":["Runic Dome","Velvet Choker"],"picked":"Runic Pyramid"},{"not_picked":["WristBlade","Black Star"],"picked":"Sozu"}],"items_purged_floors":[12],"is_endless":false,"potions_floor_spawned":[2,5,8,14,18,23,27,41,45],"ascension_level":20}}