{"host":"98tf0o44tbkozlsr","time":1613906513,"event":{"mods":["BaseMod","Bestiary","Minty Spire (QoL Compilation)","Relic Stats","ojb\u0027s Info Mod"],"gold_per_floor":[111,121,136,136,152,152,187,16,67,84,117,117,145,163,163,237,237,256,256,89,89,108,108,141,141,141,166,178,191,191,191,191,263,263,275,275,294,294,51,84,84,154,181,209,219,239,273,287,287,287,287,287,287,56,84,84],"floor_reached":57,"language":"ENG","playtime":4801,"items_purged":["Strike_P"],"score":3250,"play_id":"70a5d505-7f4f-48fd-b067-6965993fab33","local_time":"20210221032153","is_ascension_mode":true,"campfire_choices":[{"data":"FollowUp","floor":6.0,"key":"SMITH"},{"data":"Wallop","floor":15.0,"key":"SMITH"},{"data":"Conclude","floor":23.0,"key":"SMITH"},{"data":"DevaForm","floor":32.0,"key":"SMITH"},{"floor":41.0,"key":"RECALL"},{"data":"Wish","floor":49.0,"key":"SMITH"},{"floor":53.0,"key":"DIG"}],"circlet_count":0,"master_deck":["AscendersBane","Strike_P","Strike_P","Strike_P","Defend_P","Defend_P","Defend_P","Defend_P+1","Eruption","Vigilance+1","CutThroughFate","DevaForm+1","FollowUp+1","Conclude+1","BowlingBash","Wallop+1","Vault","Vault","Ghostly","Ghostly","Ghostly","CutThroughFate","Ghostly","CutThroughFate","Weave","SpiritShield","Nirvana+1","Weave","Wish+1","Omniscience","CutThroughFate"],"relics":["Philosopher\u0027s Stone","Mercury Hourglass","Akabeko","Omamori","Centennial Puzzle","Frozen Egg 2","Pantograph","Runic Pyramid","Tiny Chest","DollysMirror","Vajra","Gremlin Horn","Shovel","Calling Bell","Ice Cream","Damaru","TeardropLocket","Strange Spoon","Blood Vial","Kunai","Bronze Scales","Meat on the Bone","Unceasing Top","InkBottle","Sundial"],"acts_visited":["Exordium","TheCity","TheBeyond","TheEnding"],"potions_floor_usage":[56,56,56,56],"damage_taken":[{"damage":0.0,"enemies":"Small Slimes","floor":1.0,"turns":3.0},{"damage":3.0,"enemies":"Jaw Worm","floor":2.0,"turns":4.0},{"damage":0.0,"enemies":"Cultist","floor":3.0,"turns":3.0},{"damage":2.0,"enemies":"Red Slaver","floor":5.0,"turns":3.0},{"damage":18.0,"enemies":"Gremlin Nob","floor":7.0,"turns":3.0},{"damage":0.0,"enemies":"Looter","floor":10.0,"turns":2.0},{"damage":0.0,"enemies":"Lagavulin","floor":11.0,"turns":3.0},{"damage":0.0,"enemies":"3 Sentries","floor":13.0,"turns":3.0},{"damage":0.0,"enemies":"Blue Slaver","floor":14.0,"turns":1.0},{"damage":0.0,"enemies":"Slime Boss","floor":16.0,"turns":6.0},{"damage":4.0,"enemies":"3 Byrds","floor":18.0,"turns":3.0},{"damage":0.0,"enemies":"Chosen","floor":22.0,"turns":4.0},{"damage":2.0,"enemies":"Book of Stabbing","floor":24.0,"turns":4.0},{"damage":3.0,"enemies":"Slavers","floor":27.0,"turns":5.0},{"damage":0.0,"enemies":"Sentry and Sphere","floor":28.0,"turns":4.0},{"damage":0.0,"enemies":"Centurion and Healer","floor":29.0,"turns":2.0},{"damage":1.0,"enemies":"Champ","floor":33.0,"turns":7.0},{"damage":0.0,"enemies":"Orb Walker","floor":35.0,"turns":2.0},{"damage":0.0,"enemies":"3 Darklings","floor":37.0,"turns":5.0},{"damage":3.0,"enemies":"Nemesis","floor":40.0,"turns":6.0},{"damage":0.0,"enemies":"Reptomancer","floor":44.0,"turns":6.0},{"damage":0.0,"enemies":"4 Shapes","floor":45.0,"turns":2.0},{"damage":1.0,"enemies":"Transient","floor":46.0,"turns":6.0},{"damage":0.0,"enemies":"Giant Head","floor":47.0,"turns":6.0},{"damage":0.0,"enemies":"Maw","floor":48.0,"turns":8.0},{"damage":0.0,"enemies":"Time Eater","floor":50.0,"turns":9.0},{"damage":1.0,"enemies":"Awakened One","floor":51.0,"turns":10.0},{"damage":7.0,"enemies":"Shield and Spear","floor":55.0,"turns":8.0},{"damage":16,"enemies":"The Heart","floor":56,"turns":12}],"seed_played":"5191984161178863949","potions_obtained":[{"floor":1.0,"key":"Energy Potion"},{"floor":7.0,"key":"DuplicationPotion"},{"floor":10.0,"key":"DistilledChaos"},{"floor":11.0,"key":"Fire Potion"},{"floor":13.0,"key":"SpeedPotion"},{"floor":18.0,"key":"Ancient Potion"},{"floor":33.0,"key":"EntropicBrew"},{"floor":45.0,"key":"Swift Potion"}],"is_trial":false,"path_per_floor":["M","M","M","?","M","R","E","$","T","M","E","?","E","M","R","B",null,"M","?","$","?","M","R","E","?","T","E","M","M","T","?","R","B",null,"M","?","M","?","$","E","R","T","T","E","M","M","E","M","R","B","B",null,"R","$","E","B",null],"character_chosen":"WATCHER","items_purchased":["Akabeko","DollysMirror","Nirvana+1","Strange Spoon","Omniscience"],"campfire_rested":0,"item_purchase_floors":[8,20,39,39,54],"current_hp_per_floor":[61,58,58,38,36,36,18,18,18,18,18,18,18,18,18,43,62,58,58,58,34,34,34,32,32,32,29,29,29,29,29,29,33,34,34,34,34,34,34,31,31,31,31,33,34,33,34,34,34,34,33,34,34,34,27,18],"gold":84,"neow_bonus":"BOSS_RELIC","is_daily":false,"chose_seed":false,"campfire_upgraded":5,"win_rate":0.0,"timestamp":1613906513,"path_taken":["M","M","M","?","M","R","E","$","T","M","E","?","E","M","R","BOSS","M","?","$","?","M","R","E","?","T","E","?","M","?","?","R","BOSS","M","?","M","?","$","E","R","?","T","E","M","M","E","M","R","BOSS","BOSS","R","$","E","BOSS"],"items_purchased_type":["Relic","Relic","Card","Relic","Card"],"build_version":"2020-12-22","purchased_purges":1,"victory":true,"max_hp_per_floor":[68,68,68,68,68,68,68,68,68,68,68,68,68,68,68,68,68,68,68,68,34,34,34,34,34,34,34,34,34,34,34,34,34,34,34,34,34,34,34,34,34,34,34,34,34,34,34,34,34,34,34,34,34,34,34,34],"relic_stats":{"Gremlin Horn":[17,17],"counters":[29,139],"Mercury Hourglass":[480],"Blood Vial":6,"Strange Spoon":[33],"Centennial Puzzle":[27],"Shovel":1,"Sundial":[2],"Pantograph":35,"Bronze Scales":[247],"Tiny Chest":2,"Kunai":[63],"obtain_stats":[{"Ice Cream":34,"Gremlin Horn":26,"Vajra":24,"TeardropLocket":34,"Blood Vial":40,"Centennial Puzzle":11,"Shovel":27,"DollysMirror":20,"Sundial":55,"Pantograph":13,"Philosopher\u0027s Stone":0,"Tiny Chest":19,"Kunai":42,"InkBottle":53,"Runic Pyramid":17,"Damaru":34,"Omamori":9,"Frozen Egg 2":12,"Akabeko":8,"Mercury Hourglass":7,"Calling Bell":34,"Strange Spoon":39,"Bronze Scales":43,"PureWater":0,"Unceasing Top":47,"Meat on the Bone":44},{"Ice Cream":17,"Gremlin Horn":13,"Vajra":13,"TeardropLocket":17,"Blood Vial":20,"Centennial Puzzle":7,"Shovel":14,"DollysMirror":11,"Sundial":28,"Pantograph":8,"Philosopher\u0027s Stone":0,"Tiny Chest":11,"Kunai":20,"InkBottle":27,"Runic Pyramid":10,"Damaru":17,"Omamori":5,"Frozen Egg 2":7,"Akabeko":5,"Mercury Hourglass":5,"Calling Bell":17,"Strange Spoon":19,"Bronze Scales":20,"PureWater":0,"Unceasing Top":24,"Meat on the Bone":21},{"Ice Cream":60,"Gremlin Horn":42,"Vajra":42,"TeardropLocket":60,"Blood Vial":73,"Centennial Puzzle":21,"Shovel":47,"DollysMirror":34,"Sundial":127,"Pantograph":24,"Philosopher\u0027s Stone":0,"Tiny Chest":34,"Kunai":73,"InkBottle":119,"Runic Pyramid":31,"Damaru":60,"Omamori":16,"Frozen Egg 2":21,"Akabeko":16,"Mercury Hourglass":16,"Calling Bell":60,"Strange Spoon":67,"Bronze Scales":73,"PureWater":0,"Unceasing Top":93,"Meat on the Bone":79}],"Unceasing Top":[0],"InkBottle":[12],"Meat on the Bone":0},"card_choices":[{"not_picked":["WreathOfFlame","Evaluate","Halt"],"picked":"SKIP","floor":1.0},{"not_picked":["SignatureMove","Halt"],"picked":"CutThroughFate","floor":2.0},{"not_picked":["CrushJoints","Worship"],"picked":"DevaForm","floor":3.0},{"not_picked":["Sanctity","Consecrate"],"picked":"FollowUp","floor":5.0},{"not_picked":["ClearTheMind","InnerPeace"],"picked":"Conclude","floor":7.0},{"not_picked":["Prostrate","InnerPeace","ClearTheMind"],"picked":"SKIP","floor":10.0},{"not_picked":["Protect","ThirdEye"],"picked":"BowlingBash","floor":11.0},{"not_picked":["Nirvana+1","Collect","CrushJoints"],"picked":"SKIP","floor":13.0},{"not_picked":["FlurryOfBlows","Pray"],"picked":"Wallop","floor":14.0},{"not_picked":["DevaForm+1","Blasphemy"],"picked":"Vault","floor":16.0},{"not_picked":["ThirdEye","Protect","ReachHeaven"],"picked":"SKIP","floor":18.0},{"not_picked":["EmptyBody","LikeWater+1"],"picked":"CutThroughFate","floor":22.0},{"not_picked":["Pray+1","MentalFortress+1","Protect"],"picked":"SKIP","floor":24.0},{"not_picked":["Consecrate","FlyingSleeves+1"],"picked":"CutThroughFate","floor":27.0},{"not_picked":["Sanctity","Consecrate","Adaptation+1"],"picked":"SKIP","floor":28.0},{"not_picked":["Vengeance","Protect","CrushJoints"],"picked":"SKIP","floor":29.0},{"not_picked":["MasterReality+1","ConjureBlade"],"picked":"SpiritShield","floor":33.0},{"not_picked":["Protect+1","Worship","Meditate"],"picked":"SKIP","floor":35.0},{"not_picked":["FlyingSleeves+1","Pray","SashWhip"],"picked":"SKIP","floor":37.0},{"not_picked":["JustLucky","FlyingSleeves+1"],"picked":"Weave","floor":40.0},{"not_picked":["Perseverance","Protect","WaveOfTheHand"],"picked":"SKIP","floor":44.0},{"not_picked":["Crescendo","FollowUp"],"picked":"Wish","floor":45.0},{"not_picked":["FollowUp+1","WaveOfTheHand","Evaluate"],"picked":"SKIP","floor":46.0},{"not_picked":["FlyingSleeves","FearNoEvil+1","CrushJoints+1"],"picked":"SKIP","floor":47.0},{"not_picked":["PathToVictory","Pray","SashWhip+1"],"picked":"SKIP","floor":48.0},{"not_picked":["FollowUp+1","Protect"],"picked":"CutThroughFate","floor":55.0}],"player_experience":957553,"relics_obtained":[{"floor":7.0,"key":"Mercury Hourglass"},{"floor":9.0,"key":"Omamori"},{"floor":11.0,"key":"Centennial Puzzle"},{"floor":13.0,"key":"Pantograph"},{"floor":24.0,"key":"Vajra"},{"floor":26.0,"key":"Gremlin Horn"},{"floor":27.0,"key":"Shovel"},{"floor":34.0,"key":"Ice Cream"},{"floor":34.0,"key":"Damaru"},{"floor":34.0,"key":"TeardropLocket"},{"floor":40.0,"key":"Blood Vial"},{"floor":42.0,"key":"Kunai"},{"floor":43.0,"key":"Bronze Scales"},{"floor":44.0,"key":"Meat on the Bone"},{"floor":47.0,"key":"Unceasing Top"},{"floor":53.0,"key":"InkBottle"},{"floor":55.0,"key":"Sundial"}],"event_choices":[{"damage_healed":0.0,"max_hp_gain":0.0,"max_hp_loss":0.0,"gold_gain":0.0,"event_name":"Shining Light","player_choice":"Entered Light","floor":4.0,"gold_loss":0.0,"damage_taken":20.0,"cards_upgraded":["Defend_P","Vigilance"]},{"damage_healed":0.0,"max_hp_gain":0.0,"max_hp_loss":0.0,"gold_gain":0.0,"event_name":"Dead Adventurer","player_choice":"Searched \u00271\u0027 times","floor":12.0,"gold_loss":0.0,"damage_taken":0.0,"relics_obtained":["Frozen Egg 2"]},{"damage_healed":0.0,"max_hp_gain":0.0,"max_hp_loss":0.0,"gold_gain":0.0,"event_name":"Addict","player_choice":"Stole Relic","floor":19.0,"gold_loss":0.0,"damage_taken":0.0,"relics_obtained":["Tiny Chest"],"cards_obtained":["Shame"]},{"damage_healed":0.0,"max_hp_gain":0.0,"max_hp_loss":34.0,"gold_gain":0.0,"event_name":"Ghosts","player_choice":"Became a Ghost","floor":21.0,"gold_loss":0.0,"damage_taken":0.0,"cards_obtained":["Ghostly","Ghostly","Ghostly"]},{"damage_healed":0.0,"max_hp_gain":0.0,"max_hp_loss":0.0,"gold_gain":0.0,"event_name":"Duplicator","player_choice":"Copied","floor":25.0,"gold_loss":0.0,"damage_taken":0.0,"cards_obtained":["Ghostly"]},{"damage_healed":0.0,"max_hp_gain":0.0,"max_hp_loss":0.0,"gold_gain":0.0,"event_name":"The Library","player_choice":"Read","floor":31.0,"gold_loss":0.0,"damage_taken":0.0,"cards_obtained":["Weave"]},{"damage_healed":0.0,"max_hp_gain":0.0,"max_hp_loss":0.0,"gold_gain":0.0,"event_name":"SensoryStone","player_choice":"Memory 1","floor":36.0,"gold_loss":0.0,"damage_taken":0.0},{"damage_healed":0.0,"max_hp_gain":0.0,"max_hp_loss":0.0,"gold_gain":0.0,"event_name":"Tomb of Lord Red Mask","player_choice":"Ignored","floor":38.0,"gold_loss":0.0,"damage_taken":0.0}],"is_beta":false,"boss_relics":[{"not_picked":["Sozu","Fusion Hammer"],"picked":"Runic Pyramid"},{"not_picked":["Tiny House","Snecko Eye"],"picked":"Calling Bell"}],"items_purged_floors":[54],"is_endless":false,"potions_floor_spawned":[1,7,10,11,13,18,33,35,45,46,47,48],"ascension_level":20}}