{"host":"sec1to3upx15mrzj","time":1613922368,"event":{"mods":["Act Like it!","BaseMod","Colored Powertips","Downfall","KinomotoSakuraMod(ƒæ÷Æ±æ”£)","Marisa£®ÏF”Í°°ƒß¿Ì…≥£©","Minty Spire (QoL Compilation)","Reimu£®≤©¿ˆ¡È√Œ£©","Remilia£®¿Ÿ√◊¿Ú—«£©","StSLib","Td1madao Mod","The Servant 0.9.4","Youmu£®ªÍ∆«—˝√Œ£©","Yuyuko","[IsaacMod]“‘»ˆº‚À˛"],"gold_per_floor":[99,119,130,145,70,70,70,20,5,31,48,48,48,48,65,161,161,11,27,27,12,12,12,12,38,51,1,1,12,31,119,137,152,152,152],"floor_reached":33,"language":"ZHS","playtime":2453,"items_purged":[],"score":237,"play_id":"9c98f339-d9bd-4a20-9f3d-c79d7a3eff91","local_time":"20210221234608","is_ascension_mode":false,"campfire_choices":[{"floor":1,"key":"RECALL"},{"data":"Slimebound:Split","floor":8,"key":"SMITH"},{"data":"Slimebound:DuplicatedForm","floor":12,"key":"SMITH"},{"data":"Slimebound:SelfFormingGoo","floor":18,"key":"SMITH"},{"floor":27,"key":"REST"}],"circlet_count":0,"master_deck":["Slimebound:Strike_Slimebound","Slimebound:Strike_Slimebound","Slimebound:Tackle","Slimebound:Defend_Slimebound","Slimebound:Defend_Slimebound","Slimebound:Defend_Slimebound","Slimebound:Defend_Slimebound","Slimebound:Split+1","Slimebound:CorrosiveSpit","BettingIsNotGood","Slimebound:SplitBruiser","Slimebound:PressTheAttack","Slimebound:RainOfGoop","Slimebound:DuplicatedForm+1","Slimebound:Gluttony","Slimebound:SlimeBrawl","Slimebound:SelfFormingGoo+1","CurseOfTheBell","Slimebound:LeechingTouch","Slimebound:SplitMire","Vault","Slimebound:LeechEnergy","Pride","Slimebound:ProtectTheBoss+1","Slimebound:MassRepurpose","RitualDagger+1","Slimebound:Repurpose","Slimebound:LevelUp+1","Slimebound:LeechingTouch","Slimebound:Schlurp","Slimebound:DisruptingSlam+1","expansioncontent:DashGenerateEvil","Slimebound:LeechEnergy+1","Slimebound:Nibble+1"],"relics":["Slimebound:AbsorbEndCombat","HushsDoor","Leech","Slimebound:GreedOozeRelic","Blue Candle","Calling Bell","Tiny Chest","UnicornStump","Prayer Wheel","GuppysCollar","BelialBook","downfall:HeartBlessingBlue","GreatHeart","SharpPlug","Vajra"],"acts_visited":["Exordium","TheCity"],"potions_floor_usage":[16,16,31,33,33,33],"damage_taken":[{"damage":9,"enemies":"Jaw Worm","floor":2,"turns":3},{"damage":3,"enemies":"2 Louse","floor":3,"turns":1},{"damage":3,"enemies":"Small Slimes","floor":4,"turns":2},{"damage":8,"enemies":"downfall:FleeingMerchant","floor":9,"turns":4},{"damage":18,"enemies":"Gremlin Gang","floor":10,"turns":3},{"damage":6,"enemies":"Large Slime","floor":11,"turns":3},{"damage":2,"enemies":"Blue Slaver","floor":15,"turns":2},{"damage":58,"enemies":"WA_ARCHETYPE_RETAIN","floor":16,"turns":5},{"damage":26,"enemies":"3 Byrds","floor":19,"turns":4},{"damage":18,"enemies":"downfall:FleeingMerchant","floor":21,"turns":4},{"damage":21,"enemies":"downfall:LooterAlt2","floor":26,"turns":2},{"damage":26,"enemies":"Sentry and Sphere","floor":29,"turns":4},{"damage":25,"enemies":"Centurion and Healer","floor":30,"turns":4},{"damage":21,"enemies":"downfall:FleeingMerchant","floor":31,"turns":4},{"damage":11,"enemies":"Snake Plant","floor":32,"turns":4},{"damage":16,"enemies":"IC_MUSHROOM_ARCHETYPE","floor":33,"turns":1}],"seed_played":"1524994162385598030","potions_obtained":[{"floor":2,"key":"BlessingOfTheForge"},{"floor":4,"key":"Regen Potion"},{"floor":10,"key":"Fire Potion"},{"floor":16,"key":"Ancient Potion"},{"floor":28,"key":"CultistPotion"},{"floor":30,"key":"PowerPotion"},{"floor":32,"key":"Weak Potion"}],"is_trial":false,"path_per_floor":["R","M","M","M","?","?","T","R","$","M","M","R","?","?","M","B",null,"R","M","?","$","?","?","T","T","M","R","?","M","M","$","M","B"],"character_chosen":"SLIMEBOUND","items_purchased":["GuppysCollar","BelialBook","expansioncontent:DashGenerateEvil","ColorlessPotion"],"campfire_rested":1,"item_purchase_floors":[17,17,31,31],"current_hp_per_floor":[71,68,65,65,65,65,65,65,67,57,55,55,37,37,38,19,48,58,40,40,39,39,39,39,39,25,42,42,21,8,6,2,0,0,0],"gold":152,"neow_bonus":"TEN_PERCENT_HP_BONUS","is_daily":false,"chose_seed":false,"campfire_upgraded":3,"win_rate":0.0,"timestamp":1613922368,"path_taken":["R","M","M","M","?","?","T","R","$","?","M","R","?","?","M","BOSS","R","M","?","$","?","?","T","?","?","R","?","M","M","?","M","BOSS"],"items_purchased_type":["Relic","Relic","Card","Potion"],"build_version":"2020-12-22","purchased_purges":0,"victory":false,"max_hp_per_floor":[71,71,71,71,71,71,71,71,71,71,71,71,71,71,71,71,48,58,58,58,58,58,58,58,58,58,58,58,58,58,58,58,58,58,58],"card_choices":[{"not_picked":[],"picked":"BettingIsNotGood","floor":0},{"not_picked":["Slimebound:LivingWall","Slimebound:FormOfPuddle"],"picked":"Slimebound:SplitBruiser","floor":2},{"not_picked":["Slimebound:LeechingTouch","Slimebound:FinishingTackle"],"picked":"Slimebound:PressTheAttack","floor":3},{"not_picked":["Slimebound:DisruptingSlam","Slimebound:FormOfPuddle"],"picked":"Slimebound:RainOfGoop","floor":4},{"not_picked":["Slimebound:AcidTongue","Slimebound:DouseInSlime"],"picked":"Slimebound:DuplicatedForm","floor":9},{"not_picked":["Slimebound:ViciousTackle","Slimebound:LeechingTouch"],"picked":"Slimebound:Gluttony","floor":10},{"not_picked":["Slimebound:HauntingLick","Slimebound:GrowthPunch"],"picked":"Slimebound:SlimeBrawl","floor":11},{"not_picked":["Slimebound:Prepare","Slimebound:Equalize"],"picked":"Bomb","floor":15},{"not_picked":["Slimebound:SlimeSlap","Slimebound:Teamwork"],"picked":"Slimebound:SelfFormingGoo","floor":16},{"not_picked":["Slimebound:Grow","Slimebound:RollThrough"],"picked":"Slimebound:LeechingTouch","floor":19},{"not_picked":["Slimebound:GoopSpray","Slimebound:LivingWall+1"],"picked":"Slimebound:SplitMire","floor":19},{"not_picked":["Slimebound:LivingWall","Slimebound:ItLooksTasty"],"picked":"Slimebound:LeechEnergy","floor":21},{"not_picked":["Slimebound:LeadByExample","Slimebound:ItLooksTasty+1"],"picked":"Slimebound:ProtectTheBoss+1","floor":26},{"not_picked":["Slimebound:SplitAcid+1","Slimebound:PressTheAttack"],"picked":"Slimebound:MassRepurpose","floor":26},{"not_picked":["Slimebound:Gluttony","Slimebound:SplitMire"],"picked":"Slimebound:Repurpose","floor":29},{"not_picked":["Slimebound:SlimeSpikes","Slimebound:SplitLeeching"],"picked":"Slimebound:LevelUp+1","floor":29},{"not_picked":["Slimebound:LivingWall","Slimebound:LeechEnergy+1"],"picked":"Slimebound:LeechingTouch","floor":30},{"not_picked":["Slimebound:LivingWall","Slimebound:SplitLeeching"],"picked":"Slimebound:Schlurp","floor":30},{"not_picked":["Slimebound:SlimeSlap","Slimebound:TongueLash"],"picked":"Slimebound:DisruptingSlam+1","floor":31},{"not_picked":["Slimebound:SplitAcid","Slimebound:LeechingTouch"],"picked":"Slimebound:LeechEnergy+1","floor":32},{"not_picked":["Slimebound:SlimeBrawl","Slimebound:Chomp"],"picked":"Slimebound:Nibble+1","floor":32}],"player_experience":248596,"relics_obtained":[{"floor":17,"key":"Tiny Chest"},{"floor":17,"key":"UnicornStump"},{"floor":17,"key":"Prayer Wheel"},{"floor":24,"key":"SharpPlug"},{"floor":25,"key":"Vajra"}],"event_choices":[{"damage_healed":0,"gold_gain":0,"player_choice":"Success","damage_taken":18,"relics_obtained":["Blue Candle"],"max_hp_gain":0,"max_hp_loss":0,"event_name":"Scrap Ooze","floor":13,"gold_loss":0},{"cards_removed":["Slimebound:Strike_Slimebound"],"damage_healed":0,"gold_gain":0,"player_choice":"Took Card","damage_taken":0,"max_hp_gain":0,"max_hp_loss":0,"event_name":"NoteForYourself","floor":20,"gold_loss":0,"cards_obtained":["Vault"]}],"is_beta":false,"boss_relics":[{"not_picked":["Tiny House","Pandora\u0027s Box"],"picked":"Calling Bell"},{"not_picked":[]}],"items_purged_floors":[],"is_endless":false,"potions_floor_spawned":[2,4,10,16,30,32],"killed_by":"IC_MUSHROOM_ARCHETYPE","ascension_level":0}}