{"host":"q6l9o5ad25lrm2yj","time":1613913024,"event":{"mods":["BaseMod","BetterRewards","Colored Powertips","Lobotomy","Marisa£®ÏF”Í°°ƒß¿Ì…≥£©","Minty Spire (QoL Compilation)","Replay The Spire","StSLib","[IsaacMod]“‘»ˆº‚À˛"],"gold_per_floor":[111,124,137,137,137,137,156,156,183,201,94,112,287,301,301,396,396,408,408,22,37,37,66,66,97,149,164,263,263,263,275,275,376,376,395,249,304,304,304,304,317,317,344,344,394,412,68,68,68,68,68,68,68],"floor_reached":52,"language":"ZHS","playtime":5304,"items_purged":["Doubt","Alriune"],"score":638,"play_id":"5f254d63-62ff-4f6b-8daa-08bdd90a40b5","local_time":"20210221211024","is_ascension_mode":false,"campfire_choices":[{"data":"PropBag","floor":6.0,"key":"SMITH"},{"data":"StarDustReverie","floor":8.0,"key":"SMITH"},{"floor":15.0,"key":"DIG"},{"data":"MillisecondPulsars","floor":24.0,"key":"SMITH"},{"floor":29.0,"key":"REST"},{"data":"Forethought","floor":42.0,"key":"SMITH"},{"data":"EpicFetus","floor":44.0,"key":"SMITH"},{"data":"PropBag","floor":49,"key":"SMITH"}],"circlet_count":0,"master_deck":["Apo_Pray","Apo_SoulSlash","Apo_Charge","Apo_Charge","Apo_Charge","Apo_Charge","Apo_Beam","Apo_Beam","Apo_Beam","Apo_Execute","Apo_Slash","Apo_Slash","Apo_SoulSlash"],"relics":["MiniHakkero","HushsDoor","Chaos","CogitoBucket","Theresia","Ring of Chaos","Replay:Ringing Soul","Cursed Key","DoctorsRemote","Red Mask","Sling","JudasShadow","AspirationHeart","Runic Pyramid","Kintsugi","AtMidnight","BehaviorAdjustment","CaptainsWheel","Iron Hammer","Membership Card","War Paint","Orrery","Mercury Hourglass","Shuriken","Sundial","ApostleMask","Mark of the Bloom"],"acts_visited":["Exordium","TheCity","TheBeyond"],"potions_floor_usage":[52],"damage_taken":[{"damage":0.0,"enemies":"Small Slimes","floor":1.0,"turns":4.0},{"damage":1.0,"enemies":"Cultist","floor":2.0,"turns":3.0},{"damage":10.0,"enemies":"Jaw Worm","floor":3.0,"turns":4.0},{"damage":34.0,"enemies":"Exordium Thugs","floor":7.0,"turns":7.0},{"damage":22.0,"enemies":"Looter","floor":10.0,"turns":4.0},{"damage":28.0,"enemies":"2 Fungi Beasts","floor":12.0,"turns":7.0},{"damage":14.0,"enemies":"3 Louse","floor":14.0,"turns":4.0},{"damage":85.0,"enemies":"The Guardian","floor":16.0,"turns":12.0},{"damage":21.0,"enemies":"Spheric Guardian","floor":18.0,"turns":4.0},{"damage":50.0,"enemies":"Chosen","floor":21.0,"turns":6.0},{"damage":55.0,"enemies":"Masked Bandits","floor":23.0,"turns":5.0},{"damage":82.0,"enemies":"Book of Stabbing","floor":25.0,"turns":6.0},{"damage":82.0,"enemies":"Snecko","floor":27.0,"turns":6.0},{"damage":49.0,"enemies":"Cultist and Chosen","floor":31.0,"turns":7.0},{"damage":81.0,"enemies":"Champ","floor":33.0,"turns":14.0},{"damage":11.0,"enemies":"3 Darklings","floor":35.0,"turns":4.0},{"damage":78.0,"enemies":"2 Orb Walkers","floor":37.0,"turns":3.0},{"damage":144.0,"enemies":"Orb Walker","floor":41.0,"turns":14.0},{"damage":97.0,"enemies":"Nemesis","floor":43.0,"turns":6.0},{"damage":66,"enemies":"Spire Growth","floor":46,"turns":5},{"damage":133,"enemies":"Donu and Deca","floor":52,"turns":15}],"seed_played":"5818111305725325893","potions_obtained":[{"floor":2.0,"key":"Block Potion"},{"floor":7.0,"key":"Swift Potion"},{"floor":12.0,"key":"AttackPotion"},{"floor":18.0,"key":"Fruit Juice"},{"floor":25.0,"key":"Adrenaline Potion"},{"floor":32.0,"key":"EntropicBrew"},{"floor":32.0,"key":"PowerPotion"},{"floor":33.0,"key":"BottledSpark"},{"floor":41.0,"key":"ColorlessPotion"},{"floor":46,"key":"Strength Potion"}],"is_trial":false,"path_per_floor":["M","M","M","?","$","R","M","R","T","M","$","M","?","M","R","B",null,"M","?","$","M","$","?","R","E","T","M","?","R","?","M","R","B",null,"M","$","?","?","PTL","PTL","M","R","E","R","T","M","$","?","R","M","R","B"],"character_chosen":"MARISA","items_purchased":["PowerUp","GrandCross","DoctorsRemote","DragonMeteor","DC","Membership Card","War Paint","PropBag","Orrery"],"campfire_rested":1,"item_purchase_floors":[11,11,20,20,36,47,47,47,47],"current_hp_per_floor":[75,75,66,66,66,66,75,75,75,69,69,75,75,73,73,49,75,66,69,72,75,75,65,65,51,54,43,43,77,80,104,104,122,123,124,127,94,94,94,94,135,135,120,120,123,132,135,138,138,130,130,0,0],"gold":68,"neow_bonus":"","is_daily":false,"chose_seed":false,"campfire_upgraded":6,"win_rate":0.0,"timestamp":1613913024,"path_taken":["M","M","M","?","?","R","M","R","T","?","$","M","?","?","R","BOSS","M","?","$","M","?","?","R","E","T","M","?","R","?","M","R","BOSS","M","$","?","?","PTL","PTL","M","R","E","R","T","M","?","?","R","M","R","BOSS"],"items_purchased_type":["Card","Card","Relic","Card","Card","Relic","Relic","Card","Relic"],"build_version":"2020-12-22","purchased_purges":2,"victory":false,"max_hp_per_floor":[75,75,75,75,75,75,75,75,75,75,75,75,75,75,75,75,75,83,86,89,92,92,95,95,98,101,114,114,114,117,120,120,123,123,126,129,132,132,132,132,135,135,138,138,141,144,147,150,150,150,150,150,150],"card_choices":[{"not_picked":[],"picked":"EpicFetus","floor":0.0},{"not_picked":["MysteriousBeam","MeteoricShower"],"picked":"RefractionSpark","floor":1.0},{"not_picked":["Murderer","FairyFestival"],"picked":"Bloodbath","floor":1.0},{"not_picked":["6A","LuminesStrike"],"picked":"PropBag","floor":2.0},{"not_picked":["ShyLook","FairyFestival"],"picked":"WallGazer","floor":2.0},{"not_picked":["NakedNest","Murderer"],"picked":"DreamingCurrent","floor":3.0},{"not_picked":["GalacticHalo","SprinkleStarSeal"],"picked":"StarDustReverie","floor":3.0},{"not_picked":["GalaxyChild","Porccubus"],"picked":"Wellcheers","floor":7.0},{"not_picked":["Bomb","EarthLightRay"],"picked":"PulseMagic","floor":7.0},{"not_picked":["VoidDream","BeautyBeast"],"picked":"OldLady","floor":10.0},{"not_picked":["Acceleration","MysteriousBeam"],"picked":"ShootTheMoon","floor":10.0},{"not_picked":["OneTimeOff","EnergyRecoil"],"picked":"StarlightTyphoon","floor":12.0},{"not_picked":["Murderer","VoidDream"],"picked":"CherryBlossoms","floor":12.0},{"not_picked":["Scorched","FairyFestival"],"picked":"ShyLook","floor":14.0},{"not_picked":["6A","DragonMeteor"],"picked":"EnergyFlow","floor":14.0},{"not_picked":["OSAHOGD","NakedNest","VoidDream"],"picked":"Singing Bowl","floor":16.0},{"not_picked":["Scarecrow","FieryBird"],"picked":"CrumblingArmor","floor":16.0},{"not_picked":["FinalSpark","AbsoluteMagnitude"],"picked":"MillisecondPulsars","floor":16.0},{"not_picked":["Rudolta","MeatLantern"],"picked":"NothingThere","floor":18.0},{"not_picked":["LuminesStrike","Acceleration"],"picked":"GrandCross","floor":18.0},{"not_picked":["MagicChant","PowerUp"],"picked":"AsteroidBelt","floor":21.0},{"not_picked":["WhitesApple","GreedKing"],"picked":"UniverseFragment","floor":21.0},{"not_picked":["IllusionStar+1","WitchOfGreed"],"picked":"ManaConvection","floor":23.0},{"not_picked":["Murderer","OSAHOGD"],"picked":"BeautyBeast","floor":23.0},{"not_picked":["Orbital","IllusionStar+1"],"picked":"MagicChant","floor":25.0},{"not_picked":["Freischutz","BodiesMountain"],"picked":"Laetitia","floor":25.0},{"not_picked":["DragonMeteor+1","OneTimeOff+1"],"picked":"ChargingUp","floor":27.0},{"not_picked":["PunishingBird","MHz","Murderer"],"picked":"Singing Bowl","floor":27.0},{"not_picked":["HappyTeddy","Scorched"],"picked":"RedShoes","floor":27.0},{"not_picked":["ShootingEcho+1","6A+1"],"picked":"GrandCross+1","floor":31.0},{"not_picked":["NakedNest","PunishingBird"],"picked":"Funeral","floor":31.0},{"not_picked":["BigCrunch","JA"],"picked":"MaximisePower","floor":33.0},{"not_picked":["BodiesMountain","Woodsman"],"picked":"WhitesApple","floor":33.0},{"not_picked":["WitchOfGreed+1","DarkMatter+1"],"picked":"FairyDestructionRay","floor":35.0},{"not_picked":["FieryBird","MeltingLove"],"picked":"Alriune","floor":35.0},{"not_picked":["DespairKnight","Variant"],"picked":"Mercenary","floor":37.0},{"not_picked":["ChargingUp+1","WitchOfGreed+1"],"picked":"GravityBeat","floor":37.0},{"not_picked":["SuperNova","WitchOfGreed"],"picked":"MachineGunSpark","floor":41.0},{"not_picked":["HeroicMonk","LittleHelper"],"picked":"CENSORED","floor":41.0},{"not_picked":["PowerUp","DragonMeteor"],"picked":"PropBag+1","floor":43.0},{"not_picked":["BigBird","GreedKing"],"picked":"PlagueDoctor","floor":43.0},{"not_picked":["RefractionSpark+1","DC"],"picked":"OortCloud","floor":46},{"not_picked":["FieryBird","LongBird"],"picked":"Yin","floor":46},{"not_picked":["MaximisePower","MysteriousBeam"],"picked":"StarBarrage+1","floor":47},{"not_picked":["StarlightTyphoon+1","DragonMeteor+1"],"picked":"ShootingEcho+1","floor":47},{"not_picked":["Robbery+1","DarkSpark+1"],"picked":"EarthLightRay","floor":47},{"not_picked":["MysteriousBeam","IllusionStar+1"],"picked":"6A+1","floor":47},{"not_picked":["OortCloud","WitchOfGreed+1"],"picked":"UltimateShortwave","floor":47}],"player_experience":29017,"relics_obtained":[{"floor":15.0,"key":"Ring of Chaos"},{"floor":23.0,"key":"Red Mask"},{"floor":25.0,"key":"Sling"},{"floor":26.0,"key":"JudasShadow"},{"floor":37.0,"key":"Kintsugi"},{"floor":41.0,"key":"AtMidnight"},{"floor":43.0,"key":"CaptainsWheel"},{"floor":45.0,"key":"Iron Hammer"}],"event_choices":[{"damage_healed":0.0,"max_hp_gain":0.0,"max_hp_loss":0.0,"gold_gain":175.0,"event_name":"Liars Game","player_choice":"AGREE","floor":13.0,"gold_loss":0.0,"damage_taken":0.0,"cards_obtained":["Doubt"]},{"damage_healed":0.0,"max_hp_gain":0.0,"max_hp_loss":0.0,"gold_gain":0.0,"event_name":"Masked Bandits","player_choice":"Fought Bandits","floor":23.0,"gold_loss":0.0,"damage_taken":0.0},{"damage_healed":0.0,"max_hp_gain":0.0,"max_hp_loss":0.0,"gold_gain":99.0,"event_name":"Nest","player_choice":"Stole From Cult","floor":28.0,"gold_loss":0.0,"damage_taken":0.0},{"damage_healed":0.0,"max_hp_gain":0.0,"max_hp_loss":0.0,"gold_gain":0.0,"event_name":"Match and Keep!","player_choice":"2 cards matched","floor":30.0,"gold_loss":0.0,"damage_taken":0.0,"cards_obtained":["Forethought","OrrerysSun"]},{"damage_healed":0.0,"max_hp_gain":0.0,"max_hp_loss":0.0,"gold_gain":0.0,"event_name":"Mysterious Sphere","player_choice":"Fight","floor":37.0,"gold_loss":0.0,"damage_taken":0.0},{"damage_healed":0,"gold_gain":0,"player_choice":"2 cards matched","damage_taken":0,"max_hp_gain":0,"max_hp_loss":0,"event_name":"Match and Keep!","floor":48,"gold_loss":0,"cards_obtained":["JA","MasterSpark"]},{"damage_healed":0,"gold_gain":0,"player_choice":"Upgrade","damage_taken":0,"relics_obtained":["Mark of the Bloom"],"max_hp_gain":0,"max_hp_loss":0,"event_name":"MindBloom","floor":51,"gold_loss":0,"cards_upgraded":[]}],"is_beta":false,"boss_relics":[{"not_picked":["Anchor","Pear"],"picked":"Replay:Ringing Soul"},{"not_picked":[]},{"not_picked":["AmplifyWand","Philosopher\u0027s Stone"],"picked":"Runic Pyramid"},{"not_picked":[]}],"items_purged_floors":[20,36],"is_endless":false,"potions_floor_spawned":[2,7,12,18,25,33,41,46],"killed_by":"Donu and Deca","ascension_level":0}}