{"host":"1lxw72ckkilnkgp7","time":1613912314,"event":{"mods":["ATMod(阿瑾Mod)","BaseMod","BetterRewards","Custom Start","Marisa（F雨　魔理沙）","Minty Spire (QoL Compilation)","Quick Restart","Replay The Spire","Shop Mod","StSLib","The Servant 0.9.4","[IsaacMod]以撒尖塔","[功能]功能增强和修复MOD"],"gold_per_floor":[118,118,44,55,55,83,83,83,151,162,162,162,181,181,181,280,280,296,296],"floor_reached":18,"language":"ZHS","playtime":1017,"items_purged":[],"score":285,"play_id":"f2eecc93-5d16-4b0f-8aa1-1c0e47a3a3ae","local_time":"20210221205834","daily_mods":["Flight"],"is_ascension_mode":false,"campfire_choices":[{"data":"1","floor":7,"key":"LIFT"},{"data":"2","floor":8,"key":"LIFT"},{"data":"3","floor":15,"key":"LIFT"}],"circlet_count":0,"master_deck":["Shrug It Off+1","Rage+1","Shrug It Off+1","Pommel Strike+1","Pommel Strike+1"],"relics":["Burning Blood","AT_ATBox","HushsDoor","KeepersGift","Another Sword","Ice Cream","Medical Kit","ReplayTheSpireMod:Ninjato","Sundial","Replay:Baseball","TheAbacus","Nunchaku","GuppysHead","GuppysTail","GuppysPaw","Calipers","DeadEye","Replay:Multitool","Ornamental Fan","Kunai","MoneyPower","Girya","BewitchedHakkero","AT_GuinsooRageblade","Happy Flower","Replay:Bottled Steam","Ooze Armor"],"acts_visited":["Exordium","TheCity"],"potions_floor_usage":[],"damage_taken":[{"damage":0,"enemies":"2 Louse","floor":1,"turns":1},{"damage":0,"enemies":"Jaw Worm","floor":4,"turns":1},{"damage":0,"enemies":"Lagavulin","floor":6,"turns":1},{"damage":0,"enemies":"Cultist","floor":10,"turns":1},{"damage":0,"enemies":"Looter","floor":13,"turns":1},{"damage":0,"enemies":"Slime Boss","floor":16,"turns":2},{"damage":0,"enemies":"2 Thieves","floor":18,"turns":1}],"seed_played":"5522822424696118480","potions_obtained":[{"floor":1,"key":"Swift Potion"},{"floor":4,"key":"Dexterity Potion"},{"floor":13,"key":"BlessingOfTheForge"}],"is_trial":true,"path_per_floor":["M","?","$","M","?","E","R","R","T","M","?","$","M","?","R","B",null,"M"],"character_chosen":"IRONCLAD","items_purchased":["Happy Flower"],"campfire_rested":0,"item_purchase_floors":[3],"current_hp_per_floor":[80,80,80,80,80,80,80,80,80,80,80,80,80,80,80,80,80,80,80],"gold":296,"neow_bonus":"","is_daily":false,"chose_seed":false,"campfire_upgraded":0,"win_rate":0.0,"timestamp":1613912314,"path_taken":["M","?","$","?","?","E","R","R","T","?","?","?","?","?","R","BOSS","M"],"items_purchased_type":["Relic"],"build_version":"2020-12-22","purchased_purges":0,"victory":false,"max_hp_per_floor":[80,80,80,80,80,80,80,80,80,80,80,80,80,80,80,80,80,80,80],"card_choices":[{"not_picked":[],"picked":"BettingIsNotGood","floor":0},{"not_picked":["AT_DrawKnifeCut","Combust","Headbutt"],"picked":"SKIP","floor":1},{"not_picked":["Replay:Undeath\u0027s Touch","Twin Strike","Perfected Strike"],"picked":"SKIP","floor":4},{"not_picked":["Replay:Many Hands","Demon Form","Heavy Blade"],"picked":"SKIP","floor":6},{"not_picked":["True Grit","AT_IchimonjiDouble","Anger"],"picked":"SKIP","floor":10},{"not_picked":["AT_DiedThrough","Bomb","Rupture"],"picked":"SKIP","floor":13},{"not_picked":["Sentinel","Inflame","Heavy Blade"],"picked":"SKIP","floor":18}],"player_experience":149431,"relics_obtained":[{"floor":6,"key":"Replay:Bottled Steam"}],"event_choices":[{"damage_healed":0,"gold_gain":0,"player_choice":"Ignored","damage_taken":0,"max_hp_gain":0,"max_hp_loss":0,"event_name":"Liars Game","floor":2,"gold_loss":0},{"damage_healed":0,"gold_gain":0,"player_choice":"Leave","damage_taken":0,"max_hp_gain":0,"max_hp_loss":0,"event_name":"The Cleric","floor":5,"gold_loss":0}],"is_beta":false,"boss_relics":[{"not_picked":["Cursed Key","MagicMushroom"],"picked":"Ooze Armor"},{"not_picked":[]}],"items_purged_floors":[],"is_endless":false,"potions_floor_spawned":[1,4,6,6,6,13,18],"killed_by":"2 Thieves","ascension_level":0}}