{"host":"y13mj1mxwnd5xx1x","time":1613890373,"event":{"mods":["AchievementEnabler","BaseMod","Minty Spire (QoL Compilation)"],"gold_per_floor":[112,122,122,139,151,151,185,185,185,185,246,246,259,293,293,389,389,401,213,227,296,308,308,308],"floor_reached":23,"language":"ENG","playtime":1039,"items_purged":["Strike_B"],"score":226,"play_id":"a01faa90-f89c-4977-bd2a-b23f3bb0a15d","local_time":"20210221005253","is_ascension_mode":true,"campfire_choices":[{"data":"Ball Lightning","floor":6,"key":"SMITH"},{"data":"Dualcast","floor":8,"key":"SMITH"},{"data":"Zap","floor":10,"key":"SMITH"},{"data":"Lockon","floor":12,"key":"SMITH"},{"data":"Barrage","floor":15,"key":"SMITH"}],"circlet_count":0,"master_deck":["Strike_B","Strike_B","Defend_B","Defend_B","Defend_B","Defend_B","Zap+1","Dualcast+1","Blizzard","Self Repair","Ball Lightning+1","Barrage+1","BootSequence","Sweeping Beam","Lockon+1","Leap","Ball Lightning","All For One","Defragment","Glacier","Tempest+1","Redo","Conserve Battery+1"],"relics":["Cracked Core","SsserpentHead","Toy Ornithopter","Nunchaku","Ornamental Fan","Cursed Key"],"acts_visited":["Exordium","TheCity"],"potions_floor_usage":[7],"damage_taken":[{"damage":0,"enemies":"Small Slimes","floor":1,"turns":4},{"damage":0,"enemies":"Cultist","floor":2,"turns":4},{"damage":12,"enemies":"Jaw Worm","floor":4,"turns":2},{"damage":11,"enemies":"Blue Slaver","floor":5,"turns":4},{"damage":17,"enemies":"3 Sentries","floor":7,"turns":6},{"damage":4,"enemies":"Red Slaver","floor":11,"turns":3},{"damage":0,"enemies":"Looter","floor":13,"turns":2},{"damage":21,"enemies":"Lagavulin","floor":14,"turns":5},{"damage":39,"enemies":"Hexaghost","floor":16,"turns":8},{"damage":0,"enemies":"Spheric Guardian","floor":18,"turns":3},{"damage":7,"enemies":"2 Thieves","floor":20,"turns":4},{"damage":15,"enemies":"Centurion and Healer","floor":21,"turns":7},{"damage":20,"enemies":"Sentry and Sphere","floor":22,"turns":5},{"damage":59,"enemies":"Gremlin Leader","floor":23,"turns":6}],"seed_played":"3532001978977386545","potions_obtained":[{"floor":1,"key":"Swift Potion"},{"floor":2,"key":"Block Potion"},{"floor":7,"key":"Fruit Juice"},{"floor":14,"key":"Dexterity Potion"}],"is_trial":false,"path_per_floor":["M","M","?","M","M","R","E","R","T","R","M","R","M","E","R","B",null,"M","$","M","M","M","E"],"character_chosen":"DEFECT","items_purchased":["Defragment","Glacier"],"campfire_rested":0,"item_purchase_floors":[19,19],"current_hp_per_floor":[75,75,75,70,66,66,66,66,66,66,69,69,76,62,62,30,80,80,80,80,72,59,0,0],"gold":308,"neow_bonus":"TRANSFORM_CARD","is_daily":false,"chose_seed":false,"campfire_upgraded":5,"win_rate":0.0,"timestamp":1613890373,"path_taken":["M","M","?","M","M","R","E","R","T","R","?","R","M","E","R","BOSS","M","$","M","?","M","E"],"items_purchased_type":["Card","Card"],"build_version":"2020-12-22","purchased_purges":1,"victory":false,"max_hp_per_floor":[75,75,75,75,75,75,80,80,80,80,80,80,80,80,80,80,80,80,80,80,80,80,80,80],"card_choices":[{"not_picked":["Stack","Undo"],"picked":"Self Repair","floor":1},{"not_picked":["Conserve Battery","Beam Cell"],"picked":"Ball Lightning","floor":2},{"not_picked":["Hello World","Steam"],"picked":"Barrage","floor":4},{"not_picked":["Streamline","Stack"],"picked":"BootSequence","floor":5},{"not_picked":["Melter","Streamline"],"picked":"Sweeping Beam","floor":7},{"not_picked":["BootSequence","Compile Driver"],"picked":"Lockon","floor":11},{"not_picked":["Steam Power","Sweeping Beam"],"picked":"Leap","floor":13},{"not_picked":["Redo","Force Field"],"picked":"Ball Lightning","floor":14},{"not_picked":["Machine Learning","Thunder Strike"],"picked":"All For One","floor":16},{"not_picked":["Fusion","Turbo","Melter+1"],"picked":"SKIP","floor":18},{"not_picked":["Barrage+1","Streamline"],"picked":"Tempest+1","floor":20},{"not_picked":["Compile Driver","Tempest+1"],"picked":"Redo","floor":21},{"not_picked":["Aggregate+1","Beam Cell"],"picked":"Conserve Battery+1","floor":22}],"player_experience":190025,"relics_obtained":[{"floor":7,"key":"Toy Ornithopter"},{"floor":9,"key":"Nunchaku"},{"floor":14,"key":"Ornamental Fan"}],"event_choices":[{"damage_healed":0,"gold_gain":0,"player_choice":"Trade","damage_taken":0,"relics_obtained":["SsserpentHead"],"max_hp_gain":0,"max_hp_loss":0,"event_name":"FaceTrader","floor":3,"gold_loss":0}],"is_beta":false,"boss_relics":[{"not_picked":["Astrolabe","Runic Pyramid"],"picked":"Cursed Key"}],"items_purged_floors":[19],"is_endless":false,"potions_floor_spawned":[1,2,7,14,16,21,22],"killed_by":"Gremlin Leader","ascension_level":2}}