{"host":"snampf0t8p8psf53","time":1613898340,"event":{"mods":["AchievementEnabler","BaseMod","Bestiary","DeckTracker","Minty Spire (QoL Compilation)","Permanent Neow","SuperFastMode"],"gold_per_floor":[110,120,131,131,143,168,187,206,254,254,269,170,181,196,196,293,293,313,327,346,362,379,407,407,407],"floor_reached":24,"language":"ENG","playtime":1275,"items_purged":[],"score":253,"play_id":"d1399dad-2316-4a15-bd5d-e1f5c50cc47a","local_time":"20210221010540","is_ascension_mode":false,"campfire_choices":[{"floor":10,"key":"RECALL"},{"floor":15,"key":"REST"}],"circlet_count":0,"master_deck":["Strike_P","Strike_P+1","Strike_P","Strike_P","Defend_P","Defend_P","Defend_P+1","Defend_P","Eruption+1","Vigilance+1","LessonLearned+1","SandsOfTime+1","FlurryOfBlows+1","WindmillStrike","CutThroughFate","MentalFortress","EmptyFist+1","SpiritShield","Scrawl","CutThroughFate","FearNoEvil","FearNoEvil","ClearTheMind"],"relics":["HolyWater","Vajra","Juzu Bracelet","Matryoshka","The Courier","Omamori"],"acts_visited":["Exordium","TheCity"],"potions_floor_usage":[6,6,11,14,23,24,24],"damage_taken":[{"damage":0,"enemies":"Small Slimes","floor":1,"turns":1},{"damage":6,"enemies":"Jaw Worm","floor":2,"turns":3},{"damage":1,"enemies":"2 Louse","floor":3,"turns":2},{"damage":20,"enemies":"Looter","floor":5,"turns":4},{"damage":0,"enemies":"Gremlin Nob","floor":6,"turns":2},{"damage":8,"enemies":"Red Slaver","floor":7,"turns":2},{"damage":8,"enemies":"3 Louse","floor":8,"turns":3},{"damage":6,"enemies":"Large Slime","floor":11,"turns":4},{"damage":9,"enemies":"2 Fungi Beasts","floor":13,"turns":4},{"damage":5,"enemies":"Exordium Wildlife","floor":14,"turns":3},{"damage":20,"enemies":"Slime Boss","floor":16,"turns":5},{"damage":0,"enemies":"Spheric Guardian","floor":18,"turns":1},{"damage":5,"enemies":"2 Thieves","floor":19,"turns":4},{"damage":22,"enemies":"Snecko","floor":20,"turns":3},{"damage":17,"enemies":"3 Cultists","floor":21,"turns":4},{"damage":22,"enemies":"Snake Plant","floor":22,"turns":4},{"damage":2,"enemies":"Slavers","floor":23,"turns":6},{"damage":17,"enemies":"Cultist and Chosen","floor":24,"turns":4}],"seed_played":"-2202215406563345286","potions_obtained":[{"floor":2,"key":"SkillPotion"},{"floor":5,"key":"Strength Potion"},{"floor":8,"key":"Weak Potion"},{"floor":11,"key":"Fruit Juice"},{"floor":18,"key":"SkillPotion"},{"floor":22,"key":"FearPotion"},{"floor":23,"key":"DistilledChaos"}],"is_trial":false,"path_per_floor":["M","M","M","?","M","E","M","M","T","R","M","$","M","M","R","B",null,"M","M","M","M","M","E","M"],"character_chosen":"WATCHER","items_purchased":["MentalFortress","EmptyFist"],"campfire_rested":1,"item_purchase_floors":[12,12],"current_hp_per_floor":[72,66,65,58,38,38,30,22,22,22,21,21,12,7,30,10,77,77,72,50,33,11,9,0,0],"gold":407,"neow_bonus":"RANDOM_COMMON_RELIC","is_daily":false,"chose_seed":false,"campfire_upgraded":0,"win_rate":0.0,"timestamp":1613898340,"path_taken":["M","M","M","?","M","E","M","M","T","R","M","$","M","M","R","BOSS","M","M","M","M","M","E","M"],"items_purchased_type":["Card","Card"],"build_version":"2020-12-22","purchased_purges":0,"victory":false,"max_hp_per_floor":[72,72,72,72,72,72,72,72,72,72,77,77,77,77,77,77,77,77,77,77,77,77,77,77,77],"card_choices":[{"not_picked":["BowlingBash","Evaluate","WheelKick"],"picked":"SKIP","floor":1},{"not_picked":["Consecrate","ReachHeaven","SignatureMove"],"picked":"SKIP","floor":2},{"not_picked":["ThirdEye","Vengeance"],"picked":"LessonLearned","floor":3},{"not_picked":["Consecrate","Protect"],"picked":"SandsOfTime","floor":5},{"not_picked":["CutThroughFate","ThirdEye"],"picked":"FlurryOfBlows","floor":6},{"not_picked":["FlyingSleeves","Adaptation","Halt"],"picked":"SKIP","floor":7},{"not_picked":["FlyingSleeves","PathToVictory"],"picked":"WindmillStrike","floor":8},{"not_picked":["ThirdEye","JustLucky"],"picked":"CutThroughFate","floor":11},{"not_picked":["FollowUp","Evaluate","PathToVictory"],"picked":"SKIP","floor":13},{"not_picked":["CutThroughFate","FlyingSleeves"],"picked":"SpiritShield","floor":14},{"not_picked":["ConjureBlade","MasterReality"],"picked":"Scrawl","floor":16},{"not_picked":["Halt","WreathOfFlame"],"picked":"CutThroughFate","floor":18},{"not_picked":["Perseverance+1","Consecrate","Meditate+1"],"picked":"SKIP","floor":19},{"not_picked":["CarveReality+1","FollowUp"],"picked":"FearNoEvil","floor":20},{"not_picked":["Evaluate","SashWhip","Meditate"],"picked":"SKIP","floor":21},{"not_picked":["WreathOfFlame+1","Nirvana+1"],"picked":"FearNoEvil","floor":22},{"not_picked":["CutThroughFate","JustLucky+1"],"picked":"ClearTheMind","floor":23}],"player_experience":144494,"relics_obtained":[{"floor":6,"key":"Matryoshka"},{"floor":9,"key":"The Courier"},{"floor":23,"key":"Omamori"}],"event_choices":[{"damage_healed":0,"gold_gain":0,"player_choice":"Success","damage_taken":7,"relics_obtained":["Juzu Bracelet"],"max_hp_gain":0,"max_hp_loss":0,"event_name":"Scrap Ooze","floor":4,"gold_loss":0}],"is_beta":false,"boss_relics":[{"not_picked":["Velvet Choker","Calling Bell"],"picked":"HolyWater"}],"items_purged_floors":[],"is_endless":false,"potions_floor_spawned":[2,5,8,11,18,22,23],"killed_by":"Cultist and Chosen","ascension_level":0}}