{"host":"fortuna","time":1613929005,"event":{"mods":["100% Spire Juice","Act Like it!","BaseMod","CapriCore","Gensokyo","Hallownest","Koishi","Minty Spire (QoL Compilation)","MostiFishMod","Reimu£®≤©¿ˆ¡È√Œ£©","Relic Stats","StSLib","The Alterego","The Animator","The Bug Knight","The Immortal","The Senshi","Waifu the Spire","Yakumo Yukari mod"],"gold_per_floor":[115,115,115,131,165,195,205,232,232,232,259,259,290,146,146,251,251,271,271,282,282,136,168,168,168,191,221,221,221,101,118,118,219,219,232,245,245,245,245,245,15,34,105,105,105,117,143,163,163,163],"floor_reached":51,"language":"ZHS","playtime":2029,"items_purged":["Moonworks:IntelligenceOfficer","Moonworks:Strike","Moonworks:Defend"],"score":1244,"play_id":"45b03296-9939-40f6-b1af-f246a1616d10","local_time":"20210222013645","is_ascension_mode":true,"campfire_choices":[{"data":"Moonworks:EvilMastermind","floor":12,"key":"SMITH"},{"data":"Moonworks:LuckyCharm","floor":15,"key":"SMITH"},{"data":"Moonworks:x16BigRocket+1","floor":24,"key":"SMITH"},{"data":"Moonworks:x16BigRocket+2","floor":29,"key":"SMITH"},{"data":"Moonworks:BackdoorTrade","floor":32,"key":"SMITH"},{"data":"Moonworks:Encore","floor":40,"key":"SMITH"},{"data":"Apotheosis","floor":45,"key":"SMITH"},{"data":"Moonworks:Dash","floor":49,"key":"SMITH"}],"circlet_count":0,"master_deck":["Moonworks:Strike","Moonworks:Strike","Moonworks:Defend","Moonworks:Defend","Moonworks:Ambush","Moonworks:LongDistanceShot","Moonworks:LuckyCharm+1","Moonworks:Poppoformation","Moonworks:EvilSpyWorkPreparation","Moonworks:NicePresent","Moonworks:GoAway","Moonworks:AwakeningOfTalent","Moonworks:TreasureThief","Moonworks:x16BigRocket+3","Moonworks:Flamethrower","Moonworks:BackdoorTrade+1","Moonworks:SweetBattle","Moonworks:Encore+1","Gensokyo:NewMoon","Moonworks:EvilSpyWorkPreparation+1","Moonworks:BigBangBell+1","Moonworks:ShieldCounter","Moonworks:ExtendedPhotonRifle+1","Apotheosis+1","Moonworks:NicePresent+1","Moonworks:RedAndBlue","Moonworks:Dash+1","Moonworks:RagingMadness+1","Moonworks:BigMagnum+1"],"relics":["Moonworks:BrokenBomb","Moonworks:Homemark","DaveBox","NeowsBlessing","SynthV:TestCard","HollowDreamFlower","Gensokyo:Justice","HollowMod:QueensCombRelic","Sundial","Ornamental Fan","MealTicket","Bottled Lightning","Civilization","Cursed Key","Gensokyo:DirgeOfMelancholy","Gensokyo:MosesMiracle","DiscerningMonocle","Omamori","CaptainsWheel","Tea:ReiMu","Dodecahedron","Akabeko","theSenshi:SailorFukuRelic","Gremlin Horn","SentryEyes","OrangePellets","Philosopher\u0027s Stone","Potion Belt","Prayer Wheel","InkBottle","Centennial Puzzle","Orichalcum"],"acts_visited":["Gensokyo:Gensokyo","Gensokyo:Gensokyoer","Gensokyo:Gensokyoest"],"potions_floor_usage":[16,16,27,48],"damage_taken":[{"damage":0,"enemies":"Gensokyo:Gryphon","floor":1,"turns":1},{"damage":0,"enemies":"Gensokyo:2_Kodama","floor":4,"turns":1},{"damage":0,"enemies":"Gensokyo:Aya","floor":5,"turns":1},{"damage":22,"enemies":"Gensokyo:Cirno","floor":6,"turns":6},{"damage":0,"enemies":"Gensokyo:3_Fairies","floor":7,"turns":5},{"damage":4,"enemies":"Gensokyo:Aya","floor":8,"turns":6},{"damage":5,"enemies":"Gensokyo:Mamizou","floor":11,"turns":7},{"damage":18,"enemies":"Gensokyo:Cirno","floor":13,"turns":6},{"damage":4,"enemies":"Gensokyo:Reimu","floor":16,"turns":8},{"damage":0,"enemies":"Gensokyo:CosmicMonolith","floor":18,"turns":3},{"damage":0,"enemies":"Gensokyo:3_Dogs","floor":20,"turns":3},{"damage":0,"enemies":"Gensokyo:Tenshi","floor":23,"turns":3},{"damage":0,"enemies":"Gensokyo:Koishi","floor":27,"turns":3},{"damage":0,"enemies":"Gensokyo:Chomper_and_Gloop","floor":31,"turns":2},{"damage":0,"enemies":"Gensokyo:Eternal_Rivals","floor":33,"turns":5},{"damage":0,"enemies":"Gensokyo:AncientGuardian","floor":35,"turns":2},{"damage":0,"enemies":"Gensokyo:3_Boulders","floor":36,"turns":2},{"damage":16,"enemies":"Gensokyo:4_Bats","floor":41,"turns":2},{"damage":5,"enemies":"Gensokyo:Dusk_and_Dawn","floor":42,"turns":2},{"damage":0,"enemies":"Gensokyo:AtlasGolem","floor":46,"turns":2},{"damage":0,"enemies":"Gensokyo:Doremy","floor":47,"turns":3},{"damage":5,"enemies":"Gensokyo:Sharpion","floor":48,"turns":2},{"damage":24,"enemies":"Gensokyo:Shinki","floor":50,"turns":4}],"seed_played":"-4526407208437393256","potions_obtained":[{"floor":4,"key":"Dexterity Potion"},{"floor":6,"key":"EntropicBrew"},{"floor":7,"key":"CultistPotion"},{"floor":23,"key":"AttackPotion"},{"floor":31,"key":"EssenceOfSteel"},{"floor":48,"key":"SteroidPotion"}],"is_trial":false,"path_per_floor":["M","?","$","M","?","E","M","E","T","?","E","R","E","COS","R","B",null,"M","?","M","?","COS","E","R","$","T","E","?","R","$","M","R","B",null,"M","M","?","$","?","R","M","M","T","$","R","M","E","M","R","B",null],"character_chosen":"THE_STARBREAKER","items_purchased":["CaptainsWheel","Tea:ReiMu","Dodecahedron","Gremlin Horn","SentryEyes","OrangePellets","Moonworks:Flamethrower","Moonworks:BackdoorTrade","Potion Belt","Prayer Wheel","Fire Potion","Block Potion","Centennial Puzzle","Apotheosis"],"campfire_rested":0,"item_purchase_floors":[25,25,25,30,30,30,30,30,38,38,38,38,44,44],"current_hp_per_floor":[60,60,60,60,40,18,40,36,36,20,27,27,17,17,17,30,38,43,43,48,48,48,53,53,53,53,58,58,58,58,63,63,68,68,73,78,78,78,78,78,67,75,75,88,88,93,98,98,98,84],"gold":163,"neow_bonus":"THREE_ENEMY_KILL","is_daily":false,"chose_seed":false,"campfire_upgraded":8,"win_rate":0.0,"timestamp":1613929005,"path_taken":["M","?","$","?","?","E","M","E","T","?","E","R","E","COS","R","BOSS","M","?","M","?","COS","E","R","$","T","E","?","R","$","M","R","BOSS","M","M","?","$","?","R","M","M","T","$","R","?","E","M","R","BOSS"],"items_purchased_type":["Relic","Relic","Relic","Relic","Relic","Relic","Card","Card","Relic","Relic","Potion","Potion","Relic","Card"],"build_version":"2020-12-18","purchased_purges":3,"victory":true,"max_hp_per_floor":[60,60,60,60,40,40,40,40,40,40,40,40,40,40,40,41,41,43,43,48,48,48,53,53,53,53,58,58,58,58,63,63,68,68,73,78,78,78,78,78,83,88,88,88,88,93,98,103,103,108],"relic_stats":{"OrangePellets":[0],"Centennial Puzzle":[6],"Gremlin Horn":[9,10],"counters":[23,79],"Sundial":[14],"Ornamental Fan":[132],"MealTicket":13,"Prayer Wheel":4,"Orichalcum":[0],"Cursed Key":2,"obtain_stats":[{"DaveBox":0,"Gremlin Horn":30,"DiscerningMonocle":22,"Tea:ReiMu":25,"Gensokyo:Justice":2,"Cursed Key":17,"Civilization":14,"Frozen Eye":27,"Centennial Puzzle":44,"Sundial":6,"MealTicket":11,"Philosopher\u0027s Stone":34,"Prayer Wheel":38,"theSenshi:SailorFukuRelic":27,"HollowDreamFlower":1,"InkBottle":43,"Potion Belt":38,"HollowMod:QueensCombRelic":5,"Gensokyo:DirgeOfMelancholy":19,"NeowsBlessing":0,"Dodecahedron":25,"Gensokyo:MosesMiracle":31,"Omamori":23,"Orichalcum":47,"Akabeko":26,"OrangePellets":30,"CaptainsWheel":25,"SynthV:TestCard":1,"Ornamental Fan":8,"Moonworks:Homemark":0,"Gensokyo:DayTheSeaSplit":21,"SentryEyes":30,"Bottled Lightning":13,"Moonworks:BrokenBomb":0},{"DaveBox":0,"Gremlin Horn":13,"DiscerningMonocle":11,"Tea:ReiMu":12,"Gensokyo:Justice":1,"Cursed Key":9,"Civilization":8,"Frozen Eye":12,"Centennial Puzzle":19,"Sundial":4,"MealTicket":7,"Philosopher\u0027s Stone":15,"Prayer Wheel":17,"theSenshi:SailorFukuRelic":13,"HollowDreamFlower":1,"InkBottle":19,"Potion Belt":17,"HollowMod:QueensCombRelic":3,"Gensokyo:DirgeOfMelancholy":10,"NeowsBlessing":0,"Dodecahedron":12,"Gensokyo:MosesMiracle":14,"Omamori":12,"Orichalcum":21,"Akabeko":12,"OrangePellets":13,"CaptainsWheel":12,"SynthV:TestCard":1,"Ornamental Fan":6,"Moonworks:Homemark":0,"Gensokyo:DayTheSeaSplit":11,"SentryEyes":13,"Bottled Lightning":8,"Moonworks:BrokenBomb":0},{"DaveBox":0,"Gremlin Horn":53,"DiscerningMonocle":47,"Tea:ReiMu":50,"Gensokyo:Justice":1,"Cursed Key":41,"Civilization":33,"Frozen Eye":50,"Centennial Puzzle":68,"Sundial":9,"MealTicket":27,"Philosopher\u0027s Stone":60,"Prayer Wheel":64,"theSenshi:SailorFukuRelic":53,"HollowDreamFlower":1,"InkBottle":68,"Potion Belt":64,"HollowMod:QueensCombRelic":3,"Gensokyo:DirgeOfMelancholy":44,"NeowsBlessing":0,"Dodecahedron":50,"Gensokyo:MosesMiracle":55,"Omamori":50,"Orichalcum":73,"Akabeko":50,"OrangePellets":53,"CaptainsWheel":50,"SynthV:TestCard":1,"Ornamental Fan":20,"Moonworks:Homemark":0,"Gensokyo:DayTheSeaSplit":47,"SentryEyes":53,"Bottled Lightning":33,"Moonworks:BrokenBomb":0}],"InkBottle":[8]},"card_choices":[{"not_picked":["Moonworks:CloudOfSeagulls","Moonworks:LulusLuckyEgg"],"picked":"Moonworks:ImOnFire","floor":1},{"not_picked":["Moonworks:EvilSpyWorkPreparation","Moonworks:Heat300Percent","Moonworks:SakisCookie","Moonworks:JonathanRush"],"picked":"Moonworks:EvilMastermind","floor":4},{"not_picked":["Moonworks:NicePresent","Moonworks:SelfDestruct","Moonworks:EvilSpyWorkPreparation","Moonworks:Assault"],"picked":"Moonworks:UnluckyCharm","floor":5},{"not_picked":["Moonworks:NicePresent","Moonworks:JonathanRush","Moonworks:IndiscriminateFireSupport","Moonworks:Heat300Percent"],"picked":"Moonworks:LuckyCharm","floor":6},{"not_picked":["Moonworks:EvilSpyWorkPreparation","Moonworks:CloudOfSeagulls","Moonworks:Assault","Moonworks:SakisCookie"],"picked":"Moonworks:Poppoformation","floor":7},{"not_picked":["Moonworks:BeyondHell","Moonworks:Accelerator","Moonworks:Assault","Moonworks:ImOnFire"],"picked":"Moonworks:IntelligenceOfficer","floor":8},{"not_picked":["Moonworks:LulusLuckyEgg","Moonworks:ImOnFire","Moonworks:CastOff","Moonworks:JonathanRush"],"picked":"Moonworks:EvilSpyWorkPreparation","floor":11},{"not_picked":["Moonworks:BigMagnum","Moonworks:EvilSpyWorkPreparation","Moonworks:ImOnFire","Moonworks:AccelHyper"],"picked":"Moonworks:NicePresent","floor":13},{"not_picked":["Moonworks:ShieldCounter","Moonworks:Blazing","Moonworks:SinkOrSwim","Moonworks:OutOfAmmo"],"picked":"Moonworks:GoAway","floor":16},{"not_picked":["Moonworks:IndiscriminateFireSupport","Moonworks:MiracleWalker","Moonworks:DeployBits","Moonworks:DevilHand+1"],"picked":"Moonworks:AwakeningOfTalent","floor":18},{"not_picked":["Moonworks:EvilSpyWorkPreparation","Moonworks:CloudOfSeagulls","Moonworks:Flamethrower+1","Moonworks:DevilHand+1"],"picked":"Moonworks:TreasureThief","floor":20},{"not_picked":["Moonworks:FinalSurgery","Moonworks:JonathanRush","Moonworks:ImOnFire","Moonworks:CompletionReward"],"picked":"Moonworks:x16BigRocket+1","floor":23},{"not_picked":["Moonworks:SakisCookie","Moonworks:SelfDestruct","Moonworks:ExtendedPhotonRifle","Moonworks:CompletionReward+1","Moonworks:Assault"],"picked":"SKIP","floor":27},{"not_picked":["Moonworks:JonathanRush+1","Moonworks:SelfDestruct","Moonworks:EvilSpyWorkPreparation","Moonworks:Assault"],"picked":"Moonworks:SweetBattle","floor":31},{"not_picked":["Moonworks:AnotherUltimateWeapon","Moonworks:Blazing","Moonworks:SinkOrSwim","Moonworks:CrystalBarrier"],"picked":"Moonworks:Encore","floor":33},{"not_picked":["Moonworks:ImOnFire+1","Moonworks:LulusLuckyEgg","Moonworks:IntelligenceOfficer","Moonworks:TreasureThief","Moonworks:BigMagnum"],"picked":"SKIP","floor":35},{"not_picked":["Moonworks:DeployBits+1","Moonworks:Assault+1","Moonworks:LulusLuckyEgg","Moonworks:CloudOfSeagulls+1","Moonworks:SelfDestruct"],"picked":"SKIP","floor":36},{"not_picked":["Gensokyo:RisingWorld","Gensokyo:Dawn"],"picked":"Gensokyo:NewMoon","floor":39},{"not_picked":["Moonworks:Assault","Moonworks:BigMagnum+1","Moonworks:BeyondHell","Moonworks:SelfDestruct+1"],"picked":"Moonworks:EvilSpyWorkPreparation+1","floor":41},{"not_picked":["Moonworks:LuckyCharm+1","Moonworks:UnluckyCharm","Moonworks:NicePresent+1","Moonworks:MiracleRedBeanIceCream+1"],"picked":"Moonworks:BigBangBell+1","floor":41},{"not_picked":["Moonworks:CloudOfSeagulls+1","Moonworks:FullSpeedAlicianrone+1","Moonworks:DeployBits+1","Moonworks:Assault+1"],"picked":"Moonworks:ShieldCounter","floor":42},{"not_picked":["Moonworks:CloudOfSeagulls+1","Moonworks:MiracleRedBeanIceCream","Moonworks:Flamethrower+1","Moonworks:StiffCrystal"],"picked":"Moonworks:ExtendedPhotonRifle+1","floor":42},{"not_picked":["Moonworks:LuckyCharm","Moonworks:CompletionReward","Moonworks:Assault+1","Moonworks:DeployBits"],"picked":"Moonworks:NicePresent+1","floor":46},{"not_picked":["Moonworks:AngelHand+1","Moonworks:CloudOfSeagulls","Moonworks:NicePresent+1","Moonworks:LulusLuckyEgg+1"],"picked":"Moonworks:RedAndBlue","floor":46},{"not_picked":["Moonworks:AccelHyper","Moonworks:MiracleWalker","Moonworks:NicePresent+1","Moonworks:Assault+1"],"picked":"Moonworks:Dash","floor":47},{"not_picked":["Moonworks:CastOff+1","Moonworks:BeyondHell+1","Moonworks:NicePresent","Moonworks:Assault+1"],"picked":"Moonworks:RagingMadness+1","floor":48},{"not_picked":["Moonworks:IndiscriminateFireSupport+1","Moonworks:JonathanRush","Moonworks:RedAndBlue+1","Moonworks:ImOnFire+1"],"picked":"Moonworks:BigMagnum+1","floor":48}],"player_experience":387201,"relics_obtained":[{"floor":1,"key":"SynthV:TestCard"},{"floor":5,"key":"HollowMod:QueensCombRelic"},{"floor":6,"key":"Sundial"},{"floor":8,"key":"Ornamental Fan"},{"floor":11,"key":"MealTicket"},{"floor":13,"key":"Bottled Lightning"},{"floor":23,"key":"Omamori"},{"floor":26,"key":"Akabeko"},{"floor":27,"key":"theSenshi:SailorFukuRelic"},{"floor":31,"key":"Gensokyo:MosesMiracle"},{"floor":43,"key":"InkBottle"},{"floor":47,"key":"Orichalcum"}],"event_choices":[],"is_beta":true,"boss_relics":[{"not_picked":["GuanYuAspect","RedLine:ReiMu"],"picked":"Cursed Key"},{"not_picked":["RhineFirstAidKit","Busted Crown"],"picked":"Philosopher\u0027s Stone"}],"items_purged_floors":[25,30,44],"is_endless":false,"potions_floor_spawned":[4,6,7,13,23,31,36,47,48],"ascension_level":5}}