{"host":"gm50ke85n5jz306u","time":1613925176,"event":{"mods":["AchievementEnabler","AlwaysNeverKeys","Aspiration","BaseMod","Bestiary","Better Altar","Better Match","Better Note","Better Sensory Stone","Better Skull","Better Third Choice","Better Vampires","Better-Laid Plans","BetterRewards","Colored Powertips","Curses Come First","DNKmod","Defuse TimeMaze Blight","Disable Question Mark Monsters","Displayed Cursed Tome","Downfall","Emptier Cage","Extra Virgin Snecko Oil","Filter the Spire","Friendly Minions","Gremlin Skip","Hermit","Hubris","Hyrulean Relics","Ironclad Rager","Jorbs\u0027s Wanderer Trilogy","Koishi","Lobotomy","Marisa????????","Marked Mod","Minty Spire (QoL Compilation)","Permanent Neow","Poor People Problems","Quick Restart","Reimu??????","Relic Filter Mod","Relic Sorter","Remilia??????","Remove Card Discount Mod","Reorder Act Four","Replay The Spire","Shop Mod","StSLib","Synergy Search","Td1madao Mod","The Administrix","The Animator","The Blue Laboratory","The Bug Knight","The Construct","The Cursed","The Disciple","The Hierophant","The Necromancer","The Poker Player","The Runesmith","The Senshi","The Servant 0.9.4","Thieving Mod","Transform Curses","WarShipGirlsR/????R mod","Youmu??????"],"gold_per_floor":[10018,10028,10045,10045,10060,10060,10039,10052,10052,9093,8254,8268,8286,7452,7452,7552,7552,7536,7552,6568,6578,6578,6578,6578,6595,6595,6595,6086,6086,6098,6098,6098,6196,6196,6216,5644,5644,5661,5676,5702,5702,5717,5717,5717,5813,5824,5824,5838,5838,5838],"floor_reached":51,"language":"ENG","playtime":8826,"items_purged":["Strike_Lin:ReiMu","Stagnation:ReiMu","DependentForm:ReiMu+1","HakureiPhantom:ReiMu+1","Strike_Lin:ReiMu","Strike_Lin:ReiMu","Strike_Lin:ReiMu","NB:ReiMu","SpringWay:ReiMu","Defend_Lin:ReiMu","Defend_Lin:ReiMu","Defend_Lin:ReiMu","Defend_Lin:ReiMu","Finesse","Finesse","Authority:ReiMu","InherentArray:ReiMu+1","SpiritualOutbreak2:ReiMu","TightArray:ReiMu","Determination:ReiMu","OrbThrow:ReiMu","SpiritualOutbreak2:ReiMu","TightArray:ReiMu","YinYangSign:ReiMu","WonderfulDomain:ReiMu+1","SpreadBorder2:ReiMu","SpreadBorder2:ReiMu","SpreadBorder2:ReiMu"],"score":946,"play_id":"efd27bcd-36c4-44ff-a7ba-afe6451c9475","local_time":"20210221173255","is_ascension_mode":false,"campfire_choices":[{"data":"InherentArray:ReiMu","floor":6.0,"key":"SMITH"},{"data":"DependentForm:ReiMu","floor":15.0,"key":"SMITH"},{"data":"Gathering:ReiMu","floor":24.0,"key":"SMITH"},{"data":"YinYangSange:ReiMu","floor":29.0,"key":"SMITH"},{"floor":32.0,"key":"DIG"},{"data":"OctopathBindingBorder2:ReiMu","floor":41.0,"key":"SMITH"},{"data":"FineLineFantasy:ReiMu","floor":44,"key":"SMITH"},{"floor":49,"key":"REST"}],"circlet_count":0,"master_deck":["InherentArray:ReiMu+1","OctopathBindingBorder2:ReiMu+1","Gathering:ReiMu+1","YinYangSange:ReiMu+1","LearningPray:ReiMu+1","SafetyPray:ReiMu+1","CareerPray:ReiMu+1","FineLineFantasy:ReiMu+1","LovePray:ReiMu+1"],"relics":["FlyPower:ReiMu","MerchantsRug","Ornamental Fan","Unceasing Top","aspiration:FrozenJewel","TheAbacus","Anchor","HornCleat","CaptainsWheel","hubris:MedicalManual","Medical Kit","Ring of the Snake","HandDrill","hubris:Potato","Mercury Hourglass","Blood Vial","Gremlin Food","Toy Ornithopter","theSenshi:FeatherClipsRelic","hubris:PeanutButter","FaceOfCleric","Black Star","Omamori","aspiration:Nostalgia","Replay:Baseball","Art of War"],"acts_visited":["Exordium","TheCity","TheBeyond"],"potions_floor_usage":[],"damage_taken":[{"damage":0.0,"enemies":"Small Slimes","floor":1.0,"turns":4.0},{"damage":6.0,"enemies":"Jaw Worm","floor":2.0,"turns":11.0},{"damage":4.0,"enemies":"2 Louse","floor":3.0,"turns":3.0},{"damage":0.0,"enemies":"2 Fungi Beasts","floor":5.0,"turns":5.0},{"damage":24.0,"enemies":"Gremlin Gang","floor":8.0,"turns":7.0},{"damage":0.0,"enemies":"Exordium Wildlife","floor":12.0,"turns":4.0},{"damage":9.0,"enemies":"2 Fungi Beasts","floor":13.0,"turns":3.0},{"damage":8.0,"enemies":"Fading Forest","floor":16.0,"turns":11.0},{"damage":13.0,"enemies":"2 Thieves","floor":18.0,"turns":4.0},{"damage":14.0,"enemies":"3 Byrds","floor":19.0,"turns":5.0},{"damage":0.0,"enemies":"Cultist and Chosen","floor":21.0,"turns":6.0},{"damage":0.0,"enemies":"Snecko","floor":25.0,"turns":8.0},{"damage":0.0,"enemies":"Shelled Parasite and Fungi","floor":30.0,"turns":8.0},{"damage":2.0,"enemies":"Pondfish","floor":33.0,"turns":8.0},{"damage":18.0,"enemies":"3 Darklings","floor":35.0,"turns":5.0},{"damage":0.0,"enemies":"Orb Walker","floor":38.0,"turns":6.0},{"damage":0.0,"enemies":"Writhing Mass","floor":39.0,"turns":5.0},{"damage":0.0,"enemies":"Giant Head","floor":40.0,"turns":9.0},{"damage":0,"enemies":"Transient","floor":42,"turns":5},{"damage":0,"enemies":"3 Darklings","floor":46,"turns":6},{"damage":0,"enemies":"Writhing Mass","floor":48,"turns":5},{"damage":0,"enemies":"Awakened One","floor":50,"turns":6}],"seed_played":"-7762347606139099267","potions_obtained":[{"floor":1.0,"key":"hexamod:SoulburnPotion"},{"floor":2.0,"key":"blueLaboratory:StoneskinPotion"},{"floor":8.0,"key":"GamblersBrew"},{"floor":13.0,"key":"Reflective Coating"},{"floor":18.0,"key":"blueLaboratory:PyrophylliteBrew"},{"floor":19.0,"key":"blueLaboratory:LouseDecoction"},{"floor":33.0,"key":"blueLaboratory:EnragingPotion"},{"floor":40.0,"key":"Guardian:BlockOnCardUsePotion"}],"is_trial":false,"path_per_floor":["M","M","M","?","M","R","?","M","T","$","$","M","M","$","R","B",null,"M","M","$","M","?","?","R","M","T","?","$","R","M","?","R","B",null,"M","$","?","M","M","E","R","M","T","R","?","M","?","M","R","B",null],"character_chosen":"REIMU","items_purchased":["Medical Kit","Gremlin Food","Blood Vial","Elixir","DuplicationPotion","MerchantsRug","OctopathBindingBorder2:ReiMu","OrbThrow:ReiMu","HakureiPhantom:ReiMu+1","CaptainsWheel","Toy Ornithopter","Determination:ReiMu","Finesse","DependentForm:ReiMu","theSenshi:FeatherClipsRelic","hubris:Potato","TheAbacus","YinYangSange:ReiMu","Energy Potion","Block Potion","HornCleat","hubris:PeanutButter","blueLaboratory:HummingbirdPotion","Swift Potion","Finesse","SafetyPray:ReiMu","SpiritualOutbreak2:ReiMu","TightArray:ReiMu","Orrery","Ornamental Fan","aspiration:FrozenJewel","Omamori","HandDrill","aspiration:Nostalgia","LovePray:ReiMu"],"campfire_rested":1,"item_purchase_floors":[10,10,10,10,10,10,10,10,10,11,11,11,11,11,14,14,14,14,14,14,20,20,20,20,20,20,20,20,20,28,28,36,36,36,36],"current_hp_per_floor":[70,64,60,60,60,60,60,36,36,36,36,38,36,36,36,36,70,63,57,57,70,70,70,70,71,71,71,71,71,72,72,72,73,73,62,62,62,71,76,77,77,78,78,78,59,68,17,26,50,59],"gold":5838,"neow_bonus":"RANDOM_EVENT","is_daily":false,"chose_seed":false,"campfire_upgraded":6,"win_rate":0.0,"timestamp":1613925175,"path_taken":["M","M","M","?","M","R","?","M","T","?","$","M","M","$","R","BOSS","BOSS","M","M","$","M","?","?","R","M","T","?","$","R","?","?","R","BOSS","M","$","?","M","M","E","R","M","T","R","?","M","?","M","R","BOSS"],"items_purchased_type":["Relic","Relic","Relic","Potion","Potion","Relic","Card","Card","Card","Relic","Relic","Card","Card","Card","Relic","Relic","Relic","Card","Potion","Potion","Relic","Relic","Potion","Potion","Card","Card","Card","Card","Relic","Relic","Relic","Relic","Relic","Relic","Card"],"build_version":"2020-12-22","purchased_purges":28,"victory":true,"max_hp_per_floor":[70,70,70,70,70,70,70,70,70,70,70,70,70,70,70,70,70,70,70,70,70,70,70,70,71,71,71,71,71,72,72,72,73,73,74,74,74,75,76,77,77,78,78,78,78,79,79,80,80,81],"card_choices":[{"not_picked":["ManaGlint:ReiMu","Amulet:ReiMu"],"picked":"InherentArray:ReiMu","floor":1.0},{"not_picked":["CareerPray:ReiMu","AirStrike:ReiMu"],"picked":"SpiritualOutbreak2:ReiMu","floor":2.0},{"not_picked":["UpKicking:ReiMu","Enchanting:ReiMu"],"picked":"TightArray:ReiMu","floor":3.0},{"not_picked":["Meditation:ReiMu","AirStrike:ReiMu"],"picked":"InherentArray:ReiMu","floor":5.0},{"not_picked":["Dreaming2:ReiMu","ManaGlint:ReiMu","Conquer:ReiMu"],"picked":"SKIP","floor":8.0},{"not_picked":["Crusade:ReiMu","Conquer:ReiMu"],"picked":"SpringWay:ReiMu","floor":12.0},{"not_picked":["ManaGlint:ReiMu","SpringWay:ReiMu"],"picked":"Gathering:ReiMu","floor":13.0},{"not_picked":["RunawayExorcism:ReiMu","CeremonyResonance:ReiMu"],"picked":"Authority:ReiMu","floor":16.0},{"not_picked":["Conquer:ReiMu+1","ManaGlint:ReiMu","SubcavityInstant:ReiMu"],"picked":"SKIP","floor":18.0},{"not_picked":["SubAcupoint:ReiMu","Enchanting:ReiMu"],"picked":"LearningPray:ReiMu+1","floor":19.0},{"not_picked":["TightArray:ReiMu","TakeOff:ReiMu"],"picked":"CareerPray:ReiMu","floor":20.0},{"not_picked":["SafetyPray:ReiMu","Amulet:ReiMu"],"picked":"WonderfulDomain:ReiMu+1","floor":20.0},{"not_picked":["YinYang:ReiMu","Intuition:ReiMu"],"picked":"SpreadBorder2:ReiMu","floor":20.0},{"not_picked":["EmergencyTakeOff:ReiMu","Gathering:ReiMu"],"picked":"SpreadBorder2:ReiMu","floor":20.0},{"not_picked":["Intuition:ReiMu+1","SpreadBorder2:ReiMu"],"picked":"FineLineFantasy:ReiMu","floor":20.0},{"not_picked":["Meditation:ReiMu+1","OrbThrow:ReiMu+1"],"picked":"CleanRite:ReiMu","floor":21.0},{"not_picked":["Amulet:ReiMu","TightArray:ReiMu+1"],"picked":"YinYangSign:ReiMu","floor":25.0},{"not_picked":["AlertArray:ReiMu+1","Conquer:ReiMu","Enchanting:ReiMu"],"picked":"SKIP","floor":30.0},{"not_picked":["Conquer:ReiMu+1","OrbThrow:ReiMu"],"picked":"SpreadBorder2:ReiMu","floor":35.0},{"not_picked":["PassingAway:ReiMu+1","Intuition:ReiMu","TakeOff:ReiMu"],"picked":"SKIP","floor":38.0},{"not_picked":["AirStrike:ReiMu+1","Shading:ReiMu","Conquer:ReiMu"],"picked":"SKIP","floor":39.0},{"not_picked":["Enchanting:ReiMu+1","SubcavityInstant:ReiMu","EmergencyTakeOff:ReiMu+1"],"picked":"SKIP","floor":40.0},{"not_picked":["SubcavityInstant:ReiMu+1","FantasyMoon:ReiMu","Conquer:ReiMu+1"],"picked":"SKIP","floor":42},{"not_picked":["FantasyMoon:ReiMu","SubAcupoint:ReiMu+1","LovePray:ReiMu+1"],"picked":"SKIP","floor":46},{"not_picked":["Conquer:ReiMu","SubcavityInstant:ReiMu","Shading:ReiMu"],"picked":"SKIP","floor":48}],"player_experience":353106,"relics_obtained":[{"floor":9.0,"key":"Mercury Hourglass"},{"floor":26.0,"key":"hubris:BottledRain"},{"floor":32.0,"key":"Unceasing Top"},{"floor":40.0,"key":"hubris:MedicalManual"},{"floor":40.0,"key":"Anchor"},{"floor":43,"key":"Replay:Baseball"}],"event_choices":[{"damage_healed":0.0,"max_hp_gain":5.0,"max_hp_loss":0.0,"gold_gain":0.0,"event_name":"Big Fish","player_choice":"Donut","floor":0.0,"gold_loss":0.0,"damage_taken":0.0},{"damage_healed":0.0,"max_hp_gain":0.0,"max_hp_loss":0.0,"gold_gain":0.0,"event_name":"Living Wall","player_choice":"Grow","floor":4.0,"gold_loss":0.0,"damage_taken":0.0,"cards_upgraded":["InherentArray:ReiMu"]},{"damage_healed":0.0,"max_hp_gain":0.0,"max_hp_loss":0.0,"gold_gain":0.0,"event_name":"betterThird:BetterGoop","player_choice":"Left","floor":7.0,"gold_loss":21.0,"damage_taken":0.0},{"damage_healed":0.0,"max_hp_gain":0.0,"max_hp_loss":0.0,"gold_gain":0.0,"event_name":"FaceTrader","player_choice":"Trade","floor":22.0,"gold_loss":0.0,"damage_taken":0.0,"relics_obtained":["FaceOfCleric"]},{"cards_removed":["Finesse"],"damage_healed":0.0,"max_hp_gain":0.0,"max_hp_loss":0.0,"gold_gain":0.0,"event_name":"betterNote:BetterNote","player_choice":"Give","floor":23.0,"gold_loss":0.0,"damage_taken":0.0,"cards_obtained":["Mayhem"]},{"damage_healed":0.0,"max_hp_gain":0.0,"max_hp_loss":0.0,"gold_gain":0.0,"event_name":"Accursed Blacksmith","player_choice":"Forge","floor":27.0,"gold_loss":0.0,"damage_taken":0.0,"cards_upgraded":["CleanRite:ReiMu"]},{"cards_removed":["CleanRite:ReiMu"],"damage_healed":0.0,"max_hp_gain":0.0,"max_hp_loss":0.0,"gold_gain":0.0,"event_name":"Falling","player_choice":"Removed Skill","floor":37.0,"gold_loss":0.0,"damage_taken":0.0},{"damage_healed":0,"gold_gain":0,"player_choice":"UP UP UP RE ","damage_taken":59,"relics_obtained":["Art of War"],"max_hp_gain":0,"max_hp_loss":0,"event_name":"betterSkull:BetterSkull","floor":47,"gold_loss":0,"cards_upgraded":["LovePray:ReiMu","SafetyPray:ReiMu","CareerPray:ReiMu"]}],"is_beta":false,"boss_relics":[{"not_picked":["Calling Bell","hubris:RunicObelisk","Abe\u0027s Treasure"]},{"not_picked":["aspiration:RandomNobGenerator","Pandora\u0027s Box"],"picked":"Black Star"}],"items_purged_floors":[10,10,20,20,20,20,20,20,20,20,20,20,20,28,28,28,36,36,36,36,36,36,36,36,36,36,36,36],"is_endless":false,"potions_floor_spawned":[1,2,8,13,18,19,33,40,42,46],"ascension_level":0}}