{"host":"qj1oxvtit4k87of9","time":1613918922,"event":{"mods":["BaseMod","Downfall","Minty Spire (QoL Compilation)","StSLib"],"gold_per_floor":[99,114,134,151,163,191,191,202,237,247,247,264,264,339,352,448,448,448,461,475,325,340,340,340,365,384,398,430,330,346,372,372,467,467,467,479,496,496,496,527,527,556,556,570,586,63,76,129,145,145],"floor_reached":51,"language":"ENG","playtime":8502,"items_purged":["Slimebound:Strike_Slimebound"],"score":898,"play_id":"582ce7b2-e096-4709-9fef-faa579a8133c","local_time":"20210221144842","is_ascension_mode":true,"campfire_choices":[{"data":"Slimebound:Split","floor":1,"key":"SMITH"},{"floor":13,"key":"REST"},{"data":"Slimebound:TagTeam","floor":18,"key":"SMITH"},{"data":"Slimebound:SlimeBarrage","floor":23,"key":"SMITH"},{"data":"Slimebound:RallyTheTroops","floor":29,"key":"SMITH"},{"data":"Slimebound:Repurpose","floor":35,"key":"SMITH"},{"data":"Slimebound:MassRepurpose","floor":43,"key":"SMITH"}],"circlet_count":0,"master_deck":["Slimebound:Strike_Slimebound","Slimebound:Defend_Slimebound","Slimebound:Defend_Slimebound","Slimebound:Defend_Slimebound","Slimebound:Defend_Slimebound","Slimebound:Split+1","Slimebound:PressTheAttack","Slimebound:FormOfPuddle","Slimebound:DisruptingSlam","Slimebound:SplitMire","Slimebound:Schlurp","Slimebound:TagTeam+1","Slimebound:SplitBruiser","Slimebound:SplitMire","Slimebound:ServeAndProtect","Slimebound:TagTeam+1","Slimebound:MegaLick","Slimebound:SlimeBarrage+1","Slimebound:PressTheAttack+1","Slimebound:Repurpose+1","Slimebound:LivingWall+1","Slimebound:RallyTheTroops+1","Slimebound:Equalize","Slimebound:PressTheAttack","Slimebound:LeechLife","Slimebound:LeadByExample","Slimebound:Replication+1","expansioncontent:YouAreMine","Slimebound:MassRepurpose+1","Slimebound:Grow","Slimebound:SlimeBarrage+1","Slimebound:SplitAcid+1","Slimebound:FormOfPuddle","expansioncontent:StudyTheSpire","Slimebound:Replication","Slimebound:SplitMire","Slimebound:Teamwork","Slimebound:ForwardTackle"],"relics":["Slimebound:AbsorbEndCombat","Girya","Mummified Hand","Mercury Hourglass","Snecko Eye","Bronze Scales","Pear","Incense Burner","downfall:HeartBlessingGreen","Sundial","Empty Cage","Pantograph","Slimebound:MaxSlimesRelic","Shuriken","DollysMirror","FossilizedHelix"],"acts_visited":["Exordium","TheCity","TheBeyond"],"potions_floor_usage":[6,6,6,16,19,28,28,32,50,50,50],"damage_taken":[{"damage":0,"enemies":"2 Louse","floor":2,"turns":3},{"damage":0,"enemies":"Small Slimes","floor":3,"turns":3},{"damage":1,"enemies":"Cultist","floor":4,"turns":3},{"damage":6,"enemies":"3 Louse","floor":5,"turns":3},{"damage":35,"enemies":"Gremlin Nob","floor":6,"turns":5},{"damage":1,"enemies":"Exordium Wildlife","floor":8,"turns":3},{"damage":25,"enemies":"3 Sentries","floor":9,"turns":7},{"damage":0,"enemies":"Large Slime","floor":10,"turns":4},{"damage":6,"enemies":"2 Fungi Beasts","floor":12,"turns":3},{"damage":5,"enemies":"3 Louse","floor":15,"turns":2},{"damage":19,"enemies":"DF_ARCHETYPE_STREAMLINE","floor":16,"turns":8},{"damage":9,"enemies":"downfall:LooterAlt2","floor":19,"turns":3},{"damage":27,"enemies":"3 Byrds","floor":20,"turns":4},{"damage":13,"enemies":"Centurion and Healer","floor":22,"turns":3},{"damage":3,"enemies":"Slavers","floor":25,"turns":3},{"damage":2,"enemies":"3 Cultists","floor":26,"turns":4},{"damage":0,"enemies":"Cultist and Chosen","floor":27,"turns":3},{"damage":33,"enemies":"Book of Stabbing","floor":28,"turns":7},{"damage":1,"enemies":"Chosen and Byrds","floor":30,"turns":3},{"damage":47,"enemies":"Slavers","floor":31,"turns":3},{"damage":0,"enemies":"Snake Plant","floor":32,"turns":1},{"damage":33,"enemies":"SI_MIRROR_ARCHETYPE","floor":33,"turns":8},{"damage":0,"enemies":"Orb Walker","floor":36,"turns":3},{"damage":27,"enemies":"3 Darklings","floor":37,"turns":5},{"damage":18,"enemies":"Nemesis","floor":40,"turns":5},{"damage":7,"enemies":"Reptomancer","floor":42,"turns":6},{"damage":0,"enemies":"Writhing Mass","floor":44,"turns":3},{"damage":0,"enemies":"Jaw Worm Horde","floor":45,"turns":5},{"damage":1,"enemies":"downfall:FleeingMerchant","floor":46,"turns":4},{"damage":4,"enemies":"4 Shapes","floor":47,"turns":2},{"damage":9,"enemies":"2 Orb Walkers","floor":48,"turns":5},{"damage":0,"enemies":"Spire Growth","floor":49,"turns":3},{"damage":9,"enemies":"WA_ARCHETYPE_DIVINITY","floor":50,"turns":8}],"seed_played":"311368295039414714","potions_obtained":[{"floor":2,"key":"EntropicBrew"},{"floor":4,"key":"GamblersBrew"},{"floor":6,"key":"FearPotion"},{"floor":16,"key":"FearPotion"},{"floor":19,"key":"Dexterity Potion"},{"floor":30,"key":"SpeedPotion"},{"floor":33,"key":"hexamod:SoulburnPotion"},{"floor":36,"key":"Strength Potion"},{"floor":44,"key":"Slimebound:SpawnSlimePotion"},{"floor":47,"key":"Energy Potion"}],"is_trial":false,"path_per_floor":["R","M","M","M","M","E","T","M","E","M","?","M","R","?","M","B",null,"R","M","M","?","M","R","T","E","M","M","E","R","M","E","M","B",null,"R","M","M","?","?","E","T","E","R","M","M","$","M","?","M","B",null],"character_chosen":"SLIMEBOUND","items_purchased":["DollysMirror","expansioncontent:StudyTheSpire","Slimebound:Replication","Slimebound:SplitMire"],"campfire_rested":1,"item_purchase_floors":[46,46,46,46],"current_hp_per_floor":[71,71,71,71,65,36,36,37,20,24,24,20,41,41,36,25,71,71,64,43,81,74,74,74,89,91,91,64,64,67,34,34,9,91,91,91,66,66,66,52,52,61,61,67,71,72,74,73,89,82],"gold":145,"neow_bonus":"TEN_PERCENT_HP_BONUS","is_daily":false,"chose_seed":false,"campfire_upgraded":6,"win_rate":0.0,"timestamp":1613918922,"path_taken":["R","M","M","M","M","E","T","M","E","M","?","M","R","?","M","BOSS","R","M","M","?","M","R","T","E","?","M","E","R","M","E","M","BOSS","R","M","M","?","?","E","T","E","R","M","M","$","M","?","M","BOSS"],"items_purchased_type":["Relic","Card","Card","Card"],"build_version":"2020-12-22","purchased_purges":1,"victory":true,"max_hp_per_floor":[71,71,71,71,71,71,71,71,71,71,71,71,71,71,71,71,71,71,71,71,81,81,81,81,91,91,91,91,91,91,91,91,91,91,91,91,91,91,91,91,91,91,91,91,91,91,91,91,91,91],"card_choices":[{"not_picked":["Slimebound:TongueLash","Slimebound:ServeAndProtect"],"picked":"Slimebound:PressTheAttack","floor":2},{"not_picked":["Slimebound:PressTheAttack","Slimebound:SlimeSpikes"],"picked":"Slimebound:FormOfPuddle","floor":3},{"not_picked":["Slimebound:RollThrough","Slimebound:Repurpose"],"picked":"Slimebound:DisruptingSlam","floor":4},{"not_picked":["Slimebound:SplitLeeching","Slimebound:LivingWall"],"picked":"Slimebound:SplitMire","floor":5},{"not_picked":["Slimebound:RejuvenatingLick","Slimebound:DivideAndConquer","Slimebound:LeechEnergy"],"picked":"SKIP","floor":6},{"not_picked":["Slimebound:GoopSpray","Slimebound:FlameTackle"],"picked":"Slimebound:Schlurp","floor":8},{"not_picked":["Slimebound:LeechLife","Slimebound:FlameTackle"],"picked":"Slimebound:TagTeam","floor":9},{"not_picked":["Slimebound:FormOfPuddle","Slimebound:SplitLeeching"],"picked":"Slimebound:SplitBruiser","floor":10},{"not_picked":["Slimebound:SpikyOuterGoop","Slimebound:DisruptingSlam"],"picked":"Slimebound:SplitMire","floor":12},{"not_picked":["Slimebound:Prepare","Slimebound:ItLooksTasty"],"picked":"Slimebound:ServeAndProtect","floor":15},{"not_picked":["Slimebound:Darklings","Slimebound:MinionMaster"],"picked":"Slimebound:TagTeam","floor":16},{"not_picked":["Slimebound:SlimeSpikes","Slimebound:HauntingLick"],"picked":"Slimebound:MegaLick","floor":19},{"not_picked":["Slimebound:GoopTackle","Slimebound:Grow+1"],"picked":"Slimebound:SlimeBarrage","floor":20},{"not_picked":["Slimebound:SplitMire","Slimebound:HauntingLick+1"],"picked":"Slimebound:PressTheAttack+1","floor":22},{"not_picked":["Slimebound:ComboTackle","Slimebound:SplitLeeching"],"picked":"Slimebound:Repurpose","floor":25},{"not_picked":["Slimebound:FinishingTackle","Slimebound:SamplingLick+1"],"picked":"Slimebound:LivingWall+1","floor":26},{"not_picked":["Slimebound:HauntingLick","Slimebound:DisruptingSlam+1","Slimebound:HungryTackle+1"],"picked":"SKIP","floor":27},{"not_picked":["Slimebound:SplitAcid","Slimebound:DivideAndConquer"],"picked":"Slimebound:RallyTheTroops","floor":28},{"not_picked":["Slimebound:HauntingLick+1","Slimebound:LeechingTouch"],"picked":"Slimebound:Equalize","floor":30},{"not_picked":["Slimebound:SplitBruiser","Slimebound:SplitAcid"],"picked":"Slimebound:PressTheAttack","floor":31},{"not_picked":["Slimebound:SelfFormingGoo","Slimebound:CheckThePlaybook"],"picked":"Slimebound:LeechLife","floor":33},{"not_picked":["Slimebound:HauntingLick+1","Slimebound:HungryTackle+1"],"picked":"Slimebound:LeadByExample","floor":36},{"not_picked":["Slimebound:HungryTackle+1","Slimebound:FinishingTackle+1"],"picked":"Slimebound:Replication+1","floor":37},{"not_picked":["expansioncontent:GuardianWhirl","expansioncontent:LastStand"],"picked":"expansioncontent:YouAreMine","floor":38},{"not_picked":["Slimebound:GoopSpray+1","Slimebound:SplitAcid+1"],"picked":"Slimebound:MassRepurpose","floor":40},{"not_picked":["Slimebound:HungryTackle","Slimebound:Schlurp+1"],"picked":"Slimebound:Grow","floor":42},{"not_picked":["Slimebound:Grow","Slimebound:FlameTackle"],"picked":"Slimebound:SlimeBarrage+1","floor":44},{"not_picked":["Slimebound:GoopSpray+1","Slimebound:Schlurp"],"picked":"Slimebound:SplitAcid+1","floor":45},{"not_picked":["Slimebound:RejuvenatingLick","Slimebound:SplitAcid","Slimebound:Schlurp"],"picked":"SKIP","floor":46},{"not_picked":["Slimebound:SplitAcid+1","Slimebound:Nibble+1"],"picked":"Slimebound:Teamwork","floor":47},{"not_picked":["Slimebound:LeechingTouch+1","Slimebound:SlimeSpikes+1"],"picked":"Slimebound:ForwardTackle","floor":48},{"not_picked":["Slimebound:SlimeSpikes","Slimebound:Schlurp","Slimebound:ItLooksTasty+1"],"picked":"SKIP","floor":49}],"player_experience":1631182,"relics_obtained":[{"floor":6,"key":"Girya"},{"floor":7,"key":"Mummified Hand"},{"floor":9,"key":"Mercury Hourglass"},{"floor":24,"key":"Bronze Scales"},{"floor":25,"key":"Pear"},{"floor":28,"key":"Incense Burner"},{"floor":31,"key":"Sundial"},{"floor":40,"key":"Pantograph"},{"floor":41,"key":"Slimebound:MaxSlimesRelic"},{"floor":42,"key":"Shuriken"},{"floor":48,"key":"FossilizedHelix"}],"event_choices":[{"damage_healed":0,"gold_gain":0,"player_choice":"Grow","damage_taken":0,"max_hp_gain":0,"max_hp_loss":0,"event_name":"Living Wall","floor":11,"gold_loss":0,"cards_upgraded":["Slimebound:TagTeam"]},{"cards_removed":["Slimebound:CorrosiveSpit"],"damage_healed":0,"gold_gain":0,"player_choice":"Removed Skill","damage_taken":0,"max_hp_gain":0,"max_hp_loss":0,"event_name":"Falling","floor":39,"gold_loss":0},{"damage_healed":0,"gold_gain":0,"player_choice":"Fight","damage_taken":0,"max_hp_gain":0,"max_hp_loss":0,"event_name":"Mysterious Sphere","floor":48,"gold_loss":0}],"is_beta":false,"boss_relics":[{"not_picked":["Runic Dome","Busted Crown"],"picked":"Snecko Eye"},{"not_picked":["Black Star","Coffee Dripper"],"picked":"Empty Cage"}],"items_purged_floors":[46],"is_endless":false,"potions_floor_spawned":[2,4,6,16,19,30,33,36,44,47,48],"ascension_level":3}}