{"host":"zxd2l8an9de7z7b9","time":1613928474,"event":{"mods":["100% Spire Juice","2.2 Compatiblity","AchievementEnabler","BaseMod","CapriCore","Colored Map","Colored Powertips","Marisa£¨Ùöéë¡¡Øª×âÞÞ£©","Minty Spire (QoL Compilation)","Rare Cards Sparkle","StSLib","SuperFastMode","Td1madao Mod","everything is the same but u backflip on backflip"],"gold_per_floor":[114,124,124,124,149,182,202,202,202,235,322,358,370,402,414,549,561,587,619,631,643,643],"floor_reached":21,"language":"KOR","playtime":380,"items_purged":[],"score":183,"play_id":"7c34c8bc-4b1a-4bfd-aec1-bb73f9188735","local_time":"20210222022754","is_ascension_mode":false,"campfire_choices":[{"data":"Immolate","floor":8,"key":"SMITH"},{"data":"Pommel Strike","floor":13,"key":"SMITH"},{"data":"Dark Embrace","floor":15,"key":"SMITH"}],"circlet_count":0,"master_deck":["Bash","Pommel Strike+1","Shockwave","Immolate+1","Dark Embrace+1","Wild Strike","Offering","Fire Breathing","Wild Strike","Dual Wield","Exhume","Uppercut","Whirlwind","Feed"],"relics":["Burning Blood","NeowsBlessing","Golden Idol","Boot","MawBank","Pandora\u0027s Box"],"acts_visited":["Exordium","TheCity"],"potions_floor_usage":[6,16,16,21,21],"damage_taken":[{"damage":0,"enemies":"Jaw Worm","floor":1,"turns":1},{"damage":0,"enemies":"2 Louse","floor":2,"turns":1},{"damage":0,"enemies":"Cultist","floor":5,"turns":1},{"damage":26,"enemies":"Lagavulin","floor":6,"turns":7},{"damage":2,"enemies":"Large Slime","floor":7,"turns":5},{"damage":0,"enemies":"Lots of Slimes","floor":10,"turns":1},{"damage":0,"enemies":"2 Fungi Beasts","floor":12,"turns":1},{"damage":8,"enemies":"Red Slaver","floor":14,"turns":2},{"damage":39,"enemies":"Hexaghost","floor":16,"turns":7},{"damage":36,"enemies":"Spheric Guardian","floor":18,"turns":4},{"damage":35,"enemies":"2 Thieves","floor":19,"turns":4},{"damage":21,"enemies":"Snake Plant","floor":21,"turns":2}],"seed_played":"4287827742356956016","potions_obtained":[{"floor":1,"key":"Explosive Potion"},{"floor":2,"key":"BlessingOfTheForge"},{"floor":7,"key":"SteroidPotion"},{"floor":12,"key":"PowerPotion"},{"floor":16,"key":"LiquidMemories"},{"floor":18,"key":"BlessingOfTheForge"}],"is_trial":false,"path_per_floor":["M","M","?","?","M","E","M","R","T","M","?","M","R","M","R","B",null,"M","M","?","M"],"character_chosen":"IRONCLAD","items_purchased":[],"campfire_rested":0,"item_purchase_floors":[],"current_hp_per_floor":[80,80,60,60,66,46,50,50,50,56,48,54,54,52,52,19,80,50,21,21,0,0],"gold":643,"neow_bonus":"THREE_ENEMY_KILL","is_daily":false,"chose_seed":false,"campfire_upgraded":3,"win_rate":0.0,"timestamp":1613928474,"path_taken":["M","M","?","?","M","E","?","R","T","M","?","?","R","M","R","BOSS","M","M","?","?"],"items_purchased_type":[],"build_version":"2020-12-22","purchased_purges":0,"victory":false,"max_hp_per_floor":[80,80,80,80,80,80,80,80,80,80,80,80,80,80,80,80,80,80,80,80,80,80],"card_choices":[{"not_picked":["Uppercut","Thunderclap"],"picked":"Pommel Strike","floor":1},{"not_picked":["Anger","True Grit","Havoc"],"picked":"SKIP","floor":2},{"not_picked":["Flame Barrier","Havoc"],"picked":"Shockwave","floor":5},{"not_picked":["Armaments","Infernal Blade"],"picked":"Immolate","floor":6},{"not_picked":["Hemokinesis","Sword Boomerang","Cleave"],"picked":"SKIP","floor":7},{"not_picked":["Demon Form","Sword Boomerang","Hemokinesis"],"picked":"SKIP","floor":10},{"not_picked":["Warcry","Cleave"],"picked":"Dark Embrace","floor":12},{"not_picked":["Ghostly Armor","Thunderclap"],"picked":"Wild Strike","floor":14},{"not_picked":["Double Tap","Brutality"],"picked":"Offering","floor":16},{"not_picked":["Body Slam+1","Bloodletting","Iron Wave"],"picked":"SKIP","floor":18},{"not_picked":["Thunderclap","Pommel Strike","Metallicize+1"],"picked":"SKIP","floor":19}],"player_experience":428933,"relics_obtained":[{"floor":6,"key":"Boot"},{"floor":9,"key":"MawBank"}],"event_choices":[{"damage_healed":0,"gold_gain":0,"player_choice":"Take Damage","damage_taken":20,"relics_obtained":["Golden Idol"],"max_hp_gain":0,"max_hp_loss":0,"event_name":"Golden Idol","floor":3,"gold_loss":0},{"cards_removed":["Strike_R"],"damage_healed":0,"gold_gain":0,"player_choice":"Offered Basic","damage_taken":0,"max_hp_gain":0,"max_hp_loss":0,"event_name":"Bonfire Elementals","floor":4,"gold_loss":0},{"damage_healed":0,"gold_gain":75,"player_choice":"Touch","damage_taken":8,"max_hp_gain":0,"max_hp_loss":0,"event_name":"FaceTrader","floor":11,"gold_loss":0},{"cards_removed":["Havoc"],"damage_healed":0,"gold_gain":0,"player_choice":"Purged","damage_taken":0,"max_hp_gain":0,"max_hp_loss":0,"event_name":"Purifier","floor":20,"gold_loss":0}],"is_beta":false,"boss_relics":[{"not_picked":["Fusion Hammer","Tiny House"],"picked":"Pandora\u0027s Box"}],"items_purged_floors":[],"is_endless":false,"potions_floor_spawned":[1,2,7,12,16,18],"killed_by":"Snake Plant","ascension_level":0}}