{"host":"r4aerl4ckfvw1dw3","time":1613885627,"event":{"mods":["BaseMod","BetterRewards","Minty Spire (QoL Compilation)","Quick Restart","StSLib"],"gold_per_floor":[14,27,27,44,119,119,150,27,78,97,97,97,97,123,123,225,225,238,251,251,251,251,279,279,290,290,44,44,70,70,84,84,187,187,198,198,250,261,261,261,305,341,410,444,444,454,28,63,63,63,63,63,63,105,105],"floor_reached":56,"language":"ENG","playtime":6526,"items_purged":["Strike_G"],"score":1981,"play_id":"6e254415-6236-45d7-8edc-7ae4dd368bb5","local_time":"20210220213347","is_ascension_mode":true,"campfire_choices":[{"data":"Infinite Blades","floor":6,"key":"SMITH"},{"data":"Finisher","floor":11,"key":"SMITH"},{"data":"Blade Dance","floor":13,"key":"SMITH"},{"data":"Prepared","floor":15,"key":"SMITH"},{"data":"J.A.X.","floor":24,"key":"SMITH"},{"data":"Impatience","floor":30,"key":"SMITH"},{"data":"Wraith Form v2","floor":32,"key":"SMITH"},{"data":"Tools of the Trade","floor":40,"key":"SMITH"},{"data":"Well Laid Plans","floor":45,"key":"SMITH"},{"floor":49,"key":"RECALL"},{"data":"Terror","floor":52,"key":"SMITH"}],"circlet_count":0,"master_deck":["AscendersBane","Strike_G+1","Defend_G+1","Defend_G+1","Defend_G+1","Defend_G+1","Defend_G+1","Survivor","Neutralize","Infinite Blades+1","Finisher+1","Endless Agony+1","Expertise","Slice","PiercingWail","Sucker Punch","Blade Dance+1","Prepared+1","Wraith Form v2+1","Prepared","Acrobatics","J.A.X.+1","Accuracy+1","Impatience+1","Corpse Explosion","Acrobatics","Tools of the Trade+1","Prepared+1","Impatience","Finesse","Acrobatics+1","Blade Dance+1","PiercingWail+1","Well Laid Plans+1","Eviscerate+1","Terror+1","Concentrate","Eviscerate+1","Grand Finale","Prepared+1"],"relics":["Ring of the Snake","Anchor","Centennial Puzzle","Boot","HoveringKite","HornCleat","Vajra","Black Star","Mango","CeramicFish","Prayer Wheel","StrikeDummy","StoneCalendar","Juzu Bracelet","ClockworkSouvenir","Happy Flower","Whetstone","InkBottle","Pen Nib","Letter Opener"],"acts_visited":["Exordium","TheCity","TheBeyond","TheEnding"],"potions_floor_usage":[7,23,29,54,55],"damage_taken":[{"damage":0,"enemies":"2 Louse","floor":1,"turns":5},{"damage":2,"enemies":"Jaw Worm","floor":2,"turns":3},{"damage":0,"enemies":"Small Slimes","floor":4,"turns":3},{"damage":5,"enemies":"Gremlin Nob","floor":7,"turns":3},{"damage":0,"enemies":"2 Fungi Beasts","floor":10,"turns":4},{"damage":7,"enemies":"3 Sentries","floor":14,"turns":6},{"damage":9,"enemies":"Hexaghost","floor":16,"turns":7},{"damage":0,"enemies":"Chosen","floor":18,"turns":4},{"damage":5,"enemies":"Spheric Guardian","floor":19,"turns":4},{"damage":3,"enemies":"Gremlin Leader","floor":23,"turns":3},{"damage":0,"enemies":"Shelled Parasite and Fungi","floor":25,"turns":4},{"damage":0,"enemies":"Slavers","floor":29,"turns":3},{"damage":0,"enemies":"Snecko","floor":31,"turns":3},{"damage":17,"enemies":"Automaton","floor":33,"turns":7},{"damage":2,"enemies":"3 Darklings","floor":35,"turns":2},{"damage":1,"enemies":"2 Orb Walkers","floor":37,"turns":4},{"damage":0,"enemies":"Orb Walker","floor":38,"turns":1},{"damage":14,"enemies":"Reptomancer","floor":41,"turns":5},{"damage":7,"enemies":"Jaw Worm Horde","floor":42,"turns":2},{"damage":3,"enemies":"Nemesis","floor":44,"turns":4},{"damage":3,"enemies":"Transient","floor":46,"turns":5},{"damage":3,"enemies":"Reptomancer","floor":48,"turns":2},{"damage":19,"enemies":"Donu and Deca","floor":50,"turns":3},{"damage":5,"enemies":"Shield and Spear","floor":54,"turns":4},{"damage":71,"enemies":"The Heart","floor":55,"turns":7}],"seed_played":"-170058245121801373","potions_obtained":[{"floor":1,"key":"EssenceOfSteel"},{"floor":2,"key":"Swift Potion"},{"floor":7,"key":"FairyPotion"},{"floor":23,"key":"Fruit Juice"},{"floor":25,"key":"AttackPotion"},{"floor":29,"key":"BlessingOfTheForge"},{"floor":37,"key":"Energy Potion"},{"floor":46,"key":"DuplicationPotion"}],"is_trial":false,"path_per_floor":["M","M","?","M","?","R","E","$","T","M","R","?","R","E","R","B",null,"M","M","?","?","?","E","R","M","T","$","?","E","R","M","R","B",null,"M","?","?","M","?","R","E","M","T","E","R","M","$","E","R","B",null,"R","$","E","B",null],"character_chosen":"THE_SILENT","items_purchased":["Sucker Punch","Vajra","Impatience","ClockworkSouvenir","Happy Flower","Concentrate","Eviscerate"],"campfire_rested":0,"item_purchase_floors":[8,27,27,47,47,47,47],"current_hp_per_floor":[63,61,61,61,50,50,45,45,45,45,45,45,45,38,38,29,60,60,55,55,55,55,57,57,57,57,57,57,57,57,57,57,40,66,64,54,67,67,67,67,53,46,46,43,43,40,40,37,37,18,71,71,71,66,21],"gold":105,"neow_bonus":"TRANSFORM_TWO_CARDS","is_daily":false,"chose_seed":false,"campfire_upgraded":10,"win_rate":0.0,"timestamp":1613885627,"path_taken":["M","M","?","M","?","R","E","$","T","M","R","?","R","E","R","BOSS","M","?","?","?","?","E","R","M","T","?","?","E","R","M","R","BOSS","M","?","?","M","?","R","E","M","T","E","R","M","$","E","R","BOSS","R","$","E","BOSS"],"items_purchased_type":["Card","Relic","Card","Relic","Relic","Card","Card"],"build_version":"2020-12-22","purchased_purges":1,"victory":true,"max_hp_per_floor":[70,70,70,70,70,70,70,70,70,70,70,70,70,70,70,70,70,70,70,70,70,70,75,75,75,75,75,75,75,75,75,75,75,75,75,75,89,89,89,89,89,89,89,89,89,89,89,89,89,89,89,89,89,89,89],"card_choices":[{"not_picked":["Slice","Cloak And Dagger"],"picked":"Finisher","floor":1},{"not_picked":["Finisher","Backflip"],"picked":"Endless Agony","floor":2},{"not_picked":["Poisoned Stab","Burst"],"picked":"Slice","floor":4},{"not_picked":["Outmaneuver","Cloak And Dagger"],"picked":"PiercingWail","floor":7},{"not_picked":["Dagger Throw","Envenom"],"picked":"Flying Knee","floor":10},{"not_picked":["All Out Attack","Blur"],"picked":"Prepared","floor":14},{"not_picked":["Storm of Steel","Night Terror"],"picked":"Wraith Form v2","floor":16},{"not_picked":["Escape Plan","Slice"],"picked":"Prepared","floor":18},{"not_picked":["Deadly Poison+1","Underhanded Strike+1"],"picked":"Acrobatics","floor":19},{"not_picked":["A Thousand Cuts","Bouncing Flask","All Out Attack"],"picked":"SKIP","floor":23},{"not_picked":["Quick Slash","Underhanded Strike"],"picked":"Accuracy+1","floor":25},{"not_picked":["Heel Hook","Poisoned Stab"],"picked":"Corpse Explosion","floor":29},{"not_picked":["Catalyst","Sucker Punch"],"picked":"Acrobatics","floor":31},{"not_picked":["Doppelganger","Malaise"],"picked":"Tools of the Trade","floor":33},{"not_picked":["Flying Knee","Deflect"],"picked":"Prepared+1","floor":35},{"not_picked":["Metamorphosis","Deep Breath"],"picked":"Impatience","floor":36},{"not_picked":["Mayhem","Madness"],"picked":"Finesse","floor":36},{"not_picked":["Dagger Throw","Flying Knee"],"picked":"Acrobatics+1","floor":37},{"not_picked":["Concentrate+1","All Out Attack+1"],"picked":"Blade Dance+1","floor":38},{"not_picked":["Noxious Fumes+1","Quick Slash+1"],"picked":"PiercingWail+1","floor":41},{"not_picked":["Deadly Poison","Dagger Spray+1"],"picked":"Well Laid Plans","floor":42},{"not_picked":["Poisoned Stab","Underhanded Strike+1"],"picked":"Eviscerate+1","floor":42},{"not_picked":["Deadly Poison","PiercingWail"],"picked":"Terror","floor":44},{"not_picked":["Acrobatics+1","Quick Slash","Corpse Explosion"],"picked":"SKIP","floor":46},{"not_picked":["Acrobatics+1","Choke+1","Sucker Punch"],"picked":"SKIP","floor":46},{"not_picked":["Slice","Deflect"],"picked":"Grand Finale","floor":48},{"not_picked":["Crippling Poison","Distraction+1"],"picked":"Prepared+1","floor":54}],"player_experience":638688,"relics_obtained":[{"floor":7,"key":"Anchor"},{"floor":9,"key":"Centennial Puzzle"},{"floor":14,"key":"Boot"},{"floor":23,"key":"HornCleat"},{"floor":37,"key":"Mango"},{"floor":41,"key":"CeramicFish"},{"floor":41,"key":"Prayer Wheel"},{"floor":43,"key":"StrikeDummy"},{"floor":44,"key":"StoneCalendar"},{"floor":44,"key":"Juzu Bracelet"},{"floor":48,"key":"Whetstone"},{"floor":48,"key":"InkBottle"},{"floor":54,"key":"Pen Nib"},{"floor":54,"key":"Letter Opener"}],"event_choices":[{"damage_healed":0,"gold_gain":0,"cards_transformed":["Concentrate"],"player_choice":"Change","damage_taken":0,"max_hp_gain":0,"max_hp_loss":0,"event_name":"Living Wall","floor":3,"gold_loss":0,"cards_obtained":["Expertise"]},{"damage_healed":0,"gold_gain":75,"player_choice":"Gather Gold","damage_taken":11,"max_hp_gain":0,"max_hp_loss":0,"event_name":"World of Goop","floor":5,"gold_loss":0},{"damage_healed":0,"gold_gain":0,"cards_transformed":["Strike_G"],"player_choice":"Transformed","damage_taken":0,"max_hp_gain":0,"max_hp_loss":0,"event_name":"Transmorgrifier","floor":12,"gold_loss":0,"cards_obtained":["Blade Dance"]},{"damage_healed":0,"gold_gain":0,"player_choice":"Simplicity","damage_taken":0,"max_hp_gain":0,"max_hp_loss":0,"event_name":"Back to Basics","floor":20,"gold_loss":0,"cards_upgraded":["Strike_G","Defend_G","Defend_G","Defend_G","Defend_G","Defend_G"]},{"damage_healed":0,"gold_gain":0,"player_choice":"Ignored","damage_taken":0,"max_hp_gain":0,"max_hp_loss":0,"event_name":"The Mausoleum","floor":21,"gold_loss":0},{"damage_healed":0,"gold_gain":0,"player_choice":"Obtain J.A.X.","damage_taken":0,"max_hp_gain":0,"max_hp_loss":0,"event_name":"Drug Dealer","floor":22,"gold_loss":0,"cards_obtained":["J.A.X."]},{"damage_healed":0,"gold_gain":0,"player_choice":"Ignored","damage_taken":0,"max_hp_gain":0,"max_hp_loss":0,"event_name":"Vampires","floor":28,"gold_loss":0},{"damage_healed":0,"gold_gain":0,"player_choice":"Memory 3","damage_taken":10,"max_hp_gain":0,"max_hp_loss":0,"event_name":"SensoryStone","floor":36,"gold_loss":0},{"damage_healed":0,"gold_gain":0,"player_choice":"Fight","damage_taken":0,"max_hp_gain":0,"max_hp_loss":0,"event_name":"Mysterious Sphere","floor":37,"gold_loss":0},{"cards_removed":["Flying Knee"],"damage_healed":0,"gold_gain":0,"player_choice":"Removed Attack","damage_taken":0,"max_hp_gain":0,"max_hp_loss":0,"event_name":"Falling","floor":39,"gold_loss":0}],"is_beta":false,"boss_relics":[{"not_picked":["Velvet Choker","Ectoplasm"],"picked":"HoveringKite"},{"not_picked":["Empty Cage","Pandora\u0027s Box"],"picked":"Black Star"}],"items_purged_floors":[8],"is_endless":false,"potions_floor_spawned":[1,2,7,23,25,29,31,37,42,46,48],"ascension_level":10}}