{"host":"7j2n82b2zha9fuyn","time":1613887797,"event":{"mods":["BaseMod","Block Reminder","Minty Spire (QoL Compilation)","StSLib"],"gold_per_floor":[116,41,58,69,69,69,102,120,120,120,134,160,160,160,160,160,160],"floor_reached":16,"language":"ENG","playtime":1620,"items_purged":["Doubt"],"score":220,"play_id":"bd9020f5-5bc8-4bec-bd94-391e042c3da5","local_time":"20210220230957","is_ascension_mode":true,"campfire_choices":[{"floor":6.0,"key":"REST"},{"data":"Phantasmal Killer","floor":10.0,"key":"SMITH"},{"floor":15.0,"key":"REST"}],"circlet_count":0,"master_deck":["AscendersBane","Strike_G","Strike_G+1","Strike_G+1","Defend_G","Defend_G","Defend_G","Defend_G","Defend_G","Survivor","Neutralize","Corpse Explosion","Phantasmal Killer+1","Backstab","Blade Dance","Dash","Leg Sweep","Backstab","All Out Attack","PiercingWail"],"relics":["Ring of the Snake","Bag of Preparation","Frozen Egg 2","FossilizedHelix"],"acts_visited":["Exordium"],"potions_floor_usage":[16],"damage_taken":[{"damage":18.0,"enemies":"Small Slimes","floor":1.0,"turns":4.0},{"damage":0.0,"enemies":"2 Louse","floor":3.0,"turns":2.0},{"damage":1.0,"enemies":"Jaw Worm","floor":4.0,"turns":2.0},{"damage":12.0,"enemies":"Lagavulin","floor":7.0,"turns":4.0},{"damage":0.0,"enemies":"3 Louse","floor":8.0,"turns":2.0},{"damage":0.0,"enemies":"Lots of Slimes","floor":11.0,"turns":1.0},{"damage":26.0,"enemies":"Gremlin Nob","floor":12.0,"turns":4.0},{"damage":31,"enemies":"Slime Boss","floor":16,"turns":6}],"seed_played":"4859118621802940486","potions_obtained":[{"floor":1.0,"key":"Strength Potion"},{"floor":3.0,"key":"Dexterity Potion"}],"is_trial":false,"path_per_floor":["M","$","M","M","?","R","E","M","T","R","M","E","?","?","R","B"],"character_chosen":"THE_SILENT","items_purchased":[],"campfire_rested":2,"item_purchase_floors":[],"current_hp_per_floor":[41,41,41,40,20,39,27,27,27,27,27,1,1,1,20,0,0],"gold":160,"neow_bonus":"TRANSFORM_TWO_CARDS","is_daily":false,"chose_seed":false,"campfire_upgraded":1,"win_rate":0.0,"timestamp":1613887797,"path_taken":["M","$","M","M","?","R","E","M","T","R","M","E","?","?","R","BOSS"],"items_purchased_type":[],"build_version":"2020-12-22","purchased_purges":1,"victory":false,"max_hp_per_floor":[66,66,66,66,66,66,66,66,66,66,66,66,66,66,66,66,66],"card_choices":[{"not_picked":["Dagger Throw","Poisoned Stab"],"picked":"Backstab","floor":1.0},{"not_picked":["Dodge and Roll","Outmaneuver"],"picked":"Blade Dance","floor":3.0},{"not_picked":["All Out Attack","Bullet Time"],"picked":"Dash","floor":4.0},{"not_picked":["Deflect","PiercingWail"],"picked":"Leg Sweep","floor":7.0},{"not_picked":["Flying Knee","Catalyst"],"picked":"Backstab","floor":8.0},{"not_picked":["Prepared","Deadly Poison"],"picked":"All Out Attack","floor":11.0},{"not_picked":["Catalyst","Quick Slash"],"picked":"PiercingWail","floor":12.0}],"player_experience":2081639,"relics_obtained":[{"floor":7.0,"key":"Bag of Preparation"},{"floor":9.0,"key":"Frozen Egg 2"},{"floor":12.0,"key":"FossilizedHelix"}],"event_choices":[{"damage_healed":0.0,"max_hp_gain":0.0,"max_hp_loss":0.0,"gold_gain":0.0,"event_name":"Shining Light","player_choice":"Entered Light","floor":5.0,"gold_loss":0.0,"damage_taken":20.0,"cards_upgraded":["Strike_G","Strike_G"]},{"damage_healed":0.0,"max_hp_gain":0.0,"max_hp_loss":0.0,"gold_gain":0.0,"event_name":"Dead Adventurer","player_choice":"Searched \u00270\u0027 times","floor":13.0,"gold_loss":0.0,"damage_taken":0.0},{"damage_healed":0.0,"max_hp_gain":0.0,"max_hp_loss":0.0,"gold_gain":0.0,"event_name":"Liars Game","player_choice":"Ignored","floor":14.0,"gold_loss":0.0,"damage_taken":0.0}],"is_beta":false,"boss_relics":[],"items_purged_floors":[2],"is_endless":false,"potions_floor_spawned":[1,3],"killed_by":"Slime Boss","ascension_level":20}}