{"host":"67dbklwnaq0pv002","time":1613920845,"event":{"mods":["2.2 Compatiblity","AchievementEnabler","Act Like it!","BaseMod","Colored Map","Colored Powertips","Custom Start","KOR Keyword Fix","Minty Spire (QoL Compilation)","Quick Restart","StSLib","SuperFastMode"],"gold_per_floor":[109,12,112,131,142,176,176,210,210,210,210],"floor_reached":10,"language":"KOR","playtime":354,"items_purged":["Strike_G"],"score":87,"play_id":"9946f8f0-5ebe-48fc-a472-1122b3345197","local_time":"20210222002045","is_ascension_mode":true,"campfire_choices":[{"data":"Calculated Gamble","floor":7.0,"key":"SMITH"}],"circlet_count":0,"master_deck":["Strike_G","Strike_G","Strike_G","Strike_G","Defend_G","Defend_G","Defend_G","Defend_G","Defend_G","Survivor","Neutralize","Slice","Flying Knee","Dagger Throw","Tactician","Calculated Gamble+1","Poisoned Stab"],"relics":["Ring of the Snake","NeowsBlessing","MealTicket","StrikeDummy","Juzu Bracelet"],"acts_visited":["Exordium"],"potions_floor_usage":[],"damage_taken":[{"damage":0.0,"enemies":"Jaw Worm","floor":1.0,"turns":1.0},{"damage":0.0,"enemies":"Cultist","floor":4.0,"turns":1.0},{"damage":0.0,"enemies":"Small Slimes","floor":5.0,"turns":1.0},{"damage":32.0,"enemies":"Gremlin Nob","floor":6.0,"turns":4.0},{"damage":29.0,"enemies":"3 Sentries","floor":8.0,"turns":10.0},{"damage":7,"enemies":"Lagavulin","floor":10,"turns":3}],"seed_played":"7063498863800330501","potions_obtained":[{"floor":4.0,"key":"AttackPotion"}],"is_trial":false,"path_per_floor":["M","$","?","M","M","E","R","E","T","E"],"character_chosen":"THE_SILENT","items_purchased":["Flying Knee"],"campfire_rested":0,"item_purchase_floors":[2],"current_hp_per_floor":[70,70,70,70,70,38,38,9,9,2,2],"gold":210,"neow_bonus":"THREE_ENEMY_KILL","is_daily":false,"chose_seed":false,"campfire_upgraded":1,"win_rate":0.0,"timestamp":1613920845,"path_taken":["M","$","?","?","?","E","R","E","T","E"],"items_purchased_type":["Card"],"build_version":"2020-12-22","purchased_purges":1,"victory":false,"max_hp_per_floor":[70,70,70,70,70,70,70,70,70,70,70],"card_choices":[{"not_picked":["Prepared","Footwork"],"picked":"Slice","floor":1.0},{"not_picked":["Endless Agony","All Out Attack"],"picked":"Dagger Throw","floor":4.0},{"not_picked":["Flying Knee","Acrobatics"],"picked":"Tactician","floor":5.0},{"not_picked":["Underhanded Strike","Backflip"],"picked":"Calculated Gamble","floor":6.0},{"not_picked":["Deadly Poison","Infinite Blades"],"picked":"Poisoned Stab","floor":8.0}],"player_experience":609478,"relics_obtained":[{"floor":6.0,"key":"MealTicket"},{"floor":8.0,"key":"StrikeDummy"},{"floor":9.0,"key":"Juzu Bracelet"}],"event_choices":[{"damage_healed":0.0,"max_hp_gain":0.0,"max_hp_loss":0.0,"gold_gain":100.0,"event_name":"Golden Shrine","player_choice":"Pray","floor":3.0,"gold_loss":0.0,"damage_taken":0.0}],"is_beta":false,"boss_relics":[],"items_purged_floors":[2],"is_endless":false,"potions_floor_spawned":[4],"killed_by":"Lagavulin","ascension_level":3}}