{"host":"2ty4h143nj8vwezc","time":1613944035,"event":{"mods":["BaseMod","Colored Map","Googly Eyes","Highlight Path","Minty Spire (QoL Compilation)","Quick Restart","StSLib"],"gold_per_floor":[219,80,95,95,18,18,38,66,66,66,86,106,106,106,106,179,179,196,176,189,204,11,11,11,11],"floor_reached":24,"language":"ENG","playtime":900,"items_purged":[],"score":343,"play_id":"0cf70b1e-23aa-4379-a433-7af2cfcb46b7","local_time":"20210221164715","is_ascension_mode":true,"campfire_choices":[{"data":"Electrodynamics","floor":6.0,"key":"SMITH"},{"floor":13.0,"key":"REST"},{"data":"Storm","floor":15.0,"key":"SMITH"},{"floor":23.0,"key":"REST"}],"circlet_count":0,"master_deck":["AscendersBane","Strike_B+1","Strike_B","Defend_B","Defend_B","Defend_B","Defend_B","Zap","Dualcast","Reinforced Body","Electrodynamics+1","Conserve Battery","Storm+1","Ball Lightning+1","Reboot","Storm","Buffer","Rebound+1","Turbo","Steam","Biased Cognition","Aggregate"],"relics":["Cracked Core","Darkstone Periapt","Omamori","Whetstone","Empty Cage"],"acts_visited":["Exordium","TheCity"],"potions_floor_usage":[24],"damage_taken":[{"damage":2.0,"enemies":"Jaw Worm","floor":1.0,"turns":3.0},{"damage":1.0,"enemies":"2 Louse","floor":3.0,"turns":3.0},{"damage":0.0,"enemies":"Small Slimes","floor":7.0,"turns":4.0},{"damage":16.0,"enemies":"Lagavulin","floor":8.0,"turns":5.0},{"damage":0.0,"enemies":"2 Fungi Beasts","floor":11.0,"turns":3.0},{"damage":7.0,"enemies":"Red Slaver","floor":12.0,"turns":3.0},{"damage":9.0,"enemies":"The Guardian","floor":16.0,"turns":11.0},{"damage":22.0,"enemies":"Spheric Guardian","floor":18.0,"turns":6.0},{"damage":21.0,"enemies":"Chosen","floor":20.0,"turns":5.0},{"damage":16.0,"enemies":"Snake Plant","floor":21.0,"turns":2.0},{"damage":23,"enemies":"Book of Stabbing","floor":24,"turns":4}],"seed_played":"-248068413357700112","potions_obtained":[{"floor":1.0,"key":"Weak Potion"},{"floor":7.0,"key":"Weak Potion"},{"floor":11.0,"key":"Fire Potion"},{"floor":18.0,"key":"SpeedPotion"},{"floor":19.0,"key":"PowerPotion"}],"is_trial":false,"path_per_floor":["M","$","M","?","$","R","M","E","T","?","M","M","R","?","R","B",null,"M","?","M","M","$","R","E"],"character_chosen":"DEFECT","items_purchased":["Electrodynamics","Storm","Biased Cognition","Aggregate"],"campfire_rested":2,"item_purchase_floors":[2,5,22,22],"current_hp_per_floor":[62,62,61,43,43,43,43,27,27,27,27,20,41,41,41,32,61,39,39,18,2,2,23,0,0],"gold":11,"neow_bonus":"HUNDRED_GOLD","is_daily":false,"chose_seed":false,"campfire_upgraded":2,"win_rate":0.0,"timestamp":1613944035,"path_taken":["M","$","M","?","$","R","M","E","T","?","M","M","R","?","R","BOSS","M","?","?","M","$","R","E"],"items_purchased_type":["Card","Card","Card","Card"],"build_version":"2020-12-22","purchased_purges":0,"victory":false,"max_hp_per_floor":[71,71,71,71,71,71,71,71,71,71,71,71,71,71,71,71,71,71,71,71,71,71,71,71,71],"card_choices":[{"not_picked":["Lockon","Stack"],"picked":"Reinforced Body","floor":1.0},{"not_picked":["Skim","Rebound"],"picked":"Conserve Battery","floor":3.0},{"not_picked":["Steam","Gash","Compile Driver"],"picked":"SKIP","floor":7.0},{"not_picked":["Cold Snap","Doom and Gloom"],"picked":"Ball Lightning","floor":8.0},{"not_picked":["Barrage","Streamline"],"picked":"Reboot","floor":11.0},{"not_picked":["Undo","Conserve Battery"],"picked":"Storm","floor":12.0},{"not_picked":["Hyperbeam","Meteor Strike"],"picked":"Buffer","floor":16.0},{"not_picked":["Doom and Gloom","Beam Cell"],"picked":"Rebound+1","floor":18.0},{"not_picked":["Compile Driver","Rebound"],"picked":"Turbo","floor":20.0},{"not_picked":["Redo","Streamline"],"picked":"Steam","floor":21.0}],"player_experience":471622,"relics_obtained":[{"floor":8.0,"key":"Omamori"},{"floor":9.0,"key":"Whetstone"}],"event_choices":[{"damage_healed":0.0,"max_hp_gain":0.0,"max_hp_loss":0.0,"gold_gain":0.0,"event_name":"Scrap Ooze","player_choice":"Success","floor":4.0,"gold_loss":0.0,"damage_taken":18.0,"relics_obtained":["Darkstone Periapt"]},{"damage_healed":0.0,"max_hp_gain":0.0,"max_hp_loss":0.0,"gold_gain":0.0,"event_name":"Dead Adventurer","player_choice":"Searched \u00270\u0027 times","floor":10.0,"gold_loss":0.0,"damage_taken":0.0},{"damage_healed":0.0,"max_hp_gain":0.0,"max_hp_loss":0.0,"gold_gain":0.0,"event_name":"Shining Light","player_choice":"Ignored","floor":14.0,"gold_loss":0.0,"damage_taken":0.0},{"damage_healed":0.0,"max_hp_gain":0.0,"max_hp_loss":0.0,"gold_gain":0.0,"event_name":"The Woman in Blue","player_choice":"Bought 1 Potion","floor":19.0,"gold_loss":0.0,"damage_taken":0.0}],"is_beta":false,"boss_relics":[{"not_picked":["Philosopher\u0027s Stone","Runic Dome"],"picked":"Empty Cage"}],"items_purged_floors":[],"is_endless":false,"potions_floor_spawned":[1,7,11,12,18,20],"killed_by":"Book of Stabbing","ascension_level":15}}