{"host":"ilxricga2547gmyy","time":1613924247,"event":{"mods":["AchievementEnabler","BaseMod","Bestiary","Minty Spire (QoL Compilation)","StSLib"],"gold_per_floor":[119,139,64,64,77,109,109,120,120,147,147,158,158,178,178,280,280,299,319,234,52,67,92,92,108,108,120,159,189,211,249,261,372,384,416,142,142,79,96,125,143,174,174,24,36,56,70,98,98,98,98],"floor_reached":50,"language":"ENG","playtime":1649,"items_purged":["Strike_R","Strike_R","Entrench"],"score":1009,"play_id":"3ef1848e-dbc4-4765-b7a2-d4ff17bacb70","local_time":"20210221171727","is_ascension_mode":true,"campfire_choices":[{"data":"Sever Soul","floor":7.0,"key":"SMITH"},{"data":"Immolate","floor":13.0,"key":"SMITH"},{"data":"Bash","floor":15.0,"key":"SMITH"},{"data":"Apotheosis","floor":24.0,"key":"SMITH"},{"floor":32.0,"key":"DIG"},{"floor":49,"key":"DIG"}],"circlet_count":0,"master_deck":["AscendersBane","Defend_R","Defend_R","Defend_R","Bash+1","Sever Soul+1","Iron Wave","Impervious","Impervious","Cleave+1","Immolate+1","Fire Breathing","Offering","Clothesline+1","Offering","Apotheosis+1","Battle Trance+1","Cleave","Shrug It Off","Thunderclap+1","Whirlwind+1","Juggernaut","Immolate","Mayhem","Iron Wave+1","Second Wind+1","Shrug It Off+1","Havoc+1","Offering","Cleave+1","Cleave+1"],"relics":["Burning Blood","PreservedInsect","Bronze Scales","Anchor","Meat on the Bone","Velvet Choker","Matryoshka","Toy Ornithopter","MawBank","Shovel","Enchiridion","Orichalcum","Dream Catcher","Whetstone","Empty Cage","Membership Card","Eternal Feather","Dead Branch","Potion Belt","Ornamental Fan","White Beast Statue","Ginger","Magic Flower"],"acts_visited":["Exordium","TheCity","TheBeyond"],"potions_floor_usage":[48,50,50],"damage_taken":[{"damage":6.0,"enemies":"Cultist","floor":1.0,"turns":3.0},{"damage":8.0,"enemies":"Jaw Worm","floor":2.0,"turns":4.0},{"damage":0.0,"enemies":"2 Louse","floor":5.0,"turns":3.0},{"damage":3.0,"enemies":"Gremlin Nob","floor":6.0,"turns":4.0},{"damage":10.0,"enemies":"Exordium Thugs","floor":8.0,"turns":4.0},{"damage":20.0,"enemies":"Lagavulin","floor":10.0,"turns":5.0},{"damage":0.0,"enemies":"Looter","floor":12.0,"turns":2.0},{"damage":0.0,"enemies":"Lots of Slimes","floor":14.0,"turns":3.0},{"damage":15.0,"enemies":"Slime Boss","floor":16.0,"turns":7.0},{"damage":12.0,"enemies":"Spheric Guardian","floor":18.0,"turns":3.0},{"damage":6.0,"enemies":"Chosen","floor":19.0,"turns":3.0},{"damage":21.0,"enemies":"Snake Plant","floor":22.0,"turns":3.0},{"damage":0.0,"enemies":"Slavers","floor":23.0,"turns":2.0},{"damage":6.0,"enemies":"Chosen and Byrds","floor":25.0,"turns":3.0},{"damage":20.0,"enemies":"Gremlin Leader","floor":28.0,"turns":4.0},{"damage":15.0,"enemies":"Shelled Parasite and Fungi","floor":29.0,"turns":4.0},{"damage":6.0,"enemies":"Centurion and Healer","floor":30.0,"turns":4.0},{"damage":18.0,"enemies":"Slavers","floor":31.0,"turns":2.0},{"damage":29.0,"enemies":"Automaton","floor":33.0,"turns":8.0},{"damage":8.0,"enemies":"Orb Walker","floor":35.0,"turns":3.0},{"damage":18.0,"enemies":"3 Shapes","floor":39.0,"turns":4.0},{"damage":31.0,"enemies":"Reptomancer","floor":40.0,"turns":3.0},{"damage":8.0,"enemies":"Jaw Worm Horde","floor":41.0,"turns":3.0},{"damage":71.0,"enemies":"Nemesis","floor":42.0,"turns":7.0},{"damage":22.0,"enemies":"Spire Growth","floor":45.0,"turns":6.0},{"damage":33.0,"enemies":"Maw","floor":46.0,"turns":6.0},{"damage":1.0,"enemies":"3 Darklings","floor":47.0,"turns":3.0},{"damage":12,"enemies":"Giant Head","floor":48,"turns":5},{"damage":93,"enemies":"Time Eater","floor":50,"turns":10}],"seed_played":"-6077105006824463318","potions_obtained":[{"floor":5.0,"key":"Weak Potion"},{"floor":8.0,"key":"SmokeBomb"},{"floor":12.0,"key":"Weak Potion"},{"floor":14.0,"key":"SpeedPotion"},{"floor":25.0,"key":"FairyPotion"},{"floor":29.0,"key":"Explosive Potion"},{"floor":41.0,"key":"Fire Potion"},{"floor":45.0,"key":"PowerPotion"},{"floor":46.0,"key":"Fire Potion"},{"floor":47.0,"key":"Dexterity Potion"},{"floor":48,"key":"Weak Potion"}],"is_trial":false,"path_per_floor":["M","M","$","?","M","E","R","M","T","E","T","M","R","M","R","B",null,"M","M","?","$","M","E","R","M","T","?","E","M","M","E","R","B",null,"M","$","?","$","M","E","M","E","T","$","M","M","M","E","R","B"],"character_chosen":"IRONCLAD","items_purchased":["Apotheosis","Membership Card","Mayhem","White Beast Statue","Strength Potion"],"campfire_rested":0,"item_purchase_floors":[21,36,36,44,44],"current_hp_per_floor":[72,70,70,70,76,79,79,75,75,61,61,67,67,73,73,64,76,70,70,70,70,55,61,61,61,61,45,43,46,58,58,58,47,72,70,70,70,70,58,45,55,42,42,42,38,28,48,47,65,0,0],"gold":98,"neow_bonus":"RANDOM_COMMON_RELIC","is_daily":false,"chose_seed":false,"campfire_upgraded":4,"win_rate":0.0,"timestamp":1613924247,"path_taken":["M","?","?","?","M","E","R","?","T","E","?","M","R","M","R","BOSS","M","M","?","$","M","E","R","M","T","?","E","M","?","E","R","BOSS","M","$","?","?","M","E","M","E","T","$","M","M","?","E","R","BOSS"],"items_purchased_type":["Card","Relic","Card","Relic","Potion"],"build_version":"2020-12-22","purchased_purges":3,"victory":false,"max_hp_per_floor":[80,80,80,80,80,80,80,80,80,80,80,80,80,80,80,80,80,80,80,80,80,80,80,80,80,80,80,80,80,80,80,80,80,80,80,80,80,80,80,80,80,80,80,80,80,80,80,80,80,80,80],"card_choices":[{"not_picked":["Cleave","Anger"],"picked":"Sever Soul","floor":1.0},{"not_picked":["Thunderclap","Seeing Red"],"picked":"Iron Wave","floor":2.0},{"not_picked":["Clash","Headbutt"],"picked":"Impervious","floor":5.0},{"not_picked":["Pommel Strike","Evolve"],"picked":"Impervious","floor":6.0},{"not_picked":["Twin Strike","Reckless Charge"],"picked":"Cleave","floor":8.0},{"not_picked":["Clothesline","Wild Strike"],"picked":"Immolate","floor":10.0},{"not_picked":["True Grit","Twin Strike","Combust"],"picked":"SKIP","floor":12.0},{"not_picked":["Thunderclap","Flex"],"picked":"Fire Breathing","floor":14.0},{"not_picked":["Bludgeon","Immolate"],"picked":"Offering","floor":16.0},{"not_picked":["Heavy Blade+1","Battle Trance"],"picked":"Clothesline+1","floor":18.0},{"not_picked":["Clash+1","Thunderclap+1"],"picked":"Offering","floor":19.0},{"not_picked":["Heavy Blade","Body Slam"],"picked":"Battle Trance+1","floor":22.0},{"not_picked":["Clash","Armaments"],"picked":"Cleave","floor":23.0},{"not_picked":["Sword Boomerang+1","Power Through","Armaments"],"picked":"SKIP","floor":25.0},{"not_picked":["Perfected Strike","Cleave"],"picked":"Shrug It Off","floor":28.0},{"not_picked":["Twin Strike","Evolve"],"picked":"Thunderclap+1","floor":29.0},{"not_picked":["Second Wind","Anger"],"picked":"Whirlwind","floor":30.0},{"not_picked":["Sever Soul","Wild Strike+1"],"picked":"Juggernaut","floor":31.0},{"not_picked":["Exhume","Juggernaut"],"picked":"Immolate","floor":33.0},{"not_picked":["Headbutt+1","Perfected Strike","Clash+1"],"picked":"SKIP","floor":35.0},{"not_picked":["Carnage+1","Dark Embrace"],"picked":"Iron Wave+1","floor":39.0},{"not_picked":["True Grit","Wild Strike+1"],"picked":"Second Wind+1","floor":40.0},{"not_picked":["Heavy Blade+1","Sword Boomerang+1"],"picked":"Shrug It Off+1","floor":41.0},{"not_picked":["Intimidate","Anger+1"],"picked":"Havoc+1","floor":42.0},{"not_picked":["Cleave","Anger+1"],"picked":"Offering","floor":45.0},{"not_picked":["True Grit","Wild Strike"],"picked":"Cleave+1","floor":46.0},{"not_picked":["Combust","True Grit+1"],"picked":"Cleave+1","floor":47.0},{"not_picked":["Warcry+1","Perfected Strike","Clash+1"],"picked":"SKIP","floor":48}],"player_experience":292822,"relics_obtained":[{"floor":6.0,"key":"Bronze Scales"},{"floor":9.0,"key":"Anchor"},{"floor":10.0,"key":"Meat on the Bone"},{"floor":23.0,"key":"Toy Ornithopter"},{"floor":26.0,"key":"MawBank"},{"floor":26.0,"key":"Shovel"},{"floor":27.0,"key":"Enchiridion"},{"floor":28.0,"key":"Orichalcum"},{"floor":31.0,"key":"Dream Catcher"},{"floor":32.0,"key":"Whetstone"},{"floor":40.0,"key":"Eternal Feather"},{"floor":42.0,"key":"Dead Branch"},{"floor":43.0,"key":"Potion Belt"},{"floor":43.0,"key":"Ornamental Fan"},{"floor":48,"key":"Ginger"},{"floor":49,"key":"Magic Flower"}],"event_choices":[{"cards_removed":["Strike_R"],"damage_healed":0.0,"max_hp_gain":0.0,"max_hp_loss":0.0,"gold_gain":0.0,"event_name":"Purifier","player_choice":"Purged","floor":4.0,"gold_loss":0.0,"damage_taken":0.0},{"damage_healed":0.0,"max_hp_gain":0.0,"max_hp_loss":0.0,"gold_gain":0.0,"event_name":"Addict","player_choice":"Obtained Relic","floor":20.0,"gold_loss":85.0,"damage_taken":0.0,"relics_obtained":["Matryoshka"]},{"damage_healed":0.0,"max_hp_gain":0.0,"max_hp_loss":0.0,"gold_gain":0.0,"event_name":"Cursed Tome","player_choice":"Obtained Book","floor":27.0,"gold_loss":0.0,"damage_taken":16.0},{"damage_healed":0.0,"max_hp_gain":0.0,"max_hp_loss":0.0,"gold_gain":0.0,"cards_transformed":["Defend_R"],"event_name":"Transmorgrifier","player_choice":"Transformed","floor":37.0,"gold_loss":0.0,"damage_taken":0.0,"cards_obtained":["Entrench"]}],"is_beta":false,"boss_relics":[{"not_picked":["Sozu","Runic Pyramid"],"picked":"Velvet Choker"},{"not_picked":["Cursed Key","Calling Bell"],"picked":"Empty Cage"}],"items_purged_floors":[3,36,38],"is_endless":false,"potions_floor_spawned":[5,8,12,14,19,23,25,29,40,41,45,46,47,48],"killed_by":"Time Eater","ascension_level":10}}