{"host":"e14va605tljgvqtz","time":1613885590,"event":{"mods":["BaseMod","Colored Map","Highlight Path","Minty Spire (QoL Compilation)","Relic Stats"],"gold_per_floor":[112,128,147,159,35,35,64,123,123,123,157,157,0,29,29,132,132,149,149,168,68,88,88,108,140,166,201,226,258,271,323,323,420,420,438,492,504,504,522,522,552,570,570,570,588,622,637,489,489,489,489,489,87,116,116],"floor_reached":56,"language":"ENG","playtime":4906,"items_purged":["Strike_G","Slice","Glass Knife+1"],"score":2029,"play_id":"9ff580c1-59f3-4ff6-a7b0-34b8f1c57273","local_time":"20210220213310","is_ascension_mode":true,"campfire_choices":[{"data":"Quick Slash","floor":6.0,"key":"SMITH"},{"data":"Flying Knee","floor":10.0,"key":"SMITH"},{"floor":12.0,"key":"REST"},{"data":"Tools of the Trade","floor":15.0,"key":"SMITH"},{"data":"Catalyst","floor":23.0,"key":"SMITH"},{"data":"Burst","floor":32.0,"key":"SMITH"},{"data":"Well Laid Plans","floor":40.0,"key":"SMITH"},{"floor":49,"key":"RECALL"},{"data":"Underhanded Strike+1","floor":52,"key":"PURGE"}],"circlet_count":0,"master_deck":["Survivor+1","Neutralize+1","Tools of the Trade+1","Flying Knee+1","Quick Slash+1","Unload+1","Cloak And Dagger+1","Quick Slash+1","PiercingWail+1","Noxious Fumes+1","Tactician+1","Caltrops+1","Blade Dance+1","Corpse Explosion+1","Wraith Form v2+1","Deadly Poison+1","Catalyst+1","Wraith Form v2+1","Leg Sweep+1","Cloak And Dagger+1","Reflex+1","Well Laid Plans+1","Ghostly+1","Ghostly+1","Ghostly+1","Ghostly+1","Ghostly+1","Deadly Poison+1","Backflip+1","Catalyst+1","Burst+1","Concentrate+1","Backflip+1","Reflex+1","Wraith Form v2+1","Backflip+1","Deadly Poison+1","Prepared+1"],"relics":["Ring of the Snake","StoneCalendar","Peace Pipe","Orichalcum","Orrery","Pear","Pandora\u0027s Box","Ninja Scroll","Smiling Mask","Meat on the Bone","Red Mask","Singing Bowl","HoveringKite","Unceasing Top","Thread and Needle","Prayer Wheel","Mark of the Bloom","Lantern","Nunchaku","Ornamental Fan","Happy Flower"],"acts_visited":["Exordium","TheCity","TheBeyond","TheEnding"],"potions_floor_usage":[45,55,55,55],"damage_taken":[{"damage":3.0,"enemies":"Cultist","floor":1.0,"turns":5.0},{"damage":0.0,"enemies":"Small Slimes","floor":2.0,"turns":3.0},{"damage":0.0,"enemies":"Jaw Worm","floor":3.0,"turns":4.0},{"damage":11.0,"enemies":"Exordium Wildlife","floor":4.0,"turns":8.0},{"damage":19.0,"enemies":"3 Sentries","floor":7.0,"turns":11.0},{"damage":6.0,"enemies":"3 Sentries","floor":8.0,"turns":8.0},{"damage":12.0,"enemies":"Lagavulin","floor":11.0,"turns":7.0},{"damage":14.0,"enemies":"Gremlin Nob","floor":14.0,"turns":4.0},{"damage":9.0,"enemies":"The Guardian","floor":16.0,"turns":9.0},{"damage":4.0,"enemies":"Shell Parasite","floor":18.0,"turns":4.0},{"damage":0.0,"enemies":"Spheric Guardian","floor":20.0,"turns":5.0},{"damage":0.0,"enemies":"Snake Plant","floor":22.0,"turns":5.0},{"damage":0.0,"enemies":"Snecko","floor":24.0,"turns":6.0},{"damage":0.0,"enemies":"Slavers","floor":25.0,"turns":4.0},{"damage":0.0,"enemies":"Gremlin Leader","floor":27.0,"turns":6.0},{"damage":0.0,"enemies":"Masked Bandits","floor":28.0,"turns":4.0},{"damage":0.0,"enemies":"Book of Stabbing","floor":29.0,"turns":6.0},{"damage":0.0,"enemies":"Centurion and Healer","floor":30.0,"turns":5.0},{"damage":0.0,"enemies":"Automaton","floor":33.0,"turns":7.0},{"damage":0.0,"enemies":"3 Shapes","floor":35.0,"turns":7.0},{"damage":0.0,"enemies":"2 Orb Walkers","floor":36.0,"turns":5.0},{"damage":0.0,"enemies":"Orb Walker","floor":37.0,"turns":5.0},{"damage":0.0,"enemies":"4 Shapes","floor":39.0,"turns":7.0},{"damage":0,"enemies":"Giant Head","floor":41,"turns":8},{"damage":0,"enemies":"Sphere and 2 Shapes","floor":42,"turns":5},{"damage":0,"enemies":"Maw","floor":45,"turns":5},{"damage":0,"enemies":"Nemesis","floor":46,"turns":5},{"damage":0,"enemies":"Transient","floor":47,"turns":5},{"damage":0,"enemies":"Time Eater","floor":50,"turns":5},{"damage":0,"enemies":"Shield and Spear","floor":54,"turns":3},{"damage":25,"enemies":"The Heart","floor":55,"turns":7}],"seed_played":"-3978175655666896939","potions_obtained":[{"floor":3.0,"key":"ColorlessPotion"},{"floor":7.0,"key":"Regen Potion"},{"floor":11.0,"key":"Regen Potion"},{"floor":18.0,"key":"FearPotion"},{"floor":24.0,"key":"Explosive Potion"},{"floor":37.0,"key":"Poison Potion"},{"floor":41,"key":"Fruit Juice"}],"is_trial":false,"path_per_floor":["M","M","M","M","$","R","E","?","T","R","E","R","$","E","R","B",null,"M","?","M","$","M","R","M","E","T","E","?","E","M","T","R","B",null,"M","?","M","?","M","R","E","M","T","?","M","E","M","$","R","B",null,"R","$","E","B",null],"character_chosen":"THE_SILENT","items_purchased":["Poison Potion","Orrery","Swift Potion","Weak Potion","Nunchaku","Ornamental Fan"],"campfire_rested":1,"item_purchase_floors":[5,13,48,48,53,53],"current_hp_per_floor":[60,60,60,49,49,49,30,39,39,39,27,48,48,44,44,35,69,65,40,40,40,40,40,40,40,40,40,40,40,40,40,40,42,42,42,44,44,44,44,44,44,46,46,46,46,46,46,46,46,46,46,46,46,46,21],"gold":116,"neow_bonus":"ONE_RANDOM_RARE_CARD","is_daily":false,"chose_seed":false,"campfire_upgraded":6,"win_rate":0.0,"timestamp":1613885590,"path_taken":["M","M","M","M","?","R","E","?","T","R","E","R","$","E","R","BOSS","M","?","M","$","M","R","M","E","T","E","?","E","M","?","R","BOSS","M","?","M","?","?","R","E","M","T","?","M","E","M","$","R","BOSS","R","$","E","BOSS"],"items_purchased_type":["Potion","Relic","Potion","Potion","Relic","Relic"],"build_version":"2020-12-22","purchased_purges":3,"victory":true,"max_hp_per_floor":[70,70,70,70,70,70,70,70,70,70,70,70,70,80,80,80,80,80,40,40,40,40,40,40,40,40,40,40,40,40,40,40,42,42,42,44,44,44,44,44,44,46,46,46,55,57,59,59,59,59,59,59,59,61,61],"relic_stats":{"Mark of the Bloom":37,"Singing Bowl":16,"Happy Flower":[2],"counters":[31,178],"HoveringKite":[46],"StoneCalendar":[268],"Orichalcum":[516],"Smiling Mask":75,"Peace Pipe":1,"Nunchaku":[1],"Ornamental Fan":[12],"Pandora\u0027s Box":["Slice","Wraith Form v2","Glass Knife","Deadly Poison","Catalyst","Wraith Form v2","Leg Sweep","Cloak And Dagger","Reflex"],"Prayer Wheel":2,"obtain_stats":[{"Mark of the Bloom":44,"Lantern":46,"Pear":14,"Singing Bowl":29,"Happy Flower":54,"HoveringKite":34,"StoneCalendar":8,"Thread and Needle":41,"Orichalcum":11,"Smiling Mask":26,"Peace Pipe":9,"Nunchaku":53,"Ninja Scroll":25,"Ornamental Fan":53,"Orrery":13,"Pandora\u0027s Box":17,"Prayer Wheel":43,"Red Mask":28,"Unceasing Top":36,"Ring of the Snake":0,"Meat on the Bone":27},{"Mark of the Bloom":25,"Lantern":27,"Pear":8,"Singing Bowl":17,"Happy Flower":30,"HoveringKite":19,"StoneCalendar":6,"Thread and Needle":24,"Orichalcum":7,"Smiling Mask":14,"Peace Pipe":6,"Nunchaku":29,"Ninja Scroll":14,"Ornamental Fan":29,"Orrery":7,"Pandora\u0027s Box":9,"Prayer Wheel":25,"Red Mask":16,"Unceasing Top":21,"Ring of the Snake":0,"Meat on the Bone":15},{"Mark of the Bloom":148,"Lantern":158,"Pear":50,"Singing Bowl":99,"Happy Flower":171,"HoveringKite":111,"StoneCalendar":39,"Thread and Needle":143,"Orichalcum":46,"Smiling Mask":83,"Peace Pipe":39,"Nunchaku":168,"Ninja Scroll":83,"Ornamental Fan":168,"Orrery":46,"Pandora\u0027s Box":59,"Prayer Wheel":148,"Red Mask":93,"Unceasing Top":123,"Ring of the Snake":0,"Meat on the Bone":89}],"Unceasing Top":[14],"Ring of the Snake":[62],"Meat on the Bone":0},"card_choices":[{"not_picked":["Quick Slash","Infinite Blades"],"picked":"Flying Knee","floor":1.0},{"not_picked":["Deflect","PiercingWail","Backflip"],"picked":"SKIP","floor":2.0},{"not_picked":["Poisoned Stab","Setup"],"picked":"Quick Slash","floor":3.0},{"not_picked":["Quick Slash","Dagger Spray"],"picked":"Unload","floor":4.0},{"not_picked":["Skewer","Acrobatics"],"picked":"Cloak And Dagger","floor":7.0},{"not_picked":["Poisoned Stab","Masterful Stab"],"picked":"Quick Slash","floor":8.0},{"not_picked":["Dodge and Roll","Heel Hook"],"picked":"PiercingWail","floor":11.0},{"not_picked":["Dagger Throw","Deflect"],"picked":"Noxious Fumes","floor":13.0},{"not_picked":["Choke","Backstab"],"picked":"Tactician","floor":13.0},{"not_picked":["Deflect","Slice"],"picked":"Underhanded Strike","floor":13.0},{"not_picked":["Distraction","PiercingWail"],"picked":"Caltrops","floor":13.0},{"not_picked":["Deflect","Underhanded Strike"],"picked":"Blade Dance","floor":14.0},{"not_picked":["Doppelganger","Adrenaline"],"picked":"Corpse Explosion","floor":16.0},{"not_picked":["Flying Knee","PiercingWail"],"picked":"Well Laid Plans","floor":18.0},{"not_picked":["Eviscerate","Finisher"],"picked":"Deadly Poison","floor":20.0},{"not_picked":["Dodge and Roll","Cloak And Dagger","Noxious Fumes+1"],"picked":"SKIP","floor":22.0},{"not_picked":["Dash+1","Deflect","Quick Slash"],"picked":"SKIP","floor":24.0},{"not_picked":["Blur","Riddle With Holes","Cloak And Dagger"],"picked":"SKIP","floor":25.0},{"not_picked":["Underhanded Strike","Escape Plan+1"],"picked":"Backflip","floor":27.0},{"not_picked":["Flying Knee","Caltrops"],"picked":"Catalyst","floor":28.0},{"not_picked":["Dodge and Roll","Deflect"],"picked":"Burst","floor":29.0},{"not_picked":["Setup","Flechettes"],"picked":"Concentrate","floor":30.0},{"not_picked":["Venomology","Bullet Time","Phantasmal Killer"],"picked":"Singing Bowl","floor":33.0},{"not_picked":["Masterful Stab","Sucker Punch"],"picked":"Backflip","floor":35.0},{"not_picked":["Poisoned Stab+1","Quick Slash+1","Dagger Spray"],"picked":"Singing Bowl","floor":36.0},{"not_picked":["Cloak And Dagger+1","Grand Finale"],"picked":"Reflex+1","floor":37.0},{"not_picked":["Blade Dance+1","PiercingWail+1"],"picked":"Backflip","floor":39.0},{"not_picked":["Dagger Spray","Venomology"],"picked":"Deadly Poison+1","floor":41},{"not_picked":["Backflip+1","Quick Slash","Noxious Fumes"],"picked":"Singing Bowl","floor":42},{"not_picked":["Choke+1","Slice+1","Poisoned Stab"],"picked":"Singing Bowl","floor":45},{"not_picked":["Leg Sweep","Dash+1","Dagger Throw"],"picked":"Singing Bowl","floor":45},{"not_picked":["Deflect","Phantasmal Killer","Masterful Stab+1"],"picked":"Singing Bowl","floor":46},{"not_picked":["Backflip+1","Cloak And Dagger+1","Eviscerate+1"],"picked":"Singing Bowl","floor":47},{"not_picked":["Predator+1","Underhanded Strike"],"picked":"Prepared+1","floor":47},{"not_picked":["Reflex+1","Caltrops","Slice+1"],"picked":"Singing Bowl","floor":54}],"player_experience":330128,"relics_obtained":[{"floor":8.0,"key":"StoneCalendar"},{"floor":9.0,"key":"Peace Pipe"},{"floor":11.0,"key":"Orichalcum"},{"floor":14.0,"key":"Pear"},{"floor":25.0,"key":"Ninja Scroll"},{"floor":26.0,"key":"Smiling Mask"},{"floor":27.0,"key":"Meat on the Bone"},{"floor":28.0,"key":"Red Mask"},{"floor":29.0,"key":"Singing Bowl"},{"floor":36.0,"key":"Unceasing Top"},{"floor":41,"key":"Thread and Needle"},{"floor":43,"key":"Prayer Wheel"},{"floor":46,"key":"Lantern"},{"floor":54,"key":"Happy Flower"}],"event_choices":[{"damage_healed":0.0,"max_hp_gain":0.0,"max_hp_loss":0.0,"gold_gain":0.0,"event_name":"Dead Adventurer","player_choice":"Searched \u00272\u0027 times","floor":8.0,"gold_loss":0.0,"damage_taken":0.0},{"damage_healed":0.0,"max_hp_gain":0.0,"max_hp_loss":40.0,"gold_gain":0.0,"event_name":"Ghosts","player_choice":"Became a Ghost","floor":19.0,"gold_loss":0.0,"damage_taken":0.0,"cards_obtained":["Ghostly","Ghostly","Ghostly","Ghostly","Ghostly"]},{"damage_healed":0.0,"max_hp_gain":0.0,"max_hp_loss":0.0,"gold_gain":0.0,"event_name":"Masked Bandits","player_choice":"Fought Bandits","floor":28.0,"gold_loss":0.0,"damage_taken":0.0},{"damage_healed":0.0,"max_hp_gain":0.0,"max_hp_loss":0.0,"gold_gain":0.0,"event_name":"Mysterious Sphere","player_choice":"Fight","floor":36.0,"gold_loss":0.0,"damage_taken":0.0},{"damage_healed":0.0,"max_hp_gain":0.0,"max_hp_loss":0.0,"gold_gain":0.0,"event_name":"Duplicator","player_choice":"Copied","floor":38.0,"gold_loss":0.0,"damage_taken":0.0,"cards_obtained":["Wraith Form v2"]},{"damage_healed":0,"gold_gain":0,"player_choice":"Upgrade","damage_taken":0,"relics_obtained":["Mark of the Bloom"],"max_hp_gain":0,"max_hp_loss":0,"event_name":"MindBloom","floor":44,"gold_loss":0,"cards_upgraded":["Survivor","Neutralize","Unload","Cloak And Dagger","Quick Slash","PiercingWail","Noxious Fumes","Tactician","Underhanded Strike","Caltrops","Blade Dance","Corpse Explosion","Wraith Form v2","Glass Knife","Deadly Poison","Wraith Form v2","Leg Sweep","Cloak And Dagger","Reflex","Ghostly","Ghostly","Ghostly","Ghostly","Ghostly","Deadly Poison","Backflip","Catalyst","Concentrate","Backflip","Wraith Form v2","Backflip"]}],"is_beta":false,"boss_relics":[{"not_picked":["Empty Cage","Runic Dome"],"picked":"Pandora\u0027s Box"},{"not_picked":["Ring of the Serpent","Sozu"],"picked":"HoveringKite"}],"items_purged_floors":[5,21,48],"is_endless":false,"potions_floor_spawned":[3,7,11,18,24,29,33,37,39,41],"ascension_level":8}}