{"host":"4gkev1dtxxhiue3x","time":1613903608,"event":{"mods":["AchievementEnabler","BaseMod","Better Altar","Better Match","Better Note","Better Sensory Stone","Better Skull","Better Third Choice","Colored Powertips","Friendly Minions","Hermit","Minty Spire (QoL Compilation)","Relic Stats","Robot Space Explorer","Shop Mod","StSLib","The Disciple","The Hierophant"],"gold_per_floor":[362,375,154,174,186,220,220,220,274,274,293,6,32,46,46,146,146,164,114,134,144,144,178,178,203,226,56,82,82,108,125,125,224,224,243,259,278,278,59,85,85,110,133,0,20,20,20,20],"floor_reached":47,"language":"ENG","playtime":3232,"items_purged":["RobotSpaceExplorer:Strike","RobotSpaceExplorer:Strike","RobotSpaceExplorer:Defend"],"score":758,"play_id":"5edfac3b-7739-4b53-970b-41be62c51ffd","local_time":"20210221113328","is_ascension_mode":true,"campfire_choices":[{"floor":7,"key":"REST"},{"data":"RobotSpaceExplorer:Electropulse","floor":10,"key":"SMITH"},{"data":"RobotSpaceExplorer:MiniLasers","floor":15,"key":"SMITH"},{"floor":32,"key":"REST"},{"floor":46,"key":"REST"}],"circlet_count":0,"master_deck":["RobotSpaceExplorer:Defend","RobotSpaceExplorer:Defend","RobotSpaceExplorer:Defend","RobotSpaceExplorer:Scan","RobotSpaceExplorer:MiniLasers+1","RobotSpaceExplorer:ScrapMissile","RobotSpaceExplorer:Electropulse+1","RobotSpaceExplorer:Scanner","RobotSpaceExplorer:ScrapToss","RobotSpaceExplorer:ScrapMissile","RobotSpaceExplorer:SurgingShield","RobotSpaceExplorer:PowerCollector","RobotSpaceExplorer:FranticSearch","RobotSpaceExplorer:FreezeRay","RobotSpaceExplorer:ScrapToss+1","RobotSpaceExplorer:ShockKick","RobotSpaceExplorer:DualCore","RobotSpaceExplorer:Autoloader","RobotSpaceExplorer:SelfCleaning","RobotSpaceExplorer:StunGrenade+1","RobotSpaceExplorer:GlueSpray","RobotSpaceExplorer:Discharger","RobotSpaceExplorer:Explosion+1","RobotSpaceExplorer:Accelerator","RobotSpaceExplorer:PowerCollector","Apotheosis","Master of Strategy","RobotSpaceExplorer:Jetpack","RobotSpaceExplorer:StunGrenade+1"],"relics":["RobotSpaceExplorer:RoboCore","RobotSpaceExplorer:BottledGravity","Bag of Preparation","Potion Belt","RobotSpaceExplorer:FoglandsKnife","Pen Nib","Sozu","Sundial","Ornamental Fan","Juzu Bracelet","Vajra","Empty Cage","Membership Card","Gremlin Horn","Smiling Mask","Whetstone","Red Mask"],"acts_visited":["Exordium","TheCity","TheBeyond"],"potions_floor_usage":[18,23,40,42,45],"damage_taken":[{"damage":3,"enemies":"Cultist","floor":1,"turns":4},{"damage":0,"enemies":"2 Louse","floor":2,"turns":2},{"damage":0,"enemies":"Small Slimes","floor":4,"turns":2},{"damage":1,"enemies":"Exordium Thugs","floor":5,"turns":3},{"damage":22,"enemies":"Lagavulin","floor":6,"turns":4},{"damage":6,"enemies":"Looter","floor":11,"turns":2},{"damage":0,"enemies":"3 Sentries","floor":13,"turns":1},{"damage":0,"enemies":"Blue Slaver","floor":14,"turns":1},{"damage":5,"enemies":"Slime Boss","floor":16,"turns":4},{"damage":0,"enemies":"2 Thieves","floor":18,"turns":1},{"damage":7,"enemies":"Shell Parasite","floor":20,"turns":3},{"damage":3,"enemies":"Chosen and Byrds","floor":21,"turns":4},{"damage":18,"enemies":"Gremlin Leader","floor":23,"turns":3},{"damage":0,"enemies":"Slavers","floor":25,"turns":1},{"damage":16,"enemies":"Book of Stabbing","floor":28,"turns":3},{"damage":14,"enemies":"Gremlin Leader","floor":30,"turns":3},{"damage":0,"enemies":"Shelled Parasite and Fungi","floor":31,"turns":2},{"damage":12,"enemies":"Collector","floor":33,"turns":5},{"damage":0,"enemies":"3 Shapes","floor":35,"turns":1},{"damage":0,"enemies":"Orb Walker","floor":36,"turns":1},{"damage":19,"enemies":"Spire Growth","floor":37,"turns":4},{"damage":46,"enemies":"Nemesis","floor":40,"turns":5},{"damage":0,"enemies":"Reptomancer","floor":42,"turns":3},{"damage":0,"enemies":"3 Darklings","floor":45,"turns":2},{"damage":38,"enemies":"Nemesis","floor":47,"turns":2}],"seed_played":"879658725520272186","potions_obtained":[{"floor":1,"key":"LiquidMemories"},{"floor":4,"key":"Weak Potion"},{"floor":6,"key":"SteroidPotion"},{"floor":13,"key":"RobotSpaceExplorer:RecyclePotion"},{"floor":14,"key":"GamblersBrew"}],"is_trial":false,"path_per_floor":["M","M","$","M","M","E","R","?","T","R","M","$","E","M","R","B",null,"M","?","M","M","?","E","?","E","T","$","E","$","E","M","R","B",null,"M","M","M","?","$","E","?","E","T","?","M","R","E"],"character_chosen":"RobotSpaceExplorer","items_purchased":["RobotSpaceExplorer:Scanner","RobotSpaceExplorer:ScrapToss","RobotSpaceExplorer:FoglandsKnife","RobotSpaceExplorer:FreezeRay","RobotSpaceExplorer:ScrapToss","RobotSpaceExplorer:Discharger","Membership Card"],"campfire_rested":3,"item_purchase_floors":[3,3,12,12,12,27,39],"current_hp_per_floor":[51,51,51,51,50,28,50,50,50,50,44,44,44,44,44,39,75,75,75,68,65,65,47,47,47,47,47,31,31,17,17,39,27,75,75,75,56,56,56,10,10,10,10,10,10,32,0,0],"gold":20,"neow_bonus":"TWO_FIFTY_GOLD","is_daily":false,"chose_seed":false,"campfire_upgraded":2,"win_rate":0.0,"timestamp":1613903608,"path_taken":["M","M","$","?","M","E","R","?","T","R","M","$","E","M","R","BOSS","M","?","M","?","?","E","?","E","T","$","E","?","E","M","R","BOSS","M","M","M","?","$","E","?","E","T","?","M","R","E"],"items_purchased_type":["Card","Card","Relic","Card","Card","Card","Relic"],"build_version":"2020-12-22","purchased_purges":3,"victory":false,"max_hp_per_floor":[75,75,75,75,75,75,75,75,75,75,75,75,75,75,75,75,75,75,75,75,75,75,75,75,75,75,75,75,75,75,75,75,75,75,75,75,75,75,75,75,75,75,75,75,75,75,75,75],"relic_stats":{"Sozu":6,"Gremlin Horn":[5,5],"counters":[25,66],"Sundial":[0],"Ornamental Fan":[104],"Pen Nib":[16],"Bag of Preparation":[40],"Juzu Bracelet":1,"Whetstone":["RobotSpaceExplorer:Explosion","RobotSpaceExplorer:ScrapToss"],"Smiling Mask":0,"obtain_stats":[{"Potion Belt":9,"Gremlin Horn":40,"Vajra":30,"RobotSpaceExplorer:RoboCore":0,"Pen Nib":13,"Bag of Preparation":8,"Juzu Bracelet":28,"Whetstone":43,"Empty Cage":34,"Smiling Mask":42,"Sozu":17,"RobotSpaceExplorer:FoglandsKnife":12,"RobotSpaceExplorer:BottledGravity":6,"Sundial":23,"Ornamental Fan":25,"Red Mask":44,"Membership Card":39},{"Potion Belt":5,"Gremlin Horn":22,"Vajra":16,"RobotSpaceExplorer:RoboCore":0,"Pen Nib":7,"Bag of Preparation":5,"Juzu Bracelet":15,"Whetstone":23,"Empty Cage":18,"Smiling Mask":23,"Sozu":9,"RobotSpaceExplorer:FoglandsKnife":6,"RobotSpaceExplorer:BottledGravity":5,"Sundial":13,"Ornamental Fan":14,"Red Mask":23,"Membership Card":21},{"Potion Belt":15,"Gremlin Horn":59,"Vajra":41,"RobotSpaceExplorer:RoboCore":0,"Pen Nib":18,"Bag of Preparation":15,"Juzu Bracelet":38,"Whetstone":62,"Empty Cage":48,"Smiling Mask":62,"Sozu":23,"RobotSpaceExplorer:FoglandsKnife":17,"RobotSpaceExplorer:BottledGravity":15,"Sundial":34,"Ornamental Fan":35,"Red Mask":62,"Membership Card":54}]},"card_choices":[{"not_picked":["RobotSpaceExplorer:GlueShot","RobotSpaceExplorer:Counterblock"],"picked":"RobotSpaceExplorer:ScrapMissile","floor":1},{"not_picked":["RobotSpaceExplorer:Ammunition","RobotSpaceExplorer:ShockKick"],"picked":"RobotSpaceExplorer:Electropulse","floor":2},{"not_picked":["RobotSpaceExplorer:MetalStrike","RobotSpaceExplorer:Pulsar"],"picked":"RobotSpaceExplorer:ScrapMissile","floor":4},{"not_picked":["RobotSpaceExplorer:Pulsar","RobotSpaceExplorer:SwiftStep"],"picked":"RobotSpaceExplorer:SurgingShield","floor":5},{"not_picked":["RobotSpaceExplorer:FranticSearch","RobotSpaceExplorer:Blaster"],"picked":"RobotSpaceExplorer:PowerCollector","floor":6},{"not_picked":["RobotSpaceExplorer:ShockKick","RobotSpaceExplorer:Blitz"],"picked":"RobotSpaceExplorer:FranticSearch","floor":11},{"not_picked":["RobotSpaceExplorer:BigMissile","RobotSpaceExplorer:Counterblock"],"picked":"RobotSpaceExplorer:ShockKick","floor":13},{"not_picked":["RobotSpaceExplorer:SlimeMissile","RobotSpaceExplorer:FreezingShield"],"picked":"RobotSpaceExplorer:DualCore","floor":14},{"not_picked":["RobotSpaceExplorer:Comet","RobotSpaceExplorer:ShockMissile"],"picked":"RobotSpaceExplorer:Autoloader","floor":16},{"not_picked":["RobotSpaceExplorer:ShovelStrike","RobotSpaceExplorer:GlueShot"],"picked":"RobotSpaceExplorer:SelfCleaning","floor":18},{"not_picked":["RobotSpaceExplorer:SurgingShield","RobotSpaceExplorer:MetalStrike+1","RobotSpaceExplorer:Ammunition"],"picked":"SKIP","floor":20},{"not_picked":["RobotSpaceExplorer:SwiftStep","RobotSpaceExplorer:Counterblock","RobotSpaceExplorer:Electropulse"],"picked":"SKIP","floor":21},{"not_picked":["RobotSpaceExplorer:GlueShot+1","RobotSpaceExplorer:ScrapMissile"],"picked":"RobotSpaceExplorer:StunGrenade+1","floor":23},{"not_picked":["RobotSpaceExplorer:Calculate","RobotSpaceExplorer:SurgingShield"],"picked":"RobotSpaceExplorer:GlueSpray","floor":25},{"not_picked":["RobotSpaceExplorer:MetalStrike","RobotSpaceExplorer:IronShell+1","RobotSpaceExplorer:ScrapToss"],"picked":"SKIP","floor":28},{"not_picked":["RobotSpaceExplorer:ScrapMissile","RobotSpaceExplorer:ImprovisedAttack","RobotSpaceExplorer:SlimeMissile+1"],"picked":"SKIP","floor":30},{"not_picked":["RobotSpaceExplorer:SlimeMissile","RobotSpaceExplorer:Ammunition"],"picked":"RobotSpaceExplorer:Explosion","floor":31},{"not_picked":["RobotSpaceExplorer:Multitool","RobotSpaceExplorer:Asteroid"],"picked":"RobotSpaceExplorer:Accelerator","floor":33},{"not_picked":["RobotSpaceExplorer:Ammunition+1","RobotSpaceExplorer:FreezingShield+1"],"picked":"RobotSpaceExplorer:PowerCollector","floor":35},{"not_picked":["RobotSpaceExplorer:ShockKick+1","RobotSpaceExplorer:Discharger","RobotSpaceExplorer:SwiftStep+1"],"picked":"SKIP","floor":36},{"not_picked":["RobotSpaceExplorer:Counterblock+1","RobotSpaceExplorer:FranticSearch","RobotSpaceExplorer:DoubleBlock+1"],"picked":"SKIP","floor":37},{"not_picked":["Dark Shackles","The Bomb"],"picked":"Apotheosis","floor":38},{"not_picked":["Bandage Up","Blind"],"picked":"Master of Strategy","floor":38},{"not_picked":["RobotSpaceExplorer:SurgingShield+1","RobotSpaceExplorer:ImprovisedAttack"],"picked":"RobotSpaceExplorer:Jetpack","floor":40},{"not_picked":["RobotSpaceExplorer:SurgingShield+1","RobotSpaceExplorer:Autoloader"],"picked":"RobotSpaceExplorer:StunGrenade+1","floor":42},{"not_picked":["RobotSpaceExplorer:Fix+1","RobotSpaceExplorer:FrostMissile","RobotSpaceExplorer:Discharger+1"],"picked":"SKIP","floor":45}],"player_experience":226791,"relics_obtained":[{"floor":6,"key":"RobotSpaceExplorer:BottledGravity"},{"floor":9,"key":"Potion Belt"},{"floor":13,"key":"Pen Nib"},{"floor":23,"key":"Sundial"},{"floor":25,"key":"Ornamental Fan"},{"floor":28,"key":"Juzu Bracelet"},{"floor":30,"key":"Vajra"},{"floor":40,"key":"Gremlin Horn"},{"floor":42,"key":"Smiling Mask"},{"floor":43,"key":"Whetstone"}],"event_choices":[{"damage_healed":0,"gold_gain":0,"player_choice":"Box","damage_taken":0,"relics_obtained":["Bag of Preparation"],"max_hp_gain":0,"max_hp_loss":0,"event_name":"Big Fish","floor":8,"gold_loss":0,"cards_obtained":["Regret"]},{"damage_healed":0,"gold_gain":0,"player_choice":"Bet on Murderer","damage_taken":0,"max_hp_gain":0,"max_hp_loss":0,"event_name":"The Joust","floor":19,"gold_loss":50},{"cards_removed":["Regret"],"damage_healed":0,"gold_gain":0,"player_choice":"Elegance","damage_taken":0,"max_hp_gain":0,"max_hp_loss":0,"event_name":"betterThird:BetterWriting","floor":22,"gold_loss":0},{"damage_healed":0,"gold_gain":0,"player_choice":"Ignored","damage_taken":0,"max_hp_gain":0,"max_hp_loss":0,"event_name":"Vampires","floor":24,"gold_loss":0},{"damage_healed":0,"gold_gain":3,"player_choice":"1","damage_taken":0,"max_hp_gain":0,"max_hp_loss":0,"event_name":"betterStone:BetterStone","floor":38,"gold_loss":0},{"damage_healed":0,"gold_gain":0,"player_choice":"Ignored","damage_taken":0,"max_hp_gain":0,"max_hp_loss":0,"event_name":"Mysterious Sphere","floor":41,"gold_loss":0},{"damage_healed":0,"gold_gain":0,"player_choice":"Paid","damage_taken":0,"relics_obtained":["Red Mask"],"max_hp_gain":0,"max_hp_loss":0,"event_name":"Tomb of Lord Red Mask","floor":44,"gold_loss":133}],"is_beta":false,"boss_relics":[{"not_picked":["Philosopher\u0027s Stone","Ectoplasm"],"picked":"Sozu"},{"not_picked":["Coffee Dripper","Busted Crown"],"picked":"Empty Cage"}],"items_purged_floors":[3,27,39],"is_endless":false,"potions_floor_spawned":[1,4,6,13,14,21,23,31,35,37,45],"killed_by":"Nemesis","ascension_level":1}}