{"host":"2se5dq1do2gp0x9k","time":1613881761,"event":{"mods":["AchievementEnabler","BaseMod","Block Reminder","Colored Map","Colored Powertips","Minty Spire (QoL Compilation)","Relic Stats","StSLib","SuperFastMode"],"gold_per_floor":[113,127,138,138,12,12,39,39,39,58,58,58,68,103,103,103,103],"floor_reached":16,"language":"ENG","playtime":430,"items_purged":["Strike_G"],"score":220,"play_id":"0dc469c7-acef-4d0d-9d0b-6d620023f3db","local_time":"20210220202921","is_ascension_mode":true,"campfire_choices":[{"data":"Dagger Spray","floor":6.0,"key":"SMITH"},{"data":"Catalyst","floor":8.0,"key":"SMITH"},{"data":"Bouncing Flask","floor":12.0,"key":"SMITH"},{"data":"Neutralize","floor":15.0,"key":"SMITH"}],"circlet_count":0,"master_deck":["AscendersBane","Strike_G","Strike_G","Strike_G","Strike_G","Defend_G","Defend_G","Defend_G","Defend_G","Defend_G","Survivor","Neutralize+1","Bouncing Flask+1","Deadly Poison","Dagger Spray+1","Acrobatics","Catalyst+1","Leg Sweep"],"relics":["Velvet Choker","Pear","Nunchaku","Anchor","Paper Crane"],"acts_visited":["Exordium"],"potions_floor_usage":[16,16],"damage_taken":[{"damage":1.0,"enemies":"Small Slimes","floor":1.0,"turns":4.0},{"damage":2.0,"enemies":"Jaw Worm","floor":2.0,"turns":3.0},{"damage":0.0,"enemies":"Cultist","floor":3.0,"turns":3.0},{"damage":12.0,"enemies":"Lagavulin","floor":7.0,"turns":6.0},{"damage":3.0,"enemies":"Large Slime","floor":10.0,"turns":4.0},{"damage":0.0,"enemies":"Lots of Slimes","floor":13.0,"turns":1.0},{"damage":19.0,"enemies":"3 Sentries","floor":14.0,"turns":7.0},{"damage":14,"enemies":"Slime Boss","floor":16,"turns":6}],"seed_played":"7382570766944600343","potions_obtained":[{"floor":1.0,"key":"CunningPotion"},{"floor":2.0,"key":"BlessingOfTheForge"},{"floor":13.0,"key":"LiquidMemories"},{"floor":14.0,"key":"SkillPotion"}],"is_trial":false,"path_per_floor":["M","M","M","?","$","R","E","R","T","M","$","R","M","E","R","B"],"character_chosen":"THE_SILENT","items_purchased":["Acrobatics"],"campfire_rested":0,"item_purchase_floors":[5],"current_hp_per_floor":[58,56,56,48,48,48,36,36,36,33,33,33,33,14,14,0,0],"gold":103,"neow_bonus":"BOSS_RELIC","is_daily":false,"chose_seed":false,"campfire_upgraded":4,"win_rate":0.0,"timestamp":1613881761,"path_taken":["M","M","M","?","$","R","E","R","T","M","?","R","M","E","R","BOSS"],"items_purchased_type":["Card"],"build_version":"2020-12-22","purchased_purges":1,"victory":false,"max_hp_per_floor":[66,66,66,76,76,76,76,76,76,76,76,76,76,76,76,76,76],"relic_stats":{"Nunchaku":[2],"counters":[8,34],"obtain_stats":[{"Nunchaku":7,"Anchor":9,"Pear":4,"Velvet Choker":0,"Paper Crane":14,"Ring of the Snake":0},{"Nunchaku":4,"Anchor":4,"Pear":3,"Velvet Choker":0,"Paper Crane":7,"Ring of the Snake":0},{"Nunchaku":16,"Anchor":16,"Pear":10,"Velvet Choker":0,"Paper Crane":28,"Ring of the Snake":0}]},"card_choices":[{"not_picked":["Bane","Noxious Fumes"],"picked":"Bouncing Flask","floor":1.0},{"not_picked":["Dodge and Roll","Heel Hook"],"picked":"Deadly Poison","floor":2.0},{"not_picked":["Blade Dance","Outmaneuver"],"picked":"Dagger Spray","floor":3.0},{"not_picked":["Deflect","Outmaneuver"],"picked":"Catalyst","floor":7.0},{"not_picked":["Reflex","Finisher","Deflect"],"picked":"SKIP","floor":10.0},{"not_picked":["Heel Hook","Deadly Poison"],"picked":"Leg Sweep","floor":13.0},{"not_picked":["A Thousand Cuts","Distraction","Acrobatics"],"picked":"SKIP","floor":14.0}],"player_experience":4092250,"relics_obtained":[{"floor":7.0,"key":"Nunchaku"},{"floor":9.0,"key":"Anchor"},{"floor":14.0,"key":"Paper Crane"}],"event_choices":[{"damage_healed":0.0,"max_hp_gain":0.0,"max_hp_loss":0.0,"gold_gain":0.0,"event_name":"Scrap Ooze","player_choice":"Success","floor":4.0,"gold_loss":0.0,"damage_taken":18.0,"relics_obtained":["Pear"]}],"is_beta":false,"boss_relics":[],"items_purged_floors":[5],"is_endless":false,"potions_floor_spawned":[1,2,3,13,14],"killed_by":"Slime Boss","ascension_level":20}}