{"host":"k653q14gphaoox56","time":1613878564,"event":{"mods":["BaseMod","Colored Map","Conspire","DeckTracker","Hubris","Infinite Spire","Minty Spire (QoL Compilation)","Replay The Spire","StSLib"],"gold_per_floor":[115,127,0,13,13,13,13,13,13,27,44,44,73,88,88,192,192,203,203,214,259,12,12,30,30,30,30,30,42,42,42],"floor_reached":30,"language":"ENG","playtime":1457,"items_purged":[],"score":255,"play_id":"1f2e86f9-4e3a-496c-9709-cf0f74dda154","local_time":"20210220223604","is_ascension_mode":false,"campfire_choices":[{"data":"Rage","floor":7,"key":"SMITH"},{"floor":15,"key":"REST"},{"data":"ReplayReversal","floor":23,"key":"SMITH"},{"data":"J.A.X.","floor":28,"key":"SMITH"}],"circlet_count":0,"master_deck":["Strike_R","Strike_R","Strike_R","Strike_R","Strike_R","Defend_R","Defend_R","Defend_R","Defend_R","Bash","infinitespire:OneForAll","Rage+1","Heavy Blade","Iron Wave+1","Self Repair+1","conspire:HitWhereItHurts","Shrug It Off","Pommel Strike","Rip and Tear","ReplayReversal+1","Juggernaut","CurseOfTheBell","Heavy Blade","Heavy Blade","Juggernaut","Juggernaut","Sword Boomerang","Ghostly","Ghostly","Ghostly","Ghostly","Ghostly","J.A.X.+1","Thunderclap"],"relics":["infinitespire:Lucky Rock","Iron Core","Tiny Chest","infinitespire:Satchel","Calling Bell","infinitespire:PuzzleCube","Garlic","infinitespire:Joker Card","hubris:BottledHeart","Centennial Puzzle","Lee\u0027s Waffle","Pantograph"],"acts_visited":["Exordium","TheCity"],"potions_floor_usage":[13,16,29,29],"damage_taken":[{"damage":0,"enemies":"Small Slimes","floor":1,"turns":3},{"damage":0,"enemies":"2 Louse","floor":2,"turns":2},{"damage":0,"enemies":"Cultist","floor":4,"turns":2},{"damage":3,"enemies":"2 Fungi Beasts","floor":10,"turns":3},{"damage":2,"enemies":"Looter","floor":11,"turns":3},{"damage":35,"enemies":"Gremlin Nob","floor":13,"turns":4},{"damage":2,"enemies":"Blue Slaver","floor":14,"turns":2},{"damage":53,"enemies":"Hexaghost","floor":16,"turns":9},{"damage":21,"enemies":"3 Byrds","floor":18,"turns":6},{"damage":0,"enemies":"Chosen","floor":20,"turns":4},{"damage":0,"enemies":"Centurion and Healer","floor":24,"turns":6},{"damage":0,"enemies":"3 Cultists","floor":29,"turns":6},{"damage":3,"enemies":"Nightmare","floor":30,"turns":7}],"seed_played":"-6528853364348032409","potions_obtained":[{"floor":1,"key":"PowerPotion"},{"floor":14,"key":"LiquidBronze"},{"floor":16,"key":"LifebloodPotion"},{"floor":29,"key":"Fruit Juice"}],"is_trial":false,"path_per_floor":["M","M","$","M","?","?","R","?","T","M","M","?","E","M","R","B",null,"M","?","M","T","$","R","M","?","T","?","R","M","NM"],"character_chosen":"IRONCLAD","items_purchased":["Rage","Heavy Blade","Lee\u0027s Waffle","Juggernaut"],"campfire_rested":1,"item_purchase_floors":[3,3,22,22],"current_hp_per_floor":[80,80,80,80,80,80,80,80,80,77,75,75,50,48,72,19,80,69,1,1,1,1,1,1,1,1,1,1,1,0,0],"gold":42,"neow_bonus":"RANDOM_COMMON_RELIC","is_daily":false,"chose_seed":false,"campfire_upgraded":3,"win_rate":0.0,"timestamp":1613878564,"path_taken":["M","M","$","M","?","?","R","?","T","M","?","?","E","M","R","BOSS","M","?","M","?","$","R","M","?","T","?","R","?","NM"],"items_purchased_type":["Card","Card","Relic","Card"],"build_version":"2020-12-22","purchased_purges":0,"victory":false,"max_hp_per_floor":[80,80,80,80,80,80,80,80,80,80,80,80,80,80,80,80,80,80,1,1,1,1,1,1,1,1,1,1,1,1,1],"card_choices":[{"not_picked":["Body Slam","Feel No Pain"],"picked":"Replay:Undeath\u0027s Touch","floor":1},{"not_picked":["hubris:ReadiedAction","Body Slam"],"picked":"infinitespire:OneForAll","floor":2},{"not_picked":["Clothesline","Shrug It Off"],"picked":"Iron Wave","floor":4},{"not_picked":["Body Slam","ReplayTheSpireMod:Repulse"],"picked":"Shrug It Off","floor":10},{"not_picked":["ReplayTheSpireMod:Strike From Hell","Havoc"],"picked":"Pommel Strike","floor":11},{"not_picked":["Disarm","Shrug It Off"],"picked":"Rip and Tear","floor":13},{"not_picked":["Burning Pact","Hemogenesis"],"picked":"ReplayReversal","floor":14},{"not_picked":["Hemogenesis","Feed"],"picked":"Juggernaut","floor":16},{"not_picked":["Headbutt","Whirlwind"],"picked":"Heavy Blade","floor":18},{"not_picked":["Havoc","Anger"],"picked":"Heavy Blade","floor":20},{"not_picked":["infinitespire:OneForAll+1","hubris:StunningStrike"],"picked":"Sword Boomerang","floor":24},{"not_picked":["Wild Strike+1","Run Through"],"picked":"Thunderclap","floor":29}],"player_experience":143911,"relics_obtained":[{"floor":9,"key":"Tiny Chest"},{"floor":13,"key":"infinitespire:Satchel"},{"floor":17,"key":"infinitespire:PuzzleCube"},{"floor":17,"key":"Garlic"},{"floor":17,"key":"infinitespire:Joker Card"},{"floor":21,"key":"Centennial Puzzle"},{"floor":26,"key":"Pantograph"}],"event_choices":[{"damage_healed":0,"gold_gain":0,"player_choice":"Leave","damage_taken":0,"max_hp_gain":0,"max_hp_loss":0,"event_name":"conspire:Investor","floor":5,"gold_loss":0},{"damage_healed":0,"gold_gain":0,"cards_transformed":["Replay:Undeath\u0027s Touch"],"player_choice":"Transformed","damage_taken":0,"max_hp_gain":0,"max_hp_loss":0,"event_name":"Transmorgrifier","floor":8,"gold_loss":0,"cards_obtained":["conspire:HitWhereItHurts"]},{"damage_healed":0,"gold_gain":0,"player_choice":"Grow","damage_taken":0,"max_hp_gain":0,"max_hp_loss":0,"event_name":"Living Wall","floor":12,"gold_loss":0,"cards_upgraded":["Iron Wave"]},{"damage_healed":0,"gold_gain":0,"player_choice":"Became a Ghost","damage_taken":0,"max_hp_gain":0,"max_hp_loss":0,"event_name":"Ghosts","floor":25,"gold_loss":0,"cards_obtained":["Ghostly","Ghostly","Ghostly","Ghostly","Ghostly"]},{"damage_healed":0,"gold_gain":0,"player_choice":"Obtain J.A.X.","damage_taken":0,"max_hp_gain":0,"max_hp_loss":0,"event_name":"Drug Dealer","floor":27,"gold_loss":0,"cards_obtained":["J.A.X."]}],"is_beta":false,"boss_relics":[{"not_picked":["Coffee Dripper","hubris:CrackedHourglass"],"picked":"Calling Bell"}],"items_purged_floors":[],"is_endless":false,"potions_floor_spawned":[1,14,16,29],"killed_by":"Nightmare","ascension_level":0}}