{"host":"5jyeqch4fosnsiz2","time":1613875555,"event":{"mods":["BaseMod","Bestiary","Colored Map","Colored Powertips","Filter the Spire","Minty Spire (QoL Compilation)","Relic Stats","StSLib","Waifu the Spire","ojb\u0027s Better Paths Mod","ojb\u0027s Info Mod"],"gold_per_floor":[116,132,146,157,157,157,190,190,213,232,232,265,265,291,291,388,388,401,401,412,423,443,443,472,485,485,511,511,511,511,531,531,631,631,650,750,750,750],"floor_reached":37,"language":"ENG","playtime":1784,"items_purged":[],"score":454,"play_id":"c38a1443-f807-4d6d-9c6f-0c4c78982d1d","local_time":"20210220214555","is_ascension_mode":false,"campfire_choices":[{"data":"Zap","floor":6,"key":"SMITH"},{"data":"Redo","floor":8,"key":"SMITH"},{"data":"Loop","floor":13,"key":"SMITH"},{"data":"Streamline","floor":15,"key":"SMITH"},{"floor":23,"key":"REST"},{"data":"Recycle","floor":29,"key":"SMITH"},{"floor":32,"key":"REST"}],"circlet_count":0,"master_deck":["Strike_B","Strike_B","Strike_B","Defend_B","Defend_B","Defend_B","Zap+1","Dualcast","Rebound","Glacier+1","Streamline+1","Coolheaded","Loop+1","Redo+1","Cold Snap","Echo Form","CurseOfTheBell","Turbo+1","Consume","Recycle+1","Conserve Battery","Biased Cognition+1","Self Repair+1"],"relics":["Cracked Core","Anchor","PreservedInsect","Ornamental Fan","Bag of Preparation","Vajra","Calling Bell","Oddly Smooth Stone","Frozen Egg 2","Torii","Shuriken","Prayer Wheel","Darkstone Periapt","Empty Cage"],"acts_visited":["Exordium","TheCity","TheBeyond"],"potions_floor_usage":[2,4,12,22,22,25,33,33],"damage_taken":[{"damage":0,"enemies":"2 Louse","floor":1,"turns":2},{"damage":0,"enemies":"Jaw Worm","floor":2,"turns":3},{"damage":1,"enemies":"Cultist","floor":3,"turns":4},{"damage":2,"enemies":"Blue Slaver","floor":4,"turns":2},{"damage":11,"enemies":"3 Sentries","floor":7,"turns":8},{"damage":0,"enemies":"3 Louse","floor":10,"turns":3},{"damage":0,"enemies":"Gremlin Nob","floor":12,"turns":2},{"damage":9,"enemies":"Lagavulin","floor":14,"turns":5},{"damage":26,"enemies":"Hexaghost","floor":16,"turns":13},{"damage":28,"enemies":"2 Thieves","floor":18,"turns":4},{"damage":0,"enemies":"Chosen","floor":20,"turns":4},{"damage":7,"enemies":"Centurion and Healer","floor":21,"turns":7},{"damage":35,"enemies":"3 Cultists","floor":22,"turns":6},{"damage":4,"enemies":"Book of Stabbing","floor":24,"turns":6},{"damage":2,"enemies":"Cultist and Chosen","floor":25,"turns":6},{"damage":2,"enemies":"Slavers","floor":27,"turns":10},{"damage":0,"enemies":"Sentry and Sphere","floor":31,"turns":9},{"damage":6,"enemies":"Automaton","floor":33,"turns":12},{"damage":33,"enemies":"3 Shapes","floor":35,"turns":3},{"damage":45,"enemies":"3 Darklings","floor":37,"turns":3}],"seed_played":"-5049099268429804814","potions_obtained":[{"floor":1,"key":"LiquidMemories"},{"floor":2,"key":"DistilledChaos"},{"floor":4,"key":"EssenceOfSteel"},{"floor":7,"key":"ColorlessPotion"},{"floor":16,"key":"Ancient Potion"},{"floor":21,"key":"FocusPotion"},{"floor":24,"key":"ColorlessPotion"},{"floor":25,"key":"ColorlessPotion"},{"floor":27,"key":"ColorlessPotion"}],"is_trial":false,"path_per_floor":["M","M","M","M","?","R","E","R","T","M","T","E","R","E","R","B",null,"M","?","M","M","M","R","E","M","T","E","?","R","?","M","R","B",null,"M","?","M"],"character_chosen":"DEFECT","items_purchased":[],"campfire_rested":2,"item_purchase_floors":[],"current_hp_per_floor":[75,75,74,72,72,72,61,61,61,61,61,61,61,52,52,26,75,47,47,47,40,5,27,23,21,21,19,19,19,19,19,41,35,75,42,42,0,0],"gold":750,"neow_bonus":"THREE_CARDS","is_daily":false,"chose_seed":false,"campfire_upgraded":5,"win_rate":0.0,"timestamp":1613875555,"path_taken":["M","M","M","M","?","R","E","R","T","M","?","E","R","E","R","BOSS","M","?","?","M","M","R","E","M","T","E","?","R","?","M","R","BOSS","M","?","?"],"items_purchased_type":[],"build_version":"2020-12-22","purchased_purges":0,"victory":false,"max_hp_per_floor":[75,75,75,75,75,75,75,75,75,75,75,75,75,75,75,75,75,75,75,75,75,75,75,75,75,75,75,75,75,75,75,75,75,75,75,75,75,75],"relic_stats":{"Darkstone Periapt":0,"Torii":24,"counters":[20,112],"Ornamental Fan":[56],"Shuriken":[9],"Prayer Wheel":2,"PreservedInsect":130,"Bag of Preparation":[26],"obtain_stats":[{"Darkstone Periapt":27,"Torii":17,"Vajra":14,"Oddly Smooth Stone":17,"PreservedInsect":9,"Bag of Preparation":12,"Frozen Egg 2":17,"Empty Cage":34,"Calling Bell":17,"Anchor":7,"Ornamental Fan":11,"Shuriken":24,"Prayer Wheel":26,"Cracked Core":0},{"Darkstone Periapt":16,"Torii":9,"Vajra":8,"Oddly Smooth Stone":9,"PreservedInsect":5,"Bag of Preparation":7,"Frozen Egg 2":9,"Empty Cage":18,"Calling Bell":9,"Anchor":5,"Ornamental Fan":6,"Shuriken":14,"Prayer Wheel":15,"Cracked Core":0},{"Darkstone Periapt":85,"Torii":42,"Vajra":29,"Oddly Smooth Stone":42,"PreservedInsect":19,"Bag of Preparation":24,"Frozen Egg 2":42,"Empty Cage":106,"Calling Bell":42,"Anchor":19,"Ornamental Fan":22,"Shuriken":69,"Prayer Wheel":75,"Cracked Core":0}]},"card_choices":[{"not_picked":["Force Field","Beam Cell"],"picked":"Rebound","floor":0},{"not_picked":["Skim","Hologram"],"picked":"Glacier","floor":1},{"not_picked":["Beam Cell","Heatsinks"],"picked":"Streamline","floor":2},{"not_picked":["Barrage","Stack"],"picked":"Coolheaded","floor":3},{"not_picked":["Ball Lightning","Hello World"],"picked":"Loop","floor":4},{"not_picked":["Melter","Reprogram"],"picked":"Redo","floor":7},{"not_picked":["Meteor Strike","Stack","Go for the Eyes"],"picked":"SKIP","floor":10},{"not_picked":["Redo","Buffer"],"picked":"Cold Snap","floor":12},{"not_picked":["All For One","Coolheaded","Gash"],"picked":"SKIP","floor":14},{"not_picked":["Electrodynamics","Amplify"],"picked":"Echo Form","floor":16},{"not_picked":["Go for the Eyes","Hologram"],"picked":"Turbo+1","floor":18},{"not_picked":["Rebound","Stack+1","Glacier"],"picked":"SKIP","floor":20},{"not_picked":["Sweeping Beam","Gash","Fusion"],"picked":"SKIP","floor":21},{"not_picked":["Amplify","Coolheaded+1","Hello World+1"],"picked":"SKIP","floor":22},{"not_picked":["Gash","BootSequence","Cold Snap"],"picked":"SKIP","floor":24},{"not_picked":["Redo","Static Discharge+1","Steam+1"],"picked":"SKIP","floor":25},{"not_picked":["Sweeping Beam","Hyperbeam"],"picked":"Consume","floor":27},{"not_picked":["Redo","Sweeping Beam"],"picked":"Conserve Battery","floor":31},{"not_picked":["Barrage+1","Rebound","Fusion+1"],"picked":"SKIP","floor":31},{"not_picked":["Electrodynamics+1","Amplify"],"picked":"Biased Cognition+1","floor":33},{"not_picked":["Sweeping Beam","Turbo+1"],"picked":"Self Repair+1","floor":35},{"not_picked":["Gash","Coolheaded+1","Steam Power"],"picked":"SKIP","floor":35}],"player_experience":401360,"relics_obtained":[{"floor":7,"key":"Anchor"},{"floor":9,"key":"PreservedInsect"},{"floor":11,"key":"Ornamental Fan"},{"floor":12,"key":"Bag of Preparation"},{"floor":14,"key":"Vajra"},{"floor":17,"key":"Oddly Smooth Stone"},{"floor":17,"key":"Frozen Egg 2"},{"floor":17,"key":"Torii"},{"floor":24,"key":"Shuriken"},{"floor":26,"key":"Prayer Wheel"},{"floor":27,"key":"Darkstone Periapt"}],"event_choices":[{"damage_healed":0,"gold_gain":0,"player_choice":"Ignored","damage_taken":0,"max_hp_gain":0,"max_hp_loss":0,"event_name":"Liars Game","floor":5,"gold_loss":0},{"damage_healed":0,"gold_gain":0,"player_choice":"Upgraded","damage_taken":0,"max_hp_gain":0,"max_hp_loss":0,"event_name":"Upgrade Shrine","floor":19,"gold_loss":0,"cards_upgraded":["Glacier"]},{"damage_healed":0,"gold_gain":0,"player_choice":"Read","damage_taken":0,"max_hp_gain":0,"max_hp_loss":0,"event_name":"The Library","floor":28,"gold_loss":0,"cards_obtained":["Recycle"]},{"damage_healed":0,"gold_gain":0,"player_choice":"Ignored","damage_taken":0,"max_hp_gain":0,"max_hp_loss":0,"event_name":"Vampires","floor":30,"gold_loss":0},{"damage_healed":0,"gold_gain":100,"player_choice":"Pray","damage_taken":0,"max_hp_gain":0,"max_hp_loss":0,"event_name":"Golden Shrine","floor":36,"gold_loss":0}],"is_beta":false,"boss_relics":[{"not_picked":["Fusion Hammer","SacredBark"],"picked":"Calling Bell"},{"not_picked":["FrozenCore","Tiny House"],"picked":"Empty Cage"}],"items_purged_floors":[],"is_endless":false,"potions_floor_spawned":[1,2,4,7,16,21,24,25,27],"killed_by":"3 Darklings","ascension_level":0}}