{"host":"ydg0vn0pu4pubmdt","time":1613909604,"event":{"mods":["AchievementEnabler","BaseMod","Colored Map","Minty Spire (QoL Compilation)","Quick Restart","SuperFastMode"],"gold_per_floor":[116,127,127,127,177,203,213,213,213,288,302,328,200,232,232,232,232],"floor_reached":16,"language":"KOR","playtime":299,"items_purged":["Strike_G"],"score":286,"play_id":"f8aefb40-f388-4ed0-986b-74390bcfd3f9","local_time":"20210221211324","is_ascension_mode":true,"campfire_choices":[{"data":"Neutralize","floor":8.0,"key":"SMITH"},{"floor":15,"key":"REST"}],"circlet_count":0,"master_deck":["AscendersBane","Strike_G","Strike_G","Strike_G","Defend_G","Defend_G","Defend_G","Defend_G","Survivor","Neutralize+1","Backflip","All Out Attack","Dagger Spray","Eviscerate","Acrobatics+1","Blur+1","Calculated Gamble+1"],"relics":["Ring of the Snake","NeowsBlessing","HornCleat","Toxic Egg 2","Thread and Needle","Orichalcum"],"acts_visited":["Exordium"],"potions_floor_usage":[12,14],"damage_taken":[{"damage":0.0,"enemies":"Small Slimes","floor":1.0,"turns":1.0},{"damage":0.0,"enemies":"Cultist","floor":2.0,"turns":1.0},{"damage":0.0,"enemies":"Gremlin Nob","floor":6.0,"turns":1.0},{"damage":0.0,"enemies":"2 Louse","floor":7.0,"turns":2.0},{"damage":21,"enemies":"Large Slime","floor":11,"turns":10},{"damage":12,"enemies":"Lagavulin","floor":12,"turns":4},{"damage":3,"enemies":"3 Sentries","floor":14,"turns":4},{"damage":25,"enemies":"Hexaghost","floor":16,"turns":10}],"seed_played":"7406258138605368608","potions_obtained":[{"floor":2.0,"key":"FearPotion"},{"floor":12,"key":"Fire Potion"},{"floor":14,"key":"Explosive Potion"}],"is_trial":false,"path_per_floor":["M","M","?","?","?","E","M","R","T","?","M","E","$","E","R","B"],"character_chosen":"THE_SILENT","items_purchased":["SteroidPotion"],"campfire_rested":1,"item_purchase_floors":[13],"current_hp_per_floor":[59,59,52,52,52,52,52,52,52,41,20,8,8,5,24,0,0],"gold":232,"neow_bonus":"THREE_ENEMY_KILL","is_daily":false,"chose_seed":false,"campfire_upgraded":1,"win_rate":0.0,"timestamp":1613909604,"path_taken":["M","M","?","?","?","E","?","R","T","?","M","E","$","E","R","BOSS"],"items_purchased_type":["Potion"],"build_version":"2020-12-22","purchased_purges":1,"victory":false,"max_hp_per_floor":[66,66,66,66,66,66,66,66,66,66,66,66,66,66,66,66,66],"card_choices":[{"not_picked":["Slice","Poisoned Stab"],"picked":"Backflip","floor":1.0},{"not_picked":["Well Laid Plans","Deadly Poison"],"picked":"All Out Attack","floor":2.0},{"not_picked":["Dash","Caltrops"],"picked":"Dagger Spray","floor":6.0},{"not_picked":["Riddle With Holes","Deflect"],"picked":"Eviscerate","floor":7.0},{"not_picked":["Flying Knee","Poisoned Stab"],"picked":"Acrobatics+1","floor":11},{"not_picked":["Escape Plan+1","Acrobatics+1"],"picked":"Blur+1","floor":12},{"not_picked":["Quick Slash","Storm of Steel+1"],"picked":"Calculated Gamble+1","floor":14}],"player_experience":619773,"relics_obtained":[{"floor":6.0,"key":"HornCleat"},{"floor":9.0,"key":"Toxic Egg 2"},{"floor":12,"key":"Thread and Needle"},{"floor":14,"key":"Orichalcum"}],"event_choices":[{"cards_removed":["Strike_G"],"damage_healed":0.0,"max_hp_gain":0.0,"max_hp_loss":0.0,"gold_gain":0.0,"event_name":"Golden Wing","player_choice":"Card Removal","floor":3.0,"gold_loss":0.0,"damage_taken":7.0},{"cards_removed":["Defend_G"],"damage_healed":0.0,"max_hp_gain":0.0,"max_hp_loss":0.0,"gold_gain":0.0,"event_name":"Living Wall","player_choice":"Forget","floor":4.0,"gold_loss":0.0,"damage_taken":0.0},{"damage_healed":0.0,"max_hp_gain":0.0,"max_hp_loss":0.0,"gold_gain":50.0,"event_name":"Golden Shrine","player_choice":"Pray","floor":5.0,"gold_loss":0.0,"damage_taken":0.0},{"damage_healed":0.0,"max_hp_gain":0.0,"max_hp_loss":0.0,"gold_gain":75.0,"event_name":"World of Goop","player_choice":"Gather Gold","floor":10.0,"gold_loss":0.0,"damage_taken":11.0}],"is_beta":false,"boss_relics":[],"items_purged_floors":[13],"is_endless":false,"potions_floor_spawned":[2,12,14],"killed_by":"Hexaghost","ascension_level":20}}