{"host":"oehe2dxjvdgux73m","time":1613924127,"event":{"mods":["AchievementEnabler","BaseMod","Colored Map","Colored Powertips","DeckTracker","Keyboard Shortcuts","Minty Spire (QoL Compilation)","Permanent Neow","Quick Restart","StSLib","SuperFastMode"],"gold_per_floor":[13,23,23,42,62,62,87,87,87,105,105,125,158,173,173,173,173],"floor_reached":16,"language":"KOR","playtime":316,"items_purged":[],"score":211,"play_id":"2d880b71-2efd-46f5-b658-ad1e15b726db","local_time":"20210222011527","is_ascension_mode":true,"campfire_choices":[{"data":"Carnage","floor":6.0,"key":"SMITH"},{"floor":11.0,"key":"REST"},{"data":"Bash","floor":15,"key":"SMITH"}],"circlet_count":0,"master_deck":["AscendersBane","Strike_R","Strike_R","Defend_R","Defend_R","Defend_R","Defend_R","Bash+1","Dropkick","Rupture","Pommel Strike","Burning Pact","Carnage+1","Blood for Blood","Evolve","Offering"],"relics":["Burning Blood","Akabeko","CultistMask","Boot","StrikeDummy"],"acts_visited":["Exordium"],"potions_floor_usage":[13],"damage_taken":[{"damage":7.0,"enemies":"Cultist","floor":1.0,"turns":4.0},{"damage":14.0,"enemies":"Small Slimes","floor":2.0,"turns":5.0},{"damage":8.0,"enemies":"2 Louse","floor":4.0,"turns":4.0},{"damage":10.0,"enemies":"Lots of Slimes","floor":5.0,"turns":4.0},{"damage":30.0,"enemies":"3 Sentries","floor":7.0,"turns":6.0},{"damage":18.0,"enemies":"Exordium Thugs","floor":10.0,"turns":4.0},{"damage":1.0,"enemies":"2 Fungi Beasts","floor":12.0,"turns":3.0},{"damage":5,"enemies":"Gremlin Nob","floor":13,"turns":3},{"damage":13,"enemies":"Gremlin Gang","floor":14,"turns":3},{"damage":12,"enemies":"The Guardian","floor":16,"turns":3}],"seed_played":"-6982910379094921143","potions_obtained":[{"floor":2.0,"key":"SneckoOil"},{"floor":7.0,"key":"Strength Potion"},{"floor":12.0,"key":"AttackPotion"},{"floor":13,"key":"Explosive Potion"},{"floor":14,"key":"SmokeBomb"}],"is_trial":false,"path_per_floor":["M","M","?","M","M","R","E","?","T","M","R","M","E","M","R","B"],"character_chosen":"IRONCLAD","items_purchased":[],"campfire_rested":1,"item_purchase_floors":[],"current_hp_per_floor":[67,59,52,50,46,46,22,22,22,10,32,37,38,31,31,19,19],"gold":173,"neow_bonus":"TRANSFORM_TWO_CARDS","is_daily":false,"chose_seed":false,"campfire_upgraded":2,"win_rate":0.0,"timestamp":1613924127,"path_taken":["M","?","?","M","M","R","E","?","T","M","R","M","E","M","R","BOSS"],"items_purchased_type":[],"build_version":"2020-12-22","purchased_purges":0,"victory":false,"max_hp_per_floor":[75,75,75,75,75,75,75,75,75,75,75,75,75,75,75,75,75],"card_choices":[{"not_picked":["Wild Strike","Flex"],"picked":"Pommel Strike","floor":1.0},{"not_picked":["Dark Embrace","Cleave"],"picked":"Burning Pact","floor":2.0},{"not_picked":["Headbutt","Spot Weakness"],"picked":"Carnage","floor":4.0},{"not_picked":["Heavy Blade","Clash"],"picked":"Blood for Blood","floor":5.0},{"not_picked":["Wild Strike","Twin Strike","Iron Wave"],"picked":"SKIP","floor":7.0},{"not_picked":["Anger","Blood for Blood"],"picked":"Evolve","floor":10.0},{"not_picked":["Pommel Strike","Whirlwind","Dropkick"],"picked":"SKIP","floor":12.0},{"not_picked":["Heavy Blade","Cleave"],"picked":"Offering","floor":13},{"not_picked":["Pommel Strike","Havoc","Iron Wave"],"picked":"SKIP","floor":14}],"player_experience":489454,"relics_obtained":[{"floor":7.0,"key":"Akabeko"},{"floor":9.0,"key":"Boot"},{"floor":13,"key":"StrikeDummy"}],"event_choices":[{"cards_removed":["Strike_R"],"damage_healed":0.0,"max_hp_gain":0.0,"max_hp_loss":0.0,"gold_gain":0.0,"event_name":"Golden Wing","player_choice":"Card Removal","floor":3.0,"gold_loss":0.0,"damage_taken":7.0},{"damage_healed":0.0,"max_hp_gain":0.0,"max_hp_loss":0.0,"gold_gain":0.0,"event_name":"FaceTrader","player_choice":"Trade","floor":8.0,"gold_loss":0.0,"damage_taken":0.0,"relics_obtained":["CultistMask"]}],"is_beta":false,"boss_relics":[],"items_purged_floors":[],"is_endless":false,"potions_floor_spawned":[2,7,12,13,14],"killed_by":"The Guardian","ascension_level":17}}