{"host":"vl1k6yl86fnmnemm","time":1613950408,"event":{"mods":["BaseMod","Colored Map","Minty Spire (QoL Compilation)","StSLib"],"gold_per_floor":[119,119,119,136,148,180,192,209,260,280,280,299,313,313,313,313,313],"floor_reached":16,"language":"ENG","playtime":597,"items_purged":[],"score":106,"play_id":"0f42f00d-8a34-4098-82cb-3216c5a22b7d","local_time":"20210222003328","is_ascension_mode":false,"campfire_choices":[{"floor":11,"key":"REST"},{"floor":15,"key":"REST"}],"circlet_count":0,"master_deck":["Strike_G","Strike_G","Strike_G","Strike_G","Defend_G","Defend_G","Defend_G","Defend_G","Survivor","Neutralize","Poisoned Stab","Deadly Poison","Slice","Poisoned Stab","Acrobatics","Prepared","Backflip"],"relics":["SacredBark","Bottled Flame","Vajra"],"acts_visited":["Exordium"],"potions_floor_usage":[6,13,16,16],"damage_taken":[{"damage":5,"enemies":"2 Louse","floor":1,"turns":4},{"damage":0,"enemies":"Small Slimes","floor":4,"turns":4},{"damage":0,"enemies":"Cultist","floor":5,"turns":4},{"damage":19,"enemies":"Gremlin Nob","floor":6,"turns":5},{"damage":9,"enemies":"Lots of Slimes","floor":7,"turns":5},{"damage":6,"enemies":"2 Fungi Beasts","floor":8,"turns":3},{"damage":11,"enemies":"Exordium Wildlife","floor":10,"turns":4},{"damage":12,"enemies":"Red Slaver","floor":12,"turns":3},{"damage":0,"enemies":"Large Slime","floor":13,"turns":2},{"damage":71,"enemies":"Slime Boss","floor":16,"turns":9}],"seed_played":"2039590223492512364","potions_obtained":[{"floor":1,"key":"DuplicationPotion"},{"floor":5,"key":"Poison Potion"},{"floor":8,"key":"GamblersBrew"},{"floor":12,"key":"CunningPotion"}],"is_trial":false,"path_per_floor":["M","?","?","M","M","E","M","M","T","M","R","M","M","?","R","B"],"character_chosen":"THE_SILENT","items_purchased":[],"campfire_rested":2,"item_purchase_floors":[],"current_hp_per_floor":[65,58,58,58,58,39,30,24,24,13,34,22,22,45,66,0,0],"gold":313,"neow_bonus":"BOSS_RELIC","is_daily":false,"chose_seed":false,"campfire_upgraded":0,"win_rate":0.0,"timestamp":1613950408,"path_taken":["M","?","?","?","M","E","M","?","T","M","R","M","M","?","R","BOSS"],"items_purchased_type":[],"build_version":"2020-12-22","purchased_purges":0,"victory":false,"max_hp_per_floor":[70,70,70,70,70,70,70,70,70,70,70,70,70,70,70,70,70],"card_choices":[{"not_picked":["Skewer","Calculated Gamble"],"picked":"Poisoned Stab","floor":1},{"not_picked":["Quick Slash","Dagger Spray"],"picked":"Deadly Poison","floor":4},{"not_picked":["Dagger Spray","Deflect"],"picked":"Slice","floor":5},{"not_picked":["Heel Hook","Bouncing Flask","Catalyst"],"picked":"SKIP","floor":6},{"not_picked":["Well Laid Plans","Deadly Poison"],"picked":"Poisoned Stab","floor":7},{"not_picked":["Malaise","Caltrops"],"picked":"Acrobatics","floor":8},{"not_picked":["Cloak And Dagger","Underhanded Strike","Caltrops"],"picked":"SKIP","floor":10},{"not_picked":["Acrobatics","Choke"],"picked":"Prepared","floor":12},{"not_picked":["Poisoned Stab","Deadly Poison"],"picked":"Backflip","floor":13}],"player_experience":46137,"relics_obtained":[{"floor":6,"key":"Bottled Flame"},{"floor":9,"key":"Vajra"}],"event_choices":[{"cards_removed":["Strike_G"],"damage_healed":0,"gold_gain":0,"player_choice":"Card Removal","damage_taken":7,"max_hp_gain":0,"max_hp_loss":0,"event_name":"Golden Wing","floor":2,"gold_loss":0},{"cards_removed":["Defend_G"],"damage_healed":0,"gold_gain":0,"player_choice":"Purged","damage_taken":0,"max_hp_gain":0,"max_hp_loss":0,"event_name":"Purifier","floor":3,"gold_loss":0},{"damage_healed":23,"gold_gain":0,"player_choice":"Banana","damage_taken":0,"max_hp_gain":0,"max_hp_loss":0,"event_name":"Big Fish","floor":14,"gold_loss":0}],"is_beta":false,"boss_relics":[],"items_purged_floors":[],"is_endless":false,"potions_floor_spawned":[1,5,8,12],"killed_by":"Slime Boss","ascension_level":0}}