{"host":"tf5skwcwe0vlu2md","time":1613912741,"event":{"mods":["BaseMod","Downfall","Highlight Path","Minty Spire (QoL Compilation)","Quick Restart","StSLib","The Hierophant"],"gold_per_floor":[114,114,126,126,126,126,153,164,164,180,55,74,88,49,49,49,49],"floor_reached":16,"playtime":506,"items_purged":["Defend_P"],"score":102,"play_id":"b909c2ac-a474-47f1-9bf5-0e0596fa07d6","local_time":"20210222000541","is_ascension_mode":false,"campfire_choices":[{"data":"Strike_P","floor":6,"key":"SMITH"},{"data":"Crescendo","floor":15,"key":"SMITH"}],"circlet_count":0,"master_deck":["Strike_P+1","Strike_P","Strike_P","Strike_P","Defend_P","Defend_P","Defend_P","Eruption+1","Vigilance+1","Fasting2+1","Vengeance","Alpha","FollowUp+1","Consecrate","LessonLearned","Crescendo+1","EmptyFist","Consecrate"],"relics":["PureWater","The Courier","Potion Belt"],"acts_visited":["Exordium"],"potions_floor_usage":[7,12],"damage_taken":[{"damage":1,"enemies":"Jaw Worm","floor":1,"turns":4},{"damage":0,"enemies":"Small Slimes","floor":3,"turns":2},{"damage":36,"enemies":"Lagavulin","floor":7,"turns":5},{"damage":0,"enemies":"2 Louse","floor":8,"turns":2},{"damage":2,"enemies":"Looter","floor":10,"turns":4},{"damage":0,"enemies":"Blue Slaver","floor":12,"turns":1},{"damage":1,"enemies":"Red Slaver","floor":13,"turns":2},{"damage":27,"enemies":"The Guardian","floor":16,"turns":5}],"seed_played":"3740892624895157640","potions_obtained":[{"floor":1,"key":"Weak Potion"},{"floor":3,"key":"Explosive Potion"},{"floor":10,"key":"Ancient Potion"}],"is_trial":false,"path_per_floor":["M","?","M","?","?","R","E","M","T","M","$","M","M","$","R","B"],"character_chosen":"WATCHER","items_purchased":["LessonLearned","Consecrate"],"campfire_rested":0,"item_purchase_floors":[11,14],"current_hp_per_floor":[78,83,83,66,66,66,30,30,30,28,28,28,27,27,27,0,0],"gold":49,"neow_bonus":"TEN_PERCENT_HP_BONUS","is_daily":false,"chose_seed":false,"campfire_upgraded":2,"win_rate":0.0,"timestamp":1613912741,"path_taken":["M","?","M","?","?","R","E","M","T","M","?","?","M","?","R","BOSS"],"items_purchased_type":["Card","Card"],"build_version":"2020-12-13","purchased_purges":1,"victory":false,"max_hp_per_floor":[79,84,84,84,84,84,84,84,84,84,84,84,84,84,84,84,84],"card_choices":[{"not_picked":["Pray","EmptyBody"],"picked":"Fasting2","floor":1},{"not_picked":["Perseverance","CrushJoints"],"picked":"Vengeance","floor":3},{"not_picked":["Protect","ThirdEye"],"picked":"Alpha","floor":7},{"not_picked":["Wireheading","EmptyBody"],"picked":"FollowUp","floor":8},{"not_picked":["Crescendo","MentalFortress"],"picked":"Consecrate","floor":10},{"not_picked":["Consecrate","ThirdEye"],"picked":"Crescendo","floor":12},{"not_picked":["Protect","Swivel"],"picked":"EmptyFist","floor":13}],"player_experience":309633,"relics_obtained":[{"floor":7,"key":"The Courier"},{"floor":9,"key":"Potion Belt"}],"event_choices":[{"damage_healed":0,"gold_gain":0,"player_choice":"Donut","damage_taken":0,"max_hp_gain":5,"max_hp_loss":0,"event_name":"Big Fish","floor":2,"gold_loss":0},{"damage_healed":0,"gold_gain":0,"player_choice":"Entered Light","damage_taken":17,"max_hp_gain":0,"max_hp_loss":0,"event_name":"Shining Light","floor":4,"gold_loss":0,"cards_upgraded":["Vigilance","Fasting2"]},{"damage_healed":0,"gold_gain":0,"player_choice":"Grow","damage_taken":0,"max_hp_gain":0,"max_hp_loss":0,"event_name":"Living Wall","floor":5,"gold_loss":0,"cards_upgraded":["Eruption"]}],"is_beta":false,"boss_relics":[],"items_purged_floors":[11],"is_endless":false,"potions_floor_spawned":[1,3,10],"killed_by":"The Guardian","ascension_level":0}}