{"host":"t5kis9necmbui802","time":1613899394,"event":{"mods":["100% Spire Juice","Act Like it!","BaseMod","CapriCore","Chen","Colored Powertips","Downfall","Gensokyo","HololiveMod","Koishi","KomeijiMod","Lobotomy","LobotomyExtend","Minty Spire (QoL Compilation)","MostiFishMod","Replay The Spire","Robot Space Explorer","Shop Mod","Spicy Shops","StSLib","The Alterego","The Immortal","TheWitcher","Uncapped","Yuri Mod","noobMod"],"gold_per_floor":[99,115,115,134,154,171,171,193,205,229,229,229,21,40,352,452,452,552,552,577,600,615,144,144,178,232,270,398,457,457,457,540,739,739,739,773,773,773,773,731,731,631,672,672,772,772,827,895,948,960,960],"floor_reached":52,"language":"ZHS","playtime":2639,"items_purged":["hexamod:Float"],"score":966,"play_id":"aac3d6e8-3d28-4589-a7d7-881be476de7f","local_time":"20210221172314","is_ascension_mode":false,"campfire_choices":[{"data":"hexamod:HexaLevel","floor":1,"key":"SMITH"},{"data":"hexamod:Sear","floor":12,"key":"SMITH"},{"data":"hexamod:UnleashSpirits","floor":30,"key":"SMITH"},{"data":"hexamod:RainOfEmbers","floor":35,"key":"SMITH"}],"circlet_count":0,"master_deck":["hexamod:Sear+1","hexamod:ChargedBarrage+1","hexamod:UnleashSpirits+1","hexamod:HeatShield+1","hexamod:PhantomCloak+1","hexamod:HexaLevel+1","hexamod:FirstSeal","hexamod:PhantomFireball+1","hexamod:SoulSteal+1","hexamod:AdvancingGuard+1","hexamod:FourthSeal","hexamod:BurningTouch+1","hexamod:GhostShield+1","hexamod:GhostOfSpireFuture+1","hexamod:ThirdSeal","hexamod:InspiringFlames+1","hexamod:TurnItUp+1","hexamod:TimeWarp+1","hexamod:SixthSeal","hexamod:ThermalTransfer+1","hexamod:NecessarySacrifice+1","hexamod:RetreatToShadows+1","hexamod:ExtraCrispy+1","hexamod:NightmareStrike+1","hexamod:GhostflameInferno+1","hexamod:NightmareGuise+1","hexamod:Incineration+1","hexamod:DynamicBlow+1","hexamod:BacktrackSmack+1","Bandage Up+1","expansioncontent:QuickStudy+1","hexamod:ThermalTransfer+1","hexamod:HeatMetal+1","hexamod:HeatShield+1","hexamod:Again+1","hexamod:SecondSeal","Writhe","hexamod:CatchUp+1","hexamod:BurningTouch+1","hexamod:WildfireWeapon+1","hexamod:PhantomFireball+1","J.A.X.+1","hexamod:FourthSeal","hexamod:GhostLash+1","hexamod:TimeOfNeed+1","hexamod:GhostOfSpirePast+1","hexamod:ThermalTransfer+1","hexamod:Rewind+1","hexamod:RainOfEmbers+1","hexamod:FifthSeal","hexamod:ThirdSeal","hexamod:FourthSeal","expansioncontent:LastStand","Replay:Bootleg Shield Generator+1","hexamod:SpectralAdrenaline+1","hexamod:Firestarter+1","hexamod:UnlimitedPower+1","hexamod:RainOfEmbers"],"relics":["DaveBox","ice","Pandora\u0027s Box","DianPoetry","LetterFromLob","Toxic Egg 2","Replay:Bandana","BrkXgEgg","FeatherPendant","Turnip","downfall:GremlinWheel","alterego_mod:SomeoneToFightFor","BargainBundle","Civilization","Happy Flower","MealTicket","MutagenicStrength","Blood Vial","Meat on the Bone","ExusiaiGun","Blue Candle","MerchantsRug","Juzu Bracelet","Ice Cream","MostiFishMod:Haymaker","Omamori","Oddly Smooth Stone","PreservedInsect"],"acts_visited":["Gensokyo:Gensokyo","TheCity","TheBeyond"],"potions_floor_usage":[16,18,26,43,48],"damage_taken":[{"damage":5,"enemies":"Gensokyo:2_Kodama","floor":2,"turns":4},{"damage":8,"enemies":"Gensokyo:3_Fairies","floor":4,"turns":4},{"damage":0,"enemies":"Gensokyo:Python","floor":5,"turns":2},{"damage":0,"enemies":"Gensokyo:LivingMonolith","floor":6,"turns":3},{"damage":0,"enemies":"Gensokyo:2_Rabbits","floor":8,"turns":3},{"damage":6,"enemies":"Gensokyo:3_Kodama","floor":9,"turns":3},{"damage":5,"enemies":"Gensokyo:Gryphon_and_Rabbit","floor":10,"turns":3},{"damage":12,"enemies":"Gensokyo:Kitsune","floor":14,"turns":4},{"damage":3,"enemies":"Gensokyo:3_Kodama","floor":15,"turns":3},{"damage":8,"enemies":"IC_STATUS_ARCHETYPE","floor":16,"turns":5},{"damage":50,"enemies":"IC_STATUS_ARCHETYPE","floor":18,"turns":5},{"damage":0,"enemies":"Shell Parasite","floor":20,"turns":2},{"damage":0,"enemies":"Spheric Guardian","floor":21,"turns":3},{"damage":8,"enemies":"Shelled Parasite and Fungi","floor":22,"turns":2},{"damage":0,"enemies":"downfall:FleeingMerchant","floor":23,"turns":4},{"damage":21,"enemies":"Snake Plant","floor":25,"turns":3},{"damage":0,"enemies":"Gremlin Leader","floor":26,"turns":4},{"damage":10,"enemies":"3 Cultists","floor":27,"turns":4},{"damage":33,"enemies":"downfall:Augmenter","floor":28,"turns":3},{"damage":12,"enemies":"Book of Stabbing","floor":29,"turns":2},{"damage":28,"enemies":"Centurion and Healer","floor":32,"turns":3},{"damage":30,"enemies":"SI_MIRROR_ARCHETYPE","floor":33,"turns":3},{"damage":11,"enemies":"Orb Walker","floor":36,"turns":5},{"damage":0,"enemies":"downfall:FleeingMerchant","floor":40,"turns":3},{"damage":18,"enemies":"3 Shapes","floor":43,"turns":3},{"damage":107,"enemies":"Reptomancer","floor":48,"turns":3},{"damage":0,"enemies":"Writhing Mass","floor":49,"turns":3},{"damage":83,"enemies":"DF_ARCHETYPE_ORBS","floor":50,"turns":5}],"seed_played":"-1843007685811450550","potions_obtained":[{"floor":2,"key":"RedTea"},{"floor":6,"key":"SkillPotion"},{"floor":8,"key":"PowerPotion"},{"floor":9,"key":"ColorlessPotion"},{"floor":9,"key":"Explosive Potion"},{"floor":15,"key":"Elixir"},{"floor":16,"key":"Reflective Coating"},{"floor":18,"key":"JyouchiReiPotion"},{"floor":18,"key":"EntropicBrew"},{"floor":26,"key":"Fire Potion"},{"floor":27,"key":"Elixir"},{"floor":29,"key":"DuplicationPotion"},{"floor":43,"key":"Reflective Coating"},{"floor":43,"key":"ColorlessPotion"},{"floor":48,"key":"DuplicationPotion"}],"is_trial":false,"path_per_floor":["R","M","?","M","M","M","T","M","M","M","M","R","COS","M","M","B",null,"R","?","M","M","M","$","T","M","E","M","?","E","R","T","M","B",null,"R","M","?","?","?","$","T","?","M","T","?","?","T","E","M","B",null,null],"character_chosen":"THE_SPIRIT","items_purchased":["BargainBundle","Bandage Up+1","expansioncontent:QuickStudy+1","hexamod:ThermalTransfer","hexamod:HeatMetal","hexamod:HeatShield+1","hexamod:Again+1","hexamod:SecondSeal","Civilization","MerchantsRug","Juzu Bracelet","Ice Cream","Replay:Bootleg Shield Generator+1"],"campfire_rested":0,"item_purchase_floors":[23,23,23,23,23,23,23,23,23,40,40,40,40],"current_hp_per_floor":[70,65,51,50,57,57,57,64,65,60,60,60,60,48,52,51,70,70,70,70,72,76,76,76,63,65,104,83,83,72,72,89,78,134,134,128,128,128,123,147,147,147,157,157,157,157,157,111,137,99,99],"gold":960,"neow_bonus":"BOSS_RELIC","is_daily":false,"chose_seed":false,"campfire_upgraded":4,"win_rate":0.0,"timestamp":1613899394,"path_taken":["R","M","?","?","M","M","T","M","M","M","M","R","COS","M","M","BOSS","R","?","M","M","M","$","T","M","E","M","?","E","R","?","M","BOSS","R","M","?","?","?","$","T","?","M","?","?","?","?","E","M","BOSS"],"items_purchased_type":["Relic","Card","Card","Card","Card","Card","Card","Card","Relic","Relic","Relic","Relic","Card"],"build_version":"2020-12-22","purchased_purges":1,"victory":true,"max_hp_per_floor":[70,70,70,70,70,70,70,70,70,70,70,70,70,70,70,70,70,70,70,71,72,76,81,81,88,93,104,111,118,118,118,126,134,134,134,142,142,142,142,152,152,152,161,161,161,161,161,172,178,190,190],"card_choices":[{"not_picked":["hexamod:GhostShield","hexamod:FirstSeal"],"picked":"hexamod:PhantomFireball","floor":2},{"not_picked":["hexamod:SwordOfDarkness","hexamod:GhostShield+1"],"picked":"hexamod:SoulSteal+1","floor":4},{"not_picked":["hexamod:InspiringFlames+1","hexamod:GhostShield+1"],"picked":"hexamod:AdvancingGuard+1","floor":5},{"not_picked":["hexamod:HeatMetal","hexamod:AdvancingGuard+1"],"picked":"hexamod:FourthSeal","floor":6},{"not_picked":["hexamod:SpectersWail","hexamod:SwordOfDarkness"],"picked":"hexamod:BurningTouch+1","floor":8},{"not_picked":["hexamod:DynamicBlow","hexamod:SpectersWail"],"picked":"hexamod:GhostShield+1","floor":9},{"not_picked":["hexamod:FastForward+1","hexamod:StepThrough"],"picked":"hexamod:GhostOfSpireFuture","floor":10},{"not_picked":["hexamod:NightmareGuise+1","hexamod:GhostOfSpirePast"],"picked":"hexamod:ThirdSeal","floor":14},{"not_picked":["hexamod:ThermalTransfer","hexamod:StepThrough"],"picked":"hexamod:InspiringFlames+1","floor":15},{"not_picked":["hexamod:SpectersWail","hexamod:PhantomCloak"],"picked":"hexamod:TurnItUp+1","floor":15},{"not_picked":["hexamod:HexaLevel+1","hexamod:TimeOfNeed+1"],"picked":"hexamod:TimeWarp+1","floor":16},{"not_picked":["hexamod:TimeOfNeed+1","hexamod:SearingWound+1"],"picked":"hexamod:SixthSeal","floor":16},{"not_picked":["hexamod:GhostShield+1","hexamod:HauntingEcho"],"picked":"hexamod:ThermalTransfer+1","floor":18},{"not_picked":["hexamod:InspiringFlames+1","hexamod:Firestarter"],"picked":"hexamod:NecessarySacrifice+1","floor":18},{"not_picked":["hexamod:CatchUp+1","hexamod:NightmareGuise+1"],"picked":"hexamod:RetreatToShadows+1","floor":20},{"not_picked":["hexamod:Firestarter","hexamod:GhostLash"],"picked":"hexamod:ExtraCrispy","floor":21},{"not_picked":["hexamod:ThermalTransfer","hexamod:SpectersWail"],"picked":"hexamod:NightmareStrike","floor":22},{"not_picked":["hexamod:NightmareStrike","hexamod:InspiringFlames+1"],"picked":"hexamod:GhostflameInferno+1","floor":22},{"not_picked":["hexamod:ThirdSeal","hexamod:Hexaguard+1"],"picked":"hexamod:NightmareGuise+1","floor":22},{"not_picked":["hexamod:RetreatToShadows+1","hexamod:SixthSeal"],"picked":"hexamod:Incineration","floor":23},{"not_picked":["hexamod:GhostShield+1","hexamod:NecessarySacrifice+1"],"picked":"hexamod:DynamicBlow+1","floor":23},{"not_picked":["hexamod:GhostOfSpireFuture+1","hexamod:Firestarter"],"picked":"hexamod:BacktrackSmack+1","floor":23},{"not_picked":["hexamod:Firestarter","hexamod:SwordOfDarkness","hexamod:Hexaguard+1"],"picked":"SKIP","floor":25},{"not_picked":["hexamod:NightmareStrike","hexamod:FastForward+1"],"picked":"hexamod:CatchUp+1","floor":26},{"not_picked":["hexamod:InspiringFlames+1","hexamod:PhantomCloak"],"picked":"hexamod:BurningTouch+1","floor":27},{"not_picked":["hexamod:NightmareGuise+1","hexamod:SpectersWail"],"picked":"hexamod:WildfireWeapon+1","floor":27},{"not_picked":["hexamod:BacktrackSmack","hexamod:FastForward+1"],"picked":"hexamod:PhantomFireball+1","floor":27},{"not_picked":[],"picked":"J.A.X.","floor":28},{"not_picked":["hexamod:ExtraCrispy+1","hexamod:HeatCrush"],"picked":"hexamod:TimeOfNeed+1","floor":28},{"not_picked":["hexamod:HeatMetal+1","hexamod:GhostShield+1"],"picked":"hexamod:GhostOfSpirePast","floor":29},{"not_picked":["hexamod:HeatShield+1","hexamod:HauntingEcho"],"picked":"hexamod:ThermalTransfer+1","floor":29},{"not_picked":["hexamod:Incineration","hexamod:DynamicBlow"],"picked":"hexamod:Rewind+1","floor":29},{"not_picked":["hexamod:NecessarySacrifice+1","hexamod:ThermalTransfer+1"],"picked":"hexamod:RainOfEmbers","floor":32},{"not_picked":["hexamod:TimeWarp+1","hexamod:HexaLevel+1"],"picked":"hexamod:FifthSeal","floor":33},{"not_picked":["hexamod:SixthSeal","hexamod:FourthSeal"],"picked":"hexamod:ThirdSeal","floor":36},{"not_picked":["hexamod:SecondSeal","hexamod:ThirdSeal"],"picked":"hexamod:FourthSeal","floor":36},{"not_picked":["hexamod:ShieldOfDarkness+1","hexamod:SpectersWail+1","hexamod:BurningTouch+1"],"picked":"SKIP","floor":36},{"not_picked":["expansioncontent:YouAreMine","expansioncontent:PolyBeam"],"picked":"expansioncontent:LastStand","floor":37},{"not_picked":["hexamod:GhostflameBarrier+1","hexamod:Rewind+1","hexamod:HeatMetal+1"],"picked":"SKIP","floor":40},{"not_picked":["hexamod:HeatShield+1","hexamod:PhantomCloak"],"picked":"hexamod:SpectralAdrenaline+1","floor":42},{"not_picked":["hexamod:SoulSteal+1","hexamod:SpectersWail+1"],"picked":"hexamod:Firestarter+1","floor":42},{"not_picked":["hexamod:NightmareGuise+1","hexamod:Hexaguard+1","hexamod:HeatShield+1"],"picked":"SKIP","floor":43},{"not_picked":["hexamod:SecondSeal","hexamod:Hexaguard+1"],"picked":"hexamod:UnlimitedPower+1","floor":48},{"not_picked":["hexamod:HauntingEcho","hexamod:Haunt+1"],"picked":"hexamod:RainOfEmbers","floor":49}],"player_experience":422701,"relics_obtained":[{"floor":2,"key":"LetterFromLob"},{"floor":7,"key":"Replay:Bandana"},{"floor":18,"key":"downfall:GremlinWheel"},{"floor":24,"key":"Happy Flower"},{"floor":26,"key":"MealTicket"},{"floor":28,"key":"MutagenicStrength"},{"floor":29,"key":"Blood Vial"},{"floor":31,"key":"Meat on the Bone"},{"floor":41,"key":"MostiFishMod:Haymaker"},{"floor":44,"key":"Omamori"},{"floor":47,"key":"Oddly Smooth Stone"},{"floor":48,"key":"PreservedInsect"}],"event_choices":[{"damage_healed":0,"gold_gain":0,"player_choice":"Choice 2","damage_taken":0,"relics_obtained":["alterego_mod:SomeoneToFightFor"],"max_hp_gain":0,"max_hp_loss":0,"event_name":"°®µÄÉñÊ¥»¨Ô°","floor":19,"gold_loss":0},{"damage_healed":0,"gold_gain":0,"player_choice":"Damaged","damage_taken":11,"max_hp_gain":0,"max_hp_loss":0,"event_name":"Wheel of Change","floor":30,"gold_loss":0}],"is_beta":false,"boss_relics":[{"not_picked":["Replay:Ancient Bell","GreenFoldingFan"],"picked":"FeatherPendant"},{"not_picked":["Sozu","Replay:Wanted Poster"],"picked":"ExusiaiGun"}],"items_purged_floors":[23],"is_endless":false,"potions_floor_spawned":[2,6,9,16,20,26,27,29,32,36,48,49],"ascension_level":0}}