{"host":"21o28mgl9u9ntir2","time":1613910569,"event":{"mods":["BaseMod","BetterRewards","Colored Powertips","Minty Spire (QoL Compilation)","Quick Restart","Remove Card Discount Mod","SOS（斯巴达之子）","Spicy Shops","StSLib","SuperFastMode","[IsaacMod]以撒尖塔","【遗物卡牌】REMEMod","残留之物"],"gold_per_floor":[115,129,144,162,162,193,193,223,223,234,234,246,257,89,89,192,192,202,218,218,418,263,263,291,166,166,195,208,219,231,231,231,336,336,366,366,366,92,92,119,158,197,279,326,383,427,439,485,617,519,490,521,533,560,593,925,925,925,958,984,655,688,688,688,688,688,688,10,40,40],"floor_reached":57,"language":"ZHS","playtime":2424,"items_purged":["PlaceholderMod:BaseStrike","PlaceholderMod:BaseStrike","PlaceholderMod:BaseStrike","PlaceholderMod:BaseStrike","PlaceholderMod:BaseDefend","PlaceholderMod:BaseDefend","PlaceholderMod:BaseDefend","PlaceholderMod:PoisonWhip","PlaceholderMod:BaseStrike+1","PlaceholderMod:BaseStrike+1","PlaceholderMod:TriggerStrike+1","PlaceholderMod:BaseDefend","PlaceholderMod:Crystal+1"],"score":4357,"play_id":"ec589517-67ae-493b-bb84-67847be80a1f","local_time":"20210221202929","is_ascension_mode":true,"campfire_choices":[{"data":"PlaceholderMod:DirectingGroup","floor":7.0,"key":"SMITH"},{"data":"PlaceholderMod:HardStinger","floor":11.0,"key":"SMITH"},{"floor":15.0,"key":"RECALL"},{"data":"PlaceholderMod:CorePoison","floor":23,"key":"SMITH"},{"data":"PlaceholderMod:DirectingGroup","floor":32,"key":"SMITH"},{"data":"PlaceholderMod:Crystal","floor":47,"key":"SMITH"},{"floor":49,"key":"REST"},{"floor":53,"key":"REST"}],"circlet_count":0,"master_deck":["PlaceholderMod:DirectingGroup+1","PlaceholderMod:HardStinger+1","PlaceholderMod:DirectingGroup+1","PlaceholderMod:CorePoison+1","PlaceholderMod:PoisonExcitation+1","PlaceholderMod:PoisonAbsorb+1"],"relics":["PlaceholderMod:Tancle","HushsDoor","REME_ComplimentaryCards","TheBible","PlaceholderMod:Abhoth","Molten Egg 2","Toy Ornithopter","PillsDrop","Tiny Chest","Calipers","Unceasing Top","Bronze Scales","MagicMushroom","TheBattery","Pen Nib","Chaos","PunchingBag","GnawedLeaf","ChampionBelt","GuppysHead","GuppysCollar","D4","PlaceholderMod:SoulofChaos","MawBank","BlankCard","EdensBlessing","GuppysTail","Blue Candle","SteamSale","PlaceholderMod:NyogSothep","Tiny House","REME_HandOfSuture","Lee\u0027s Waffle","Busted Crown","DoctorsRemote","Old Coin","Succubus","Strange Spoon","PlaceholderMod:DaolothFragment","StoneCalendar","MoneyPower","Runic Pyramid","Gremlin Horn","PlaceholderMod:LiveLive","TheAbacus"],"acts_visited":["Exordium","TheCity","TheBeyond","TheEnding"],"potions_floor_usage":[40,56,56],"damage_taken":[{"damage":0.0,"enemies":"Jaw Worm","floor":1.0,"turns":5.0},{"damage":0.0,"enemies":"Small Slimes","floor":2.0,"turns":7.0},{"damage":4.0,"enemies":"Cultist","floor":3.0,"turns":6.0},{"damage":0.0,"enemies":"Exordium Wildlife","floor":4.0,"turns":6.0},{"damage":0.0,"enemies":"3 Sentries","floor":6.0,"turns":1.0},{"damage":0.0,"enemies":"Lagavulin","floor":8.0,"turns":5.0},{"damage":0.0,"enemies":"Large Slime","floor":10.0,"turns":9.0},{"damage":0.0,"enemies":"Blue Slaver","floor":12.0,"turns":3.0},{"damage":0.0,"enemies":"2 Fungi Beasts","floor":13.0,"turns":4.0},{"damage":0.0,"enemies":"Slime Boss","floor":16.0,"turns":10.0},{"damage":0.0,"enemies":"Spheric Guardian","floor":18.0,"turns":3.0},{"damage":0.0,"enemies":"Shell Parasite","floor":19.0,"turns":2.0},{"damage":0,"enemies":"REME_1_Revenger","floor":24,"turns":2},{"damage":0,"enemies":"Book of Stabbing","floor":27,"turns":2},{"damage":0,"enemies":"Snecko","floor":28,"turns":2},{"damage":0,"enemies":"Centurion and Healer","floor":29,"turns":2},{"damage":0,"enemies":"Snake Plant","floor":30,"turns":2},{"damage":0,"enemies":"Collector","floor":33,"turns":3},{"damage":0,"enemies":"Nemesis","floor":35,"turns":3},{"damage":0,"enemies":"Giant Head","floor":40,"turns":4},{"damage":0,"enemies":"Nemesis","floor":42,"turns":5},{"damage":0,"enemies":"Reptomancer","floor":44,"turns":4},{"damage":0,"enemies":"2 Orb Walkers","floor":45,"turns":3},{"damage":0,"enemies":"Nemesis","floor":46,"turns":3},{"damage":0,"enemies":"Reptomancer","floor":48,"turns":3},{"damage":0,"enemies":"Reptomancer","floor":35,"turns":3},{"damage":0,"enemies":"Giant Head","floor":38,"turns":3},{"damage":0,"enemies":"3 Darklings","floor":39,"turns":2},{"damage":0,"enemies":"Reptomancer","floor":40,"turns":3},{"damage":0,"enemies":"Nemesis","floor":41,"turns":3},{"damage":0,"enemies":"Giant Head","floor":42,"turns":3},{"damage":0,"enemies":"Nemesis","floor":45,"turns":1},{"damage":0,"enemies":"Giant Head","floor":46,"turns":2},{"damage":0,"enemies":"Nemesis","floor":48,"turns":2},{"damage":0,"enemies":"Donu and Deca","floor":50,"turns":4},{"damage":0,"enemies":"Awakened One","floor":51,"turns":3},{"damage":0,"enemies":"Shield and Spear","floor":55,"turns":3},{"damage":0,"enemies":"Delirium","floor":56,"turns":12}],"seed_played":"-3802797633218200827","potions_obtained":[{"floor":1.0,"key":"ColorlessPotion"},{"floor":4.0,"key":"Block Potion"},{"floor":6.0,"key":"Dexterity Potion"},{"floor":12.0,"key":"AttackPotion"},{"floor":18.0,"key":"Dexterity Potion"},{"floor":28,"key":"Energy Potion"},{"floor":40,"key":"REME_GoldPotion"},{"floor":42,"key":"LiquidMemories"},{"floor":35,"key":"PlaceholderMod:PlaceholderPotion"}],"is_trial":false,"path_per_floor":["M","M","M","M","?","E","R","E","T","M","R","M","M","$","R","B",null,"M","M","?","?","$","R","E","$","T","E","M","M","M","T","R","B",null,"M","?","?","$","?","E","T","M","T","M","?","E","R","M","M","?","$","M","M","E","M","M","T","T","E","M","$","M","R","B","B",null,"R","$","E","B",null],"character_chosen":"THE_PLACEHOLDER","items_purchased":["PlaceholderMod:DirectingGroup","PlaceholderMod:Abhoth","Molten Egg 2","Toy Ornithopter","PillsDrop","Bronze Scales","PlaceholderMod:CorePoison","TheBattery","Chaos","PlaceholderMod:PoisonExcitation+1","GuppysHead","GuppysCollar","PlaceholderMod:SoulofChaos","REME_HandOfSuture","StoneCalendar","MoneyPower","Gremlin Horn","PlaceholderMod:LiveLive"],"campfire_rested":2,"item_purchase_floors":[0,0,0,0,0,14,17,22,25,25,34,34,38,37,47,47,54,54],"current_hp_per_floor":[54,54,50,50,50,50,50,50,50,55,55,55,55,55,55,60,75,76,77,77,77,77,77,77,77,77,77,77,80,80,80,80,80,57,57,57,54,54,57,57,60,63,63,63,66,66,66,66,71,74,74,81,81,81,81,81,81,84,84,87,87,87,87,87,87,87,87,87,87,87],"gold":40,"neow_bonus":"","is_daily":false,"chose_seed":false,"campfire_upgraded":5,"win_rate":0.0,"timestamp":1613910569,"path_taken":["M","M","M","M","?","E","R","E","T","M","R","M","M","$","R","BOSS","M","M","?","?","?","R","E","$","T","E","M","M","M","?","R","BOSS","M","?","?","$","?","E","?","?","T","M","?","E","R","M","M","?","$","M","M","E","M","M","T","?","E","?","$","M","R","BOSS","BOSS","R","$","E","BOSS"],"items_purchased_type":["Card","Relic","Relic","Relic","Relic","Relic","Card","Relic","Card","Card","Relic","Relic","Relic","Relic","Relic","Relic","Relic","Relic"],"build_version":"2020-12-22","purchased_purges":13,"victory":true,"max_hp_per_floor":[78,78,78,78,78,78,78,78,78,78,78,78,78,78,78,73,77,77,77,77,77,77,77,77,77,77,77,77,80,80,80,80,80,57,57,57,54,54,57,57,60,63,63,63,66,66,66,66,71,74,74,81,81,81,81,81,81,84,84,87,87,87,87,87,87,87,87,87,87,87],"card_choices":[{"not_picked":["PlaceholderMod:DirectingGroup","PlaceholderMod:ParasiteChange"],"picked":"Bomb","floor":1.0},{"not_picked":["PlaceholderMod:Hard","PlaceholderMod:Corrosion","PlaceholderMod:Turn"],"picked":"SKIP","floor":2.0},{"not_picked":["PlaceholderMod:ChainPoly","PlaceholderMod:StressReaction"],"picked":"PlaceholderMod:PoisonExcitation+1","floor":3.0},{"not_picked":["PlaceholderMod:MultipleOxi","PlaceholderMod:Sweep+1","PlaceholderMod:SprayAttack+1"],"picked":"SKIP","floor":4.0},{"not_picked":["PlaceholderMod:Polyp","PlaceholderMod:OHStrongAttack+1"],"picked":"PlaceholderMod:TriggerStrike+1","floor":6.0},{"not_picked":["PlaceholderMod:Internalization","PlaceholderMod:Activation","PlaceholderMod:EnergyAbsorb"],"picked":"SKIP","floor":8.0},{"not_picked":["PlaceholderMod:MultipleOxi","PlaceholderMod:StressReaction"],"picked":"PlaceholderMod:HardStinger","floor":10.0},{"not_picked":["PlaceholderMod:HornyBlast+1","PlaceholderMod:HardStrike+1","PlaceholderMod:Stratification"],"picked":"SKIP","floor":12.0},{"not_picked":["PlaceholderMod:Internalization","PlaceholderMod:HornyBlast+1"],"picked":"PlaceholderMod:DirectingGroup","floor":13.0},{"not_picked":["PlaceholderMod:ParasiteChange","PlaceholderMod:CycleAttack+1","PlaceholderMod:SubstitutionNucleophilic1+1"],"picked":"SKIP","floor":18.0},{"not_picked":["PlaceholderMod:HardStinger","PlaceholderMod:AttackAsDefend+1","PlaceholderMod:Corrosion"],"picked":"SKIP","floor":19.0},{"not_picked":["PlaceholderMod:Internalization","PlaceholderMod:ConsolidateHit+1","PlaceholderMod:MultiReaction"],"picked":"SKIP","floor":24},{"not_picked":["PlaceholderMod:EnergyAbsorb+1","PlaceholderMod:ComplexForm+1","PlaceholderMod:HardStrike+1"],"picked":"SKIP","floor":27},{"not_picked":["PlaceholderMod:HardStinger","PlaceholderMod:Hyperplasia+1","PlaceholderMod:DissolvingSpikes+1"],"picked":"SKIP","floor":28},{"not_picked":["PlaceholderMod:SpinBlade+1","PlaceholderMod:StressReaction"],"picked":"PlaceholderMod:PoisonAbsorb+1","floor":29},{"not_picked":["PlaceholderMod:SeverePoisonStrike+1","PlaceholderMod:Internalization","PlaceholderMod:Corrosion+1"],"picked":"SKIP","floor":30},{"not_picked":["PlaceholderMod:Turn+1","PlaceholderMod:Polyp+1","PlaceholderMod:Stratification"],"picked":"SKIP","floor":35},{"not_picked":["PlaceholderMod:Crystallization","PlaceholderMod:HardStrike+1","PlaceholderMod:SprayAttack+1"],"picked":"SKIP","floor":40},{"not_picked":["PlaceholderMod:RadicalHit+1","PlaceholderMod:MultiReaction","PlaceholderMod:Turn"],"picked":"SKIP","floor":42},{"not_picked":["PlaceholderMod:SelectReaction","PlaceholderMod:AttackAsDefend+1","PlaceholderMod:ParasiteChange"],"picked":"SKIP","floor":44},{"not_picked":["PlaceholderMod:Corrosion","PlaceholderMod:SeverePoisonStrike+1","PlaceholderMod:Hyperplasia+1"],"picked":"SKIP","floor":46},{"not_picked":["PlaceholderMod:SeverePoisonStrike+1","PlaceholderMod:Colorful+1","PlaceholderMod:Corrosion"],"picked":"SKIP","floor":48},{"not_picked":["PlaceholderMod:DissolvingSpikes+1","PlaceholderMod:ParasiteChange","PlaceholderMod:DirectingGroup"],"picked":"SKIP","floor":38},{"not_picked":["PlaceholderMod:ConsolidateHit+1","PlaceholderMod:CycleAttack+1","PlaceholderMod:ProliferateStrike+1"],"picked":"SKIP","floor":39},{"not_picked":["PlaceholderMod:Colorful+1","PlaceholderMod:HornyBlast+1","PlaceholderMod:CrystallizationStrike+1"],"picked":"SKIP","floor":40},{"not_picked":["PlaceholderMod:SprayAttack+1"],"picked":"SKIP","floor":41},{"not_picked":["PlaceholderMod:SelectReaction+1"],"picked":"SKIP","floor":42},{"not_picked":["PlaceholderMod:Stratification"],"picked":"SKIP","floor":45},{"not_picked":["PlaceholderMod:StrongAcid"],"picked":"SKIP","floor":46},{"not_picked":["PlaceholderMod:OHStrongAttack+1"],"picked":"SKIP","floor":48},{"not_picked":["PlaceholderMod:SprayAttack+1"],"picked":"SKIP","floor":55}],"player_experience":755187,"relics_obtained":[{"floor":6.0,"key":"Tiny Chest"},{"floor":8.0,"key":"Calipers"},{"floor":9.0,"key":"Unceasing Top"},{"floor":24,"key":"Pen Nib"},{"floor":27,"key":"PunchingBag"},{"floor":31,"key":"GnawedLeaf"},{"floor":35,"key":"D4"},{"floor":40,"key":"MawBank"},{"floor":41,"key":"ForgetMeNow"},{"floor":42,"key":"BlankCard"},{"floor":43,"key":"EdensBlessing"},{"floor":44,"key":"GuppysTail"},{"floor":45,"key":"Blue Candle"},{"floor":46,"key":"SteamSale"},{"floor":48,"key":"PlaceholderMod:NyogSothep"},{"floor":35,"key":"Tiny House"},{"floor":38,"key":"Lee\u0027s Waffle"},{"floor":40,"key":"Busted Crown"},{"floor":41,"key":"DoctorsRemote"},{"floor":42,"key":"Old Coin"},{"floor":43,"key":"Succubus"},{"floor":44,"key":"Strange Spoon"},{"floor":46,"key":"PlaceholderMod:DaolothFragment"},{"floor":48,"key":"Runic Pyramid"},{"floor":55,"key":"TheAbacus"}],"event_choices":[{"damage_healed":0.0,"max_hp_gain":0.0,"max_hp_loss":0.0,"gold_gain":0.0,"event_name":"Vampires","player_choice":"Ignored","floor":20.0,"gold_loss":0.0,"damage_taken":0.0},{"damage_healed":0,"gold_gain":250,"player_choice":"Bet on Owner","damage_taken":0,"max_hp_gain":0,"max_hp_loss":0,"event_name":"The Joust","floor":21,"gold_loss":50},{"cards_removed":["PlaceholderMod:PoisonExcitation"],"damage_healed":0,"gold_gain":0,"player_choice":"Removed Attack","damage_taken":0,"max_hp_gain":0,"max_hp_loss":0,"event_name":"Falling","floor":36,"gold_loss":0},{"damage_healed":0,"gold_gain":0,"player_choice":"Max HP","damage_taken":0,"max_hp_gain":0,"max_hp_loss":3,"event_name":"Winding Halls","floor":37,"gold_loss":0},{"damage_healed":0,"gold_gain":0,"player_choice":"Fight","damage_taken":0,"max_hp_gain":0,"max_hp_loss":0,"event_name":"Mysterious Sphere","floor":45,"gold_loss":0},{"cards_removed":["PlaceholderMod:BaseDefend"],"damage_healed":0,"gold_gain":0,"player_choice":"Removal","damage_taken":0,"max_hp_gain":0,"max_hp_loss":0,"event_name":"Designer","floor":36,"gold_loss":110}],"is_beta":false,"boss_relics":[{"not_picked":["Fusion Hammer","Philosopher\u0027s Stone"],"picked":"MagicMushroom"},{"not_picked":[]},{"not_picked":["Membership Card","PokeGo"],"picked":"ChampionBelt"},{"not_picked":[]}],"items_purged_floors":[14,14,14,14,14,14,22,22,22,22,22,22,47],"is_endless":false,"potions_floor_spawned":[1,4,6,8,12,18,27,28,30,35,40,42,38,40,42,48],"ascension_level":20}}