{"host":"cgwysqtmt736mr58","time":1613897978,"event":{"mods":["2.2 Compatiblity","Aspiration","BaseMod","Beaked The Cultist","BetterRewards","Colored Map","Colored Powertips","Downfall","Duelist Mod","GifTheSpireLib","Googly Eyes","Halation","Hermit","Hubris","Infinite Spire","Lobotomy","LobotomyExtend","Minty Spire (QoL Compilation)","Relic Stats","Replay The Spire","Shade Mod","Shop Mod","StSLib","The Construct","The Cursed","The Disciple","The Exalted","The Necromancer","The Runesmith","Waifu the Spire","Yuri Mod"],"gold_per_floor":[99,113,51,51,64,64,89,103,121,137,163,63,63,74,94,189,189,189,209,229,213,213,51,51,65,65,65,92,92,92,165,165,165,165],"floor_reached":32,"language":"ENG","playtime":1010,"items_purged":["Normality"],"score":416,"play_id":"972b0a5a-53f9-4ba0-91ca-9e1da21c520b","local_time":"20210221195938","is_ascension_mode":true,"campfire_choices":[{"floor":1,"key":"RECALL"},{"floor":6,"key":"REST"},{"data":"bronze:Iterate","floor":12,"key":"SMITH"},{"data":"hexamod:VolcanoVisage","floor":18,"key":"SMITH"},{"floor":26,"key":"REST"},{"floor":30,"key":"REST"}],"circlet_count":0,"master_deck":["AscendersBane","bronze:Strike+1","bronze:Strike","bronze:Strike","bronze:Strike","bronze:Defend","bronze:Defend","bronze:Defend","bronze:Defend","bronze:Replicate","bronze:Goto","bronze:ItsAFeature","bronze:OilSpill","bronze:WhirlingStrike","bronze:ItsAFeature","bronze:WildBeam","bronze:Separator","bronze:HardenedForm","bronze:Iterate+1","bronze:ChosenStrike","bronze:InfiniteBeams","hubris:NaturalOne","bronze:HyperBeam+1","hexamod:VolcanoVisage+1","bronze:Iterate","bronze:WhirlingStrike","bronze:Boost","bronze:InfiniteBeams","bronze:Repair","bronze:Separator","bronze:Constructor+1"],"relics":["bronze:BronzeCore","Durian","LetterFromLob","hubris:Icosahedron","Orichalcum","Vajra","downfall:HeartBlessingRed","halation:EternalFortune","beaked:SacredDeck","ReplayTheSpireMod:CursedCoin","bronze:BottledCode","halation:Jellyphish","hubris:GlazedTorus","aspiration:Stabinomicon","hubris:Towel","Bottled Flame","Boot"],"acts_visited":["Exordium","TheCity"],"potions_floor_usage":[10,11,11,15,20,28],"damage_taken":[{"damage":8,"enemies":"Jaw Worm","floor":2,"turns":4},{"damage":2,"enemies":"downfall:FleeingMerchant","floor":3,"turns":4},{"damage":7,"enemies":"Small Slimes","floor":5,"turns":2},{"damage":0,"enemies":"2 Louse","floor":8,"turns":2},{"damage":5,"enemies":"Exordium Thugs","floor":9,"turns":4},{"damage":0,"enemies":"2 Fungi Beasts","floor":10,"turns":1},{"damage":10,"enemies":"Gremlin Nob","floor":11,"turns":3},{"damage":15,"enemies":"Lots of Slimes","floor":14,"turns":3},{"damage":4,"enemies":"Red Slaver","floor":15,"turns":2},{"damage":21,"enemies":"SI_SHIV_ARCHETYPE","floor":16,"turns":6},{"damage":0,"enemies":"Spheric Guardian","floor":19,"turns":1},{"damage":0,"enemies":"Chosen","floor":20,"turns":3},{"damage":10,"enemies":"downfall:FleeingMerchant","floor":21,"turns":4},{"damage":10,"enemies":"downfall:FleeingMerchant","floor":23,"turns":4},{"damage":19,"enemies":"Sentry and Sphere","floor":25,"turns":5},{"damage":33,"enemies":"Book of Stabbing","floor":28,"turns":4},{"damage":29,"enemies":"Shelled Parasite and Fungi","floor":32,"turns":3}],"seed_played":"6676797495451584324","potions_obtained":[{"floor":2,"key":"bronze:FreeFunctionsPotion"},{"floor":5,"key":"LiquidMemories"},{"floor":10,"key":"champ:CounterPotion"},{"floor":14,"key":"SkillPotion"},{"floor":19,"key":"Languid Potion"},{"floor":25,"key":"Elixir"},{"floor":27,"key":"CultistPotion"}],"is_trial":false,"path_per_floor":["R","M","$","?","M","R","T","M","M","M","E","R","?","M","M","B",null,"R_BF","M","M","$","?","$","T","M","R","?","E","?","R","T","M"],"character_chosen":"THE_AUTOMATON","items_purchased":["bronze:WhirlingStrike","ReplayTheSpireMod:CursedCoin","bronze:InfiniteBeams","halation:Jellyphish"],"campfire_rested":3,"item_purchase_floors":[3,21,21,23],"current_hp_per_floor":[68,60,58,58,51,68,68,68,63,63,53,53,56,41,37,16,57,57,57,57,47,47,37,37,25,43,43,10,10,28,28,0,0,0],"gold":165,"neow_bonus":"ONE_RARE_RELIC","is_daily":false,"chose_seed":false,"campfire_upgraded":2,"win_rate":0.0,"timestamp":1613897978,"path_taken":["R","M","$","?","M","R","T","M","M","M","E","R","?","M","M","BOSS","R_BF","M","M","$","?","$","T","M","R","?","E","?","R","?","M"],"items_purchased_type":["Card","Relic","Card","Relic"],"build_version":"2020-12-22","purchased_purges":1,"victory":false,"max_hp_per_floor":[68,68,68,68,68,68,68,68,68,68,68,68,71,71,71,71,71,71,71,71,71,61,61,61,61,61,61,61,61,61,61,61,61,61],"relic_stats":{"counters":[17,55],"Orichalcum":[96],"Boot":[7],"obtain_stats":[{"bronze:BronzeCore":0,"downfall:HeartBlessingRed":12,"ReplayTheSpireMod:CursedCoin":21,"Vajra":11,"aspiration:Stabinomicon":28,"Whetstone":28,"Orichalcum":7,"hubris:Towel":29,"Boot":32,"bronze:BottledCode":22,"Bottled Flame":31,"hubris:Icosahedron":4,"halation:Jellyphish":23,"halation:EternalFortune":13,"beaked:SacredDeck":17,"halation:VictoryRuler":25,"Durian":0,"LetterFromLob":2,"hubris:GlazedTorus":24},{"bronze:BronzeCore":0,"downfall:HeartBlessingRed":7,"ReplayTheSpireMod:CursedCoin":13,"Vajra":7,"aspiration:Stabinomicon":16,"Whetstone":15,"Orichalcum":3,"hubris:Towel":16,"Boot":16,"bronze:BottledCode":13,"Bottled Flame":16,"hubris:Icosahedron":2,"halation:Jellyphish":14,"halation:EternalFortune":7,"beaked:SacredDeck":10,"halation:VictoryRuler":14,"Durian":0,"LetterFromLob":1,"hubris:GlazedTorus":14},{"bronze:BronzeCore":0,"downfall:HeartBlessingRed":20,"ReplayTheSpireMod:CursedCoin":39,"Vajra":20,"aspiration:Stabinomicon":52,"Whetstone":48,"Orichalcum":10,"hubris:Towel":52,"Boot":52,"bronze:BottledCode":39,"Bottled Flame":52,"hubris:Icosahedron":8,"halation:Jellyphish":43,"halation:EternalFortune":20,"beaked:SacredDeck":31,"halation:VictoryRuler":43,"Durian":0,"LetterFromLob":4,"hubris:GlazedTorus":43}]},"card_choices":[{"not_picked":["bronze:Turbo","bronze:Deprecate"],"picked":"bronze:ItsAFeature","floor":2},{"not_picked":["bronze:BitShift","bronze:DarkDash"],"picked":"bronze:OilSpill","floor":3},{"not_picked":["bronze:Turbo","bronze:CutThrough"],"picked":"bronze:ItsAFeature","floor":5},{"not_picked":["bronze:Invalidate","bronze:Turbo"],"picked":"bronze:WildBeam","floor":8},{"not_picked":["bronze:NullPointer","bronze:BugBarrage"],"picked":"bronze:Separator","floor":9},{"not_picked":["bronze:Turbo","bronze:ForceShield"],"picked":"bronze:HardenedForm","floor":10},{"not_picked":["bronze:Deprecate","bronze:CutThrough"],"picked":"bronze:Iterate","floor":11},{"not_picked":["bronze:CutThrough","bronze:BugBarrage"],"picked":"bronze:ChosenStrike","floor":14},{"not_picked":["bronze:GetLatest","bronze:Invalidate"],"picked":"bronze:InfiniteBeams","floor":15},{"not_picked":["bronze:FindAndReplace","bronze:Mutator"],"picked":"bronze:HyperBeam","floor":16},{"not_picked":["bronze:OilSpill","bronze:NullPointer"],"picked":"bronze:Iterate","floor":19},{"not_picked":["bronze:BronzeArmor","bronze:Frontload"],"picked":"bronze:WhirlingStrike","floor":20},{"not_picked":["bronze:Branch+1","bronze:Shield"],"picked":"bronze:Boost","floor":21},{"not_picked":["bronze:Constructor","bronze:GetLatest"],"picked":"bronze:Repair","floor":23},{"not_picked":["bronze:Deprecate","bronze:BitShift+1"],"picked":"bronze:Separator","floor":25},{"not_picked":["bronze:CleanCode","bronze:DigitalCarnage"],"picked":"bronze:Constructor+1","floor":28}],"player_experience":1114791,"relics_obtained":[{"floor":2,"key":"LetterFromLob"},{"floor":7,"key":"Orichalcum"},{"floor":11,"key":"Vajra"},{"floor":24,"key":"hubris:GlazedTorus"},{"floor":28,"key":"aspiration:Stabinomicon"},{"floor":31,"key":"Bottled Flame"}],"event_choices":[],"is_beta":false,"boss_relics":[{"not_picked":["halation:ForbiddenBikini","Replay:Drink Me"],"picked":"beaked:SacredDeck"}],"items_purged_floors":[21],"is_endless":false,"potions_floor_spawned":[2,5,10,14,19,25],"killed_by":"Shelled Parasite and Fungi","ascension_level":12}}