{"host":"hemqwg9ve6welna9","time":1613892996,"event":{"mods":["2.2 Compatiblity","AchievementEnabler","Act Like it!","BaseMod","Beaked The Cultist","Bestiary","Better Match","Better Note","Better Third Choice","BetterRewards","Conspire","Curses Come First","Dio Mod","Downfall","Gremlin Mod","Hermit","Highlight Path","Hubris","Melee Mod","Minty Spire (QoL Compilation)","Permanent Neow","Potionbrewer","Quick Restart","Rare Cards Sparkle","Relic Stats","Reliquary","Robot Space Explorer","Ruina","SOS???????","Shop Mod","StSLib","SuperFastMode","Td1madao Mod","The Bug Knight","The Cursed","The Disciple","The Forsaken","The Hierophant","The Jungle","The Marked","The Runesmith","The Senshi","The Servant 0.9.4","The Wild Card","TheBandit","TheVacant","UnlockEverythingMod","everything is the same but u backflip on backflip"],"gold_per_floor":[118,118,393,127,144,144,144,162,162,162,162,192,205,234,234,338,338,350,350,275,290,131,131,157,157,182,516,530,805,818,847,847,951,951,961,975,992,863,863,863,891,891,891,918,403,419,419,438,438,438,438,438,17,49,49,49],"floor_reached":55,"language":"ENG","playtime":4537,"items_purged":["Regret","Regret"],"score":1191,"play_id":"a371a1ed-3a2f-4a12-b395-dc962b7b398c","local_time":"20210221013636","is_ascension_mode":false,"campfire_choices":[{"data":"Reflection Mechanism","floor":7.0,"key":"SMITH"},{"data":"De Ware Chip","floor":11.0,"key":"SMITH"},{"data":"Machining","floor":15,"key":"SMITH"},{"data":"Shockwave Tdmadao","floor":23,"key":"SMITH"},{"data":"Chip Synthesis","floor":25,"key":"SMITH"},{"data":"Overclocking","floor":32,"key":"SMITH"},{"floor":40,"key":"RECALL"},{"data":"Machining","floor":42,"key":"SMITH"},{"data":"Moon Tear","floor":47,"key":"SMITH"},{"data":"Backup","floor":49,"key":"SMITH"},{"data":"Provocative","floor":52,"key":"SMITH"}],"circlet_count":0,"master_deck":["Strike_C","Strike_C","Strike_C","Strike_C","Defend_C","Defend_C","Defend_C","Defend_C","Knight Kick","Chip","Revenge","Preloading","Provocative+1","Here Defend Chip","hubris:Insight","Reflection Mechanism+1","Dramatic Entrance","De Ware Chip+1","Machining+1","Black Dance","Provocative","Retrieval Recycling","CurseOfTheBell","Cooling Song+1","Black Shadow+1","Chip Synthesis+1","Energy Supply","Shockwave Tdmadao+1","White Contract","Rupture","Fixing+1","Overclocking+1","Sudden Beat","Backup+1","Black Dance+1","Black Execution+1","Lunge","Machining+1","Bugfix+1","Bursts+1","Fire Blade","Oblique Hack","Floating Swing Kick+1","Black Spear+1","Panache","Moon Tear+1","Light Attack+1","Apotheosis","Break Into"],"relics":["Apod","Membership Card","Unceasing Top","Ice Cream","theSenshi:FeatherClipsRelic","WarpedTongs","White Beast Statue","hubris:TinFlute","Calling Bell","Nunchaku","potionbrewer:MortarAndPestle","Incense Burner","Eternal Feather","Old Coin","reliquary:QuartzCube","potionbrewer:BhaskarasWheel","Orrery","reliquary:WeakTea","reliquary:SilkGlove","potionbrewer:ToyAutogyro","reliquary:BrokenClock","MerchantsRug","reliquary:HotPoker","conspire:DeflatedDodgeball","Lantern","Strange Spoon","potionbrewer:BottledElixir","hubris:SlimyHat"],"acts_visited":["Exordium","TheCity","TheBeyond","TheEnding"],"potions_floor_usage":[16,16,21,24,27,31,35,36,44,46,48,50,50,54,55,55,55],"damage_taken":[{"damage":3.0,"enemies":"conspire:RoseBush","floor":1.0,"turns":4.0},{"damage":4.0,"enemies":"Small Slimes","floor":5.0,"turns":3.0},{"damage":0.0,"enemies":"Cultist","floor":8.0,"turns":4.0},{"damage":11,"enemies":"HollowMod:MossKnight","floor":12,"turns":9},{"damage":0,"enemies":"2 Fungi Beasts","floor":13,"turns":2},{"damage":16,"enemies":"Lagavulin","floor":14,"turns":6},{"damage":4,"enemies":"Slime Boss","floor":16,"turns":7},{"damage":15,"enemies":"Spheric Guardian","floor":18,"turns":8},{"damage":9,"enemies":"2 Thieves","floor":21,"turns":2},{"damage":36,"enemies":"Slavers","floor":24,"turns":5},{"damage":18,"enemies":"Book of Stabbing","floor":27,"turns":4},{"damage":0,"enemies":"Cultist and Chosen","floor":28,"turns":3},{"damage":4,"enemies":"Centurion and Healer","floor":30,"turns":4},{"damage":1,"enemies":"Gremlin Leader","floor":31,"turns":3},{"damage":28,"enemies":"Champ","floor":33,"turns":8},{"damage":15,"enemies":"3 Darklings","floor":35,"turns":6},{"damage":8,"enemies":"Orb Walker","floor":36,"turns":3},{"damage":0,"enemies":"Spire Growth","floor":37,"turns":3},{"damage":0,"enemies":"Giant Head","floor":41,"turns":5},{"damage":70,"enemies":"Reptomancer","floor":44,"turns":5},{"damage":0,"enemies":"Jaw Worm Horde","floor":46,"turns":3},{"damage":38,"enemies":"Transient","floor":48,"turns":5},{"damage":38,"enemies":"Donu and Deca","floor":50,"turns":8},{"damage":7,"enemies":"Shield and Spear","floor":54,"turns":5},{"damage":80,"enemies":"The Heart","floor":55,"turns":5}],"seed_played":"-5165640944533130999","potions_obtained":[{"floor":1.0,"key":"potionbrewer:FreezingPotion"},{"floor":8.0,"key":"potionbrewer:NoxiousPotion"},{"floor":13,"key":"conspire:TimeTravelPotion"},{"floor":14,"key":"FearPotion"},{"floor":16,"key":"Energy Potion"},{"floor":18,"key":"DuplicationPotion"},{"floor":21,"key":"FearPotion"},{"floor":24,"key":"hexamod:SoulburnPotion"},{"floor":27,"key":"Fire Potion"},{"floor":28,"key":"ColorlessPotion"},{"floor":31,"key":"FairyPotion"},{"floor":33,"key":"Strength Potion"},{"floor":35,"key":"Swift Potion"},{"floor":36,"key":"potionbrewer:SplittingPotion"},{"floor":37,"key":"sneckomod:MuddlingPotion"},{"floor":41,"key":"EssenceOfSteel"},{"floor":44,"key":"potionbrewer:FreezingPotion"},{"floor":46,"key":"GamblersBrew"},{"floor":48,"key":"BlessingOfTheForge"},{"floor":54,"key":"PowerPotion"}],"is_trial":false,"path_per_floor":["M","?","?","$","M","?","R","M","T","?","R","E","M","E","R","B",null,"M","?","?","M","$","R","E","R","T","E","M","?","M","E","R","B",null,"M","M","M","$","?","R","E","R","T","E","$","M","R","M","R","B",null,"R","$","E","B"],"character_chosen":"TD1MADAO_CLASS","items_purchased":["Membership Card","Revenge","Ice Cream","Provocative","Here Defend Chip","hubris:Insight","Chip Synthesis","Energy Supply","Shockwave Tdmadao","Orrery","reliquary:BrokenClock","SkillPotion","MerchantsRug","reliquary:HotPoker","conspire:DeflatedDodgeball","Panache","Lantern","Strange Spoon","Apotheosis","potionbrewer:BottledElixir","Strength Potion","SteroidPotion"],"campfire_rested":0,"item_purchase_floors":[0,0,4,4,4,4,22,22,22,38,45,45,45,45,45,45,53,53,53,53,53,53],"current_hp_per_floor":[57,57,57,57,53,53,53,53,53,53,53,48,54,44,44,46,70,61,61,61,58,58,58,28,43,43,31,42,42,44,49,67,50,70,61,64,70,70,70,70,70,70,70,27,27,33,60,28,55,23,70,70,70,69,0,0],"gold":49,"neow_bonus":"","is_daily":false,"chose_seed":false,"campfire_upgraded":10,"win_rate":0.0,"timestamp":1613892996,"path_taken":["M","?","?","$","?","?","R","?","T","?","R","E","?","E","R","BOSS","M","?","?","M","$","R","E","R","T","E","M","?","M","E","R","BOSS","M","?","?","$","?","R","E","R","T","E","$","M","R","M","R","BOSS","R","$","E","BOSS"],"items_purchased_type":["Relic","Card","Relic","Card","Card","Card","Card","Card","Card","Relic","Relic","Potion","Relic","Relic","Relic","Card","Relic","Relic","Card","Relic","Potion","Potion"],"build_version":"2020-12-22","purchased_purges":2,"victory":false,"max_hp_per_floor":[70,70,70,70,70,70,70,70,70,70,70,70,70,70,70,70,70,70,70,70,70,70,70,70,70,70,70,70,70,70,70,70,70,70,70,70,70,70,70,70,70,70,70,70,70,70,70,70,70,70,70,70,70,70,70,70],"relic_stats":{"Strange Spoon":[11],"Nunchaku":[30],"counters":[125,591],"Eternal Feather":87,"obtain_stats":[{"Ice Cream":4,"Gremlin Horn":26,"potionbrewer:AlchemistFlask":6,"Vajra":0,"theSenshi:FeatherClipsRelic":23,"reliquary:QuartzCube":31,"Old Coin":27,"Blood Vial":26,"conspire:GlowingRock":6,"conspire:DecoderRing":26,"Prayer Wheel":0,"reliquary:FingerTrap":0,"hubris:TinFlute":9,"MerchantsRug":45,"conspire:TreasureMap":28,"Pear":25,"hubris:DuctTape":27,"reliquary:Sideboard":8,"potionbrewer:MortarAndPestle":17,"Eternal Feather":24,"reliquary:TatteredRug":6,"potionbrewer:BhaskarasWheel":34,"reliquary:WeakTea":9,"potionbrewer:ToyAutogyro":44,"Akabeko":24,"WarpedTongs":22,"potionbrewer:Torch":0,"SlaversCollar":17,"Pandora\u0027s Box":17,"Molten Egg 2":9,"hubris:TenFootPole":2,"conspire:BottledYoYo":17,"reliquary:BrokenClock":45,"Unceasing Top":21,"Lantern":53,"reliquary:SilkGlove":22,"reliquary:Boomerang":23,"reliquary:Aerogel":12,"Bag of Preparation":25,"Incense Burner":17,"hubris:SlimyHat":54,"hubris:RunicObelisk":17,"PrismaticShard":5,"conspire:TopHat":3,"conspire:InfiniteJournal":17,"Frozen Eye":18,"Nunchaku":17,"Dream Catcher":9,"reliquary:HotPoker":45,"hubris:Icosahedron":7,"reliquary:NewFriend":2,"Tiny Chest":9,"WingedGreaves":6,"Red Mask":19,"hubris:GlazedTorus":0,"Potion Belt":8,"Runesmith:Nanobots":12,"Lee\u0027s Waffle":0,"Golden Idol":7,"Lsj Skin":14,"hubris:Towel":9,"White Beast Statue":12,"Calling Bell":17,"Strange Spoon":53,"CaptainsWheel":7,"reliquary:RedPaperclip":17,"hubris:Spice":14,"betterThird:SlimedRelic":12,"Orrery":38,"hubris:BundleOfHerbs":7,"reliquary:Stiletto":0,"Bag of Marbles":0,"Art of War":6,"Apod":0,"Bottled Lightning":10,"Membership Card":0,"potionbrewer:BottledElixir":53,"conspire:DeflatedDodgeball":45,"potionbrewer:SlideRule":31,"hubris:OldNail":11},{"Ice Cream":101,"Gremlin Horn":20,"potionbrewer:AlchemistFlask":4,"Vajra":47,"theSenshi:FeatherClipsRelic":46,"reliquary:QuartzCube":114,"Old Coin":111,"Blood Vial":32,"conspire:GlowingRock":51,"conspire:DecoderRing":82,"Prayer Wheel":70,"reliquary:FingerTrap":63,"hubris:TinFlute":89,"MerchantsRug":120,"conspire:TreasureMap":21,"Pear":97,"hubris:DuctTape":21,"reliquary:Sideboard":74,"potionbrewer:MortarAndPestle":107,"Eternal Feather":110,"reliquary:TatteredRug":66,"potionbrewer:BhaskarasWheel":115,"reliquary:WeakTea":8,"potionbrewer:ToyAutogyro":120,"Akabeko":20,"WarpedTongs":80,"potionbrewer:Torch":22,"SlaversCollar":77,"Pandora\u0027s Box":17,"Molten Egg 2":26,"hubris:TenFootPole":6,"conspire:BottledYoYo":28,"reliquary:BrokenClock":120,"Unceasing Top":80,"Lantern":123,"reliquary:SilkGlove":45,"reliquary:Boomerang":81,"reliquary:Aerogel":15,"Bag of Preparation":97,"Incense Burner":107,"hubris:SlimyHat":124,"hubris:RunicObelisk":43,"PrismaticShard":65,"conspire:TopHat":12,"conspire:InfiniteJournal":28,"Frozen Eye":17,"Nunchaku":28,"Dream Catcher":39,"reliquary:HotPoker":120,"hubris:Icosahedron":38,"reliquary:NewFriend":54,"Tiny Chest":66,"WingedGreaves":38,"Red Mask":79,"hubris:GlazedTorus":70,"Potion Belt":8,"Runesmith:Nanobots":40,"Lee\u0027s Waffle":70,"Golden Idol":7,"Lsj Skin":68,"hubris:Towel":4,"White Beast Statue":104,"Calling Bell":28,"Strange Spoon":123,"CaptainsWheel":74,"reliquary:RedPaperclip":60,"hubris:Spice":16,"betterThird:SlimedRelic":27,"Orrery":118,"hubris:BundleOfHerbs":4,"reliquary:Stiletto":35,"Bag of Marbles":0,"Art of War":88,"Apod":0,"Bottled Lightning":8,"Membership Card":84,"potionbrewer:BottledElixir":123,"conspire:DeflatedDodgeball":120,"potionbrewer:SlideRule":34,"hubris:OldNail":14},{"Ice Cream":475,"Gremlin Horn":105,"potionbrewer:AlchemistFlask":21,"Vajra":227,"theSenshi:FeatherClipsRelic":225,"reliquary:QuartzCube":535,"Old Coin":525,"Blood Vial":169,"conspire:GlowingRock":244,"conspire:DecoderRing":378,"Prayer Wheel":324,"reliquary:FingerTrap":294,"hubris:TinFlute":407,"MerchantsRug":565,"conspire:TreasureMap":111,"Pear":455,"hubris:DuctTape":111,"reliquary:Sideboard":335,"potionbrewer:MortarAndPestle":506,"Eternal Feather":521,"reliquary:TatteredRug":303,"potionbrewer:BhaskarasWheel":543,"reliquary:WeakTea":40,"potionbrewer:ToyAutogyro":565,"Akabeko":105,"WarpedTongs":368,"potionbrewer:Torch":112,"SlaversCollar":352,"Pandora\u0027s Box":89,"Molten Egg 2":125,"hubris:TenFootPole":28,"conspire:BottledYoYo":137,"reliquary:BrokenClock":565,"Unceasing Top":368,"Lantern":581,"reliquary:SilkGlove":220,"reliquary:Boomerang":372,"reliquary:Aerogel":75,"Bag of Preparation":455,"Incense Burner":506,"hubris:SlimyHat":586,"hubris:RunicObelisk":214,"PrismaticShard":300,"conspire:TopHat":59,"conspire:InfiniteJournal":137,"Frozen Eye":89,"Nunchaku":137,"Dream Catcher":200,"reliquary:HotPoker":565,"hubris:Icosahedron":197,"reliquary:NewFriend":254,"Tiny Chest":303,"WingedGreaves":197,"Red Mask":363,"hubris:GlazedTorus":324,"Potion Belt":40,"Runesmith:Nanobots":204,"Lee\u0027s Waffle":324,"Golden Idol":32,"Lsj Skin":315,"hubris:Towel":21,"White Beast Statue":491,"Calling Bell":137,"Strange Spoon":581,"CaptainsWheel":335,"reliquary:RedPaperclip":276,"hubris:Spice":81,"betterThird:SlimedRelic":128,"Orrery":555,"hubris:BundleOfHerbs":21,"reliquary:Stiletto":183,"Bag of Marbles":0,"Art of War":400,"Apod":0,"Bottled Lightning":40,"Membership Card":383,"potionbrewer:BottledElixir":581,"conspire:DeflatedDodgeball":565,"potionbrewer:SlideRule":177,"hubris:OldNail":70}],"Unceasing Top":[79],"WarpedTongs":[107]},"card_choices":[{"not_picked":["Perfect Defend","Cursed Blade"],"picked":"Preloading","floor":1.0},{"not_picked":["Paralysis","Transfer Energy"],"picked":"Reflection Mechanism","floor":5.0},{"not_picked":["Sub Weapons","Light Attack"],"picked":"De Ware Chip","floor":8.0},{"not_picked":["Fixing","Transfer Energy"],"picked":"Machining","floor":12},{"not_picked":["Provocative","Fire Blade"],"picked":"Black Dance","floor":13},{"not_picked":["Black Spear","Fire Blade"],"picked":"Provocative","floor":14},{"not_picked":["Memory Alloy","Black Warm Hole"],"picked":"Retrieval Recycling","floor":16},{"not_picked":["Ruin Defend","Weapon Shift"],"picked":"Cooling Song+1","floor":18},{"not_picked":["Fire Blade","White Contract"],"picked":"Black Shadow+1","floor":21},{"not_picked":["Provocative","Paralysis"],"picked":"White Contract","floor":24},{"not_picked":["Preloading","Resistance"],"picked":"Rupture","floor":27},{"not_picked":["Resistance","Floating Swing Kick"],"picked":"Fixing+1","floor":28},{"not_picked":["Fixing","Perfect Defend+1"],"picked":"Overclocking","floor":30},{"not_picked":["Preloading","Provocative"],"picked":"Sudden Beat","floor":31},{"not_picked":["Format All Data","Shockwave Tdmadao"],"picked":"Backup","floor":33},{"not_picked":["Here Defend Chip","Judgment+1"],"picked":"Black Dance+1","floor":35},{"not_picked":["Break Into","Gravity Defend+1"],"picked":"Black Execution+1","floor":36},{"not_picked":["Provocative","Resistance"],"picked":"Lunge","floor":37},{"not_picked":["Rupture","Here Defend Chip"],"picked":"Machining","floor":38},{"not_picked":["Thunder Jump","Afterwards+1"],"picked":"Bugfix+1","floor":38},{"not_picked":["De Ware Chip","Backup"],"picked":"Bursts","floor":38},{"not_picked":["Provocative","Floating Even"],"picked":"Fire Blade","floor":38},{"not_picked":["Fixing","E MP"],"picked":"Oblique Hack","floor":38},{"not_picked":["De Ware Chip+1","Black Dance"],"picked":"Floating Swing Kick+1","floor":41},{"not_picked":["Black Shadow","Lore"],"picked":"Black Spear+1","floor":44},{"not_picked":["Machining+1","Rupture"],"picked":"Moon Tear","floor":46},{"not_picked":["Black Hand+1","Here Defend Chip"],"picked":"Light Attack+1","floor":48},{"not_picked":["Oblique Hack","Lore+1"],"picked":"Break Into","floor":54}],"player_experience":35300,"relics_obtained":[{"floor":9.0,"key":"theSenshi:FeatherClipsRelic"},{"floor":12,"key":"White Beast Statue"},{"floor":14,"key":"hubris:TinFlute"},{"floor":17,"key":"Nunchaku"},{"floor":17,"key":"potionbrewer:MortarAndPestle"},{"floor":17,"key":"Incense Burner"},{"floor":24,"key":"Eternal Feather"},{"floor":27,"key":"Old Coin"},{"floor":31,"key":"reliquary:QuartzCube"},{"floor":41,"key":"reliquary:WeakTea"},{"floor":43,"key":"reliquary:SilkGlove"},{"floor":44,"key":"potionbrewer:ToyAutogyro"},{"floor":54,"key":"hubris:SlimyHat"}],"event_choices":[{"damage_healed":57.0,"max_hp_gain":0.0,"max_hp_loss":70.0,"gold_gain":0.0,"event_name":"betterThird:BetterShining","player_choice":"Embrace Burn","floor":2.0,"gold_loss":0.0,"damage_taken":0.0},{"damage_healed":0.0,"max_hp_gain":0.0,"max_hp_loss":0.0,"gold_gain":275.0,"event_name":"Golden Shrine","player_choice":"Desecrate","floor":3.0,"gold_loss":0.0,"damage_taken":0.0,"cards_obtained":["Regret"]},{"damage_healed":0.0,"max_hp_gain":0.0,"max_hp_loss":0.0,"gold_gain":0.0,"cards_transformed":["Burn"],"event_name":"Transmorgrifier","player_choice":"Transformed","floor":6.0,"gold_loss":0.0,"damage_taken":0.0,"cards_obtained":["Dramatic Entrance"]},{"damage_healed":0.0,"max_hp_gain":0.0,"max_hp_loss":0.0,"gold_gain":0.0,"event_name":"Accursed Blacksmith","player_choice":"Rummage","floor":10.0,"gold_loss":0.0,"damage_taken":0.0,"relics_obtained":["WarpedTongs"],"cards_obtained":["Pain"]},{"damage_healed":0,"gold_gain":0,"player_choice":"Ignored","damage_taken":0,"max_hp_gain":0,"max_hp_loss":0,"event_name":"betterNote:BetterNote","floor":19,"gold_loss":0,"cards_obtained":["theForsaken:Preservation"]},{"cards_removed":["Pain"],"damage_healed":0,"gold_gain":0,"player_choice":"Gave Gold","damage_taken":0,"max_hp_gain":0,"max_hp_loss":0,"event_name":"Beggar","floor":20,"gold_loss":75},{"damage_healed":0,"gold_gain":275,"player_choice":"Desecrate","damage_taken":0,"max_hp_gain":0,"max_hp_loss":0,"event_name":"Golden Shrine","floor":29,"gold_loss":0,"cards_obtained":["Regret"]}],"is_beta":false,"boss_relics":[{"not_picked":["Tiny House","Pandora\u0027s Box"],"picked":"Calling Bell"},{"not_picked":["reliquary:KinkedSpring","Snecko Eye"],"picked":"potionbrewer:BhaskarasWheel"}],"items_purged_floors":[4,38],"is_endless":false,"potions_floor_spawned":[1,8,13,14,16,18,21,24,27,28,30,31,33,35,36,37,41,44,46,48,54],"killed_by":"The Heart","ascension_level":0}}