{"host":"vrl5neme3baqibjn","time":1613900962,"event":{"mods":["100% Spire Juice","ATMod(阿瑾Mod)","Act Like it!","Arknights","Aspiration","BaseMod","CapriCore","Conspire","Dota2Spire","Gensokyo","GungeonMod","Hallownest","Hermit","HololiveMod","LagranYue(拉格朗・月)","Lobotomy","Marisa（F雨　魔理沙）","Minty Spire (QoL Compilation)","Pale of the Ancients","Prisma Mod","Reimu（博丽灵梦）","Replay The Spire","SOS（斯巴达之子）","Spicy Shops","StSLib","The Alterego","The Animator","The Construct","The Exalted","The Hierophant","The Saiyan","The Servant 0.9.4","TheHero","TheWitcher","WarShipGirlsR/战舰少女R mod","Yakumo Yukari mod","Youmu（魂魄妖梦）","Yuyuko","【功能Mod】聪明的最终Boss","【遗物卡牌】REMEMod"],"gold_per_floor":[95,115,115,115,115,115,126,126,126,126,137,147,147,159,159,263,263,274,161,111,111,126,284,284,348,348,399,440,526,526,526,526,753,753,842,879,300,343,386,386,386,505,578,666,706,749,163,276,276,326,463,553,605,1,1,146,146,42,42,167],"floor_reached":61,"language":"ZHS","playtime":4122,"items_purged":["Injury","Saiyan:SAIYA_Defend","Saiyan:SAIYA_Defend","Eviscerate"],"score":1661,"play_id":"14684a1a-5632-48ba-909d-9df4599cfb9d","local_time":"20210221174922","is_ascension_mode":false,"campfire_choices":[{"floor":6.0,"key":"RECALL"},{"floor":13.0,"key":"REST"},{"data":"Saiyan:Makankosappo","floor":15.0,"key":"SMITH"},{"floor":24,"key":"REST"},{"floor":30,"key":"REST"},{"floor":32,"key":"REST"},{"floor":40,"key":"REST"},{"floor":55,"key":"REST"},{"floor":57,"key":"REST"}],"circlet_count":0,"master_deck":["Saiyan:SAIYA_Defend","Saiyan:SAIYA_Defend","Saiyan:EnergyBlast","Saiyan:KaioKen","AT_ChampionKick+1","Saiyan:Makankosappo+1","Saiyan:SenzuBean+1","Saiyan:Expend+1","Masterful Stab","Dagger Spray","Flying Knee+1","Saiyan:WarmUp","Saiyan:Expend+1","Saiyan:Afterimage+1","Saiyan:MajinSeal","Saiyan:Pacing+1","Saiyan:Overexert+1","Gensokyo:FourOfAKind+1","Gensokyo:FourOfAKind+1","Gensokyo:FourOfAKind+1","Gensokyo:FourOfAKind+1","Saiyan:Afterimage+1","Saiyan:Overexert+1","Saiyan:AugmentedBlast+1","Saiyan:Overexert+1","Saiyan:CCCapsule+1","Saiyan:MajinSeal","Saiyan:Afterimage+1","Saiyan:KiStrike","Saiyan:TheBomb+1","Saiyan:KiExplosion+1","Saiyan:Expend+1","Saiyan:Planning+1","Saiyan:Flurry","Saiyan:BurningSoul","Dark Shackles+1","Saiyan:Expend+1","Saiyan:ConcussiveBlow","Saiyan:UltraInstinct+1","Backstab","Quick Slash","Saiyan:Kienzan+1","Saiyan:Makankosappo","Saiyan:Makankosappo+1","Saiyan:AugmentedBlast+1","Saiyan:MindBoom+1","Saiyan:Teleport+1","REME_Flogging","Saiyan:ReverberatingForce","Saiyan:Afterimage+1","Saiyan:Furor","Saiyan:Taunt+1","Saiyan:UltraInstinct+1","Saiyan:CCCapsule+1","Saiyan:Furor+1","Saiyan:SuperSaiyanForm","Saiyan:SuperSaiyanForm","Saiyan:CCCapsule+1","AT_FamilyPortrait+1","AT_LightSaberMaster","Saiyan:SoulSpice+1"],"relics":["SaiyanSoul","SaiyanHeart","REME_ComplimentaryCards","AT_ATBox","LagranYue:RandomDrawCardRelic","Toxic Egg 2","Gensokyo:Justice","DemoMod:ClearGuonStone","aspiration:HiddenCompartment","Bronze Scales","Fusion Hammer","Pet Ghost","AT_MibuBalloonWealth","Dota2Spire:UrnOfShadows","DemoMod:MeltedRock","DemoMod:Orange","Bag of Preparation","Prayer Wheel","Hololive_LightStick","Whetstone","InkBottle","Dota2Spire:Vanguard","SlaversCollar","Regal Pillow","Membership Card","Incense Burner","BargainBundle","Dota2Spire:BladeMail","DemoMod:MonsterBlood","Ornamental Fan","DemoMod:PoisonVial","Smiling Mask","AT_ImmortalShieldbow","AT_TimeSand","Sling","paleoftheancients:Timepiece","paleoftheancients:KeyRelic","paleoftheancients:SoulOfTheShapes","Bromod:ArcaneTrickery","conspire:TopHat","Mastiff:ReiMu","Pen Nib","OrangePellets"],"acts_visited":["Exordium","Gensokyo:Gensokyo","Gensokyo:Gensokyoer","Gensokyo:Gensokyoest"],"potions_floor_usage":[16,27,28,33,45,46,46,48,56,56,60,60],"damage_taken":[{"damage":0.0,"enemies":"Gensokyo:3_Fairies","floor":1.0,"turns":3.0},{"damage":18.0,"enemies":"Gensokyo:2_Kodama","floor":2.0,"turns":4.0},{"damage":12.0,"enemies":"Gensokyo:Python","floor":7.0,"turns":6.0},{"damage":11.0,"enemies":"Gensokyo:Gryphon_and_Rabbit","floor":11.0,"turns":5.0},{"damage":0.0,"enemies":"Gensokyo:LivingMonolith","floor":12.0,"turns":2.0},{"damage":4.0,"enemies":"Gensokyo:VengefulSpirit","floor":14.0,"turns":7.0},{"damage":0,"enemies":"Gensokyo:Yukari","floor":16,"turns":8},{"damage":8,"enemies":"Gensokyo:2_Gloops","floor":18,"turns":7},{"damage":9,"enemies":"Gensokyo:CosmicMonolith","floor":22,"turns":5},{"damage":0,"enemies":"Gensokyo:Reisen","floor":23,"turns":7},{"damage":2,"enemies":"Gensokyo:Chomper_and_Gloop","floor":25,"turns":3},{"damage":34,"enemies":"Gensokyo:Koishi","floor":27,"turns":7},{"damage":0,"enemies":"Gensokyo:Swordslinger","floor":28,"turns":6},{"damage":0,"enemies":"Gensokyo:3_Gloops","floor":29,"turns":5},{"damage":41,"enemies":"Gensokyo:Kaguya","floor":33,"turns":7},{"damage":0,"enemies":"Gensokyo:3_Bats","floor":35,"turns":3},{"damage":0,"enemies":"Gensokyo:AncientGuardian","floor":36,"turns":9},{"damage":0,"enemies":"Gensokyo:AtlasGolem","floor":38,"turns":8},{"damage":0,"enemies":"Gensokyo:SeedOfUnknown","floor":39,"turns":8},{"damage":0,"enemies":"Gensokyo:4_Bats","floor":42,"turns":1},{"damage":0,"enemies":"Gensokyo:3_Boulders","floor":44,"turns":2},{"damage":0,"enemies":"Gensokyo:Rafflesia","floor":45,"turns":7},{"damage":0,"enemies":"Gensokyo:Sharpion","floor":46,"turns":6},{"damage":0,"enemies":"Gensokyo:4_Bats","floor":48,"turns":2},{"damage":0,"enemies":"Gensokyo:Shinki","floor":50,"turns":10},{"damage":0,"enemies":"Gensokyo:Shinki","floor":51,"turns":5},{"damage":6,"enemies":"Gensokyo:Shinki","floor":52,"turns":3},{"damage":64,"enemies":"Gensokyo:Shinki","floor":56,"turns":6},{"damage":15,"enemies":"paleoftheancients:N","floor":60,"turns":10}],"seed_played":"-4172378993517572061","potions_obtained":[{"floor":2.0,"key":"ColorlessPotion"},{"floor":12.0,"key":"Swift Potion"},{"floor":22,"key":"Dota2Spire:Clarity"},{"floor":23,"key":"Death Potion"},{"floor":27,"key":"Fire Potion"},{"floor":29,"key":"Fire Potion"},{"floor":45,"key":"LifebloodPotion"},{"floor":46,"key":"SpeedPotion"},{"floor":51,"key":"Dota2Spire:HealingSalve"},{"floor":53,"key":"Dota2Spire:HealingSalve"},{"floor":56,"key":"Dexterity Potion"}],"is_trial":false,"path_per_floor":["M","M","?","?","?","R","M","?","T","?","M","M","R","M","R","B",null,"M","$","?","?","M","E","R","M","T","E","M","M","R","?","R","B",null,"M","M","$","M","M","R","?","M","T","M","M","M","$","M","R","B","M","M","?","$","R","M","R","$","?","B",null],"character_chosen":"SAIYAJIN","items_purchased":["Saiyan:Overexert+1","Membership Card","Incense Burner","BargainBundle","Saiyan:BurningSoul","Dark Shackles+1","Dota2Spire:HealingSalve","Saiyan:Expend+1","AT_ImmortalShieldbow","REME_Flogging","AT_TimeSand","Sling","Saiyan:ReverberatingForce","Saiyan:Afterimage+1","Saiyan:SuperSaiyanForm","Saiyan:CCCapsule+1","AT_FamilyPortrait+1","conspire:TopHat","DemoMod:LeadSkinPotion","AT_LightSaberMaster","Mastiff:ReiMu","Pen Nib","OrangePellets","FearPotion"],"campfire_rested":7,"item_purchase_floors":[19,37,37,37,37,37,37,37,47,47,47,47,47,47,54,54,54,54,54,54,54,54,58,58],"current_hp_per_floor":[62,46,46,46,46,46,35,35,35,35,26,26,46,44,44,50,75,68,68,75,59,52,54,63,64,76,43,44,48,73,73,78,42,80,81,81,81,82,92,92,92,92,92,95,106,108,108,108,108,109,109,106,106,106,109,79,111,111,111,113],"gold":167,"neow_bonus":"RANDOM_EVENT","is_daily":false,"chose_seed":false,"campfire_upgraded":1,"win_rate":0.0,"timestamp":1613900962,"path_taken":["M","M","?","?","?","R","M","?","T","?","M","?","R","M","R","BOSS","M","$","?","?","M","E","R","M","T","E","M","M","R","?","R","BOSS","M","M","$","M","M","R","?","?","T","M","M","M","$","M","R","BOSS","M","M","?","$","R","M","R","$","?","BOSS"],"items_purchased_type":["Card","Relic","Relic","Relic","Card","Card","Potion","Card","Relic","Card","Relic","Relic","Card","Card","Card","Card","Card","Relic","Undefined","Card","Relic","Relic","Relic","Potion"],"build_version":"2020-12-22","purchased_purges":4,"victory":true,"max_hp_per_floor":[62,64,64,64,64,64,65,65,65,65,67,67,67,69,69,75,75,76,76,83,59,61,63,63,66,78,79,80,84,84,78,78,80,80,81,81,81,82,92,92,92,92,92,95,106,108,108,108,108,109,109,109,109,109,109,111,111,111,111,113],"card_choices":[{"not_picked":["Saiyan:SaiyanHubris+1","Saiyan:PowerUp+1"],"picked":"Saiyan:Makankosappo","floor":1.0},{"not_picked":["Saiyan:DoubleMasenko","Saiyan:BigBangAttack"],"picked":"Saiyan:Teleport+1","floor":2.0},{"not_picked":[],"picked":"Saiyan:SenzuBean","floor":5.0},{"not_picked":["Saiyan:PlotArmor","Saiyan:MeteorDash"],"picked":"Saiyan:Expend+1","floor":7.0},{"not_picked":["Saiyan:Fly+1","Saiyan:FingerParry+1"],"picked":"Saiyan:WarmUp","floor":11.0},{"not_picked":["Saiyan:DoubleMasenko","Saiyan:Flurry"],"picked":"Saiyan:Expend+1","floor":12.0},{"not_picked":["Saiyan:Quickening+1","Saiyan:MeteorDash"],"picked":"Saiyan:Afterimage+1","floor":14.0},{"not_picked":["Saiyan:TheBomb+1","Saiyan:GhostAttack"],"picked":"Saiyan:MajinSeal","floor":16},{"not_picked":["Saiyan:PowerUp+1","Saiyan:KiStrike"],"picked":"Saiyan:Pacing+1","floor":18},{"not_picked":["Saiyan:Planning+1","Saiyan:Fly+1"],"picked":"Saiyan:Afterimage+1","floor":22},{"not_picked":["Saiyan:PowerUp+1","Saiyan:Planning+1"],"picked":"Saiyan:Overexert+1","floor":23},{"not_picked":["Saiyan:KiExplosion+1","Saiyan:Honing+1"],"picked":"Saiyan:AugmentedBlast+1","floor":25},{"not_picked":["Saiyan:PressOn+1","Saiyan:SaiyanHubris+1"],"picked":"Saiyan:Overexert+1","floor":27},{"not_picked":["Saiyan:DoubleMasenko+1","Saiyan:Planning+1"],"picked":"Saiyan:CCCapsule+1","floor":28},{"not_picked":["Saiyan:Scouter+1","Saiyan:KameHameHa+1"],"picked":"Saiyan:MajinSeal","floor":28},{"not_picked":["Saiyan:Expend+1","Saiyan:KiExplosion+1"],"picked":"Saiyan:Afterimage+1","floor":29},{"not_picked":["Saiyan:TurtleShell","Saiyan:Taunt+1"],"picked":"Saiyan:KiStrike","floor":29},{"not_picked":["Saiyan:TransfigurationBeam","Saiyan:GhostAttack"],"picked":"Saiyan:TheBomb+1","floor":33},{"not_picked":["Saiyan:ExtremeSpeed","Saiyan:ExpandingShockwave+1"],"picked":"Saiyan:KiExplosion+1","floor":35},{"not_picked":["Saiyan:DoubleMasenko+1","Saiyan:MeteorDash"],"picked":"Saiyan:Expend+1","floor":35},{"not_picked":["Saiyan:DragonFist+1","Saiyan:WarmUp"],"picked":"Saiyan:Planning+1","floor":36},{"not_picked":["Saiyan:FingerParry+1","Saiyan:KiExplosion+1"],"picked":"Saiyan:Flurry","floor":36},{"not_picked":["Saiyan:SaiyanHubris+1","Saiyan:BurningSoul+1"],"picked":"Saiyan:ConcussiveBlow","floor":38},{"not_picked":["Saiyan:Quickening+1","Saiyan:MonkeyTail"],"picked":"Saiyan:UltraInstinct+1","floor":38},{"not_picked":["Saiyan:Flurry","Saiyan:KameHameHa+1","Saiyan:Quickening+1"],"picked":"SKIP","floor":39},{"not_picked":["Saiyan:KameHameHa","Saiyan:TurtleShell+1","Saiyan:MeteorDash"],"picked":"SKIP","floor":39},{"not_picked":["Saiyan:KiExplosion+1","Saiyan:FingerParry+1","Saiyan:Pacing+1"],"picked":"SKIP","floor":42},{"not_picked":["Saiyan:Scouter+1","Saiyan:DoubleMasenko","Saiyan:Reset+1"],"picked":"SKIP","floor":42},{"not_picked":["Saiyan:Flurry+1","Saiyan:Honing+1"],"picked":"Saiyan:Kienzan+1","floor":44},{"not_picked":["Saiyan:ReverberatingForce+1","Saiyan:SoulSpice+1"],"picked":"Saiyan:Makankosappo","floor":44},{"not_picked":["Saiyan:Teleport+1","Saiyan:Medicine+1"],"picked":"Saiyan:Makankosappo+1","floor":45},{"not_picked":["Saiyan:Quickening+1","Saiyan:Scouter+1"],"picked":"Saiyan:AugmentedBlast+1","floor":45},{"not_picked":["Saiyan:SaiyanHubris+1","Saiyan:Teleport+1"],"picked":"Saiyan:MindBoom+1","floor":46},{"not_picked":["Saiyan:RemoveWeights+1","Saiyan:SaiyanHubris+1"],"picked":"Saiyan:Teleport+1","floor":46},{"not_picked":["Saiyan:Medicine+1","Saiyan:Endure+1"],"picked":"Saiyan:Furor","floor":48},{"not_picked":["Saiyan:KameHameHa","Saiyan:RemoveWeights+1","Saiyan:KiExplosion+1"],"picked":"SKIP","floor":48},{"not_picked":["Saiyan:Medicine+1","Saiyan:Overexert+1"],"picked":"Saiyan:Taunt+1","floor":51},{"not_picked":["Saiyan:SaiyanHubris+1","Saiyan:Honing+1","Saiyan:Flurry+1"],"picked":"SKIP","floor":51},{"not_picked":["Saiyan:SaiyanHubris+1","Saiyan:LastResort+1"],"picked":"Saiyan:UltraInstinct+1","floor":52},{"not_picked":["Saiyan:DragonFist","Saiyan:PowerUp+1"],"picked":"Saiyan:CCCapsule+1","floor":52},{"not_picked":["Saiyan:BackAttack","Saiyan:Medicine+1"],"picked":"Saiyan:Furor+1","floor":53},{"not_picked":["Saiyan:Flurry","Saiyan:Scouter+1"],"picked":"Saiyan:SoulSpice+1","floor":56},{"not_picked":["Saiyan:TransfigurationBeam","Saiyan:Teleport+1","Saiyan:WarmUp"],"picked":"SKIP","floor":56}],"player_experience":242929,"relics_obtained":[{"floor":7.0,"key":"DemoMod:ClearGuonStone"},{"floor":11.0,"key":"aspiration:HiddenCompartment"},{"floor":14.0,"key":"Bronze Scales"},{"floor":18,"key":"Pet Ghost"},{"floor":22,"key":"AT_MibuBalloonWealth"},{"floor":23,"key":"Dota2Spire:UrnOfShadows"},{"floor":23,"key":"DemoMod:MeltedRock"},{"floor":26,"key":"DemoMod:Orange"},{"floor":27,"key":"Bag of Preparation"},{"floor":27,"key":"Prayer Wheel"},{"floor":28,"key":"Hololive_LightStick"},{"floor":29,"key":"Whetstone"},{"floor":33,"key":"Dota2Spire:Vanguard"},{"floor":36,"key":"Regal Pillow"},{"floor":38,"key":"Dota2Spire:BladeMail"},{"floor":39,"key":"DemoMod:MonsterBlood"},{"floor":43,"key":"Ornamental Fan"},{"floor":45,"key":"DemoMod:PoisonVial"},{"floor":46,"key":"Smiling Mask"},{"floor":52,"key":"paleoftheancients:SoulOfTheShapes"},{"floor":53,"key":"Bromod:ArcaneTrickery"},{"floor":56,"key":"paleoftheancients:SoulOfTheBandit"}],"event_choices":[],"is_beta":false,"boss_relics":[{"not_picked":["conspire:SlowCooker","construct:ClawGrip"],"picked":"Fusion Hammer"},{"not_picked":["aspiration:RitualDagger","Bromod:ArcaneBarrier"],"picked":"SlaversCollar"}],"items_purged_floors":[37,37,47,54],"is_endless":false,"potions_floor_spawned":[2,12,22,23,25,27,29,38,39,44,45,46,51,56],"ascension_level":0}}