{"host":"prxrhpgaxnj4om9r","time":1613913972,"event":{"mods":["AchievementEnabler","BaseMod","Colored Map","DeckTracker","Minty Spire (QoL Compilation)"],"gold_per_floor":[112,112,112,126,47,47,9,25,25,55,70,70,70],"floor_reached":12,"language":"KOR","playtime":368,"items_purged":[],"score":98,"play_id":"0b37f52f-2618-4df7-b72d-e7cc8782aed2","local_time":"20210221222612","is_ascension_mode":true,"campfire_choices":[{"data":"Sweeping Beam","floor":6,"key":"SMITH"}],"circlet_count":0,"master_deck":["Strike_B","Strike_B","Strike_B","Strike_B","Defend_B","Defend_B","Defend_B","Defend_B","Zap+1","Dualcast","Enlightenment","Beam Cell","Sweeping Beam+1","Sunder","Self Repair","Glacier","Steam","Aggregate","Auto Shields"],"relics":["Cracked Core","Ornamental Fan","Prayer Wheel","Orichalcum"],"acts_visited":["Exordium"],"potions_floor_usage":[12],"damage_taken":[{"damage":0,"enemies":"Small Slimes","floor":1,"turns":3},{"damage":8,"enemies":"Jaw Worm","floor":4,"turns":3},{"damage":6,"enemies":"2 Louse","floor":8,"turns":2},{"damage":33,"enemies":"Lagavulin","floor":10,"turns":6},{"damage":4,"enemies":"Exordium Thugs","floor":11,"turns":4},{"damage":69,"enemies":"Gremlin Nob","floor":12,"turns":5}],"seed_played":"-1966646901024327378","potions_obtained":[{"floor":8,"key":"GamblersBrew"}],"is_trial":false,"path_per_floor":["M","?","?","M","$","R","$","M","T","E","M","E"],"character_chosen":"DEFECT","items_purchased":["Sunder","Self Repair"],"campfire_rested":0,"item_purchase_floors":[5,7],"current_hp_per_floor":[75,68,68,60,60,60,60,61,61,35,38,0,0],"gold":70,"neow_bonus":"RANDOM_COLORLESS","is_daily":false,"chose_seed":false,"campfire_upgraded":1,"win_rate":0.0,"timestamp":1613913972,"path_taken":["M","?","?","M","?","R","$","M","T","E","M","E"],"items_purchased_type":["Card","Card"],"build_version":"2020-12-22","purchased_purges":0,"victory":false,"max_hp_per_floor":[75,75,75,75,75,75,75,75,75,75,75,75,75],"card_choices":[{"not_picked":["Impatience","Purity"],"picked":"Enlightenment","floor":0},{"not_picked":["Go for the Eyes","Auto Shields"],"picked":"Beam Cell","floor":1},{"not_picked":["Chaos","Lockon"],"picked":"Sweeping Beam","floor":4},{"not_picked":["Meteor Strike","Leap"],"picked":"Glacier","floor":8},{"not_picked":["Glacier","Beam Cell"],"picked":"Steam","floor":10},{"not_picked":["Conserve Battery","Redo"],"picked":"Aggregate","floor":11},{"not_picked":["FTL","Undo"],"picked":"Auto Shields","floor":11}],"player_experience":577332,"relics_obtained":[{"floor":9,"key":"Prayer Wheel"},{"floor":10,"key":"Orichalcum"}],"event_choices":[{"damage_healed":0,"gold_gain":0,"player_choice":"Success","damage_taken":7,"relics_obtained":["Ornamental Fan"],"max_hp_gain":0,"max_hp_loss":0,"event_name":"Scrap Ooze","floor":2,"gold_loss":0},{"damage_healed":0,"gold_gain":0,"player_choice":"Grow","damage_taken":0,"max_hp_gain":0,"max_hp_loss":0,"event_name":"Living Wall","floor":3,"gold_loss":0,"cards_upgraded":["Zap"]}],"is_beta":false,"boss_relics":[],"items_purged_floors":[],"is_endless":false,"potions_floor_spawned":[8],"killed_by":"Gremlin Nob","ascension_level":5}}