{"host":"mithrandi","time":1613901739,"event":{"mods":["BaseMod","Colored Map","Highlight Path","Minty Spire (QoL Compilation)","SuperFastMode"],"gold_per_floor":[119,136,136,152,162,189,30,30,30],"floor_reached":8,"language":"ENG","playtime":366,"items_purged":["Strike_R"],"score":116,"play_id":"7c01dd1e-2969-46c9-b118-f2fc4f319a64","local_time":"20210221120219","is_ascension_mode":true,"campfire_choices":[],"circlet_count":0,"master_deck":["AscendersBane","Strike_R","Strike_R","Strike_R","Strike_R","Defend_R","Defend_R","Defend_R","Defend_R","Bash","Armaments","Rampage","Burning Pact","True Grit","Immolate","Ghostly Armor"],"relics":["Burning Blood","NeowsBlessing","Akabeko"],"acts_visited":["Exordium"],"potions_floor_usage":[5],"damage_taken":[{"damage":0,"enemies":"Cultist","floor":1,"turns":1},{"damage":0,"enemies":"2 Louse","floor":2,"turns":1},{"damage":0,"enemies":"Jaw Worm","floor":4,"turns":1},{"damage":8,"enemies":"Gremlin Gang","floor":5,"turns":6},{"damage":71,"enemies":"Gremlin Nob","floor":6,"turns":6},{"damage":15,"enemies":"Lagavulin","floor":8,"turns":3}],"seed_played":"-3277772929033156687","potions_obtained":[{"floor":4,"key":"Fire Potion"}],"is_trial":false,"path_per_floor":["M","M","?","M","M","E","$","E"],"character_chosen":"IRONCLAD","items_purchased":["Ghostly Armor"],"campfire_rested":0,"item_purchase_floors":[7],"current_hp_per_floor":[74,75,80,80,78,13,13,0,0],"gold":30,"neow_bonus":"THREE_ENEMY_KILL","is_daily":false,"chose_seed":false,"campfire_upgraded":0,"win_rate":0.0,"timestamp":1613901739,"path_taken":["M","?","?","M","M","E","$","E"],"items_purchased_type":["Card"],"build_version":"2020-12-18","purchased_purges":1,"victory":false,"max_hp_per_floor":[75,75,80,80,80,80,80,80,80],"card_choices":[{"not_picked":["Flex","Dark Embrace"],"picked":"Armaments","floor":1},{"not_picked":["Inflame","Pommel Strike"],"picked":"Rampage","floor":2},{"not_picked":["Dark Embrace","Dropkick"],"picked":"Burning Pact","floor":4},{"not_picked":["Pommel Strike","Hemokinesis"],"picked":"True Grit","floor":5},{"not_picked":["Carnage","Intimidate"],"picked":"Immolate","floor":6}],"player_experience":3039338,"relics_obtained":[{"floor":6,"key":"Akabeko"}],"event_choices":[{"damage_healed":0,"gold_gain":0,"player_choice":"Donut","damage_taken":0,"max_hp_gain":5,"max_hp_loss":0,"event_name":"Big Fish","floor":3,"gold_loss":0}],"is_beta":true,"boss_relics":[],"items_purged_floors":[7],"is_endless":false,"potions_floor_spawned":[4],"killed_by":"Lagavulin","ascension_level":20}}