{"host":"d6oxvn0vsgxeumax","time":1613942963,"event":{"mods":["BaseMod","Better Altar","Better Match","Better Note","Better Sensory Stone","Better Skull","Better Third Choice","BetterRewards","Bossed Relics","Colored Map","Colored Powertips","Defuse TimeMaze Blight","Downfall","Hubris","Infinite Spire","Minty Spire (QoL Compilation)","Relic Sorter","Replay The Spire","Shop Mod","Spicy Shops","Spire Arcade","StSLib","The Bug Knight","Uncapped"],"gold_per_floor":[99,99,99,24,81,110,158,8,0,11,27,27,55,155,169,272,272,222,238,253,263,363,388,411,428,378,388,338,61,11,31,45,145,145,95,108,121,362,362,375,375,325,342,292,292,322,341,189,207,207],"floor_reached":51,"language":"ENG","playtime":2944,"items_purged":["Slimebound:Strike_Slimebound","Slimebound:Strike_Slimebound"],"score":740,"play_id":"dce08c88-58fc-46c6-8709-bd16a311dbdc","local_time":"20210221152923","is_ascension_mode":true,"campfire_choices":[{"data":"Slimebound:CorrosiveSpit","floor":1,"key":"SMITH"},{"data":"Slimebound:GrowthPunch","floor":8,"key":"SMITH"},{"data":"Slimebound:RainOfGoop","floor":12,"key":"SMITH"},{"data":"Slimebound:Teamwork","floor":18,"key":"SMITH"},{"data":"Slimebound:Darklings","floor":26,"key":"SMITH"},{"data":"Slimebound:SlimeBrawl","floor":28,"key":"SMITH"},{"data":"Slimebound:LeadByExample","floor":30,"key":"SMITH"},{"data":"Slimebound:MassRepurpose","floor":35,"key":"SMITH"},{"data":"Slimebound:Overexert","floor":42,"key":"SMITH"},{"data":"Slimebound:LeadByExample","floor":44,"key":"SMITH"}],"circlet_count":0,"master_deck":["Slimebound:Strike_Slimebound","Slimebound:Tackle+1","Slimebound:Defend_Slimebound","Slimebound:Defend_Slimebound","Slimebound:Defend_Slimebound","Slimebound:Defend_Slimebound","Slimebound:Split","Slimebound:CorrosiveSpit+1","Slimebound:SamplingLick","Slimebound:GrowthPunch+1","Slimebound:SplitBruiser","Slimebound:GoopSpray","Slimebound:RainOfGoop+1","Slimebound:SlimeBrawl+1","Slimebound:RejuvenatingLick","Slimebound:Teamwork+1","Slimebound:PressTheAttack+1","Slimebound:LivingWall+1","Slimebound:Darklings+1","Slimebound:SplitSpecialist","Slimebound:LeadByExample+1","Slimebound:MegaLick","Slimebound:MassRepurpose+1","Slimebound:LevelUp+1","Slimebound:DivideAndConquer+1","Slimebound:Overexert+1","Slimebound:LeadByExample+1","Slimebound:SplitSpecialist+1","Slimebound:LevelUp","Slimebound:RallyTheTroops"],"relics":["Slimebound:AbsorbEndCombat","hubris:Icosahedron","downfall:HeartsMalice","Slimebound:GreedOozeRelic","HornCleat","infinitespire:CheckeredPen","downfall:HeartBlessingBlue","Bird Faced Urn","Chemical X","downfall:GremlinWheel","Replay:Bottled Flurry","bronze:BronzeIdol","Membership Card","MerchantsRug","PreservedInsect","infinitespire:Cupcake","BargainBundle","Slimebound:SelfDamagePreventRelic","Slimebound:PreparedRelic","White Beast Statue","Question Card","Centennial Puzzle","ReplayFunnel","Bottled Lightning"],"acts_visited":["Exordium","TheCity","TheBeyond"],"potions_floor_usage":[25,29,33],"damage_taken":[{"damage":0,"enemies":"Cultist","floor":2,"turns":1},{"damage":0,"enemies":"Small Slimes","floor":3,"turns":1},{"damage":0,"enemies":"Gremlin Nob","floor":5,"turns":1},{"damage":10,"enemies":"Gremlin Nob","floor":6,"turns":4},{"damage":0,"enemies":"downfall:FleeingMerchant","floor":9,"turns":4},{"damage":1,"enemies":"Jaw Worm","floor":10,"turns":2},{"damage":0,"enemies":"Blue Slaver","floor":11,"turns":2},{"damage":3,"enemies":"Lagavulin","floor":13,"turns":5},{"damage":0,"enemies":"Red Slaver","floor":15,"turns":2},{"damage":16,"enemies":"SI_SHIV_ARCHETYPE","floor":16,"turns":5},{"damage":9,"enemies":"Shell Parasite","floor":19,"turns":4},{"damage":4,"enemies":"downfall:LooterAlt2","floor":20,"turns":3},{"damage":15,"enemies":"Centurion and Healer","floor":21,"turns":6},{"damage":0,"enemies":"Centurion and Healer","floor":22,"turns":2},{"damage":2,"enemies":"Book of Stabbing","floor":23,"turns":4},{"damage":7,"enemies":"Shelled Parasite and Fungi","floor":25,"turns":4},{"damage":6,"enemies":"Snake Plant","floor":27,"turns":2},{"damage":0,"enemies":"downfall:FleeingMerchant","floor":29,"turns":4},{"damage":3,"enemies":"Snecko","floor":31,"turns":3},{"damage":3,"enemies":"Centurion and Healer","floor":32,"turns":5},{"damage":87,"enemies":"DF_ARCHETYPE_CLAW","floor":33,"turns":8},{"damage":11,"enemies":"Orb Walker","floor":36,"turns":2},{"damage":0,"enemies":"3 Darklings","floor":37,"turns":4},{"damage":0,"enemies":"downfall:FleeingMerchant","floor":38,"turns":3},{"damage":5,"enemies":"4 Shapes","floor":40,"turns":3},{"damage":0,"enemies":"Spire Growth","floor":43,"turns":2},{"damage":11,"enemies":"Nemesis","floor":46,"turns":5},{"damage":13,"enemies":"Jaw Worm Horde","floor":47,"turns":3},{"damage":2,"enemies":"3 Darklings","floor":49,"turns":3},{"damage":3,"enemies":"IC_BLOCK_ARCHETYPE","floor":50,"turns":7}],"seed_played":"7695386259145425284","potions_obtained":[{"floor":5,"key":"LifebloodPotion"},{"floor":10,"key":"SpeedPotion"},{"floor":13,"key":"Fire Potion"},{"floor":15,"key":"SteroidPotion"},{"floor":19,"key":"Slimebound:SpawnSlimePotion"},{"floor":22,"key":"Strength Potion"},{"floor":32,"key":"Regen Potion"},{"floor":33,"key":"Flashbang"},{"floor":37,"key":"Doom Potion"}],"is_trial":false,"path_per_floor":["R","M","M","?","?","E","T","R","$","M","M","R","E","?","M","B",null,"R","M","M","M","?","E","T","M","R","M","R","$","R","M","M","B",null,"R","M","M","$","?","M","T","R","M","R","?","E","M","$","M","B",null],"character_chosen":"SLIMEBOUND","items_purchased":["Membership Card","MerchantsRug","Slimebound:SplitSpecialist","Slimebound:LeadByExample","PreservedInsect","Whetstone","BargainBundle","Slimebound:SelfDamagePreventRelic","Slimebound:PreparedRelic","White Beast Statue","Question Card","Ancient Potion","AttackPotion","Adrenaline Potion","Slimebound:SlimedPotion","Centennial Puzzle","Slimebound:LeadByExample","Bottled Lightning","Slimebound:LevelUp"],"campfire_rested":0,"item_purchase_floors":[29,29,29,29,29,29,38,38,38,38,38,38,38,38,38,38,38,48,48],"current_hp_per_floor":[65,65,65,65,65,55,55,65,73,75,75,75,74,74,75,63,75,75,68,68,61,65,71,71,72,72,68,68,75,75,74,74,10,75,75,64,70,75,75,74,74,74,75,75,75,64,59,59,61,75],"gold":207,"neow_bonus":"THREE_ENEMY_KILL","is_daily":false,"chose_seed":false,"campfire_upgraded":10,"win_rate":0.0,"timestamp":1613942963,"path_taken":["R","M","M","?","?","E","T","R","$","M","M","R","E","?","M","BOSS","R","M","M","M","?","E","T","?","R","?","R","$","R","M","M","BOSS","R","M","M","$","?","M","T","R","M","R","?","E","?","$","M","BOSS"],"items_purchased_type":["Relic","Relic","Card","Card","Relic","Relic","Relic","Relic","Relic","Relic","Relic","Potion","Potion","Potion","Potion","Relic","Card","Relic","Card"],"build_version":"2020-12-22","purchased_purges":2,"victory":true,"max_hp_per_floor":[65,65,65,65,65,65,65,75,75,75,75,75,75,75,75,75,75,75,75,75,75,75,75,75,75,75,75,75,75,75,75,75,75,75,75,75,75,75,75,75,75,75,75,75,75,75,75,75,75,75],"card_choices":[{"not_picked":["Slimebound:SlimeTap","Slimebound:LeechEnergy"],"picked":"Slimebound:SamplingLick","floor":2},{"not_picked":["Slimebound:RollThrough","Slimebound:ForwardTackle"],"picked":"Slimebound:Nibble","floor":3},{"not_picked":["Slimebound:ItLooksTasty","Slimebound:Grow"],"picked":"Slimebound:GrowthPunch","floor":5},{"not_picked":["Slimebound:BestDefense","Slimebound:SplitLeeching"],"picked":"Slimebound:SplitBruiser","floor":6},{"not_picked":["Slimebound:TongueLash","Slimebound:CheckThePlaybook"],"picked":"Slimebound:GoopSpray","floor":9},{"not_picked":["Slimebound:SplitLeeching","Slimebound:SplitAcid","Slimebound:Prepare"],"picked":"SKIP","floor":10},{"not_picked":["Slimebound:ProtectTheBoss","Slimebound:SplitLeeching"],"picked":"Slimebound:RainOfGoop","floor":11},{"not_picked":["Slimebound:SplitAcid","Slimebound:ServeAndProtect"],"picked":"Slimebound:SlimeBrawl","floor":13},{"not_picked":["Slimebound:Nibble","Slimebound:RollThrough"],"picked":"Slimebound:RejuvenatingLick","floor":15},{"not_picked":["Slimebound:MassFeed","Slimebound:LeechLife"],"picked":"Slimebound:Teamwork","floor":16},{"not_picked":["Slimebound:ComboTackle","Slimebound:Nibble","Slimebound:Replication"],"picked":"SKIP","floor":19},{"not_picked":["Slimebound:RejuvenatingLick","Slimebound:GoopTackle"],"picked":"Slimebound:PressTheAttack","floor":20},{"not_picked":["Slimebound:ItLooksTasty","Slimebound:FormOfPuddle"],"picked":"Slimebound:LivingWall+1","floor":21},{"not_picked":["Slimebound:SplitAcid","Slimebound:LevelUp"],"picked":"Slimebound:Darklings","floor":23},{"not_picked":["Slimebound:GrowthPunch+1","Slimebound:FinishingTackle","Slimebound:LeechEnergy"],"picked":"SKIP","floor":25},{"not_picked":["Slimebound:Prepare","Slimebound:SlimeSpikes","Slimebound:AcidTongue"],"picked":"SKIP","floor":27},{"not_picked":["Slimebound:LeechEnergy","Slimebound:ComboTackle+1","Slimebound:HauntingLick"],"picked":"SKIP","floor":29},{"not_picked":["Slimebound:FlameTackle","Slimebound:FinishingTackle+1"],"picked":"Slimebound:MegaLick","floor":31},{"not_picked":["Slimebound:RollThrough+1","Slimebound:LivingWall","Slimebound:Prepare"],"picked":"SKIP","floor":32},{"not_picked":["Slimebound:OneTwoCombo","Slimebound:MassFeed"],"picked":"Slimebound:MassRepurpose","floor":33},{"not_picked":["Slimebound:SplitSpecialist+1","Slimebound:Prepare+1"],"picked":"Slimebound:LevelUp+1","floor":36},{"not_picked":["Slimebound:RollThrough+1","Slimebound:Gluttony"],"picked":"Slimebound:DivideAndConquer+1","floor":37},{"not_picked":["Slimebound:LeechingTouch+1","Slimebound:FormOfPuddle+1"],"picked":"Slimebound:Overexert","floor":38},{"not_picked":["Slimebound:AcidTongue+1","Slimebound:LeechEnergy","Slimebound:SlimeSpikes"],"picked":"Slimebound:SplitSpecialist+1","floor":40},{"not_picked":["Slimebound:ViciousTackle+1","Slimebound:SplitAcid+1","Slimebound:Gluttony","Slimebound:SplitLeeching+1"],"picked":"SKIP","floor":43},{"not_picked":["Slimebound:LivingWall+1","Slimebound:LeechingTouch+1","Slimebound:ProtectTheBoss+1","Slimebound:SplitMire+1"],"picked":"SKIP","floor":46},{"not_picked":["Slimebound:SplitBruiser","Slimebound:DisruptingSlam+1","Slimebound:Gluttony+1","Slimebound:ComboTackle"],"picked":"SKIP","floor":47},{"not_picked":["Slimebound:HauntingLick","Slimebound:SamplingLick","Slimebound:SplitAcid+1"],"picked":"Slimebound:RallyTheTroops","floor":49}],"player_experience":1144885,"relics_obtained":[{"floor":6,"key":"infinitespire:CheckeredPen"},{"floor":13,"key":"Bird Faced Urn"},{"floor":22,"key":"downfall:GremlinWheel"},{"floor":23,"key":"Replay:Bottled Flurry"},{"floor":24,"key":"bronze:BronzeIdol"},{"floor":28,"key":"infinitespire:Beetle Shell"},{"floor":46,"key":"ReplayFunnel"}],"event_choices":[{"damage_healed":0,"gold_gain":0,"player_choice":"Relic","damage_taken":0,"max_hp_gain":0,"max_hp_loss":0,"event_name":"Wheel of Change","floor":28,"gold_loss":0},{"cards_removed":["Slimebound:Nibble"],"damage_healed":0,"gold_gain":0,"player_choice":"Offered Uncommon","damage_taken":0,"max_hp_gain":0,"max_hp_loss":0,"event_name":"Bonfire Elementals","floor":45,"gold_loss":0}],"is_beta":false,"boss_relics":[{"not_picked":["Slimebound:TarBlob","hubris:ScarierMask"],"picked":"hubris:Backtick"},{"not_picked":["Painkiller Herb","Empty Cage"],"picked":"infinitespire:Cupcake"}],"items_purged_floors":[38,48],"is_endless":false,"potions_floor_spawned":[5,10,13,15,19,21,22,32,33,37,40,43,46,47,49],"ascension_level":1}}