{"host":"7jbuhzz8yy5cuou7","time":1613951505,"event":{"mods":["AchievementEnabler","Act Like it!","BaseMod","Better Third Choice","Bossed Relics","Colored Map","Colored Powertips","Dark Map","DeckTracker","Minty Spire (QoL Compilation)","Permanent Neow","Quick Restart","Ruina","StSLib","The Necromancer","Weighted Paths"],"gold_per_floor":[112,112,124,124,199,199,224,224,224,234,248,248,267,282,282,383,383,398,20,37,52,70,70,90,90,138,138,171,171,171],"floor_reached":29,"language":"ENG","playtime":2021,"items_purged":[],"score":247,"play_id":"e2aeaefc-0a93-4683-adb8-9247a0e9d8fa","local_time":"20210221165145","is_ascension_mode":false,"campfire_choices":[{"floor":6,"key":"RECALL"},{"data":"Blood_Magic","floor":8,"key":"SMITH"},{"floor":12,"key":"REST"},{"data":"Shade_Step","floor":15,"key":"SMITH"},{"floor":23,"key":"REST"},{"floor":25,"key":"REST"},{"floor":27,"key":"REST"}],"circlet_count":0,"master_deck":["Strike_W","Strike_W","Defend_W","Defend_W","Defend_W","Defend_W","Negative_Energy_Arrows","Bone_Wall","Bone_Armor","Shade_Step+1","Blood_Magic+1","Bone_Shift","Negative_Energy_Javelin","Stop_Heart","Shackles_Of_Pain","Skeleton_Dragon","Bone_Armory","Blood_for_Blood+1"],"relics":["Vampire_Amulet","TungstenRod","Ancient Tea Set","Meat on the Bone","Busted Crown","Lizard Tail","Omamori","Thread and Needle"],"acts_visited":["Exordium","Exordium"],"potions_floor_usage":[16,16,16,20,22,29],"damage_taken":[{"damage":9,"enemies":"Cultist","floor":1,"turns":7},{"damage":0,"enemies":"Jaw Worm","floor":3,"turns":5},{"damage":34,"enemies":"3 Sentries","floor":7,"turns":18},{"damage":7,"enemies":"Small Slimes","floor":10,"turns":4},{"damage":25,"enemies":"Exordium Thugs","floor":11,"turns":10},{"damage":3,"enemies":"2 Fungi Beasts","floor":13,"turns":4},{"damage":2,"enemies":"Looter","floor":14,"turns":4},{"damage":11,"enemies":"The Guardian","floor":16,"turns":11},{"damage":14,"enemies":"ruina:BadWolf","floor":18,"turns":5},{"damage":21,"enemies":"ruina:Nosferatu","floor":20,"turns":5},{"damage":64,"enemies":"ruina:KingOfGreed","floor":21,"turns":4},{"damage":21,"enemies":"ruina:QueenOfHate","floor":22,"turns":4},{"damage":48,"enemies":"ruina:KnightOfDespair","floor":24,"turns":7},{"damage":52,"enemies":"ruina:Mountain","floor":28,"turns":13},{"damage":45,"enemies":"ruina:KingOfGreed","floor":29,"turns":6}],"seed_played":"5363277423723659145","potions_obtained":[{"floor":11,"key":"EssenceOfSteel"},{"floor":13,"key":"CultistPotion"},{"floor":14,"key":"Block Potion"},{"floor":16,"key":"GamblersBrew"},{"floor":21,"key":"EssenceOfSteel"},{"floor":28,"key":"LiquidMemories"}],"is_trial":false,"path_per_floor":["M","T","M","?","?","R","E","R","T","M","M","R","M","M","R","B",null,"M","$","M","M","M","R","M","R","T","R","E","M"],"character_chosen":"NECROMANCER","items_purchased":["Lizard Tail","Bone_Armory"],"campfire_rested":4,"item_purchase_floors":[19,19],"current_hp_per_floor":[61,61,63,61,56,56,28,28,28,37,28,48,49,49,49,40,68,56,56,37,36,29,49,21,41,41,61,35,0,0],"gold":171,"neow_bonus":"REMOVE_TWO","is_daily":false,"chose_seed":false,"campfire_upgraded":2,"win_rate":0.0,"timestamp":1613951505,"path_taken":["M","?","M","?","?","R","E","R","T","M","M","R","M","?","R","BOSS","M","$","M","M","M","R","M","R","T","R","E","M"],"items_purchased_type":["Relic","Card"],"build_version":"2020-12-22","purchased_purges":0,"victory":false,"max_hp_per_floor":[68,68,68,68,68,68,68,68,68,68,68,68,68,68,68,68,68,68,68,68,68,68,68,68,68,68,68,68,68,68],"card_choices":[{"not_picked":["Bone_Shift","Negative_Energy_Sphere"],"picked":"Bone_Armor","floor":1},{"not_picked":["Negative_Energy_Shield","Death_Knell"],"picked":"Shade_Step","floor":3},{"not_picked":["Plague_Bolt","Bone_Armory"],"picked":"Blood_Magic","floor":7},{"not_picked":["Chill_Blood","Vampiric_Strike"],"picked":"Bone_Shift","floor":10},{"not_picked":["Blood_Shield","Acid_Javelin"],"picked":"Negative_Energy_Javelin","floor":11},{"not_picked":["Bones_to_Steel","Death_March_Dance"],"picked":"Stop_Heart","floor":13},{"not_picked":["Uncharnel","Death_Coil"],"picked":"Shackles_Of_Pain","floor":14},{"not_picked":["Grasp_Heart","Blood_Wake"],"picked":"Skeleton_Dragon","floor":16},{"not_picked":["Bones_to_Steel+1"],"picked":"SKIP","floor":18},{"not_picked":["Strike_from_Beyond"],"picked":"SKIP","floor":20},{"not_picked":["Toxic_Smoke_Screen"],"picked":"SKIP","floor":21},{"not_picked":["Finger_Of_Death"],"picked":"SKIP","floor":22},{"not_picked":[],"picked":"Blood_for_Blood+1","floor":24},{"not_picked":["Blood_Curse"],"picked":"SKIP","floor":28}],"player_experience":424505,"relics_obtained":[{"floor":2,"key":"TungstenRod"},{"floor":7,"key":"Meat on the Bone"},{"floor":26,"key":"Omamori"},{"floor":28,"key":"Thread and Needle"}],"event_choices":[{"damage_healed":0,"gold_gain":0,"player_choice":"Relic ","damage_taken":3,"max_hp_gain":0,"max_hp_loss":0,"event_name":"betterThird:BetterScrap","floor":4,"gold_loss":0,"cards_obtained":["Blood for Blood"]},{"damage_healed":0,"gold_gain":75,"player_choice":"Touch","damage_taken":6,"max_hp_gain":0,"max_hp_loss":0,"event_name":"FaceTrader","floor":5,"gold_loss":0}],"is_beta":false,"boss_relics":[{"not_picked":["Tiny House","Runic Dome"],"picked":"Busted Crown"}],"items_purged_floors":[],"is_endless":false,"potions_floor_spawned":[11,13,14,16,21,28],"killed_by":"ruina:KingOfGreed","ascension_level":0}}