{"host":"sum4dy402bbv9y4o","time":1613927094,"event":{"mods":["Aspiration","BaseMod","Conspire","Highlight Path","Minty Spire (QoL Compilation)","StSLib"],"gold_per_floor":[15,30,50,50,50,75,0,0,49,76,96,115,115,144,144,220,220,232,157,175,195,95,95,112,146,173,183,183,218,218,250,250,321,321,333,333,345,55,71,104,104,104,131,39,55,55,79,92,92,92,92],"floor_reached":50,"language":"ENG","playtime":2022,"items_purged":["Strike_P","Strike_P","Defend_P","Strike_P+1"],"score":1375,"play_id":"c7f97ad9-132c-4683-9758-285e56e884b1","local_time":"20210221200454","is_ascension_mode":true,"campfire_choices":[{"data":"Eruption","floor":8,"key":"SMITH"},{"data":"FlyingSleeves","floor":13,"key":"SMITH"},{"data":"Vigilance","floor":15,"key":"SMITH"},{"floor":23,"key":"REST"},{"floor":30,"key":"REST"},{"floor":32,"key":"REST"},{"floor":42,"key":"REST"},{"data":"Perseverance","floor":46,"key":"SMITH"},{"floor":49,"key":"REST"}],"circlet_count":0,"master_deck":["AscendersBane","Eruption+1","Vigilance+1","JustLucky","FlurryOfBlows+1","EmptyBody","CarveReality+1","FlurryOfBlows","FlyingSleeves+1","Protect","BowlingBash","FlurryOfBlows","ReachHeaven","LessonLearned","FollowUp+1","Consecrate","WheelKick+1","Protect+1","Vengeance","Swivel+1","Worship+1","ThirdEye+1","EmptyFist","FlurryOfBlows","Perseverance+1","FearNoEvil","Bandage Up+1","Dark Shackles+1","Metamorphosis+1","DeceiveReality+1","ClearTheMind+1"],"relics":["PureWater","FossilizedHelix","Pocketwatch","CaptainsWheel","Orichalcum","HornCleat","GoldenEye","conspire:SpecialSausage","Turnip","Smiling Mask","Akabeko","Centennial Puzzle","Astrolabe","Lee\u0027s Waffle","Toxic Egg 2","MealTicket","Omamori"],"acts_visited":["Exordium","TheCity","TheBeyond"],"potions_floor_usage":[14,25,29,33,40,45,45,50,50],"damage_taken":[{"damage":0,"enemies":"Cultist","floor":1,"turns":3},{"damage":0,"enemies":"Small Slimes","floor":2,"turns":2},{"damage":0,"enemies":"Jaw Worm","floor":3,"turns":3},{"damage":0,"enemies":"3 Sentries","floor":6,"turns":6},{"damage":0,"enemies":"Lagavulin","floor":10,"turns":3},{"damage":0,"enemies":"Exordium Wildlife","floor":11,"turns":2},{"damage":0,"enemies":"Blue Slaver","floor":12,"turns":2},{"damage":0,"enemies":"3 Sentries","floor":14,"turns":4},{"damage":0,"enemies":"The Guardian","floor":16,"turns":9},{"damage":0,"enemies":"2 Thieves","floor":18,"turns":2},{"damage":0,"enemies":"Chosen","floor":20,"turns":2},{"damage":32,"enemies":"Snake Plant","floor":21,"turns":3},{"damage":0,"enemies":"Sentry and Sphere","floor":24,"turns":3},{"damage":16,"enemies":"Slavers","floor":25,"turns":3},{"damage":0,"enemies":"Chosen and Byrds","floor":27,"turns":2},{"damage":11,"enemies":"Gremlin Leader","floor":29,"turns":5},{"damage":26,"enemies":"Book of Stabbing","floor":31,"turns":5},{"damage":35,"enemies":"conspire:MysteriousRune","floor":33,"turns":7},{"damage":0,"enemies":"3 Shapes","floor":35,"turns":3},{"damage":0,"enemies":"Orb Walker","floor":37,"turns":3},{"damage":8,"enemies":"Sphere and 2 Shapes","floor":39,"turns":8},{"damage":27,"enemies":"Nemesis","floor":40,"turns":5},{"damage":0,"enemies":"Transient","floor":45,"turns":6},{"damage":12,"enemies":"Writhing Mass","floor":48,"turns":5},{"damage":75,"enemies":"Time Eater","floor":50,"turns":8}],"seed_played":"-9121278714995122540","potions_obtained":[{"floor":10,"key":"Dexterity Potion"},{"floor":11,"key":"Swift Potion"},{"floor":12,"key":"Explosive Potion"},{"floor":16,"key":"Dexterity Potion"},{"floor":25,"key":"PowerPotion"},{"floor":33,"key":"StancePotion"},{"floor":35,"key":"FearPotion"},{"floor":40,"key":"Energy Potion"},{"floor":45,"key":"ColorlessPotion"},{"floor":48,"key":"SpeedPotion"}],"is_trial":false,"path_per_floor":["M","M","M","T","?","E","$","R","T","E","M","M","R","E","R","B",null,"M","$","M","M","$","R","M","E","T","M","?","E","R","E","R","B",null,"M","?","M","$","M","E","?","R","T","$","M","R","T","M","R","B"],"character_chosen":"WATCHER","items_purchased":["FlurryOfBlows","FlyingSleeves","Lee\u0027s Waffle","Perseverance","DeceiveReality+1"],"campfire_rested":5,"item_purchase_floors":[7,7,38,38,44],"current_hp_per_floor":[61,61,61,61,61,61,61,61,61,61,61,61,61,61,61,61,66,66,66,66,34,34,54,54,38,38,38,38,27,47,21,41,6,53,53,53,53,75,67,40,30,52,52,67,73,73,73,63,75,0,0],"gold":92,"neow_bonus":"ONE_RARE_RELIC","is_daily":false,"chose_seed":false,"campfire_upgraded":4,"win_rate":0.0,"timestamp":1613927094,"path_taken":["M","?","M","?","?","E","$","R","T","E","?","M","R","E","R","BOSS","M","$","M","M","$","R","M","E","T","M","?","E","R","E","R","BOSS","M","?","M","$","M","E","?","R","T","$","M","R","?","?","R","BOSS"],"items_purchased_type":["Card","Card","Relic","Card","Card"],"build_version":"2020-12-22","purchased_purges":4,"victory":false,"max_hp_per_floor":[68,68,68,68,68,68,68,68,68,68,68,68,68,68,68,68,68,68,68,68,68,68,68,68,68,68,68,68,68,68,68,68,68,68,68,68,68,75,75,75,75,75,75,75,75,75,75,75,75,75,75],"card_choices":[{"not_picked":["Protect","PathToVictory"],"picked":"JustLucky","floor":1},{"not_picked":["Consecrate","Weave"],"picked":"FlurryOfBlows","floor":2},{"not_picked":["ThirdEye","DeceiveReality"],"picked":"EmptyBody","floor":3},{"not_picked":["Worship","WaveOfTheHand"],"picked":"CarveReality","floor":6},{"not_picked":["CrushJoints","Ragnarok"],"picked":"Protect","floor":10},{"not_picked":["Evaluate","Wireheading"],"picked":"BowlingBash","floor":11},{"not_picked":["PathToVictory","Crescendo"],"picked":"FlurryOfBlows","floor":12},{"not_picked":["ClearTheMind","Sanctity"],"picked":"ReachHeaven","floor":14},{"not_picked":["Ragnarok","Judgement"],"picked":"LessonLearned","floor":16},{"not_picked":["ThirdEye","WheelKick","Sanctity"],"picked":"SKIP","floor":18},{"not_picked":["Prostrate","Pray"],"picked":"FollowUp","floor":20},{"not_picked":["WreathOfFlame","Worship"],"picked":"Consecrate","floor":21},{"not_picked":["Fasting2","EmptyMind"],"picked":"WheelKick+1","floor":24},{"not_picked":["Conclude","EmptyFist"],"picked":"Protect+1","floor":25},{"not_picked":["WindmillStrike","Wireheading","Pray"],"picked":"SKIP","floor":27},{"not_picked":["Worship","Fasting2+1","EmptyMind"],"picked":"SKIP","floor":29},{"not_picked":["SpiritShield","FlurryOfBlows"],"picked":"Vengeance","floor":31},{"not_picked":["Prostrate","PathToVictory"],"picked":"EmptyFist","floor":35},{"not_picked":["EmptyBody","Meditate"],"picked":"FlurryOfBlows","floor":37},{"not_picked":["BattleHymn+1","CrushJoints+1"],"picked":"FearNoEvil","floor":39},{"not_picked":["ReachHeaven","SashWhip","Pray+1"],"picked":"SKIP","floor":40},{"not_picked":["Dramatic Entrance","conspire:Banana+1"],"picked":"Bandage Up+1","floor":41},{"not_picked":["Deep Breath+1","PanicButton+1"],"picked":"Dark Shackles+1","floor":41},{"not_picked":["Purity+1","Impatience+1"],"picked":"Metamorphosis+1","floor":41},{"not_picked":["FlurryOfBlows","SashWhip+1","Halt+1"],"picked":"SKIP","floor":45},{"not_picked":["Consecrate","Indignation+1"],"picked":"ClearTheMind+1","floor":48}],"player_experience":3120912,"relics_obtained":[{"floor":4,"key":"Pocketwatch"},{"floor":6,"key":"CaptainsWheel"},{"floor":9,"key":"Orichalcum"},{"floor":10,"key":"HornCleat"},{"floor":14,"key":"GoldenEye"},{"floor":25,"key":"Turnip"},{"floor":26,"key":"Smiling Mask"},{"floor":29,"key":"Akabeko"},{"floor":31,"key":"Centennial Puzzle"},{"floor":40,"key":"Toxic Egg 2"},{"floor":43,"key":"MealTicket"},{"floor":47,"key":"Omamori"}],"event_choices":[{"cards_removed":["Defend_P"],"damage_healed":0,"gold_gain":0,"player_choice":"Card Removal","damage_taken":0,"max_hp_gain":0,"max_hp_loss":0,"event_name":"Wheel of Change","floor":5,"gold_loss":0},{"damage_healed":0,"gold_gain":0,"player_choice":"Ignored","damage_taken":0,"max_hp_gain":0,"max_hp_loss":0,"event_name":"Tomb of Lord Red Mask","floor":36,"gold_loss":0},{"damage_healed":0,"gold_gain":0,"player_choice":"Memory 3","damage_taken":10,"max_hp_gain":0,"max_hp_loss":0,"event_name":"SensoryStone","floor":41,"gold_loss":0}],"is_beta":false,"boss_relics":[{"not_picked":["aspiration:RitualDagger","Ectoplasm"],"picked":"conspire:SpecialSausage"},{"not_picked":["Cursed Key","conspire:RunicOctahedron"],"picked":"Astrolabe"}],"items_purged_floors":[19,22,38,44],"is_endless":false,"potions_floor_spawned":[10,11,12,16,18,20,24,25,33,35,40,45,48],"killed_by":"Time Eater","ascension_level":20}}