{"host":"5sw3zovcv0q4yiho","time":1613868924,"event":{"mods":["BaseMod","Minty Spire (QoL Compilation)","Replay The Spire","StSLib"],"gold_per_floor":[117,42,53,53,70,70,100,200,200,200,231,231,246,265,265,362,362,373,373,384,394,394,394,422,435,435,435,435],"floor_reached":27,"language":"ENG","playtime":5644,"items_purged":["Defend_G"],"score":243,"play_id":"77afe84f-d22e-4ba5-ad39-1095dc751e7d","local_time":"20210220185524","is_ascension_mode":false,"campfire_choices":[{"data":"A Thousand Cuts","floor":6,"key":"SMITH"},{"data":"Prepared","floor":10,"key":"SMITH"},{"floor":12,"key":"REST"},{"data":"Bouncing Flask","floor":15,"key":"SMITH"},{"floor":23,"key":"REST"}],"circlet_count":0,"master_deck":["Strike_G","Strike_G","Strike_G","Strike_G","Strike_G","Defend_G","Defend_G","Defend_G","Defend_G","Survivor","Neutralize","A Thousand Cuts+1","Flying Knee","Deadly Poison","Prepared+1","Toxin Wave","Bouncing Flask+1","Night Terror","Deflect+1","Poisoned Stab+1"],"relics":["Ring of the Snake","Ornamental Fan","Potion Belt","Replay:Ancient Bell","Centennial Puzzle","ReplayTheSpireMod:Shallot","Du-Vu Doll","Pet Ghost","Thread and Needle"],"acts_visited":["Exordium","TheCity"],"potions_floor_usage":[7,16,16,21,25,25,27,27],"damage_taken":[{"damage":1,"enemies":"2 Louse","floor":1,"turns":4},{"damage":2,"enemies":"Small Slimes","floor":3,"turns":4},{"damage":0,"enemies":"Cultist","floor":5,"turns":4},{"damage":22,"enemies":"Gremlin Nob","floor":7,"turns":4},{"damage":7,"enemies":"Replay:BlueRogue","floor":11,"turns":5},{"damage":4,"enemies":"Looter","floor":13,"turns":3},{"damage":3,"enemies":"Red Slaver","floor":14,"turns":4},{"damage":13,"enemies":"Fading Forest","floor":16,"turns":11},{"damage":1,"enemies":"Spheric Guardian","floor":18,"turns":3},{"damage":7,"enemies":"3 Byrds","floor":20,"turns":5},{"damage":20,"enemies":"Snake Plant","floor":21,"turns":5},{"damage":49,"enemies":"Gremlin Leader","floor":24,"turns":7},{"damage":11,"enemies":"Chosen and Byrds","floor":25,"turns":6},{"damage":4,"enemies":"Centurion and Healer","floor":27,"turns":6}],"seed_played":"-3489396889897407821","potions_obtained":[{"floor":1,"key":"SkillPotion"},{"floor":13,"key":"DistilledChaos"},{"floor":14,"key":"BlessingOfTheForge"},{"floor":16,"key":"Poison Potion"},{"floor":22,"key":"BlessingOfTheForge"},{"floor":22,"key":"Milkshake"},{"floor":22,"key":"BlessingOfTheForge"},{"floor":24,"key":"ColorlessPotion"},{"floor":25,"key":"Fire Potion"}],"is_trial":false,"path_per_floor":["M","$","M","?","M","R","E","?","T","R","E","R","M","M","R","B",null,"M","?","M","M","?","R","E","M","T","M"],"character_chosen":"THE_SILENT","items_purchased":[],"campfire_rested":2,"item_purchase_floors":[],"current_hp_per_floor":[69,69,67,67,67,67,45,45,45,45,38,59,55,52,52,39,70,69,69,62,42,42,63,14,3,3,0,0],"gold":435,"neow_bonus":"ONE_RANDOM_RARE_CARD","is_daily":false,"chose_seed":false,"campfire_upgraded":3,"win_rate":0.0,"timestamp":1613868924,"path_taken":["M","$","M","?","M","R","E","?","T","R","E","R","?","M","R","BOSS","M","?","?","M","?","R","E","M","T","?"],"items_purchased_type":[],"build_version":"2020-12-22","purchased_purges":1,"victory":false,"max_hp_per_floor":[70,70,70,70,70,70,70,70,70,70,70,70,70,70,70,70,70,70,70,70,70,70,70,70,70,70,70,70],"card_choices":[{"not_picked":["Slice","Underhanded Strike"],"picked":"Flying Knee","floor":1},{"not_picked":["Prepared","Underhanded Strike"],"picked":"Deadly Poison","floor":3},{"not_picked":["Poisoned Stab","Terror"],"picked":"Prepared","floor":5},{"not_picked":["Caltrops","Infinite Blades"],"picked":"Toxin Wave","floor":7},{"not_picked":["Phantasmal Killer","Caltrops"],"picked":"Bouncing Flask","floor":11},{"not_picked":["Heel Hook","Hidden Blade","Accuracy"],"picked":"SKIP","floor":13},{"not_picked":["Quick Slash","Heel Hook","Endless Agony"],"picked":"SKIP","floor":14},{"not_picked":["Storm of Steel","Atom Bomb"],"picked":"Night Terror","floor":16},{"not_picked":["Hallucinations","ReplayTheSpireMod:IOU"],"picked":"Writhe","floor":17},{"not_picked":["Pain","ReplayTheSpireMod:IOU"],"picked":"Injury","floor":17},{"not_picked":["AbeCurse","ReplayTheSpireMod:Splinters"],"picked":"Shame","floor":17},{"not_picked":["Backflip","Phantasmal Killer"],"picked":"Deflect+1","floor":18},{"not_picked":["Dagger Spray","Fluid Movement+1","ReplayTheSpireMod:Speed Training"],"picked":"SKIP","floor":20},{"not_picked":["Accuracy","Dagger Throw+1","Blade Dance"],"picked":"SKIP","floor":21},{"not_picked":["Slice","Masterful Stab"],"picked":"Poisoned Stab+1","floor":24},{"not_picked":["Unload","ReplayTheSpireMod:Tripwire","Dagger Spray"],"picked":"SKIP","floor":25}],"player_experience":277244,"relics_obtained":[{"floor":7,"key":"Ornamental Fan"},{"floor":11,"key":"Potion Belt"},{"floor":24,"key":"Pet Ghost"},{"floor":26,"key":"Thread and Needle"}],"event_choices":[{"damage_healed":0,"gold_gain":0,"player_choice":"Ignored","damage_taken":0,"max_hp_gain":0,"max_hp_loss":0,"event_name":"Liars Game","floor":4,"gold_loss":0},{"damage_healed":0,"gold_gain":100,"player_choice":"Pray","damage_taken":0,"max_hp_gain":0,"max_hp_loss":0,"event_name":"Golden Shrine","floor":8,"gold_loss":0},{"cards_removed":["Shame","Injury","Writhe"],"damage_healed":0,"gold_gain":0,"player_choice":"Removed Curses","damage_taken":0,"max_hp_gain":0,"max_hp_loss":0,"event_name":"Fountain of Cleansing","floor":19,"gold_loss":0},{"damage_healed":0,"gold_gain":0,"player_choice":"Got Potions","damage_taken":0,"max_hp_gain":0,"max_hp_loss":0,"event_name":"Lab","floor":22,"gold_loss":0}],"is_beta":false,"boss_relics":[{"not_picked":["WristBlade","Ectoplasm"],"picked":"Replay:Ancient Bell"},{"not_picked":["Bag of Preparation","Juzu Bracelet"],"picked":"Centennial Puzzle"},{"not_picked":["Replay:WaspNest","Replay:Accelerometer"],"picked":"ReplayTheSpireMod:Shallot"},{"not_picked":["FossilizedHelix","CaptainsWheel"],"picked":"Du-Vu Doll"}],"items_purged_floors":[2],"is_endless":false,"potions_floor_spawned":[1,13,14,16,24,25],"killed_by":"Centurion and Healer","ascension_level":0}}