{"host":"ttzdpsscxkem3xrs","time":1613934757,"event":{"mods":["BaseMod","Colored Map","Downfall","Hermit","Minty Spire (QoL Compilation)","Replay The Spire","StSLib","The Cursed","The Hierophant"],"gold_per_floor":[19,94,94,94,94,94,110,110,135,159,159,209,254,280,292,432,444,477,489,548,560,590,602,633,689,727,793,824,836,848,889,901,1036,1057,1088,946,960,960,559,590,602,602,602,638,673,673,673,150,150,150],"floor_reached":51,"language":"ENG","playtime":3928,"items_purged":["downfall:Haunted","Delirium","Delirium"],"score":933,"play_id":"25a050e1-d44e-405d-ab10-aeb522fafce5","local_time":"20210221111237","is_ascension_mode":true,"campfire_choices":[{"floor":6,"key":"REST"},{"floor":8,"key":"REST"},{"floor":15,"key":"REST"},{"floor":23,"key":"REST"},{"data":"hermit:Adapt","floor":30,"key":"SMITH"},{"floor":32,"key":"REST"},{"data":"hermit:ShadowCloak","floor":42,"key":"SMITH"},{"floor":46,"key":"REST"},{"floor":49,"key":"DIG"}],"circlet_count":0,"master_deck":["hermit:Strike_Hermit","hermit:Strike_Hermit","hermit:Strike_Hermit","hermit:Defend_Hermit+1","hermit:Defend_Hermit","hermit:Defend_Hermit","hermit:Snapshot","hermit:Covet","hermit:Maintenance+1","hermit:WideOpen+1","hermit:Horror","hermit:NoHoldsBarred","Pot Of Greed","Pot Of Greed","hermit:Roulette","CommonCold","hermit:FinalCanter","hermit:Manifest","hermit:FlashPowder+1","hermit:Determination+1","hermit:Adapt+1","hermit:ShadowCloak+1","Pot Of Greed","hermit:GhostlyPresence","ReplayTheSpireMod:Doomed","hermit:FatalDesire","hermit:Maintenance+1","Sickly","hermit:Determination","hermit:TakeAim","ReplayTheSpireMod:Faulty Equipment"],"relics":["hermit:Momento","Bloody Idol","Lantern","Blue Candle","ReplayTheSpireMod:Ring of Exchange","Ring of Greed","Replay:Wax Seal","MawBank","Grinning Jar","hermit:BartenderGlass","Letter Opener","hermit:RyeStalk","CeramicFish","Orichalcum","Iron Hammer","ReplayTheSpireMod:Shallot","DollysMirror","Vajra","Regal Pillow","Mercury Hourglass","Bottled Flame","Replay:Baseball","MealTicket","Akabeko","Juzu Bracelet","Gremlin Horn"],"acts_visited":["Exordium","TheCity","TheBeyond"],"potions_floor_usage":[16,16,25,25,27,27,33,33,33,33,40,50,50,50],"damage_taken":[{"damage":7,"enemies":"Jaw Worm","floor":1,"turns":4},{"damage":0,"enemies":"Small Slimes","floor":7,"turns":2},{"damage":7,"enemies":"2 Louse","floor":10,"turns":2},{"damage":22,"enemies":"Replay:BlueRogue","floor":13,"turns":3},{"damage":0,"enemies":"Large Slime","floor":14,"turns":4},{"damage":0,"enemies":"Slime Boss","floor":16,"turns":5},{"damage":39,"enemies":"3 Byrds","floor":18,"turns":4},{"damage":6,"enemies":"2 Thieves","floor":22,"turns":3},{"damage":11,"enemies":"Snake Plant","floor":24,"turns":4},{"damage":33,"enemies":"Slavers","floor":25,"turns":4},{"damage":17,"enemies":"Book of Stabbing","floor":27,"turns":5},{"damage":13,"enemies":"Snecko","floor":28,"turns":5},{"damage":58,"enemies":"Slavers","floor":31,"turns":7},{"damage":53,"enemies":"Collector","floor":33,"turns":11},{"damage":12,"enemies":"3 Shapes","floor":35,"turns":6},{"damage":5,"enemies":"Orb Walker","floor":37,"turns":4},{"damage":12,"enemies":"Giant Head","floor":40,"turns":15},{"damage":12,"enemies":"Maw","floor":41,"turns":8},{"damage":49,"enemies":"R_Hoarder","floor":44,"turns":11},{"damage":41,"enemies":"Awakened One","floor":50,"turns":22}],"seed_played":"-1483648997280145671","potions_obtained":[{"floor":1,"key":"Regen Potion"},{"floor":13,"key":"hermit:BlackBile"},{"floor":14,"key":"AttackPotion"},{"floor":18,"key":"FairyPotion"},{"floor":24,"key":"Explosive Potion"},{"floor":37,"key":"champ:CounterPotion"}],"is_trial":false,"path_per_floor":["M","?","?","?","?","R","M","R","T","M","?","?","E","M","R","B",null,"M","?","?","T","M","R","M","E","T","E","M","?","R","E","R","B",null,"M","$","M","?","$","E","M","R","T","E","T","R","?","$","R_BF","B",null],"character_chosen":"HERMIT","items_purchased":["hermit:Determination","hermit:Tonic","Vajra","Regal Pillow","Akabeko","Juzu Bracelet","FairyPotion"],"campfire_rested":6,"item_purchase_floors":[36,36,39,39,48,48,48],"current_hp_per_floor":[68,57,57,42,24,46,46,68,68,61,56,56,34,34,56,56,75,36,36,28,33,42,69,68,50,60,75,72,75,75,22,49,16,75,68,75,75,75,75,68,61,61,61,22,32,69,69,71,71,30],"gold":150,"neow_bonus":"TRANSFORM_TWO_CARDS","is_daily":false,"chose_seed":false,"campfire_upgraded":2,"win_rate":0.0,"timestamp":1613934757,"path_taken":["M","?","?","?","?","R","M","R","T","?","?","?","E","M","R","BOSS","M","?","?","?","?","R","M","E","T","E","M","?","R","E","R","BOSS","M","$","M","?","?","E","M","R","T","E","?","R","?","$","R_BF","BOSS"],"items_purchased_type":["Card","Potion","Relic","Relic","Relic","Relic","Potion"],"build_version":"2020-12-22","purchased_purges":3,"victory":true,"max_hp_per_floor":[75,75,75,75,75,75,75,75,75,75,75,75,75,75,75,75,75,75,75,75,75,75,75,75,75,75,75,75,75,75,75,75,75,75,75,75,75,75,75,75,75,75,75,75,75,75,71,71,71,71],"card_choices":[{"not_picked":["hermit:HoleUp","hermit:Snipe"],"picked":"hermit:Horror","floor":1},{"not_picked":["hermit:LoneWolf","hermit:Snipe","hermit:ItchyTrigger"],"picked":"SKIP","floor":7},{"not_picked":["hermit:Ricochet","hermit:ItchyTrigger"],"picked":"hermit:NoHoldsBarred","floor":10},{"not_picked":["hermit:Showdown","hermit:Gambit"],"picked":"hermit:Roulette","floor":13},{"not_picked":["hermit:Quickdraw","hermit:LowProfile","hermit:Misfire"],"picked":"SKIP","floor":14},{"not_picked":["hermit:FatalDesire","hermit:Magnum"],"picked":"hermit:FinalCanter","floor":16},{"not_picked":["hermit:SprayPray","hermit:Glare"],"picked":"hermit:Manifest","floor":18},{"not_picked":["hermit:Manifest","hermit:Midnight"],"picked":"hermit:FlashPowder+1","floor":20},{"not_picked":["hermit:Grudge","hermit:ItchyTrigger"],"picked":"hermit:Determination+1","floor":20},{"not_picked":["hermit:Midnight","hermit:Coalescence+1","hermit:HighCaliber"],"picked":"SKIP","floor":22},{"not_picked":["hermit:ItchyTrigger","hermit:Manifest","hermit:Snipe+1"],"picked":"SKIP","floor":24},{"not_picked":["hermit:BodyArmor+1","hermit:Midnight"],"picked":"hermit:Adapt","floor":25},{"not_picked":["hermit:NoHoldsBarred","hermit:Brawl"],"picked":"hermit:ShadowCloak","floor":27},{"not_picked":["hermit:Vantage","hermit:Glare"],"picked":"hermit:GhostlyPresence","floor":28},{"not_picked":["hermit:PistolWhip","hermit:Feint+1","hermit:Midnight"],"picked":"SKIP","floor":31},{"not_picked":["hermit:OverwhelmingPower","hermit:FromBeyond"],"picked":"hermit:FatalDesire","floor":33},{"not_picked":["hermit:Vantage","hermit:Showdown+1","hermit:ItchyTrigger"],"picked":"SKIP","floor":35},{"not_picked":["hermit:Snipe","hermit:Headshot+1","hermit:Misfire+1"],"picked":"SKIP","floor":37},{"not_picked":["hermit:Showdown+1","hermit:Shortfuse","hermit:Headshot"],"picked":"SKIP","floor":40},{"not_picked":["hermit:LuckOfTheDraw","hermit:Deadeye+1","hermit:Adapt"],"picked":"SKIP","floor":41},{"not_picked":["hermit:Snipe","hermit:Gestalt+1"],"picked":"hermit:TakeAim","floor":44}],"player_experience":1448688,"relics_obtained":[{"floor":9,"key":"Lantern"},{"floor":12,"key":"ReplayTheSpireMod:Ring of Exchange"},{"floor":12,"key":"Ring of Greed"},{"floor":12,"key":"Replay:Wax Seal"},{"floor":12,"key":"MawBank"},{"floor":13,"key":"Grinning Jar"},{"floor":20,"key":"Letter Opener"},{"floor":21,"key":"hermit:RyeStalk"},{"floor":25,"key":"CeramicFish"},{"floor":26,"key":"Orichalcum"},{"floor":27,"key":"Iron Hammer"},{"floor":31,"key":"ReplayTheSpireMod:Shallot"},{"floor":40,"key":"Mercury Hourglass"},{"floor":43,"key":"Bottled Flame"},{"floor":44,"key":"Replay:Baseball"},{"floor":45,"key":"MealTicket"},{"floor":49,"key":"Gremlin Horn"}],"event_choices":[{"damage_healed":0,"gold_gain":75,"player_choice":"Gather Gold","damage_taken":11,"max_hp_gain":0,"max_hp_loss":0,"event_name":"World of Goop","floor":2,"gold_loss":0},{"damage_healed":0,"gold_gain":0,"player_choice":"Grow","damage_taken":0,"max_hp_gain":0,"max_hp_loss":0,"event_name":"Living Wall","floor":3,"gold_loss":0,"cards_upgraded":["hermit:Maintenance"]},{"damage_healed":0,"gold_gain":0,"player_choice":"Entered Light","damage_taken":15,"max_hp_gain":0,"max_hp_loss":0,"event_name":"Shining Light","floor":4,"gold_loss":0,"cards_upgraded":["hermit:WideOpen","hermit:Defend_Hermit"]},{"damage_healed":0,"gold_gain":0,"player_choice":"Take Damage","damage_taken":18,"relics_obtained":["Golden Idol"],"max_hp_gain":0,"max_hp_loss":0,"event_name":"Golden Idol","floor":5,"gold_loss":0},{"damage_healed":0,"gold_gain":0,"player_choice":"Gave Idol","damage_taken":0,"relics_obtained":["Bloody Idol"],"max_hp_gain":0,"max_hp_loss":0,"event_name":"Forgotten Altar","floor":19,"relics_lost":["Golden Idol"],"gold_loss":0},{"damage_healed":0,"gold_gain":0,"player_choice":"Ignored","damage_taken":0,"max_hp_gain":0,"max_hp_loss":0,"event_name":"Vampires","floor":29,"gold_loss":0},{"cards_removed":["downfall:Malfunctioning"],"damage_healed":0,"gold_gain":0,"player_choice":"Card Removal","damage_taken":0,"max_hp_gain":0,"max_hp_loss":0,"event_name":"Wheel of Change","floor":38,"gold_loss":0},{"damage_healed":0,"gold_gain":0,"player_choice":"Max HP","damage_taken":0,"max_hp_gain":0,"max_hp_loss":4,"event_name":"Winding Halls","floor":47,"gold_loss":0}],"is_beta":false,"boss_relics":[{"not_picked":["Frozen Eye","Tiny House"],"picked":"hermit:BartenderGlass"},{"not_picked":["ClockworkSouvenir","Cursed Key"],"picked":"DollysMirror"}],"items_purged_floors":[36,39,48],"is_endless":false,"potions_floor_spawned":[1,13,14,18,24,28,31,37,41],"ascension_level":2}}