{"host":"yx5rao87132cy5xq","time":1613936062,"event":{"mods":["2.2 Compatiblity","AchievementEnabler","BaseMod","Bestiary","Colored Map","Colored Powertips","Minty Spire (QoL Compilation)","Quick Restart","Relic Stats","Slay-I","SuperFastMode"],"gold_per_floor":[118,118,24,39,53,84,104,138,138,138,155,155,178,198,198,276,276,276,276,295,295,295,326,326,345,345,360,360,360],"floor_reached":28,"language":"ENG","playtime":1618,"items_purged":[],"score":488,"play_id":"d5f8254d-ae53-483f-9dff-eced36f4e63d","local_time":"20210221203422","is_ascension_mode":true,"campfire_choices":[{"data":"Flame Barrier","floor":12.0,"key":"SMITH"},{"data":"True Grit","floor":15.0,"key":"SMITH"},{"floor":24,"key":"REST"}],"circlet_count":0,"master_deck":["AscendersBane","Strike_R","Defend_R","Defend_R","Defend_R","Defend_R+1","Bash","Headbutt","Feel No Pain","Anger","Carnage","Flame Barrier+1","Shrug It Off+1","Entrench","Second Wind","True Grit+1","Shrug It Off","Barricade","Clothesline+1","Offering+1","Perfected Strike+1","Decay","Cleave","J.A.X.","Necronomicurse","Heavy Blade","Infernal Blade","Impervious"],"relics":["Burning Blood","Strawberry","War Paint","Akabeko","Odd Mushroom","Astrolabe","Necronomicon","Eternal Feather","CaptainsWheel"],"acts_visited":["Exordium","TheCity"],"potions_floor_usage":[18,28],"damage_taken":[{"damage":4.0,"enemies":"Small Slimes","floor":1.0,"turns":4.0},{"damage":19.0,"enemies":"Jaw Worm","floor":4.0,"turns":4.0},{"damage":8.0,"enemies":"Cultist","floor":5.0,"turns":4.0},{"damage":9.0,"enemies":"Gremlin Nob","floor":6.0,"turns":3.0},{"damage":6.0,"enemies":"3 Louse","floor":7.0,"turns":2.0},{"damage":20.0,"enemies":"3 Sentries","floor":8.0,"turns":7.0},{"damage":4.0,"enemies":"Exordium Wildlife","floor":11.0,"turns":4.0},{"damage":23.0,"enemies":"The Mushroom Lair","floor":13.0,"turns":5.0},{"damage":8.0,"enemies":"2 Fungi Beasts","floor":14.0,"turns":3.0},{"damage":37.0,"enemies":"The Guardian","floor":16.0,"turns":15.0},{"damage":0,"enemies":"Shell Parasite","floor":18,"turns":1},{"damage":6,"enemies":"3 Byrds","floor":20,"turns":4},{"damage":48,"enemies":"Book of Stabbing","floor":23,"turns":5},{"damage":13,"enemies":"Snake Plant","floor":25,"turns":3},{"damage":30,"enemies":"Shelled Parasite and Fungi","floor":27,"turns":5},{"damage":36,"enemies":"Slavers","floor":28,"turns":4}],"seed_played":"5827431784632404955","potions_obtained":[{"floor":4.0,"key":"PowerPotion"},{"floor":7.0,"key":"Fire Potion"},{"floor":16.0,"key":"SmokeBomb"},{"floor":27,"key":"Dexterity Potion"}],"is_trial":false,"path_per_floor":["M","?","$","M","M","E","M","E","T","?","M","R","?","M","R","B",null,"M","?","M","?","?","E","R","M","T","M","E"],"character_chosen":"IRONCLAD","items_purchased":["Feel No Pain","Energy Potion"],"campfire_rested":1,"item_purchase_floors":[3,3],"current_hp_per_floor":[77,82,82,69,67,71,71,57,57,57,59,59,42,40,40,9,73,79,79,79,79,58,16,59,52,52,28,0,0],"gold":360,"neow_bonus":"TEN_PERCENT_HP_BONUS","is_daily":false,"chose_seed":false,"campfire_upgraded":2,"win_rate":0.0,"timestamp":1613936062,"path_taken":["M","?","$","M","M","E","M","E","T","?","?","R","?","M","R","BOSS","M","?","M","?","?","E","R","M","T","M","E"],"items_purchased_type":["Card","Potion"],"build_version":"2020-12-22","purchased_purges":0,"victory":false,"max_hp_per_floor":[82,87,87,87,87,94,94,94,94,94,94,94,94,94,94,94,94,94,94,94,94,94,94,94,94,94,94,94,94],"relic_stats":{"counters":[16,73],"Astrolabe":["Clothesline","Offering","Perfected Strike"],"Eternal Feather":15,"Necronomicon":[12],"War Paint":["Defend_R","Shrug It Off"],"obtain_stats":[{"CaptainsWheel":26,"Strawberry":6,"Astrolabe":17,"Eternal Feather":23,"Necronomicon":22,"War Paint":8,"Odd Mushroom":13,"Burning Blood":0,"Akabeko":9},{"CaptainsWheel":14,"Strawberry":4,"Astrolabe":10,"Eternal Feather":13,"Necronomicon":12,"War Paint":6,"Odd Mushroom":8,"Burning Blood":0,"Akabeko":6},{"CaptainsWheel":64,"Strawberry":15,"Astrolabe":51,"Eternal Feather":61,"Necronomicon":56,"War Paint":24,"Odd Mushroom":33,"Burning Blood":0,"Akabeko":24}],"Burning Blood":90},"card_choices":[{"not_picked":["Flex","Ghostly Armor"],"picked":"Headbutt","floor":1.0},{"not_picked":["Shrug It Off","Armaments"],"picked":"Anger","floor":4.0},{"not_picked":["Armaments","Heavy Blade"],"picked":"Carnage","floor":5.0},{"not_picked":["Flex","Warcry"],"picked":"Flame Barrier","floor":6.0},{"not_picked":["Second Wind","True Grit"],"picked":"Shrug It Off","floor":7.0},{"not_picked":["Clash","Headbutt"],"picked":"Entrench","floor":8.0},{"not_picked":["Clothesline","Brutality"],"picked":"Second Wind","floor":11.0},{"not_picked":["Sword Boomerang","Pommel Strike"],"picked":"True Grit","floor":13.0},{"not_picked":["Heavy Blade","Entrench"],"picked":"Shrug It Off","floor":14.0},{"not_picked":["Demon Form","Limit Break"],"picked":"Barricade","floor":16.0},{"not_picked":["Warcry","Armaments"],"picked":"Cleave","floor":20},{"not_picked":["Anger","Shrug It Off"],"picked":"Heavy Blade","floor":23},{"not_picked":["Pummel","Perfected Strike"],"picked":"Infernal Blade","floor":25},{"not_picked":["Havoc","Ghostly Armor+1"],"picked":"Impervious","floor":27}],"player_experience":1098664,"relics_obtained":[{"floor":6.0,"key":"Strawberry"},{"floor":8.0,"key":"War Paint"},{"floor":9.0,"key":"Akabeko"},{"floor":13.0,"key":"Odd Mushroom"},{"floor":22,"key":"Necronomicon"},{"floor":23,"key":"Eternal Feather"},{"floor":26,"key":"CaptainsWheel"}],"event_choices":[{"damage_healed":0.0,"max_hp_gain":5.0,"max_hp_loss":0.0,"gold_gain":0.0,"event_name":"Big Fish","player_choice":"Donut","floor":2.0,"gold_loss":0.0,"damage_taken":0.0},{"cards_removed":["Strike_R"],"damage_healed":0.0,"max_hp_gain":0.0,"max_hp_loss":0.0,"gold_gain":0.0,"event_name":"Purifier","player_choice":"Purged","floor":10.0,"gold_loss":0.0,"damage_taken":0.0},{"damage_healed":0.0,"max_hp_gain":0.0,"max_hp_loss":0.0,"gold_gain":0.0,"event_name":"Mushrooms","player_choice":"Fought Mushrooms","floor":13.0,"gold_loss":0.0,"damage_taken":0.0},{"damage_healed":0,"gold_gain":0,"player_choice":"Smashed Altar","damage_taken":0,"max_hp_gain":0,"max_hp_loss":0,"event_name":"Forgotten Altar","floor":19,"gold_loss":0,"cards_obtained":["Decay"]},{"damage_healed":0,"gold_gain":0,"player_choice":"Obtain J.A.X.","damage_taken":0,"max_hp_gain":0,"max_hp_loss":0,"event_name":"Drug Dealer","floor":21,"gold_loss":0,"cards_obtained":["J.A.X."]},{"damage_healed":0,"gold_gain":0,"player_choice":"Obtained Book","damage_taken":21,"max_hp_gain":0,"max_hp_loss":0,"event_name":"Cursed Tome","floor":22,"gold_loss":0}],"is_beta":false,"boss_relics":[{"not_picked":["Fusion Hammer","Calling Bell"],"picked":"Astrolabe"}],"items_purged_floors":[],"is_endless":false,"potions_floor_spawned":[4,7,16,27],"killed_by":"Slavers","ascension_level":19}}