{"host":"rsokn1b2nrspb1iw","time":1613898766,"event":{"mods":["BaseMod","Better Altar","Better Match","Better Note","Better Sensory Stone","Better Skull","Better Third Choice","Better Vampires","BetterRewards","Block Reminder","Colored Map","Colored Powertips","Custom Start","GifTheSpireLib","Hermit","Ironclad Rager","Minty Spire (QoL Compilation)","Quick Restart","Rare Cards Sparkle","Relic Stats","Spire Birthday Party","StSLib","Unceasing Turn Reminder"],"gold_per_floor":[112,38,38,38,38,38,73,73,100,25,36,36,64,64,64,184,184,207,207,207,223,248,248,329,348,375,136,170,182,213,225,237,249,249],"floor_reached":33,"language":"ENG","playtime":1318,"items_purged":["Defend_G"],"score":270,"play_id":"3e93ff64-0d40-4f43-8c8b-c38be7d43198","local_time":"20210221021246","is_ascension_mode":false,"campfire_choices":[{"data":"Infinite Blades","floor":6,"key":"SMITH"},{"floor":8,"key":"REST"},{"data":"Dramatic Entrance","floor":12,"key":"SMITH"},{"floor":15,"key":"REST"},{"floor":23,"key":"REST"},{"floor":32,"key":"REST"}],"circlet_count":0,"master_deck":["Strike_G","Strike_G","Strike_G","Strike_G","Strike_G","Defend_G","Defend_G","Defend_G+1","Defend_G","Survivor+1","Neutralize","Infinite Blades+1","Dramatic Entrance+1","Slice","Glass Knife","Jack Of All Trades"],"relics":["Ring of the Snake","CaptainsWheel","War Paint","Anchor","Tiny Chest","Golden Idol","Black Star","Spirit Poop","Eternal Feather","Regal Pillow","Toolbox","MawBank","Oddly Smooth Stone","betterThird:NestCultRelic"],"acts_visited":["Exordium","TheCity"],"potions_floor_usage":[7,16,25,29,29,33],"damage_taken":[{"damage":0,"enemies":"Cultist","floor":1,"turns":3},{"damage":28,"enemies":"Lagavulin","floor":7,"turns":9},{"damage":0,"enemies":"2 Louse","floor":11,"turns":2},{"damage":21,"enemies":"Gremlin Nob","floor":13,"turns":5},{"damage":33,"enemies":"Slime Boss","floor":16,"turns":13},{"damage":10,"enemies":"Spheric Guardian","floor":18,"turns":4},{"damage":17,"enemies":"Shell Parasite","floor":21,"turns":6},{"damage":6,"enemies":"Cultist and Chosen","floor":22,"turns":8},{"damage":14,"enemies":"Centurion and Healer","floor":25,"turns":6},{"damage":22,"enemies":"Gremlin Leader","floor":28,"turns":6},{"damage":18,"enemies":"3 Cultists","floor":29,"turns":3},{"damage":0,"enemies":"Cultist and Chosen","floor":30,"turns":6},{"damage":68,"enemies":"Champ","floor":33,"turns":10}],"seed_played":"-3302769342617450787","potions_obtained":[{"floor":1,"key":"Swift Potion"},{"floor":11,"key":"Swift Potion"},{"floor":13,"key":"AttackPotion"},{"floor":18,"key":"BlessingOfTheForge"},{"floor":21,"key":"SmokeBomb"},{"floor":28,"key":"Energy Potion"}],"is_trial":false,"path_per_floor":["M","$","T","?","$","R","E","R","T","$","M","R","E","?","R","B",null,"M","?","?","M","M","R","T","M","T","$","E","M","M","?","R","B"],"character_chosen":"THE_SILENT","items_purchased":["Infinite Blades","Toolbox","Jack Of All Trades"],"campfire_rested":4,"item_purchase_floors":[2,27,27],"current_hp_per_floor":[49,49,49,49,49,49,21,42,42,42,42,42,21,21,42,9,70,60,60,60,43,37,58,58,44,44,44,22,4,4,4,49,0,0],"gold":249,"neow_bonus":"ONE_RARE_RELIC","is_daily":false,"chose_seed":false,"campfire_upgraded":2,"win_rate":0.0,"timestamp":1613898766,"path_taken":["M","?","?","?","$","R","E","R","T","?","?","R","E","?","R","BOSS","M","?","?","M","M","R","?","M","T","$","E","?","M","?","R","BOSS"],"items_purchased_type":["Card","Relic","Card"],"build_version":"2020-12-22","purchased_purges":1,"victory":false,"max_hp_per_floor":[70,70,70,70,70,70,70,70,70,70,70,70,70,70,70,70,70,70,70,70,70,70,70,70,70,70,70,70,70,70,70,70,70,70],"relic_stats":{"Regal Pillow":15,"counters":[13,81],"Golden Idol":55,"Tiny Chest":1,"Eternal Feather":9,"Black Star":1,"War Paint":["Survivor","Defend_G"],"MawBank":60,"obtain_stats":[{"Regal Pillow":26,"Golden Idol":14,"Spirit Poop":19,"Oddly Smooth Stone":28,"Eternal Feather":24,"betterThird:NestCultRelic":31,"War Paint":7,"MawBank":28,"CaptainsWheel":0,"Anchor":9,"Toolbox":27,"Tiny Chest":13,"Black Star":17,"Ring of the Snake":0},{"Regal Pillow":9,"Golden Idol":4,"Spirit Poop":6,"Oddly Smooth Stone":10,"Eternal Feather":8,"betterThird:NestCultRelic":12,"War Paint":2,"MawBank":10,"CaptainsWheel":0,"Anchor":2,"Toolbox":9,"Tiny Chest":4,"Black Star":5,"Ring of the Snake":0},{"Regal Pillow":56,"Golden Idol":19,"Spirit Poop":36,"Oddly Smooth Stone":62,"Eternal Feather":50,"betterThird:NestCultRelic":71,"War Paint":12,"MawBank":62,"CaptainsWheel":0,"Anchor":12,"Toolbox":56,"Tiny Chest":19,"Black Star":32,"Ring of the Snake":0}],"Ring of the Snake":[26]},"card_choices":[{"not_picked":["Riddle With Holes","PiercingWail","Dagger Throw"],"picked":"SKIP","floor":1},{"not_picked":["Deep Breath","Secret Technique"],"picked":"Dramatic Entrance","floor":4},{"not_picked":["Sucker Punch","Dagger Spray","Outmaneuver"],"picked":"SKIP","floor":7},{"not_picked":["Terror","PiercingWail"],"picked":"Slice","floor":11},{"not_picked":["Crippling Poison","Underhanded Strike","Acrobatics"],"picked":"SKIP","floor":13},{"not_picked":["Doppelganger","Tools of the Trade"],"picked":"Glass Knife","floor":16},{"not_picked":["Predator","Outmaneuver+1","Bane"],"picked":"SKIP","floor":18},{"not_picked":["Expertise+1","Bane","Sucker Punch"],"picked":"SKIP","floor":21},{"not_picked":["Terror","Outmaneuver","PiercingWail+1"],"picked":"SKIP","floor":22},{"not_picked":["Setup","Poisoned Stab+1","Underhanded Strike"],"picked":"SKIP","floor":25},{"not_picked":["Catalyst+1","Doppelganger","Predator"],"picked":"SKIP","floor":28},{"not_picked":["Expertise","Flying Knee","Dagger Throw+1"],"picked":"SKIP","floor":30}],"player_experience":187466,"relics_obtained":[{"floor":7,"key":"War Paint"},{"floor":9,"key":"Anchor"},{"floor":13,"key":"Tiny Chest"},{"floor":24,"key":"Eternal Feather"},{"floor":26,"key":"Regal Pillow"},{"floor":28,"key":"MawBank"},{"floor":28,"key":"Oddly Smooth Stone"}],"event_choices":[{"damage_healed":0,"gold_gain":1,"player_choice":"1","damage_taken":0,"max_hp_gain":0,"max_hp_loss":0,"event_name":"betterStone:BetterStone","floor":4,"gold_loss":0},{"damage_healed":0,"gold_gain":0,"player_choice":"Take Wound","damage_taken":0,"relics_obtained":["Golden Idol"],"max_hp_gain":0,"max_hp_loss":0,"event_name":"Golden Idol","floor":14,"gold_loss":0,"cards_obtained":["Injury"]},{"cards_removed":["Injury"],"damage_healed":0,"gold_gain":0,"player_choice":"Offered Curse","damage_taken":0,"relics_obtained":["Spirit Poop"],"max_hp_gain":0,"max_hp_loss":0,"event_name":"Bonfire Elementals","floor":19,"gold_loss":0},{"damage_healed":0,"gold_gain":0,"player_choice":"Ignored","damage_taken":0,"max_hp_gain":0,"max_hp_loss":0,"event_name":"betterNote:BetterNote","floor":20,"gold_loss":0,"cards_obtained":["Electrodynamics"]},{"damage_healed":0,"gold_gain":0,"player_choice":"Madness","damage_taken":0,"relics_obtained":["betterThird:NestCultRelic"],"max_hp_gain":0,"max_hp_loss":0,"event_name":"betterThird:BetterNest","floor":31,"gold_loss":0}],"is_beta":false,"boss_relics":[{"not_picked":["SlaversCollar","Ring of the Serpent"],"picked":"Black Star"}],"items_purged_floors":[10],"is_endless":false,"potions_floor_spawned":[1,11,13,18,21,28],"killed_by":"Champ","ascension_level":0}}