{"host":"8d3fefv2347kqkpz","time":1613904639,"event":{"mods":["AchievementEnabler","BaseMod","Better Vampires","BetterRewards","Colored Map","Colored Powertips","Downfall","Emptier Cage","Highlight Path","Marked Mod","Minty Spire (QoL Compilation)","Permanent Neow","Quick Restart","Rare Cards Sparkle","Relic Stats","Say the Spire","Spicy Shops","StSLib","Waifu the Spire"],"gold_per_floor":[109,59,134,134,134,165,181,195,195,195,207,223,1,30,30,127,127,99,116,134,43,60,95,95,106,132,132,142,169,183,209,209,304,304,316,62,73,90,90,90,101,101,147,147,160,193,193,193,193,193,193,193,43,43,43],"floor_reached":54,"language":"ZHS","playtime":2815,"items_purged":["Zap","Steam Power+1"],"score":714,"play_id":"d7ddc97d-4e5e-498b-9eb3-a31410244d17","local_time":"20210221185039","is_ascension_mode":false,"campfire_choices":[{"data":"Reprogram","floor":10.0,"key":"SMITH"},{"data":"Creative AI","floor":15.0,"key":"SMITH"},{"floor":24.0,"key":"REST"},{"floor":27.0,"key":"RECALL"},{"floor":32.0,"key":"REST"},{"data":"Reboot","floor":40.0,"key":"SMITH"},{"data":"Force Field","floor":42,"key":"SMITH"},{"data":"Seek","floor":44,"key":"SMITH"},{"data":"Recycle","floor":49,"key":"SMITH"},{"data":"Leap","floor":52,"key":"SMITH"}],"circlet_count":0,"master_deck":["Defend_B","Reprogram+1","Streamline","Creative AI+1","Leap+1","Gash","All For One","Seek+1","Self Repair+1","Skim+1","Gash+1","Conserve Battery+1","Force Field+1","Gash","Reboot+1","Creative AI+1","Hologram+1","Steam+1","Self Repair+1","Recycle+1","Thinking Ahead+1","Thinking Ahead+1"],"relics":["Cracked Core","StrikeDummy","Bottled Lightning","Lee\u0027s Waffle","Orichalcum","Empty Cage","Ancient Tea Set","Meat on the Bone","Blood Vial","Omamori","Astrolabe","Oddly Smooth Stone","Centennial Puzzle","DollysMirror"],"acts_visited":["Exordium","TheCity","TheBeyond","TheEnding"],"potions_floor_usage":[45],"damage_taken":[{"damage":0.0,"enemies":"2 Louse","floor":1.0,"turns":2.0},{"damage":23.0,"enemies":"Lagavulin","floor":6.0,"turns":9.0},{"damage":0.0,"enemies":"Small Slimes","floor":7.0,"turns":2.0},{"damage":0.0,"enemies":"Cultist","floor":8.0,"turns":3.0},{"damage":0.0,"enemies":"2 Fungi Beasts","floor":11.0,"turns":3.0},{"damage":19.0,"enemies":"Red Slaver","floor":12.0,"turns":6.0},{"damage":27.0,"enemies":"Gremlin Nob","floor":14.0,"turns":4.0},{"damage":25.0,"enemies":"Hexaghost","floor":16.0,"turns":13.0},{"damage":15.0,"enemies":"2 Thieves","floor":18.0,"turns":5.0},{"damage":11.0,"enemies":"Spheric Guardian","floor":19.0,"turns":5.0},{"damage":5.0,"enemies":"Snecko","floor":20.0,"turns":9.0},{"damage":10.0,"enemies":"Cultist and Chosen","floor":22.0,"turns":6.0},{"damage":61.0,"enemies":"Slavers","floor":23.0,"turns":8.0},{"damage":12.0,"enemies":"Chosen and Byrds","floor":25.0,"turns":5.0},{"damage":4.0,"enemies":"Snecko","floor":28.0,"turns":8.0},{"damage":37.0,"enemies":"Gremlin Leader","floor":29.0,"turns":7.0},{"damage":42.0,"enemies":"Sentry and Sphere","floor":30.0,"turns":8.0},{"damage":23.0,"enemies":"Book of Stabbing","floor":31.0,"turns":6.0},{"damage":19.0,"enemies":"Champ","floor":33.0,"turns":8.0},{"damage":3.0,"enemies":"Orb Walker","floor":35.0,"turns":3.0},{"damage":3.0,"enemies":"3 Shapes","floor":37.0,"turns":6.0},{"damage":20.0,"enemies":"Transient","floor":38.0,"turns":5.0},{"damage":0,"enemies":"Sphere and 2 Shapes","floor":41,"turns":9},{"damage":0,"enemies":"Jaw Worm Horde","floor":45,"turns":7},{"damage":2,"enemies":"Giant Head","floor":46,"turns":6},{"damage":8,"enemies":"Donu and Deca","floor":50,"turns":8},{"damage":93,"enemies":"Shield and Spear","floor":54,"turns":6}],"seed_played":"3413787279002077594","potions_obtained":[{"floor":6.0,"key":"Strength Potion"},{"floor":8.0,"key":"ColorlessPotion"},{"floor":12.0,"key":"EssenceOfSteel"},{"floor":19.0,"key":"AttackPotion"},{"floor":25.0,"key":"BlessingOfTheForge"},{"floor":28.0,"key":"Ancient Potion"},{"floor":29.0,"key":"SmokeBomb"},{"floor":30.0,"key":"DuplicationPotion"},{"floor":33.0,"key":"Swift Potion"},{"floor":38.0,"key":"BlessingOfTheForge"},{"floor":41,"key":"SmokeBomb"}],"is_trial":false,"path_per_floor":["M","?","?","?","?","E","M","M","T","R","M","M","$","E","R","B",null,"M","M","M","?","M","E","R","M","T","R","M","E","M","E","R","B",null,"M","$","M","M","$","R","M","R","T","R","M","E","?","?","R","B",null,"R","$","E"],"character_chosen":"DEFECT","items_purchased":["Lee\u0027s Waffle","Oddly Smooth Stone","DollysMirror"],"campfire_rested":2,"item_purchase_floors":[13,36,53],"current_hp_per_floor":[75,75,64,64,64,41,41,41,41,41,41,22,82,55,55,30,82,67,66,71,71,71,20,44,54,54,54,60,45,27,28,52,57,82,82,82,82,72,72,72,82,82,82,82,82,82,82,82,82,82,82,82,82,0,0],"gold":43,"neow_bonus":"THREE_CARDS","is_daily":false,"chose_seed":false,"campfire_upgraded":7,"win_rate":0.0,"timestamp":1613904639,"path_taken":["M","?","?","?","?","E","M","M","T","R","M","M","$","E","R","BOSS","M","M","?","?","?","E","R","M","T","R","M","E","M","E","R","BOSS","M","$","M","M","$","R","M","R","T","R","M","E","?","?","R","BOSS","R","$","E"],"items_purchased_type":["Relic","Relic","Relic"],"build_version":"2020-12-22","purchased_purges":2,"victory":false,"max_hp_per_floor":[75,75,75,75,75,75,75,75,75,75,75,75,82,82,82,82,82,82,82,82,82,82,82,82,82,82,82,82,82,82,82,82,82,82,82,82,82,82,82,82,82,82,82,82,82,82,82,82,82,82,82,82,82,82,82],"relic_stats":{"Blood Vial":8,"Lee\u0027s Waffle":60,"Centennial Puzzle":[9],"counters":[27,167],"Astrolabe":["Creative AI","Steam Power","Hologram"],"Orichalcum":[168],"obtain_stats":[{"Lee\u0027s Waffle":13,"Astrolabe":34,"Oddly Smooth Stone":36,"Omamori":31,"Orichalcum":14,"Empty Cage":17,"Ancient Tea Set":21,"Blood Vial":29,"Centennial Puzzle":43,"DollysMirror":53,"Bottled Lightning":9,"Cracked Core":0,"StrikeDummy":6,"Meat on the Bone":23},{"Lee\u0027s Waffle":6,"Astrolabe":19,"Oddly Smooth Stone":20,"Omamori":18,"Orichalcum":7,"Empty Cage":8,"Ancient Tea Set":11,"Blood Vial":16,"Centennial Puzzle":23,"DollysMirror":26,"Bottled Lightning":4,"Cracked Core":0,"StrikeDummy":2,"Meat on the Bone":13},{"Lee\u0027s Waffle":25,"Astrolabe":117,"Oddly Smooth Stone":120,"Omamori":109,"Orichalcum":29,"Empty Cage":42,"Ancient Tea Set":61,"Blood Vial":95,"Centennial Puzzle":140,"DollysMirror":161,"Bottled Lightning":16,"Cracked Core":0,"StrikeDummy":11,"Meat on the Bone":75}],"Meat on the Bone":60},"card_choices":[{"not_picked":["Hologram","Rebound"],"picked":"Reprogram","floor":0.0},{"not_picked":["Compile Driver","Turbo"],"picked":"Streamline","floor":1.0},{"not_picked":["Reprogram","Streamline","Static Discharge"],"picked":"SKIP","floor":6.0},{"not_picked":["Barrage","Streamline","Compile Driver"],"picked":"SKIP","floor":7.0},{"not_picked":["Sweeping Beam","Turbo"],"picked":"Creative AI","floor":8.0},{"not_picked":["Turbo","Chaos"],"picked":"Leap","floor":11.0},{"not_picked":["Go for the Eyes","Rip and Tear"],"picked":"Gash","floor":12.0},{"not_picked":["Darkness","Ball Lightning"],"picked":"All For One","floor":14.0},{"not_picked":["Core Surge","Reboot"],"picked":"Seek","floor":16.0},{"not_picked":["Tempest+1","Coolheaded"],"picked":"Self Repair+1","floor":18.0},{"not_picked":["Loop","Melter"],"picked":"Skim+1","floor":19.0},{"not_picked":["Streamline","Recycle"],"picked":"Gash+1","floor":20.0},{"not_picked":["Heatsinks","Genetic Algorithm","Rebound"],"picked":"SKIP","floor":22.0},{"not_picked":["Blizzard","Hologram","Capacitor+1"],"picked":"SKIP","floor":23.0},{"not_picked":["Reprogram","Cold Snap"],"picked":"Conserve Battery+1","floor":25.0},{"not_picked":["Hologram","Streamline","Rip and Tear"],"picked":"SKIP","floor":28.0},{"not_picked":["Ball Lightning","Go for the Eyes"],"picked":"Force Field","floor":29.0},{"not_picked":["Core Surge","Skim"],"picked":"Gash","floor":30.0},{"not_picked":["Rebound+1","Streamline","Darkness+1"],"picked":"SKIP","floor":31.0},{"not_picked":["Buffer","All For One"],"picked":"Reboot","floor":33.0},{"not_picked":["Reinforced Body","Stack"],"picked":"Steam+1","floor":35.0},{"not_picked":["Lockon","Rebound+1","White Noise"],"picked":"SKIP","floor":37.0},{"not_picked":["Beam Cell","Coolheaded"],"picked":"Self Repair+1","floor":38.0},{"not_picked":["Compile Driver","Redo+1","Sunder"],"picked":"SKIP","floor":41},{"not_picked":["Reinforced Body","Rebound"],"picked":"Recycle","floor":45},{"not_picked":["Static Discharge","Turbo","Thunder Strike"],"picked":"SKIP","floor":46},{"not_picked":["Dark Shackles","Magnetism"],"picked":"Thinking Ahead","floor":47}],"player_experience":498306,"relics_obtained":[{"floor":6.0,"key":"StrikeDummy"},{"floor":9.0,"key":"Bottled Lightning"},{"floor":14.0,"key":"Orichalcum"},{"floor":23.0,"key":"Meat on the Bone"},{"floor":29.0,"key":"Blood Vial"},{"floor":31.0,"key":"Omamori"},{"floor":43,"key":"Centennial Puzzle"}],"event_choices":[{"cards_removed":["Strike_B"],"damage_healed":0.0,"max_hp_gain":0.0,"max_hp_loss":0.0,"gold_gain":0.0,"event_name":"The Cleric","player_choice":"Card Removal","floor":2.0,"gold_loss":50.0,"damage_taken":0.0},{"damage_healed":0.0,"max_hp_gain":0.0,"max_hp_loss":0.0,"gold_gain":75.0,"event_name":"World of Goop","player_choice":"Gather Gold","floor":3.0,"gold_loss":0.0,"damage_taken":11.0},{"damage_healed":0.0,"max_hp_gain":0.0,"max_hp_loss":0.0,"gold_gain":0.0,"event_name":"Shining Light","player_choice":"Ignored","floor":4.0,"gold_loss":0.0,"damage_taken":0.0},{"cards_removed":["Strike_B"],"damage_healed":0.0,"max_hp_gain":0.0,"max_hp_loss":0.0,"gold_gain":0.0,"event_name":"Bonfire Elementals","player_choice":"Offered Basic","floor":5.0,"gold_loss":0.0,"damage_taken":0.0},{"damage_healed":0.0,"max_hp_gain":0.0,"max_hp_loss":0.0,"gold_gain":0.0,"event_name":"WeMeetAgain","player_choice":"Paid Gold","floor":21.0,"gold_loss":91.0,"damage_taken":0.0,"relics_obtained":["Ancient Tea Set"]},{"damage_healed":0,"gold_gain":0,"player_choice":"Memory 1","damage_taken":0,"max_hp_gain":0,"max_hp_loss":0,"event_name":"SensoryStone","floor":47,"gold_loss":0},{"damage_healed":0,"gold_gain":0,"player_choice":"Forge","damage_taken":0,"max_hp_gain":0,"max_hp_loss":0,"event_name":"Accursed Blacksmith","floor":48,"gold_loss":0,"cards_upgraded":["Thinking Ahead"]}],"is_beta":false,"boss_relics":[{"not_picked":["Runic Dome","Tiny House"],"picked":"Empty Cage"},{"not_picked":["Calling Bell","Snecko Eye"],"picked":"Astrolabe"}],"items_purged_floors":[13,36],"is_endless":false,"potions_floor_spawned":[6,8,12,19,25,28,29,30,33,38,41],"killed_by":"Shield and Spear","ascension_level":0}}