{"host":"kp9xjhirrxtjrmhi","time":1613872210,"event":{"mods":["Act Like it!","BaseMod","Downfall","Gensokyo","Hermit","Marisa£®ÏF”Í°°ƒß¿Ì…≥£©","Minty Spire (QoL Compilation)","Remilia£®¿Ÿ√◊¿Ú—«£©","Replay The Spire","StSLib","The Servant 0.9.4","Youmu£®ªÍ∆«—˝√Œ£©"],"gold_per_floor":[99,109,120,135,155,140,191,191,211,211,211,221,234,252,252,352,366,461,461,461,481,550,620,27,77,77,107,124,174,186,511,524,535,552,653,653,553,566,666,797,514,414,437,464,474,493,393,405,148,167,184,184,184,209,55,55,55,55],"floor_reached":59,"language":"ZHS","playtime":5549,"items_purged":["Slimebound:Defend_Slimebound"],"score":1261,"play_id":"f741e360-15e5-4553-b500-af81ac1ef56d","local_time":"20210221115010","is_ascension_mode":false,"campfire_choices":[{"floor":1,"key":"DIG"},{"floor":15,"key":"REST"},{"data":"Slimebound:CorrosiveSpit","floor":20,"key":"SMITH"},{"floor":37,"key":"RECALL"},{"data":"Slimebound:FirmFortitude","floor":42,"key":"SMITH"},{"data":"Slimebound:MassRepurpose","floor":47,"key":"SMITH"},{"floor":56,"key":"REST"}],"circlet_count":0,"master_deck":["Slimebound:Strike_Slimebound","Slimebound:Strike_Slimebound","Slimebound:Strike_Slimebound","Slimebound:Tackle","Slimebound:Defend_Slimebound","Slimebound:Defend_Slimebound","Slimebound:Defend_Slimebound","Slimebound:Split+1","Slimebound:CorrosiveSpit+1","Slimebound:LeechingTouch","Slimebound:GoopSpray+1","Slimebound:SamplingLick","Slimebound:FirmFortitude+1","Slimebound:SplitAcid","Slimebound:LeadByExample","Slimebound:RainOfGoop","Slimebound:HauntingLick+1","Slimebound:LeechingTouch","Slimebound:Prepare","Slimebound:Teamwork","Slimebound:GoopSpray","Slimebound:Gluttony","Slimebound:RallyTheTroops+1","Slimebound:SlimeTap","Slimebound:MassRepurpose+1","Slimebound:SplitMire+1","Slimebound:OozeBath","Slimebound:SamplingLick","Slimebound:HauntingLick+1","Slimebound:SplitLeeching+1","Slimebound:RejuvenatingLick+1","Slimebound:Repurpose","Slimebound:LeadByExample","Slimebound:SlimeTap","Slimebound:Split+1"],"relics":["Slimebound:AbsorbEndCombatUpgraded","Gremlin Food","Replay:Wax Seal","downfall:CloakOfManyFaces","CultistMask","FaceOfCleric","NlothsMask","GremlinMask","SsserpentHead","Runic Pyramid","Strange Spoon","Prayer Wheel","Orichalcum","Old Coin","downfall:HeartBlessingGreen","Incense Burner","Nunchaku","downfall:HeartBlessingRed","InkBottle","downfall:HeartBlessingBlue","Gremlin Horn","Slimebound:MaxSlimesRelic","DollysMirror"],"acts_visited":["Exordium","TheCity","TheBeyond","TheEnding"],"potions_floor_usage":[31,52,52,57,58],"damage_taken":[{"damage":9,"enemies":"Cultist","floor":2,"turns":4},{"damage":7,"enemies":"Small Slimes","floor":3,"turns":4},{"damage":0,"enemies":"Jaw Worm","floor":4,"turns":3},{"damage":15,"enemies":"Lots of Slimes","floor":5,"turns":4},{"damage":0,"enemies":"downfall:FleeingMerchant","floor":6,"turns":4},{"damage":15,"enemies":"Gremlin Gang","floor":9,"turns":5},{"damage":8,"enemies":"downfall:LooterAlt","floor":12,"turns":3},{"damage":5,"enemies":"3 Louse","floor":13,"turns":3},{"damage":14,"enemies":"Blue Slaver","floor":14,"turns":3},{"damage":22,"enemies":"downfall:FaceTrader","floor":16,"turns":8},{"damage":0,"enemies":"Large Slime","floor":17,"turns":4},{"damage":4,"enemies":"SI_SHIV_ARCHETYPE","floor":18,"turns":7},{"damage":14,"enemies":"Shell Parasite","floor":21,"turns":5},{"damage":6,"enemies":"downfall:LooterAlt2","floor":22,"turns":4},{"damage":11,"enemies":"Chosen and Byrds","floor":23,"turns":5},{"damage":3,"enemies":"downfall:FleeingMerchant","floor":24,"turns":4},{"damage":4,"enemies":"Replay:Snechameleon","floor":27,"turns":5},{"damage":11,"enemies":"Snake Plant","floor":28,"turns":3},{"damage":0,"enemies":"Snecko","floor":30,"turns":4},{"damage":17,"enemies":"Book of Stabbing","floor":31,"turns":7},{"damage":8,"enemies":"Sentry and Sphere","floor":32,"turns":4},{"damage":3,"enemies":"Snake Plant","floor":33,"turns":3},{"damage":1,"enemies":"Shelled Parasite and Fungi","floor":34,"turns":4},{"damage":27,"enemies":"DF_ARCHETYPE_CLAW","floor":35,"turns":8},{"damage":18,"enemies":"3 Shapes","floor":38,"turns":5},{"damage":3,"enemies":"3 Shapes","floor":39,"turns":5},{"damage":15,"enemies":"Nemesis","floor":44,"turns":7},{"damage":32,"enemies":"3 Darklings","floor":45,"turns":4},{"damage":0,"enemies":"Maw","floor":46,"turns":7},{"damage":21,"enemies":"4 Shapes","floor":48,"turns":4},{"damage":0,"enemies":"downfall:FleeingMerchant","floor":49,"turns":4},{"damage":19,"enemies":"Transient","floor":50,"turns":5},{"damage":30,"enemies":"3 Darklings","floor":51,"turns":3},{"damage":30,"enemies":"IC_BLOCK_ARCHETYPE","floor":52,"turns":8},{"damage":48,"enemies":"downfall:CharBossMerchant","floor":54,"turns":8},{"damage":19,"enemies":"downfall:NeowBoss","floor":57,"turns":13},{"damage":99,"enemies":"downfall:NeowBossFinal","floor":58,"turns":13}],"seed_played":"5393518715330305676","potions_obtained":[{"floor":5,"key":"Dexterity Potion"},{"floor":9,"key":"Fire Potion"},{"floor":12,"key":"Dexterity Potion"},{"floor":31,"key":"Block Potion"},{"floor":35,"key":"Energy Potion"},{"floor":40,"key":"CultistPotion"},{"floor":54,"key":"Languid Potion"}],"is_trial":false,"path_per_floor":["R","M","M","M","M","$","T","?","M","PTL","PTL","M","M","M","R","?","M","B",null,"R","M","M","M","$","?","T","E","M","?","M","E","M","M","M","B",null,"R","M","?","?","?","R","T","E","M","M","R","M","$","M","M","B",null,"E","$","R","B","B",null],"character_chosen":"SLIMEBOUND","items_purchased":["Slimebound:RallyTheTroops+1","Strange Spoon","Prayer Wheel","Gremlin Horn","DollysMirror"],"campfire_rested":2,"item_purchase_floors":[24,24,24,49,55],"current_hp_per_floor":[71,62,61,67,60,66,66,66,57,57,57,53,52,42,63,49,58,61,73,73,63,66,64,68,68,68,71,69,69,74,66,61,65,71,53,85,85,76,87,66,98,98,98,99,77,93,103,98,113,95,72,58,116,81,81,116,107,24],"gold":55,"neow_bonus":"TEN_PERCENT_HP_BONUS","is_daily":false,"chose_seed":false,"campfire_upgraded":3,"win_rate":0.0,"timestamp":1613872210,"path_taken":["R","M","M","M","M","?","T","?","M","PTL","PTL","M","M","M","R","?","M","BOSS","R","M","?","?","?","?","T","E","M","?","M","E","M","M","M","BOSS","R","M","?","?","?","R","T","E","M","M","R","M","$","M","M","BOSS","E","$","R","BOSS","BOSS"],"items_purchased_type":["Card","Relic","Relic","Relic","Relic"],"build_version":"2020-12-22","purchased_purges":1,"victory":true,"max_hp_per_floor":[71,71,71,71,71,71,71,71,71,71,71,71,71,71,71,71,72,73,73,73,74,75,76,77,77,77,78,79,79,80,81,82,83,84,85,85,85,86,87,87,98,98,98,99,100,101,111,112,113,114,115,116,116,117,117,117,118,119],"card_choices":[{"not_picked":["Slimebound:SplitMire","Slimebound:Schlurp"],"picked":"Slimebound:LeechingTouch","floor":2},{"not_picked":["Slimebound:SplitAcid","Slimebound:MegaLick"],"picked":"Slimebound:GoopSpray","floor":3},{"not_picked":["Slimebound:SplitLeeching","Slimebound:ItLooksTasty"],"picked":"Slimebound:SamplingLick","floor":4},{"not_picked":["Slimebound:LeechEnergy","Slimebound:SamplingLick"],"picked":"Slimebound:FirmFortitude","floor":5},{"not_picked":["Slimebound:FinishingTackle","Slimebound:LivingWall"],"picked":"Slimebound:SplitAcid","floor":6},{"not_picked":["Slimebound:SlimeTap","Slimebound:RollThrough"],"picked":"Slimebound:LeadByExample","floor":9},{"not_picked":["Slimebound:Chomp","Slimebound:Schlurp"],"picked":"Slimebound:RainOfGoop","floor":12},{"not_picked":["Slimebound:RainOfGoop","Slimebound:Equalize","Slimebound:Replication"],"picked":"SKIP","floor":13},{"not_picked":["Slimebound:LeechLife","Slimebound:FlameTackle"],"picked":"Slimebound:HauntingLick","floor":14},{"not_picked":["Slimebound:SlimeSpikes","Slimebound:DisruptingSlam"],"picked":"Slimebound:LeechingTouch","floor":16},{"not_picked":["Slimebound:Chomp","Slimebound:SplitLeeching"],"picked":"Slimebound:Prepare","floor":17},{"not_picked":["Slimebound:PrepareCrush","Slimebound:DuplicatedForm"],"picked":"Slimebound:Teamwork","floor":18},{"not_picked":["Slimebound:FormOfPuddle+1","Slimebound:SplitBruiser"],"picked":"Slimebound:GoopSpray","floor":21},{"not_picked":["Slimebound:SlimeBrawl","Slimebound:ComboTackle","Slimebound:LeechingTouch"],"picked":"SKIP","floor":22},{"not_picked":["Slimebound:RollThrough","Slimebound:Schlurp"],"picked":"Slimebound:Gluttony","floor":23},{"not_picked":["Slimebound:SlimeBrawl","Slimebound:GoopTackle","Slimebound:Gluttony"],"picked":"SKIP","floor":24},{"not_picked":["Slimebound:Prepare","Slimebound:RainOfGoop","Slimebound:Replication"],"picked":"SKIP","floor":27},{"not_picked":["Slimebound:SlimeBarrage","Slimebound:RollThrough+1"],"picked":"Slimebound:SlimeTap","floor":28},{"not_picked":["Slimebound:TongueLash+1","Slimebound:Replication","Slimebound:LeechingTouch"],"picked":"SKIP","floor":28},{"not_picked":["Slimebound:SlimeBarrage","Slimebound:Gluttony+1"],"picked":"Slimebound:MassRepurpose","floor":30},{"not_picked":["Slimebound:LeechEnergy","Slimebound:Schlurp","Slimebound:SlimeBrawl"],"picked":"SKIP","floor":30},{"not_picked":["Slimebound:SplitBruiser","Slimebound:Equalize"],"picked":"Slimebound:SplitMire+1","floor":31},{"not_picked":["Slimebound:LivingWall","Slimebound:MegaLick"],"picked":"Slimebound:OozeBath","floor":32},{"not_picked":["Slimebound:SplitBruiser","Slimebound:GoopSpray","Slimebound:Equalize"],"picked":"SKIP","floor":32},{"not_picked":["Slimebound:Dissolve","Slimebound:RainOfGoop","Slimebound:LeechingTouch"],"picked":"SKIP","floor":33},{"not_picked":["Slimebound:BestDefense","Slimebound:LeechEnergy","Slimebound:SplitAcid"],"picked":"SKIP","floor":33},{"not_picked":["Slimebound:RollThrough","Slimebound:SplitMire"],"picked":"Slimebound:SamplingLick","floor":34},{"not_picked":["Slimebound:SplitBruiser","Slimebound:LeechingTouch+1","Slimebound:SlimeSpikes"],"picked":"SKIP","floor":34},{"not_picked":["Slimebound:Schlurp+1","Slimebound:LeechingTouch+1"],"picked":"Slimebound:HauntingLick+1","floor":38},{"not_picked":["Slimebound:Prepare+1","Slimebound:LeechingTouch+1"],"picked":"Slimebound:SplitLeeching+1","floor":38},{"not_picked":["Slimebound:TongueLash","Slimebound:SlimeSpikes"],"picked":"Slimebound:RejuvenatingLick+1","floor":44},{"not_picked":["Slimebound:LeechingTouch","Slimebound:SplitBruiser"],"picked":"Slimebound:Repurpose","floor":45},{"not_picked":["Slimebound:Grow","Slimebound:SplitAcid","Slimebound:RollThrough+1"],"picked":"SKIP","floor":45},{"not_picked":["Slimebound:FlameTackle","Slimebound:LeechingTouch","Slimebound:ProtectTheBoss"],"picked":"SKIP","floor":46},{"not_picked":["Slimebound:LivingWall+1","Slimebound:GoopSpray","Slimebound:ComboTackle+1"],"picked":"SKIP","floor":46},{"not_picked":["Slimebound:SlimeBrawl+1","Slimebound:FlameTackle"],"picked":"Slimebound:LeadByExample","floor":48},{"not_picked":["Slimebound:SlimeTap","Slimebound:MegaLick+1","Slimebound:FirmFortitude"],"picked":"SKIP","floor":48},{"not_picked":["Slimebound:PressTheAttack","Slimebound:FinishingTackle","Slimebound:GrowthPunch+1"],"picked":"SKIP","floor":49},{"not_picked":["Slimebound:LeechEnergy+1","Slimebound:ProtectTheBoss+1"],"picked":"Slimebound:SlimeTap","floor":50},{"not_picked":["Slimebound:LivingWall","Slimebound:SlimeSpikes","Slimebound:RollThrough"],"picked":"SKIP","floor":50},{"not_picked":["Slimebound:SplitMire","Slimebound:ItLooksTasty","Slimebound:LivingWall"],"picked":"SKIP","floor":51},{"not_picked":["Slimebound:DisruptingSlam","Slimebound:LivingWall","Slimebound:LeechEnergy+1"],"picked":"SKIP","floor":51},{"not_picked":["Slimebound:PrepareCrush","Slimebound:ProtectTheBoss","Slimebound:SplitAcid"],"picked":"SKIP","floor":54}],"player_experience":297254,"relics_obtained":[{"floor":1,"key":"Gremlin Food"},{"floor":7,"key":"Replay:Wax Seal"},{"floor":16,"key":"downfall:CloakOfManyFaces"},{"floor":27,"key":"Orichalcum"},{"floor":31,"key":"Old Coin"},{"floor":39,"key":"Incense Burner"},{"floor":40,"key":"Nunchaku"},{"floor":44,"key":"InkBottle"},{"floor":54,"key":"Slimebound:MaxSlimesRelic"}],"event_choices":[],"is_beta":false,"boss_relics":[{"not_picked":["Slimebound:TarBlob","Velvet Choker"],"picked":"Runic Pyramid"},{"not_picked":["Tiny House","Kintsugi"],"picked":"Slimebound:AbsorbEndCombatUpgraded"}],"items_purged_floors":[24],"is_endless":false,"potions_floor_spawned":[5,9,12,14,16,23,28,31,32,34,35,39,45,46,50,54],"ascension_level":0}}