{"host":"2l5k2wp87eek7qja","time":1613934024,"event":{"mods":["BaseMod","Colored Map","Minty Spire (QoL Compilation)","Relic Stats"],"gold_per_floor":[118,118,118,130,130,130,164,164,164,192,216,228,255,285,297,380,392,423,435,447,409,436,448,480,492,527,539,551,551],"floor_reached":28,"language":"ENG","playtime":793,"items_purged":[],"score":502,"play_id":"ce4138dd-02a3-4981-be00-22049d82045c","local_time":"20210221210024","is_ascension_mode":true,"campfire_choices":[{"data":"Neutralize","floor":6,"key":"SMITH"},{"data":"Predator","floor":8,"key":"SMITH"},{"floor":12,"key":"RECALL"},{"data":"Survivor","floor":15,"key":"SMITH"},{"floor":23,"key":"REST"},{"floor":27,"key":"REST"}],"circlet_count":0,"master_deck":["AscendersBane","Strike_G","Defend_G","Defend_G","Defend_G","Defend_G","Defend_G","Survivor+1","Neutralize+1","Quick Slash+1","Infinite Blades","Predator+1","Bouncing Flask+1","PiercingWail+1","Cloak And Dagger+1","Cloak And Dagger+1","Malaise+1","Bouncing Flask+1","Calculated Gamble+1","Well Laid Plans+1","Cloak And Dagger+1","Prepared+1","Deflect+1"],"relics":["Ring of the Snake","NeowsBlessing","TungstenRod","Thread and Needle","Toxic Egg 2","MawBank","Astrolabe","Oddly Smooth Stone"],"acts_visited":["Exordium","TheCity"],"potions_floor_usage":[10,28],"damage_taken":[{"damage":0,"enemies":"Small Slimes","floor":1,"turns":1},{"damage":0,"enemies":"Jaw Worm","floor":4,"turns":1},{"damage":0,"enemies":"3 Sentries","floor":7,"turns":2},{"damage":17,"enemies":"Gremlin Nob","floor":10,"turns":4},{"damage":0,"enemies":"Cultist","floor":11,"turns":3},{"damage":1,"enemies":"Looter","floor":13,"turns":3},{"damage":0,"enemies":"Blue Slaver","floor":14,"turns":4},{"damage":11,"enemies":"The Guardian","floor":16,"turns":10},{"damage":1,"enemies":"Chosen","floor":18,"turns":5},{"damage":7,"enemies":"Shell Parasite","floor":22,"turns":5},{"damage":6,"enemies":"Snake Plant","floor":24,"turns":4},{"damage":71,"enemies":"Gremlin Leader","floor":28,"turns":10}],"seed_played":"711386554935016371","potions_obtained":[{"floor":1,"key":"Swift Potion"},{"floor":13,"key":"Energy Potion"},{"floor":14,"key":"SteroidPotion"},{"floor":18,"key":"CultistPotion"},{"floor":22,"key":"DuplicationPotion"}],"is_trial":false,"path_per_floor":["M","?","?","M","?","R","E","R","T","E","M","R","M","M","R","B",null,"M","?","?","?","M","R","M","?","T","R","E"],"character_chosen":"THE_SILENT","items_purchased":[],"campfire_rested":2,"item_purchase_floors":[],"current_hp_per_floor":[59,59,33,33,33,33,33,33,33,16,16,16,15,15,15,4,51,50,50,33,33,26,47,41,41,41,62,0,0],"gold":551,"neow_bonus":"THREE_ENEMY_KILL","is_daily":false,"chose_seed":false,"campfire_upgraded":3,"win_rate":0.0,"timestamp":1613934024,"path_taken":["M","?","?","M","?","R","E","R","T","E","?","R","M","M","R","BOSS","M","?","?","?","?","R","M","?","T","R","E"],"items_purchased_type":[],"build_version":"2020-12-22","purchased_purges":0,"victory":false,"max_hp_per_floor":[66,66,66,66,66,66,66,66,66,66,66,66,66,66,66,66,66,66,66,71,71,71,71,71,71,71,71,71,71],"relic_stats":{"counters":[12,52],"Astrolabe":["Bouncing Flask","Calculated Gamble","Well Laid Plans"],"MawBank":216,"obtain_stats":[{"NeowsBlessing":0,"Astrolabe":17,"Oddly Smooth Stone":26,"Thread and Needle":7,"Toxic Egg 2":9,"MawBank":10,"TungstenRod":3,"Ring of the Snake":0},{"NeowsBlessing":0,"Astrolabe":8,"Oddly Smooth Stone":11,"Thread and Needle":3,"Toxic Egg 2":3,"MawBank":4,"TungstenRod":1,"Ring of the Snake":0},{"NeowsBlessing":0,"Astrolabe":28,"Oddly Smooth Stone":42,"Thread and Needle":4,"Toxic Egg 2":4,"MawBank":8,"TungstenRod":1,"Ring of the Snake":0}],"TungstenRod":22,"Ring of the Snake":[24]},"card_choices":[{"not_picked":["Catalyst","Endless Agony"],"picked":"Quick Slash","floor":1},{"not_picked":["Bane","Finisher","Outmaneuver"],"picked":"SKIP","floor":4},{"not_picked":["Masterful Stab","Heel Hook"],"picked":"Predator","floor":7},{"not_picked":["Dagger Throw","Outmaneuver+1"],"picked":"Bouncing Flask+1","floor":10},{"not_picked":["Slice","After Image"],"picked":"PiercingWail+1","floor":11},{"not_picked":["Endless Agony","Escape Plan+1"],"picked":"Cloak And Dagger+1","floor":13},{"not_picked":["Dagger Spray","Acrobatics+1"],"picked":"Cloak And Dagger+1","floor":14},{"not_picked":["Phantasmal Killer+1","Venomology+1"],"picked":"Malaise+1","floor":16},{"not_picked":["Quick Slash","Escape Plan+1"],"picked":"Cloak And Dagger+1","floor":18},{"not_picked":["All Out Attack","Bane"],"picked":"Prepared+1","floor":22},{"not_picked":["Slice","Dagger Throw"],"picked":"Deflect+1","floor":24}],"player_experience":846521,"relics_obtained":[{"floor":7,"key":"Thread and Needle"},{"floor":9,"key":"Toxic Egg 2"},{"floor":10,"key":"MawBank"},{"floor":26,"key":"Oddly Smooth Stone"}],"event_choices":[{"damage_healed":0,"gold_gain":0,"player_choice":"Grow","damage_taken":0,"max_hp_gain":0,"max_hp_loss":0,"event_name":"Living Wall","floor":2,"gold_loss":0,"cards_upgraded":["Quick Slash"]},{"damage_healed":0,"gold_gain":0,"player_choice":"Success","damage_taken":26,"relics_obtained":["TungstenRod"],"max_hp_gain":0,"max_hp_loss":0,"event_name":"Scrap Ooze","floor":3,"gold_loss":0},{"damage_healed":0,"gold_gain":0,"cards_transformed":["Strike_G"],"player_choice":"Transformed","damage_taken":0,"max_hp_gain":0,"max_hp_loss":0,"event_name":"Transmorgrifier","floor":5,"gold_loss":0,"cards_obtained":["Infinite Blades"]},{"damage_healed":0,"gold_gain":0,"player_choice":"Ignored","damage_taken":0,"max_hp_gain":0,"max_hp_loss":0,"event_name":"Vampires","floor":19,"gold_loss":0},{"damage_healed":0,"gold_gain":0,"player_choice":"Shed Blood","damage_taken":23,"max_hp_gain":5,"max_hp_loss":0,"event_name":"Forgotten Altar","floor":20,"gold_loss":0},{"damage_healed":0,"gold_gain":0,"player_choice":"Bet on Owner","damage_taken":0,"max_hp_gain":0,"max_hp_loss":0,"event_name":"The Joust","floor":21,"gold_loss":50},{"damage_healed":0,"gold_gain":0,"player_choice":"Ignored","damage_taken":0,"max_hp_gain":0,"max_hp_loss":0,"event_name":"The Mausoleum","floor":25,"gold_loss":0}],"is_beta":false,"boss_relics":[{"not_picked":["Calling Bell","Velvet Choker"],"picked":"Astrolabe"}],"items_purged_floors":[],"is_endless":false,"potions_floor_spawned":[1,13,14,18,22],"killed_by":"Gremlin Leader","ascension_level":20}}