{"host":"67dbklwnaq0pv002","time":1613927803,"event":{"mods":["2.2 Compatiblity","AchievementEnabler","Act Like it!","BaseMod","Colored Map","Colored Powertips","Custom Start","KOR Keyword Fix","Minty Spire (QoL Compilation)","Quick Restart","StSLib","SuperFastMode"],"gold_per_floor":[116,116,126,126,138,164,164,19,46,46,9,25,25,36,36,131,131,143,163,176,176,194,194,194,194,194,221,235,235,247,64,64,167,167,185,42,55,69,0,0,20,20,20,20,38,48,48,62,62,62,62,62,38,70,70,70],"floor_reached":55,"language":"KOR","playtime":2754,"items_purged":["Defend_B"],"score":691,"play_id":"157945f7-4065-47b7-a231-c590307cea79","local_time":"20210222021643","is_ascension_mode":false,"campfire_choices":[{"data":"Beam Cell","floor":7.0,"key":"SMITH"},{"floor":10.0,"key":"REST"},{"floor":15.0,"key":"REST"},{"floor":23.0,"key":"REST"},{"floor":25.0,"key":"REST"},{"floor":32.0,"key":"REST"},{"floor":40.0,"key":"REST"},{"floor":44.0,"key":"REST"},{"floor":49.0,"key":"RECALL"},{"floor":52.0,"key":"REST"}],"circlet_count":0,"master_deck":["Defend_B+1","Defend_B","Zap+1","Dualcast","Sweeping Beam","Skim","Beam Cell+1","Genetic Algorithm","Fusion","Gash","Hello World","Core Surge","Recycle","White Noise+1","Gash","Hologram+1","Ghostly","Ghostly","Ghostly","Ghostly","Ghostly","Biased Cognition","Apotheosis+1","Seek","Amplify","Chaos","Capacitor","Scrape+1","Parasite","Steam Power+1","Ghostly","Steam","Fission"],"relics":["Cracked Core","Blood Vial","PreservedInsect","Fusion Hammer","Nunchaku","Nloth\u0027s Gift","Empty Cage","Red Mask","Mercury Hourglass","DataDisk"],"acts_visited":["Exordium","TheCity","TheBeyond","TheEnding"],"potions_floor_usage":[55],"damage_taken":[{"damage":1.0,"enemies":"Jaw Worm","floor":1.0,"turns":3.0},{"damage":0.0,"enemies":"2 Louse","floor":3.0,"turns":2.0},{"damage":0.0,"enemies":"Cultist","floor":5.0,"turns":3.0},{"damage":8.0,"enemies":"Gremlin Nob","floor":6.0,"turns":3.0},{"damage":12.0,"enemies":"2 Fungi Beasts","floor":12.0,"turns":3.0},{"damage":23.0,"enemies":"Exordium Wildlife","floor":14.0,"turns":4.0},{"damage":23.0,"enemies":"Slime Boss","floor":16.0,"turns":11.0},{"damage":24.0,"enemies":"Spheric Guardian","floor":18.0,"turns":6.0},{"damage":29.0,"enemies":"3 Byrds","floor":19.0,"turns":4.0},{"damage":22.0,"enemies":"Snecko","floor":20.0,"turns":8.0},{"damage":30.0,"enemies":"Snake Plant","floor":22.0,"turns":4.0},{"damage":17.0,"enemies":"Slavers","floor":27.0,"turns":7.0},{"damage":4.0,"enemies":"3 Cultists","floor":28.0,"turns":6.0},{"damage":1.0,"enemies":"Snecko","floor":30.0,"turns":6.0},{"damage":3.0,"enemies":"Automaton","floor":33.0,"turns":9.0},{"damage":15.0,"enemies":"Orb Walker","floor":35.0,"turns":4.0},{"damage":5.0,"enemies":"3 Shapes","floor":37.0,"turns":4.0},{"damage":8.0,"enemies":"3 Darklings","floor":38.0,"turns":6.0},{"damage":21.0,"enemies":"Writhing Mass","floor":41.0,"turns":8.0},{"damage":2.0,"enemies":"Transient","floor":45.0,"turns":5.0},{"damage":2.0,"enemies":"4 Shapes","floor":46.0,"turns":6.0},{"damage":2.0,"enemies":"Spire Growth","floor":48.0,"turns":5.0},{"damage":14.0,"enemies":"Donu and Deca","floor":50.0,"turns":8.0},{"damage":0.0,"enemies":"Shield and Spear","floor":54.0,"turns":5.0},{"damage":37,"enemies":"The Heart","floor":55,"turns":8}],"seed_played":"3049280571852228649","potions_obtained":[{"floor":4.0,"key":"EssenceOfDarkness"},{"floor":4.0,"key":"EssenceOfSteel"},{"floor":4.0,"key":"BlessingOfTheForge"},{"floor":14.0,"key":"EssenceOfSteel"},{"floor":19.0,"key":"Strength Potion"},{"floor":22.0,"key":"Strength Potion"},{"floor":27.0,"key":"SkillPotion"},{"floor":33.0,"key":"Ancient Potion"},{"floor":38.0,"key":"SkillPotion"},{"floor":46.0,"key":"Strength Potion"},{"floor":48.0,"key":"EntropicBrew"}],"is_trial":false,"path_per_floor":["M","?","M","?","M","E","R","$","T","R","$","M","?","M","R","B",null,"M","M","M","?","M","R","?","R","T","E","M","?","M","$","R","B",null,"M","$","M","M","?","R","M","?","T","R","M","M","?","M","R","B",null,"R","$","E","B"],"character_chosen":"DEFECT","items_purchased":["PreservedInsect","Fusion","Apotheosis","Chaos","Steam"],"campfire_rested":8,"item_purchase_floors":[8,11,31,36,53],"current_hp_per_floor":[53,38,38,38,38,30,30,30,30,52,52,42,35,14,36,15,75,51,24,4,29,1,23,23,34,34,19,17,17,18,18,29,28,37,22,22,19,13,13,24,5,5,5,16,16,16,16,16,16,4,37,37,37,37,0,0],"gold":70,"neow_bonus":"REMOVE_TWO","is_daily":false,"chose_seed":false,"campfire_upgraded":1,"win_rate":0.0,"timestamp":1613927803,"path_taken":["M","?","M","?","M","E","R","$","T","R","$","?","?","M","R","BOSS","M","M","M","?","M","R","?","R","T","E","M","?","?","$","R","BOSS","M","$","?","M","?","R","M","?","T","R","M","?","?","?","R","BOSS","R","$","E","BOSS"],"items_purchased_type":["Relic","Card","Card","Card","Card"],"build_version":"2020-12-22","purchased_purges":1,"victory":false,"max_hp_per_floor":[75,75,75,75,75,75,75,75,75,75,75,75,75,75,75,75,75,75,75,75,75,75,75,37,37,37,37,37,37,37,37,37,37,37,37,37,37,37,37,37,37,37,37,37,37,37,37,37,37,37,37,37,37,37,37,37],"card_choices":[{"not_picked":["Redo","Conserve Battery"],"picked":"Sweeping Beam","floor":1.0},{"not_picked":["FTL","Go for the Eyes"],"picked":"Skim","floor":3.0},{"not_picked":["Compile Driver","Sweeping Beam"],"picked":"Beam Cell","floor":5.0},{"not_picked":["Double Energy","Reinforced Body"],"picked":"Genetic Algorithm","floor":6.0},{"not_picked":["Sweeping Beam","Barrage"],"picked":"Gash","floor":12.0},{"not_picked":["Reboot","Redo"],"picked":"Hello World","floor":14.0},{"not_picked":["Amplify","Electrodynamics"],"picked":"Core Surge","floor":16.0},{"not_picked":["Redo","Cold Snap"],"picked":"Recycle","floor":18.0},{"not_picked":["Go for the Eyes","Rebound"],"picked":"White Noise+1","floor":19.0},{"not_picked":["Steam","Chill"],"picked":"Gash","floor":20.0},{"not_picked":["Ball Lightning","Reprogram"],"picked":"Hologram+1","floor":22.0},{"not_picked":["Redo","Coolheaded"],"picked":"Biased Cognition","floor":27.0},{"not_picked":["Conserve Battery","Compile Driver+1","Coolheaded"],"picked":"SKIP","floor":28.0},{"not_picked":["Turbo","Cold Snap","Beam Cell+1"],"picked":"SKIP","floor":30.0},{"not_picked":["Rainbow","Multi-Cast"],"picked":"Seek","floor":33.0},{"not_picked":["White Noise","Conserve Battery"],"picked":"Amplify","floor":35.0},{"not_picked":["Scrape","Compile Driver"],"picked":"Capacitor","floor":37.0},{"not_picked":["FTL","Consume"],"picked":"Scrape+1","floor":38.0},{"not_picked":["Streamline","Reinforced Body"],"picked":"Steam Power+1","floor":41.0},{"not_picked":["Lockon+1","Barrage","Go for the Eyes"],"picked":"SKIP","floor":45.0},{"not_picked":["Cold Snap+1","White Noise+1","Force Field+1"],"picked":"SKIP","floor":46.0},{"not_picked":["Rebound","Beam Cell","Hologram+1"],"picked":"SKIP","floor":48.0},{"not_picked":["Cold Snap","Compile Driver+1"],"picked":"Fission","floor":54.0}],"player_experience":613508,"relics_obtained":[{"floor":6.0,"key":"Blood Vial"},{"floor":26.0,"key":"Blue Candle"},{"floor":27.0,"key":"Nunchaku"},{"floor":43.0,"key":"Mercury Hourglass"},{"floor":54.0,"key":"DataDisk"}],"event_choices":[{"damage_healed":0.0,"max_hp_gain":0.0,"max_hp_loss":0.0,"gold_gain":0.0,"event_name":"Shining Light","player_choice":"Entered Light","floor":2.0,"gold_loss":0.0,"damage_taken":15.0,"cards_upgraded":["Defend_B","Zap"]},{"damage_healed":0.0,"max_hp_gain":0.0,"max_hp_loss":0.0,"gold_gain":0.0,"event_name":"Lab","player_choice":"Got Potions","floor":4.0,"gold_loss":0.0,"damage_taken":0.0},{"cards_removed":["Strike_B"],"damage_healed":0.0,"max_hp_gain":0.0,"max_hp_loss":0.0,"gold_gain":0.0,"event_name":"Golden Wing","player_choice":"Card Removal","floor":13.0,"gold_loss":0.0,"damage_taken":7.0},{"damage_healed":25.0,"max_hp_gain":0.0,"max_hp_loss":0.0,"gold_gain":0.0,"event_name":"The Library","player_choice":"Heal","floor":21.0,"gold_loss":0.0,"damage_taken":0.0},{"damage_healed":0.0,"max_hp_gain":0.0,"max_hp_loss":38.0,"gold_gain":0.0,"event_name":"Ghosts","player_choice":"Became a Ghost","floor":24.0,"gold_loss":0.0,"damage_taken":0.0,"cards_obtained":["Ghostly","Ghostly","Ghostly","Ghostly","Ghostly"]},{"damage_healed":0.0,"max_hp_gain":0.0,"max_hp_loss":0.0,"gold_gain":0.0,"event_name":"N\u0027loth","player_choice":"Traded Relic","floor":29.0,"relics_lost":["Blue Candle"],"gold_loss":0.0,"damage_taken":0.0,"relics_obtained":["Nloth\u0027s Gift"]},{"damage_healed":0.0,"max_hp_gain":0.0,"max_hp_loss":0.0,"gold_gain":0.0,"event_name":"Tomb of Lord Red Mask","player_choice":"Paid","floor":39.0,"gold_loss":69.0,"damage_taken":0.0,"relics_obtained":["Red Mask"]},{"damage_healed":0.0,"max_hp_gain":0.0,"max_hp_loss":0.0,"gold_gain":0.0,"event_name":"Upgrade Shrine","player_choice":"Upgraded","floor":42.0,"gold_loss":0.0,"damage_taken":0.0,"cards_upgraded":["Apotheosis"]},{"damage_healed":0.0,"max_hp_gain":0.0,"max_hp_loss":0.0,"gold_gain":0.0,"event_name":"Duplicator","player_choice":"Copied","floor":47.0,"gold_loss":0.0,"damage_taken":0.0,"cards_obtained":["Ghostly"]}],"is_beta":false,"boss_relics":[{"not_picked":["SlaversCollar","Sozu"],"picked":"Fusion Hammer"},{"not_picked":["SacredBark","Astrolabe"],"picked":"Empty Cage"}],"items_purged_floors":[36],"is_endless":false,"potions_floor_spawned":[5,14,19,22,27,30,33,38,46,48],"killed_by":"The Heart","ascension_level":0}}