{"host":"72n3jwtrlpjobydj","time":1613922053,"event":{"mods":["AchievementEnabler","Act Like it!","Arknights","BaseMod","CapriCore","DeckTracker","Hermit","Koishi","Lobotomy","Marisa£¨Ùöéë¡¡Øª×âÞÞ£©","Minty Spire (QoL Compilation)","Permanent Neow","Replay The Spire","StSLib","SuperFastMode","The Cursed","The Gatherer","The Hierophant","The Immortal"],"gold_per_floor":[119,119,129,129,148,181,181,206,282,282,237,256,275,240,240,240,240],"floor_reached":16,"language":"KOR","playtime":770,"items_purged":[],"score":102,"play_id":"8e53123d-6bf8-4480-9a44-98eb139b6b5e","local_time":"20210222004053","is_ascension_mode":false,"campfire_choices":[{"floor":7,"key":"REST"},{"data":"ats:Revitalization","floor":10,"key":"SMITH"},{"floor":15,"key":"REST"}],"circlet_count":0,"master_deck":["ats:Strike C","ats:Strike G","ats:Strike S","ats:Armor Crushing Shot","ats:Defend","ats:Defend","ats:Defend","ats:Emotion Absorption","ats:Song Of Battle","ats:Shadow Raid","ats:Directed Diagnosis","ats:Composite Medical Shells","ats:Revitalization+1"],"relics":["ats:Sanity","Golden Idol","ats:Originium","Lizard Tail","Mirror"],"acts_visited":["Exordium"],"potions_floor_usage":[13,16,16],"damage_taken":[{"damage":6,"enemies":"Jaw Worm","floor":1,"turns":5},{"damage":11,"enemies":"ats:Genji","floor":3,"turns":5},{"damage":0,"enemies":"Small Slimes","floor":5,"turns":4},{"damage":59,"enemies":"3 Sentries","floor":6,"turns":11},{"damage":7,"enemies":"2 Fungi Beasts","floor":8,"turns":5},{"damage":12,"enemies":"Looter","floor":11,"turns":5},{"damage":55,"enemies":"Gremlin Gang","floor":12,"turns":6},{"damage":44,"enemies":"Exordium Thugs","floor":13,"turns":9},{"damage":178,"enemies":"Hexaghost","floor":16,"turns":18}],"seed_played":"8568372367421878455","potions_obtained":[{"floor":1,"key":"Dexterity Potion"},{"floor":6,"key":"Languid Potion"},{"floor":12,"key":"BlessingOfTheForge"},{"floor":13,"key":"SpeedPotion"}],"is_trial":false,"path_per_floor":["M","?","M","?","M","E","R","M","T","R","M","M","M","?","R","B"],"character_chosen":"DOCTOR_CLASS","items_purchased":[],"campfire_rested":2,"item_purchase_floors":[],"current_hp_per_floor":[66,66,55,55,65,26,46,54,54,54,58,27,13,29,49,0,0],"gold":240,"neow_bonus":"RANDOM_EVENT","is_daily":false,"chose_seed":false,"campfire_upgraded":1,"win_rate":0.0,"timestamp":1613922053,"path_taken":["M","?","?","?","M","E","R","M","T","R","M","M","M","?","R","BOSS"],"items_purchased_type":[],"build_version":"2020-12-22","purchased_purges":0,"victory":false,"max_hp_per_floor":[72,72,72,67,67,67,67,67,67,67,67,67,67,67,67,67,67],"card_choices":[{"not_picked":["ats:Demon Strength","ats:Hammer On","ats:Closed Bolt Burst Fire"],"picked":"SKIP","floor":1},{"not_picked":["ats:Red Shift","ats:Steam Pump"],"picked":"ats:Directed Diagnosis","floor":3},{"not_picked":["ats:Shell Defense","ats:Powerful Strike"],"picked":"ats:Composite Medical Shells","floor":5},{"not_picked":["ats:Powerful Strike","ats:Charging Defense","ats:Closed Bolt Burst Fire"],"picked":"SKIP","floor":6},{"not_picked":["ats:Hammer On","ats:Composite Medical Shells"],"picked":"ats:Revitalization","floor":8},{"not_picked":["ats:Durian","ats:Absolute Focus","ats:Leaping Hammer"],"picked":"SKIP","floor":11},{"not_picked":["ats:Closed Bolt Burst Fire","ats:Shadow Raid","ats:Guard Mode"],"picked":"SKIP","floor":12},{"not_picked":["ats:Curse Doll","ats:Powerful Strike","ats:Ignite"],"picked":"SKIP","floor":13}],"player_experience":111164,"relics_obtained":[{"floor":6,"key":"ats:Originium"},{"floor":6,"key":"Lizard Tail"},{"floor":9,"key":"Mirror"}],"event_choices":[{"damage_healed":0,"gold_gain":0,"cards_transformed":["ats:Strike V"],"player_choice":"Change","damage_taken":0,"max_hp_gain":0,"max_hp_loss":0,"event_name":"Living Wall","floor":0,"gold_loss":0,"cards_obtained":["ats:Song Of Battle"]},{"damage_healed":0,"gold_gain":0,"cards_transformed":["ats:Defend"],"player_choice":"Transformed","damage_taken":0,"max_hp_gain":0,"max_hp_loss":0,"event_name":"Transmorgrifier","floor":2,"gold_loss":0,"cards_obtained":["ats:Shadow Raid"]},{"damage_healed":0,"gold_gain":0,"player_choice":"Lose Max HP","damage_taken":0,"relics_obtained":["Golden Idol"],"max_hp_gain":0,"max_hp_loss":5,"event_name":"Golden Idol","floor":4,"gold_loss":0},{"damage_healed":16,"gold_gain":0,"player_choice":"Healed","damage_taken":0,"max_hp_gain":0,"max_hp_loss":0,"event_name":"The Cleric","floor":14,"gold_loss":35}],"is_beta":false,"boss_relics":[],"items_purged_floors":[],"is_endless":false,"potions_floor_spawned":[1,6,12,13],"killed_by":"Hexaghost","ascension_level":0}}