{"host":"bf5upntvbdompq33","time":1613880074,"event":{"mods":["BaseMod","Bestiary","Colored Map","Colored Powertips","Curses Come First","Highlight Path","Minty Spire (QoL Compilation)","StSLib","ojb\u0027s Info Mod"],"gold_per_floor":[109,129,42,42,42,87,87,111,111,111,160,185,219,241,241,241,241],"floor_reached":16,"language":"ENG","playtime":539,"items_purged":[],"score":212,"play_id":"573d96a8-6711-4b1e-bf6f-869ca7af5420","local_time":"20210220210114","is_ascension_mode":true,"campfire_choices":[{"data":"Dash","floor":7,"key":"SMITH"},{"data":"All Out Attack","floor":10,"key":"SMITH"},{"floor":15,"key":"REST"}],"circlet_count":0,"master_deck":["AscendersBane","Strike_G","Strike_G","Strike_G","Strike_G","Strike_G","Defend_G","Defend_G","Defend_G+1","Defend_G+1","Defend_G","Survivor","Neutralize","Dash+1","Quick Slash","Bouncing Flask","Bane","All Out Attack+1","Slice","Acrobatics","Sucker Punch","Slice","PiercingWail"],"relics":["Ring of the Snake","NeowsBlessing","Golden Idol","Bottled Lightning","CeramicFish","Paper Crane","War Paint"],"acts_visited":["Exordium"],"potions_floor_usage":[11,14],"damage_taken":[{"damage":0,"enemies":"Cultist","floor":1,"turns":1},{"damage":0,"enemies":"Jaw Worm","floor":2,"turns":1},{"damage":0,"enemies":"Gremlin Nob","floor":6,"turns":1},{"damage":0,"enemies":"Small Slimes","floor":8,"turns":2},{"damage":20,"enemies":"Lagavulin","floor":11,"turns":4},{"damage":3,"enemies":"2 Fungi Beasts","floor":12,"turns":2},{"damage":4,"enemies":"Exordium Thugs","floor":13,"turns":2},{"damage":10,"enemies":"Large Slime","floor":14,"turns":2},{"damage":45,"enemies":"The Guardian","floor":16,"turns":10}],"seed_played":"-1041910949979820201","potions_obtained":[{"floor":6,"key":"SneckoOil"},{"floor":8,"key":"Strength Potion"},{"floor":13,"key":"GamblersBrew"},{"floor":14,"key":"SteroidPotion"}],"is_trial":false,"path_per_floor":["M","M","$","?","T","E","R","M","T","R","E","M","M","M","R","B"],"character_chosen":"THE_SILENT","items_purchased":["Bouncing Flask","Bane"],"campfire_rested":1,"item_purchase_floors":[3,3],"current_hp_per_floor":[63,63,63,63,63,63,63,63,63,63,43,40,36,26,45,0,0],"gold":241,"neow_bonus":"THREE_ENEMY_KILL","is_daily":false,"chose_seed":false,"campfire_upgraded":2,"win_rate":0.0,"timestamp":1613880074,"path_taken":["M","M","$","?","?","E","R","M","T","R","E","M","M","M","R","BOSS"],"items_purchased_type":["Card","Card"],"build_version":"2020-12-22","purchased_purges":0,"victory":false,"max_hp_per_floor":[70,70,70,65,65,65,65,65,65,65,65,65,65,65,65,65,65],"card_choices":[{"not_picked":["Flying Knee","Slice"],"picked":"Dash","floor":1},{"not_picked":["Eviscerate","Bane"],"picked":"Quick Slash","floor":2},{"not_picked":["Flying Knee","Slice"],"picked":"All Out Attack","floor":6},{"not_picked":["PiercingWail","Dash"],"picked":"Slice","floor":8},{"not_picked":["Slice","Heel Hook"],"picked":"Acrobatics","floor":11},{"not_picked":["PiercingWail","Infinite Blades"],"picked":"Sucker Punch","floor":12},{"not_picked":["Deflect","PiercingWail"],"picked":"Slice","floor":13},{"not_picked":["Infinite Blades","Acrobatics"],"picked":"PiercingWail","floor":14}],"player_experience":1676942,"relics_obtained":[{"floor":5,"key":"Bottled Lightning"},{"floor":6,"key":"CeramicFish"},{"floor":9,"key":"Paper Crane"},{"floor":11,"key":"War Paint"}],"event_choices":[{"damage_healed":0,"gold_gain":0,"player_choice":"Lose Max HP","damage_taken":0,"relics_obtained":["Golden Idol"],"max_hp_gain":0,"max_hp_loss":5,"event_name":"Golden Idol","floor":4,"gold_loss":0}],"is_beta":false,"boss_relics":[],"items_purged_floors":[],"is_endless":false,"potions_floor_spawned":[6,8,13,14],"killed_by":"The Guardian","ascension_level":11}}