{"host":"hrvs05np4ys7itky","time":1613865686,"event":{"mods":["BaseMod","Colored Map","Colored Powertips","Downfall","Emptier Cage","Hermit","Highlight Path","Minty Spire (QoL Compilation)","Permanent Neow","Rare Cards Sparkle","Relic Stats","StSLib","everything is the same but u backflip on backflip"],"gold_per_floor":[110,22,37,2,21,21,47,67,113,147,147,177,177,177,177,270,270,290,290,290],"floor_reached":19,"language":"ENG","playtime":883,"items_purged":[],"score":333,"play_id":"8b5e8700-04cd-4fa0-84d8-3c3155840ebc","local_time":"20210220190126","is_ascension_mode":true,"campfire_choices":[{"data":"Envenom","floor":6,"key":"SMITH"},{"data":"Neutralize","floor":15,"key":"SMITH"}],"circlet_count":0,"master_deck":["AscendersBane","Strike_G","Strike_G","Strike_G","Strike_G","Strike_G","Defend_G","Defend_G","Defend_G","Defend_G","Defend_G","Survivor","Neutralize+1","Die Die Die","Blade Dance","Deadly Poison","Dagger Spray","Backflip","Envenom+1","Dodge and Roll","Crippling Poison","Tools of the Trade","PiercingWail"],"relics":["Ring of the Serpent","Mercury Hourglass","Bag of Marbles","Toy Ornithopter","Matryoshka","Golden Idol"],"acts_visited":["Exordium","TheCity"],"potions_floor_usage":[10,12,16,19],"damage_taken":[{"damage":1,"enemies":"Small Slimes","floor":1,"turns":3},{"damage":0,"enemies":"2 Louse","floor":3,"turns":3},{"damage":1,"enemies":"Cultist","floor":5,"turns":3},{"damage":12,"enemies":"3 Sentries","floor":7,"turns":5},{"damage":0,"enemies":"Lots of Slimes","floor":8,"turns":1},{"damage":16,"enemies":"Lagavulin","floor":10,"turns":4},{"damage":6,"enemies":"Gremlin Nob","floor":12,"turns":3},{"damage":10,"enemies":"The Guardian","floor":16,"turns":9},{"damage":25,"enemies":"Shell Parasite","floor":18,"turns":8},{"damage":0,"enemies":"Spheric Guardian","floor":19,"turns":3}],"seed_played":"-1256179067199644556","potions_obtained":[{"floor":3,"key":"Fire Potion"},{"floor":5,"key":"Dexterity Potion"},{"floor":10,"key":"CultistPotion"},{"floor":16,"key":"BlessingOfTheForge"}],"is_trial":false,"path_per_floor":["M","$","M","?","M","R","E","M","T","E","?","E","?","?","R","B",null,"M","M"],"character_chosen":"THE_SILENT","items_purchased":["Deadly Poison","Dagger Spray"],"campfire_rested":0,"item_purchase_floors":[2,2],"current_hp_per_floor":[58,58,58,66,65,65,53,53,53,37,59,58,35,35,35,30,57,32,37,37],"gold":290,"neow_bonus":"ONE_RANDOM_RARE_CARD","is_daily":false,"chose_seed":false,"campfire_upgraded":2,"win_rate":0.0,"timestamp":1613865686,"path_taken":["M","$","M","?","M","R","E","M","T","E","?","E","?","?","R","BOSS","M","M"],"items_purchased_type":["Card","Card"],"build_version":"2020-12-22","purchased_purges":0,"victory":false,"max_hp_per_floor":[66,66,66,66,66,66,66,66,66,66,66,66,66,66,66,66,66,66,66,66],"relic_stats":{"counters":[10,42],"Golden Idol":23,"obtain_stats":[{"Matryoshka":12,"Golden Idol":13,"Bag of Marbles":9,"Toy Ornithopter":10,"Ring of the Serpent":17,"Ring of the Snake":0,"Mercury Hourglass":7},{"Matryoshka":7,"Golden Idol":7,"Bag of Marbles":5,"Toy Ornithopter":6,"Ring of the Serpent":8,"Ring of the Snake":0,"Mercury Hourglass":4},{"Matryoshka":22,"Golden Idol":22,"Bag of Marbles":15,"Toy Ornithopter":19,"Ring of the Serpent":31,"Ring of the Snake":0,"Mercury Hourglass":14}],"Toy Ornithopter":15,"Mercury Hourglass":[54]},"card_choices":[{"not_picked":["Sucker Punch","Predator"],"picked":"Blade Dance","floor":1},{"not_picked":["Dodge and Roll","Prepared"],"picked":"Backflip","floor":3},{"not_picked":["Acrobatics","Blur"],"picked":"Envenom","floor":5},{"not_picked":["Dagger Throw","Riddle With Holes","Endless Agony"],"picked":"SKIP","floor":7},{"not_picked":["Predator","Outmaneuver","Prepared"],"picked":"SKIP","floor":8},{"not_picked":["Underhanded Strike","Blade Dance"],"picked":"Dodge and Roll","floor":10},{"not_picked":["Blade Dance","Caltrops"],"picked":"Crippling Poison","floor":12},{"not_picked":["A Thousand Cuts","Burst"],"picked":"Tools of the Trade","floor":16},{"not_picked":["Backstab","Blade Dance"],"picked":"PiercingWail","floor":18}],"player_experience":1107801,"relics_obtained":[{"floor":7,"key":"Mercury Hourglass"},{"floor":9,"key":"Bag of Marbles"},{"floor":10,"key":"Toy Ornithopter"},{"floor":12,"key":"Matryoshka"}],"event_choices":[{"damage_healed":16,"gold_gain":0,"player_choice":"Healed","damage_taken":0,"max_hp_gain":0,"max_hp_loss":0,"event_name":"The Cleric","floor":4,"gold_loss":35},{"damage_healed":22,"gold_gain":0,"player_choice":"Banana","damage_taken":0,"max_hp_gain":0,"max_hp_loss":0,"event_name":"Big Fish","floor":11,"gold_loss":0},{"damage_healed":0,"gold_gain":0,"player_choice":"Take Damage","damage_taken":23,"relics_obtained":["Golden Idol"],"max_hp_gain":0,"max_hp_loss":0,"event_name":"Golden Idol","floor":13,"gold_loss":0},{"damage_healed":0,"gold_gain":0,"player_choice":"Ignored","damage_taken":0,"max_hp_gain":0,"max_hp_loss":0,"event_name":"Liars Game","floor":14,"gold_loss":0}],"is_beta":false,"boss_relics":[{"not_picked":["Empty Cage","SlaversCollar"],"picked":"Ring of the Serpent"}],"items_purged_floors":[],"is_endless":false,"potions_floor_spawned":[3,5,10,16],"killed_by":"Spheric Guardian","ascension_level":16}}