{"host":"27g79df0endkaa4r","time":1613923814,"event":{"mods":["Abigail Mod","AchievementEnabler","Act Like it!","Alarm Clock","BaseMod","Better Altar","Better Match","Better Skull","Better Third Choice","BetterRewards","Bossed Relics","CapriCore","Card Forge","Colored Map","Curses Come First","Disable Question Mark Monsters","Displayed Cursed Tome","Emptier Cage","Extra Virgin Snecko Oil","FoggyMod","Friendly Minions","Gold Saver","Good Game Mod","Grow up Mod","Highlight Path","Kratos Character Expansion","Minty Spire (QoL Compilation)","Permanent Neow","Poem Panic","Remilia??????","Shop Mod","StSLib","The Immortal","The Servant 0.9.4","The Vixen","Transform Curses","Virulent Crown","????"],"gold_per_floor":[1334,1035,1052,572,582,582,609,623,623,623,548,573,596,596,596,716,716,733,733,763,763,105,133,165,218,218,112,112,82,82,3,3,106,106,122,122,122,122,1121,1151,1151,1151,1151,1186,1186,1186,1218,509,105,105,105,8,8,40,40],"floor_reached":56,"language":"ENG","playtime":2215,"items_purged":[],"score":1869,"play_id":"c3571a2c-a13e-4938-af26-5ce1f6a6c031","local_time":"20210221171014","is_ascension_mode":false,"campfire_choices":[{"floor":6,"key":"RECALL"},{"data":"1","floor":15,"key":"LIFT"},{"data":"2","floor":32,"key":"LIFT"},{"data":"3","floor":46,"key":"LIFT"}],"circlet_count":0,"master_deck":["Strike_P+1","Defend_P+1","Vigilance+1","DeusExMachina+1","ClearTheMind+1","Nirvana+1","LikeWater+1","WaveOfTheHand+1","Sadistic Nature+1","InnerPeace+1","ClearTheMind+1","Study+1","MasterReality+1","CutThroughFate+1","ConjureBlade+1","Madness+1","Prostrate+1","Devotion+1","Prostrate+1","Madness+1","Pray+1","DeusExMachina+1","Wireheading+1","Madness+1","Panacea+1","Mayhem+1","Madness+1","Madness+1","Devotion+1","Mind Blast+1","Prostrate+1"],"relics":["PureWater","Hammer of Thor","Seething Fire","Anvil of the Gods","REME:ComplimentaryCards","KratosMod:minohorn","MerchantsRug","Nunchaku","HandDrill","WingedGreaves","TheAbacus","Toolbox","Bronze Scales","Mercury Hourglass","PreservedInsect","Girya","Sundial","MealTicket","Runic Pyramid","Damaru","Gremlin Horn","Gambling Chip","Red Mask","Oddly Smooth Stone","InkBottle","Melange","Juzu Bracelet","Bloody Idol","Blood Vial","Happy Flower","Sling","Vajra","Fusion Hammer","HornCleat","Bag of Marbles","Boot","Thread and Needle","CaptainsWheel","Medical Kit","Bag of Preparation","Chemical X","Ornamental Fan","White Beast Statue"],"acts_visited":["Exordium","TheCity","TheBeyond","TheEnding"],"potions_floor_usage":[23],"damage_taken":[{"damage":0,"enemies":"Cultist","floor":1,"turns":4},{"damage":0,"enemies":"Small Slimes","floor":3,"turns":3},{"damage":0,"enemies":"2 Louse","floor":5,"turns":3},{"damage":0,"enemies":"3 Sentries","floor":7,"turns":3},{"damage":0,"enemies":"2 Fungi Beasts","floor":8,"turns":2},{"damage":0,"enemies":"Lagavulin","floor":12,"turns":3},{"damage":0,"enemies":"The Guardian","floor":16,"turns":5},{"damage":0,"enemies":"Shell Parasite","floor":18,"turns":4},{"damage":9,"enemies":"2 Thieves","floor":20,"turns":4},{"damage":8,"enemies":"Book of Stabbing","floor":23,"turns":2},{"damage":0,"enemies":"Masked Bandits","floor":24,"turns":2},{"damage":23,"enemies":"Slavers","floor":25,"turns":4},{"damage":2,"enemies":"Automaton","floor":33,"turns":5},{"damage":15,"enemies":"Orb Walker","floor":35,"turns":3},{"damage":5,"enemies":"Nemesis","floor":40,"turns":3},{"damage":0,"enemies":"Giant Head","floor":44,"turns":3},{"damage":80,"enemies":"Reptomancer","floor":47,"turns":4},{"damage":0,"enemies":"Awakened One","floor":50,"turns":4},{"damage":6,"enemies":"Shield and Spear","floor":54,"turns":4},{"damage":41,"enemies":"The Heart","floor":55,"turns":7}],"seed_played":"-6222530902396008530","potions_obtained":[{"floor":1,"key":"SteroidPotion"},{"floor":7,"key":"SpeedPotion"},{"floor":8,"key":"LiquidBronze"},{"floor":16,"key":"SneckoOil"},{"floor":24,"key":"FearPotion"},{"floor":29,"key":"DuplicationPotion"},{"floor":29,"key":"AttackPotion"},{"floor":35,"key":"Ancient Potion"},{"floor":40,"key":"BlessingOfTheForge"},{"floor":54,"key":"Ancient Potion"}],"is_trial":false,"path_per_floor":["M","$","M","$","M","R","E","M","T","?","?","E","T","?","R","B",null,"M","?","M","?","$","E","?","E","T","R","?","?","?","$","R","B",null,"M","?","?","?","?","E","?","?","T","E","?","R","E","$","R","B",null,"R","$","E","B",null],"character_chosen":"WATCHER","items_purchased":["KratosMod:minohorn","MerchantsRug","ClearTheMind","Nirvana","Nunchaku","HandDrill","LikeWater","WaveOfTheHand","TheAbacus","Sadistic Nature","Toolbox","Bronze Scales","Mercury Hourglass","PreservedInsect","Study","Damaru","Gremlin Horn","DollysMirror","FairyPotion","Melange","Happy Flower","Sling","Vajra","CaptainsWheel","Medical Kit","Bag of Preparation","Devotion","Chemical X","Ornamental Fan","Mind Blast"],"campfire_rested":0,"item_purchase_floors":[0,0,0,0,0,0,0,0,0,0,2,2,4,4,4,22,22,22,22,27,31,31,31,48,48,48,48,49,49,52],"current_hp_per_floor":[92,102,112,122,132,142,152,162,172,182,192,202,212,222,232,242,252,262,272,273,283,302,304,314,301,311,321,331,341,121,156,166,181,422,422,432,442,442,457,469,479,427,437,454,464,474,411,446,461,473,592,602,612,621,601],"gold":40,"neow_bonus":"","is_daily":false,"chose_seed":false,"campfire_upgraded":0,"win_rate":0.0,"timestamp":1613923814,"path_taken":["M","?","?","$","?","R","E","?","T","?","?","E","?","?","R","BOSS","M","?","?","?","?","E","?","E","T","R","?","?","?","$","R","BOSS","M","?","?","?","?","E","?","?","T","E","?","R","E","?","R","BOSS","R","$","E","BOSS"],"items_purchased_type":["Relic","Relic","Card","Card","Relic","Relic","Card","Card","Relic","Card","Relic","Relic","Relic","Relic","Card","Relic","Relic","Relic","Potion","Relic","Relic","Relic","Relic","Relic","Relic","Relic","Card","Relic","Relic","Card"],"build_version":"2020-12-22","purchased_purges":0,"victory":true,"max_hp_per_floor":[92,102,112,122,132,142,152,162,172,182,192,202,212,222,232,242,252,262,272,282,292,302,312,322,332,342,352,362,372,382,392,402,412,422,432,442,452,462,472,482,492,502,512,522,532,542,552,562,572,582,592,602,612,622,642],"card_choices":[{"not_picked":["ForeignInfluence","SashWhip"],"picked":"InnerPeace","floor":1},{"not_picked":["PathToVictory","Crescendo"],"picked":"ClearTheMind","floor":3},{"not_picked":["SashWhip","CrushJoints","EmptyFist"],"picked":"SKIP","floor":5},{"not_picked":["Halt","CrushJoints"],"picked":"MasterReality","floor":7},{"not_picked":["CrushJoints","Sanctity"],"picked":"CutThroughFate","floor":8},{"not_picked":["Ragnarok","Wish"],"picked":"ConjureBlade","floor":11},{"not_picked":["Jack Of All Trades","Blind"],"picked":"Madness","floor":11},{"not_picked":["FlurryOfBlows","Crescendo"],"picked":"Consecrate","floor":11},{"not_picked":["EmptyFist","FlurryOfBlows"],"picked":"Prostrate","floor":12},{"not_picked":["DeusExMachina","Vault"],"picked":"Devotion","floor":16},{"not_picked":["CrushJoints+1","CutThroughFate"],"picked":"Prostrate+1","floor":18},{"not_picked":["CutThroughFate","MentalFortress","CrushJoints"],"picked":"SKIP","floor":20},{"not_picked":["FollowUp","FlyingSleeves"],"picked":"Pray+1","floor":23},{"not_picked":["MentalFortress+1","Perseverance","SpiritShield"],"picked":"SKIP","floor":25},{"not_picked":["Devotion","Brilliance"],"picked":"DeusExMachina","floor":33},{"not_picked":["FlyingSleeves+1","EmptyBody+1"],"picked":"Wireheading","floor":35},{"not_picked":["Discovery","Good Instincts"],"picked":"Panacea","floor":38},{"not_picked":["Trip","Secret Technique"],"picked":"Mayhem","floor":38},{"not_picked":["SashWhip+1","ThirdEye+1","BowlingBash+1"],"picked":"SKIP","floor":40},{"not_picked":["EmptyBody","CrushJoints+1","ThirdEye+1"],"picked":"SKIP","floor":44},{"not_picked":["Study","FlyingSleeves+1","Blasphemy"],"picked":"SKIP","floor":47},{"not_picked":["Meditate+1","EmptyFist+1"],"picked":"Prostrate+1","floor":54}],"player_experience":18158,"relics_obtained":[{"floor":7,"key":"Girya"},{"floor":12,"key":"Sundial"},{"floor":13,"key":"MealTicket"},{"floor":23,"key":"Gambling Chip"},{"floor":24,"key":"Red Mask"},{"floor":25,"key":"Oddly Smooth Stone"},{"floor":26,"key":"InkBottle"},{"floor":40,"key":"HornCleat"},{"floor":43,"key":"Bag of Marbles"},{"floor":44,"key":"Boot"},{"floor":47,"key":"Thread and Needle"},{"floor":54,"key":"White Beast Statue"}],"event_choices":[{"damage_healed":172,"gold_gain":0,"player_choice":"Leave","damage_taken":0,"max_hp_gain":0,"max_hp_loss":172,"event_name":"betterThird:BetterShining","floor":10,"gold_loss":0},{"damage_healed":0,"gold_gain":0,"player_choice":"1","damage_taken":0,"max_hp_gain":0,"max_hp_loss":0,"event_name":"betterMatch:BetterMatch","floor":11,"gold_loss":0,"cards_obtained":["betterMatch:RareCard","betterMatch:ColorlessUncommonCard","betterMatch:CommonCard"]},{"damage_healed":0,"gold_gain":0,"player_choice":"Ignored","damage_taken":0,"max_hp_gain":0,"max_hp_loss":0,"event_name":"Golden Wing","floor":14,"gold_loss":0},{"damage_healed":0,"gold_gain":0,"player_choice":"Ignored","damage_taken":0,"max_hp_gain":0,"max_hp_loss":0,"event_name":"Upgrade Shrine","floor":19,"gold_loss":0},{"damage_healed":0,"gold_gain":0,"player_choice":"Ignored","damage_taken":0,"max_hp_gain":0,"max_hp_loss":0,"event_name":"Accursed Blacksmith","floor":21,"gold_loss":0},{"damage_healed":0,"gold_gain":0,"player_choice":"Fought Bandits","damage_taken":0,"max_hp_gain":0,"max_hp_loss":0,"event_name":"Masked Bandits","floor":24,"gold_loss":0},{"damage_healed":0,"gold_gain":0,"player_choice":"Opened","damage_taken":0,"relics_obtained":["Juzu Bracelet"],"max_hp_gain":0,"max_hp_loss":0,"event_name":"The Mausoleum","floor":28,"gold_loss":0,"cards_obtained":["Writhe"]},{"damage_healed":0,"gold_gain":0,"player_choice":"Bought 2 Potions","damage_taken":0,"max_hp_gain":0,"max_hp_loss":0,"event_name":"The Woman in Blue","floor":29,"gold_loss":0},{"damage_healed":0,"gold_gain":0,"player_choice":" Idol Vial Potion ","damage_taken":372,"relics_obtained":["Bloody Idol","Blood Vial"],"max_hp_gain":341,"max_hp_loss":111,"event_name":"betterAltar:BetterAltar","floor":30,"potions_obtained":["betterAltar:AltarPotion"],"relics_lost":[],"gold_loss":0},{"damage_healed":0,"gold_gain":0,"player_choice":"Copied","damage_taken":0,"max_hp_gain":0,"max_hp_loss":0,"event_name":"Duplicator","floor":36,"gold_loss":0,"cards_obtained":["Madness"]},{"damage_healed":0,"gold_gain":0,"player_choice":"Ignored","damage_taken":0,"max_hp_gain":0,"max_hp_loss":0,"event_name":"Tomb of Lord Red Mask","floor":37,"gold_loss":0},{"damage_healed":0,"gold_gain":0,"player_choice":"Memory 3","damage_taken":10,"max_hp_gain":0,"max_hp_loss":0,"event_name":"SensoryStone","floor":38,"gold_loss":0},{"damage_healed":0,"gold_gain":999,"player_choice":"Gold","damage_taken":0,"max_hp_gain":0,"max_hp_loss":0,"event_name":"MindBloom","floor":39,"gold_loss":0,"cards_obtained":["Normality","Normality"]},{"damage_healed":0,"gold_gain":0,"player_choice":"Ignored","damage_taken":0,"max_hp_gain":0,"max_hp_loss":0,"event_name":"NoteForYourself","floor":41,"gold_loss":0},{"damage_healed":0,"gold_gain":0,"player_choice":"Embrace Madness","damage_taken":62,"max_hp_gain":0,"max_hp_loss":0,"event_name":"Winding Halls","floor":42,"gold_loss":0,"cards_obtained":["Madness","Madness"]},{"cards_removed":["Consecrate"],"damage_healed":0,"gold_gain":0,"player_choice":"Removed Attack","damage_taken":0,"max_hp_gain":0,"max_hp_loss":0,"event_name":"Falling","floor":45,"gold_loss":0}],"is_beta":false,"boss_relics":[{"not_picked":["Busted Crown","Snecko Eye"],"picked":"Runic Pyramid"},{"not_picked":["Velvet Choker","Calling Bell"],"picked":"Fusion Hammer"}],"items_purged_floors":[],"is_endless":false,"potions_floor_spawned":[1,7,8,16,24,25,35,40,54],"ascension_level":0}}