{"host":"mu5qkq7030l6349q","time":1613930290,"event":{"mods":["AchievementEnabler","BaseMod","Colored Powertips","Downfall","Highlight Path","Minty Spire (QoL Compilation)","Permanent Neow","Rare Cards Sparkle","Relic Sorter","Relic Stats","StSLib"],"gold_per_floor":[99,115,22,172,172,157,157,185,185,199,199,199,199],"floor_reached":11,"language":"ENG","playtime":893,"items_purged":[],"score":72,"play_id":"b7e3ebd8-772c-4cd0-abe8-c6d13d735e65","local_time":"20210221185810","is_ascension_mode":true,"campfire_choices":[{"data":"champ:Taunt","floor":1,"key":"SMITH"}],"circlet_count":0,"master_deck":["champ:Strike","champ:Strike+1","champ:Strike","champ:Strike+1","champ:Defend","champ:Defend","champ:Defend","champ:Defend","champ:Execute","champ:Taunt+1","champ:Shatter","champ:RecklessLeap","champ:CrookedStrike","downfall:Icky","champ:CrownThrow","champ:RapidStrikes","champ:EnGarde+1"],"relics":["champ:ChampionCrown","Oddly Smooth Stone","White Beast Statue","Toxic Egg 2","Whetstone"],"acts_visited":["Exordium"],"potions_floor_usage":[],"damage_taken":[{"damage":20,"enemies":"Cultist","floor":2,"turns":3},{"damage":20,"enemies":"downfall:FleeingMerchant","floor":3,"turns":4},{"damage":35,"enemies":"downfall:FleeingMerchant","floor":6,"turns":4},{"damage":50,"enemies":"3 Sentries","floor":8,"turns":7},{"damage":5,"enemies":"Jaw Worm","floor":10,"turns":3},{"damage":48,"enemies":"Lagavulin","floor":11,"turns":4}],"seed_played":"7329370905648338156","potions_obtained":[{"floor":6,"key":"hexamod:SoulburnPotion"},{"floor":8,"key":"Dexterity Potion"},{"floor":10,"key":"Swift Potion"}],"is_trial":false,"path_per_floor":["R","M","$","?","T","$","T","E","?","M","E"],"character_chosen":"THE_CHAMP","items_purchased":["champ:CrookedStrike"],"campfire_rested":0,"item_purchase_floors":[3],"current_hp_per_floor":[90,90,90,90,90,80,80,50,50,45,0,0,0],"gold":199,"neow_bonus":"RANDOM_COMMON_RELIC","is_daily":false,"chose_seed":false,"campfire_upgraded":1,"win_rate":0.0,"timestamp":1613930290,"path_taken":["R","M","$","?","?","$","T","E","?","M","E"],"items_purchased_type":["Card"],"build_version":"2020-12-22","purchased_purges":0,"victory":false,"max_hp_per_floor":[90,90,90,90,90,90,90,90,90,90,90,90,90],"relic_stats":{"counters":[6,25],"Whetstone":["champ:Strike","champ:Strike"],"obtain_stats":[{"Oddly Smooth Stone":0,"champ:ChampionCrown":0,"Whetstone":8,"Toxic Egg 2":7,"White Beast Statue":5},{"Oddly Smooth Stone":0,"champ:ChampionCrown":0,"Whetstone":4,"Toxic Egg 2":3,"White Beast Statue":2},{"Oddly Smooth Stone":0,"champ:ChampionCrown":0,"Whetstone":18,"Toxic Egg 2":11,"White Beast Statue":7}]},"card_choices":[{"not_picked":["champ:FanOfKnives","champ:Haymaker"],"picked":"champ:Shatter","floor":2},{"not_picked":["champ:CrookedStrike","champ:BladeFlurry"],"picked":"champ:RecklessLeap","floor":3},{"not_picked":["champ:Backstep","champ:DefensiveShout"],"picked":"champ:CrownThrow","floor":6},{"not_picked":["champ:Encircle","champ:CrownThrow"],"picked":"champ:RapidStrikes","floor":8},{"not_picked":["champ:ShieldSlam+1","champ:BladeFlurry"],"picked":"champ:EnGarde+1","floor":10}],"player_experience":74392,"relics_obtained":[{"floor":5,"key":"White Beast Statue"},{"floor":7,"key":"Toxic Egg 2"},{"floor":8,"key":"Whetstone"}],"event_choices":[],"is_beta":false,"boss_relics":[],"items_purged_floors":[],"is_endless":false,"potions_floor_spawned":[6,8,10],"killed_by":"Lagavulin","ascension_level":1}}