{"host":"js2su9tbbk4rmjfl","time":1613930627,"event":{"mods":["AchievementEnabler","BaseMod","Block Reminder","Colored Map","Colored Powertips","Highlight Path","Minty Spire (QoL Compilation)","Relic Stats"],"gold_per_floor":[11,23,23,23,35,63,63,94,94,106,135,147,176,206,218,307,319,349,379,410,435,1,1,1,1],"floor_reached":24,"language":"ENG","playtime":5125,"items_purged":["Strike_R"],"score":410,"play_id":"14914fba-9975-4ca7-b87a-213cd8207165","local_time":"20210221190347","is_ascension_mode":true,"campfire_choices":[{"floor":7.0,"key":"REST"},{"floor":10.0,"key":"REST"},{"data":"Body Slam","floor":12.0,"key":"SMITH"},{"data":"Bash","floor":15.0,"key":"SMITH"},{"floor":23,"key":"REST"}],"circlet_count":0,"master_deck":["AscendersBane","Strike_R","Strike_R","Strike_R","Strike_R","Defend_R","Defend_R","Defend_R","Bash+1","Offering","Shrug It Off","Blood for Blood","Shrug It Off","Metallicize","Body Slam+1","Battle Trance+1","Double Tap+1","Barricade","Pommel Strike+1","Clothesline+1","Mayhem"],"relics":["Burning Blood","Boot","Meat on the Bone","MawBank","Snecko Eye","War Paint"],"acts_visited":["Exordium","TheCity"],"potions_floor_usage":[],"damage_taken":[{"damage":9.0,"enemies":"Small Slimes","floor":1.0,"turns":3.0},{"damage":12.0,"enemies":"Cultist","floor":2.0,"turns":3.0},{"damage":8.0,"enemies":"Jaw Worm","floor":5.0,"turns":3.0},{"damage":53.0,"enemies":"Lagavulin","floor":6.0,"turns":9.0},{"damage":33.0,"enemies":"3 Sentries","floor":8.0,"turns":12.0},{"damage":3.0,"enemies":"Looter","floor":11.0,"turns":5.0},{"damage":26.0,"enemies":"Large Slime","floor":13.0,"turns":6.0},{"damage":10.0,"enemies":"2 Fungi Beasts","floor":14.0,"turns":3.0},{"damage":66.0,"enemies":"Slime Boss","floor":16.0,"turns":12.0},{"damage":11.0,"enemies":"3 Byrds","floor":18.0,"turns":5.0},{"damage":13.0,"enemies":"Chosen","floor":19.0,"turns":6.0},{"damage":35,"enemies":"Snake Plant","floor":20,"turns":3},{"damage":30,"enemies":"Shelled Parasite and Fungi","floor":21,"turns":7},{"damage":57,"enemies":"Slavers","floor":24,"turns":3}],"seed_played":"7175901875057233604","potions_obtained":[{"floor":5.0,"key":"Block Potion"},{"floor":6.0,"key":"Fruit Juice"},{"floor":8.0,"key":"FairyPotion"},{"floor":16.0,"key":"CultistPotion"}],"is_trial":false,"path_per_floor":["M","M","?","$","M","E","R","E","T","R","M","R","M","M","R","B",null,"M","M","M","M","$","R","E"],"character_chosen":"IRONCLAD","items_purchased":["Mayhem","War Paint"],"campfire_rested":3,"item_purchase_floors":[22,22],"current_hp_per_floor":[65,59,59,59,57,10,32,10,10,34,49,49,41,49,49,27,67,62,55,38,26,26,50,0,0],"gold":1,"neow_bonus":"THREE_RARE_CARDS","is_daily":false,"chose_seed":false,"campfire_upgraded":2,"win_rate":0.0,"timestamp":1613930627,"path_taken":["M","M","?","?","M","E","R","E","T","R","M","R","M","M","R","BOSS","M","?","M","M","$","R","E"],"items_purchased_type":["Card","Relic"],"build_version":"2020-12-22","purchased_purges":1,"victory":false,"max_hp_per_floor":[75,75,75,75,75,75,75,80,80,80,80,80,80,80,80,80,80,80,80,80,80,80,80,80,80],"relic_stats":{"counters":[14,80],"Snecko Eye":[45,54,48,38],"War Paint":["Battle Trance","Double Tap"],"Boot":[16],"MawBank":156,"obtain_stats":[{"Snecko Eye":17,"War Paint":22,"Boot":6,"MawBank":9,"Burning Blood":0,"Meat on the Bone":8},{"Snecko Eye":9,"War Paint":13,"Boot":4,"MawBank":5,"Burning Blood":0,"Meat on the Bone":5},{"Snecko Eye":56,"War Paint":77,"Boot":18,"MawBank":30,"Burning Blood":0,"Meat on the Bone":30}],"Burning Blood":78,"Meat on the Bone":72},"card_choices":[{"not_picked":["Corruption","Brutality"],"picked":"Offering","floor":0.0},{"not_picked":["Anger","Feel No Pain"],"picked":"Shrug It Off","floor":1.0},{"not_picked":["Iron Wave","Intimidate"],"picked":"Blood for Blood","floor":2.0},{"not_picked":["Dark Embrace","Wild Strike","Armaments"],"picked":"SKIP","floor":5.0},{"not_picked":["Berserk","Shockwave"],"picked":"Metallicize","floor":6.0},{"not_picked":["Armaments","Cleave"],"picked":"Body Slam","floor":8.0},{"not_picked":["Anger","Flex","Headbutt"],"picked":"SKIP","floor":11.0},{"not_picked":["Havoc","Clash"],"picked":"Battle Trance","floor":13.0},{"not_picked":["Heavy Blade","Clash"],"picked":"Double Tap","floor":14.0},{"not_picked":["Corruption","Berserk"],"picked":"Barricade","floor":16.0},{"not_picked":["Anger+1","Shrug It Off","Clash"],"picked":"SKIP","floor":18.0},{"not_picked":["Anger+1","Shrug It Off","Clash"],"picked":"SKIP","floor":18.0},{"not_picked":["Anger+1","Shrug It Off","Clash"],"picked":"SKIP","floor":18.0},{"not_picked":["Body Slam","Sentinel+1"],"picked":"Pommel Strike+1","floor":19.0},{"not_picked":["Cleave","Metallicize"],"picked":"Clothesline+1","floor":20},{"not_picked":["Rage","Perfected Strike+1","Headbutt"],"picked":"SKIP","floor":21}],"player_experience":885941,"relics_obtained":[{"floor":6.0,"key":"Boot"},{"floor":8.0,"key":"Meat on the Bone"},{"floor":9.0,"key":"MawBank"}],"event_choices":[{"damage_healed":0.0,"max_hp_gain":0.0,"max_hp_loss":0.0,"gold_gain":0.0,"cards_transformed":["Defend_R"],"event_name":"Transmorgrifier","player_choice":"Transformed","floor":3.0,"gold_loss":0.0,"damage_taken":0.0,"cards_obtained":["Shrug It Off"]}],"is_beta":false,"boss_relics":[{"not_picked":["Fusion Hammer","Black Blood"],"picked":"Snecko Eye"}],"items_purged_floors":[22],"is_endless":false,"potions_floor_spawned":[5,6,8,16],"killed_by":"Slavers","ascension_level":19}}