{"host":"Ace","time":1613880790,"event":{"mods":["AchievementEnabler","BaseMod","Custom Start","Minty Spire (QoL Compilation)","StSLib"],"gold_per_floor":[119,44,194,212,98,129,52,66,66,7,84,84,109,109,109,187,187,207,207,207,227,56,56,87,87,87,107,107,121,141,141,141,218,218,238,238,252,266,285,318,318,344,413,393,393,423,423,449,449,449],"floor_reached":51,"language":"ENG","playtime":1494,"items_purged":["Doubt"],"score":1612,"play_id":"180ae59a-3391-4adf-bfb6-261fee6ce92a","local_time":"20210221011310","is_ascension_mode":true,"campfire_choices":[{"data":"1","floor":12.0,"key":"LIFT"},{"data":"2","floor":15.0,"key":"LIFT"},{"data":"3","floor":23.0,"key":"LIFT"},{"data":"Limit Break","floor":25.0,"key":"SMITH"},{"data":"Heavy Blade","floor":32.0,"key":"SMITH"},{"data":"Offering","floor":41,"key":"SMITH"},{"data":"Feel No Pain","floor":45,"key":"SMITH"},{"floor":49,"key":"REST"}],"circlet_count":0,"master_deck":["AscendersBane","Defend_R","Defend_R","Defend_R","Defend_R","Bash","Wild Strike","Shrug It Off","Shockwave","Whirlwind","Limit Break+1","Flex","Heavy Blade+1","Clothesline","Bite","Bite","Bite+1","Bite+1","Bite","Metallicize","Limit Break","Shockwave","Headbutt+1","Shrug It Off","Exhume","Feel No Pain+1","Sword Boomerang","Offering+1","Fiend Fire"],"relics":["Burning Blood","NeowsBlessing","Incense Burner","Girya","White Beast Statue","Odd Mushroom","Snecko Eye","MutagenicStrength","DollysMirror","CaptainsWheel","Prayer Wheel","Black Star","Omamori","Red Skull","Juzu Bracelet","Whetstone","Self Forming Clay","Gremlin Horn","TungstenRod","Bottled Tornado","Smiling Mask"],"acts_visited":["Exordium","TheCity","TheBeyond"],"potions_floor_usage":[33,42,44,50,50],"damage_taken":[{"damage":0.0,"enemies":"Small Slimes","floor":1.0,"turns":1.0},{"damage":0.0,"enemies":"Jaw Worm","floor":4.0,"turns":1.0},{"damage":0.0,"enemies":"3 Sentries","floor":6.0,"turns":2.0},{"damage":6.0,"enemies":"Cultist","floor":8.0,"turns":3.0},{"damage":27.0,"enemies":"The Mushroom Lair","floor":13.0,"turns":3.0},{"damage":52.0,"enemies":"Hexaghost","floor":16.0,"turns":8.0},{"damage":6.0,"enemies":"Spheric Guardian","floor":18.0,"turns":3.0},{"damage":0.0,"enemies":"Shell Parasite","floor":21.0,"turns":2.0},{"damage":44.0,"enemies":"Book of Stabbing","floor":24.0,"turns":4.0},{"damage":10.0,"enemies":"Centurion and Healer","floor":27.0,"turns":3.0},{"damage":2.0,"enemies":"Snecko","floor":29.0,"turns":5.0},{"damage":33.0,"enemies":"Snake Plant","floor":30.0,"turns":3.0},{"damage":0,"enemies":"Automaton","floor":33,"turns":3},{"damage":11,"enemies":"Orb Walker","floor":35,"turns":2},{"damage":12,"enemies":"3 Shapes","floor":37,"turns":1},{"damage":0,"enemies":"Sphere and 2 Shapes","floor":38,"turns":2},{"damage":9,"enemies":"3 Darklings","floor":39,"turns":5},{"damage":0,"enemies":"Giant Head","floor":40,"turns":5},{"damage":21,"enemies":"Nemesis","floor":42,"turns":3},{"damage":35,"enemies":"Giant Head","floor":46,"turns":7},{"damage":9,"enemies":"Nemesis","floor":48,"turns":3},{"damage":13,"enemies":"Donu and Deca","floor":50,"turns":5}],"seed_played":"-1202674180960699278","potions_obtained":[{"floor":6.0,"key":"GamblersBrew"},{"floor":8.0,"key":"LiquidMemories"},{"floor":13.0,"key":"Regen Potion"},{"floor":16.0,"key":"LiquidBronze"},{"floor":24.0,"key":"SkillPotion"},{"floor":27.0,"key":"Strength Potion"},{"floor":29.0,"key":"CultistPotion"},{"floor":30.0,"key":"DuplicationPotion"},{"floor":33,"key":"SpeedPotion"},{"floor":39,"key":"GamblersBrew"},{"floor":42,"key":"LiquidMemories"},{"floor":44,"key":"Fruit Juice"},{"floor":46,"key":"DuplicationPotion"}],"is_trial":false,"path_per_floor":["M","?","?","M","$","E","$","M","T","$","T","R","?","?","R","B",null,"M","?","?","M","$","R","E","R","T","M","?","M","M","$","R","B",null,"M","?","M","M","M","E","R","E","T","?","R","E","?","E","R","B",null],"character_chosen":"IRONCLAD","items_purchased":["Shockwave","Limit Break","Heavy Blade","DollysMirror"],"campfire_rested":1,"item_purchase_floors":[5,7,10,22],"current_hp_per_floor":[74,74,74,75,75,75,75,75,75,75,75,75,54,59,59,13,63,63,63,56,56,56,56,37,37,37,41,41,53,33,33,33,43,53,54,54,50,56,55,56,56,45,45,50,50,30,30,29,46,41],"gold":449,"neow_bonus":"THREE_ENEMY_KILL","is_daily":false,"chose_seed":false,"campfire_upgraded":4,"win_rate":0.0,"timestamp":1613880790,"path_taken":["M","?","?","M","$","E","$","?","T","?","?","R","?","?","R","BOSS","M","?","?","M","$","R","E","R","T","M","?","M","M","?","R","BOSS","M","?","M","M","M","E","R","E","T","?","R","E","?","E","R","BOSS"],"items_purchased_type":["Card","Card","Card","Relic"],"build_version":"2020-12-18","purchased_purges":1,"victory":true,"max_hp_per_floor":[75,75,75,75,75,75,75,75,75,75,75,75,75,80,80,80,80,80,80,56,56,56,56,56,56,56,56,56,56,56,56,56,56,56,56,56,56,56,56,56,56,56,56,61,61,61,58,58,58,58],"card_choices":[{"not_picked":["Clash","Rupture"],"picked":"Wild Strike","floor":1.0},{"not_picked":["Clash","Flex"],"picked":"Shrug It Off","floor":4.0},{"not_picked":["Flex","Seeing Red"],"picked":"Whirlwind","floor":6.0},{"not_picked":["Rampage","Entrench"],"picked":"Flex","floor":8.0},{"not_picked":["Power Through","Intimidate"],"picked":"Clothesline","floor":18.0},{"not_picked":["Armaments+1","Iron Wave"],"picked":"Metallicize","floor":21.0},{"not_picked":["Second Wind","Perfected Strike","Thunderclap"],"picked":"SKIP","floor":24.0},{"not_picked":["Intimidate","Havoc"],"picked":"Shockwave","floor":27.0},{"not_picked":["Clash","Burning Pact"],"picked":"Headbutt+1","floor":27.0},{"not_picked":["Entrench+1","Sever Soul","Ghostly Armor"],"picked":"SKIP","floor":29.0},{"not_picked":["Pommel Strike","Carnage","Thunderclap"],"picked":"SKIP","floor":29.0},{"not_picked":["Headbutt","Metallicize"],"picked":"Shrug It Off","floor":30.0},{"not_picked":["Headbutt","Sentinel+1","Rupture"],"picked":"SKIP","floor":30.0},{"not_picked":["Brutality","Berserk"],"picked":"Exhume","floor":33},{"not_picked":["Hemokinesis","Warcry+1"],"picked":"Feel No Pain","floor":35},{"not_picked":["Iron Wave","Infernal Blade","Armaments"],"picked":"SKIP","floor":35},{"not_picked":["Rampage","Cleave"],"picked":"Sword Boomerang","floor":37},{"not_picked":["Combust+1","Twin Strike","Pommel Strike"],"picked":"SKIP","floor":37},{"not_picked":["Wild Strike+1","Feel No Pain","True Grit"],"picked":"SKIP","floor":38},{"not_picked":["Exhume","Fire Breathing","Heavy Blade"],"picked":"SKIP","floor":38},{"not_picked":["Flame Barrier+1","Cleave+1","Seeing Red"],"picked":"SKIP","floor":39},{"not_picked":["Seeing Red","Body Slam","Searing Blow"],"picked":"SKIP","floor":39},{"not_picked":["Dual Wield","Heavy Blade"],"picked":"Offering","floor":40},{"not_picked":["Clash","Iron Wave+1"],"picked":"Fiend Fire","floor":42},{"not_picked":["Infernal Blade","True Grit","Armaments"],"picked":"SKIP","floor":46},{"not_picked":["Havoc","Cleave+1","Dark Embrace"],"picked":"SKIP","floor":48}],"player_experience":242011,"relics_obtained":[{"floor":6.0,"key":"Incense Burner"},{"floor":9.0,"key":"Girya"},{"floor":11.0,"key":"White Beast Statue"},{"floor":13.0,"key":"Odd Mushroom"},{"floor":24.0,"key":"CaptainsWheel"},{"floor":26.0,"key":"Prayer Wheel"},{"floor":40,"key":"Omamori"},{"floor":40,"key":"Red Skull"},{"floor":42,"key":"Juzu Bracelet"},{"floor":42,"key":"Whetstone"},{"floor":43,"key":"Self Forming Clay"},{"floor":46,"key":"Gremlin Horn"},{"floor":46,"key":"TungstenRod"},{"floor":48,"key":"Bottled Tornado"},{"floor":48,"key":"Smiling Mask"}],"event_choices":[{"cards_removed":["Strike_R"],"damage_healed":0.0,"max_hp_gain":0.0,"max_hp_loss":0.0,"gold_gain":0.0,"event_name":"The Cleric","player_choice":"Card Removal","floor":2.0,"gold_loss":75.0,"damage_taken":0.0},{"damage_healed":0.0,"max_hp_gain":0.0,"max_hp_loss":0.0,"gold_gain":150.0,"event_name":"Liars Game","player_choice":"AGREE","floor":3.0,"gold_loss":0.0,"damage_taken":0.0,"cards_obtained":["Doubt"]},{"damage_healed":0.0,"max_hp_gain":0.0,"max_hp_loss":0.0,"gold_gain":0.0,"event_name":"Mushrooms","player_choice":"Fought Mushrooms","floor":13.0,"gold_loss":0.0,"damage_taken":0.0},{"damage_healed":0.0,"max_hp_gain":5.0,"max_hp_loss":0.0,"gold_gain":0.0,"event_name":"Big Fish","player_choice":"Donut","floor":14.0,"gold_loss":0.0,"damage_taken":0.0},{"damage_healed":0.0,"max_hp_gain":0.0,"max_hp_loss":0.0,"gold_gain":0.0,"event_name":"Drug Dealer","player_choice":"Inject Mutagens","floor":19.0,"gold_loss":0.0,"damage_taken":0.0,"relics_obtained":["MutagenicStrength"]},{"damage_healed":0.0,"max_hp_gain":0.0,"max_hp_loss":24.0,"gold_gain":0.0,"event_name":"Vampires","player_choice":"Became a vampire","floor":20.0,"gold_loss":0.0,"damage_taken":0.0,"cards_obtained":["Bite","Bite","Bite","Bite","Bite"]},{"damage_healed":0.0,"max_hp_gain":0.0,"max_hp_loss":0.0,"gold_gain":0.0,"event_name":"Ghosts","player_choice":"Ignored","floor":28.0,"gold_loss":0.0,"damage_taken":0.0},{"damage_healed":0,"gold_gain":0,"player_choice":"Ignored","damage_taken":0,"max_hp_gain":0,"max_hp_loss":0,"event_name":"Tomb of Lord Red Mask","floor":36,"gold_loss":0},{"damage_healed":0,"gold_gain":0,"player_choice":"Bought 1 Potion","damage_taken":0,"max_hp_gain":0,"max_hp_loss":0,"event_name":"The Woman in Blue","floor":44,"gold_loss":0},{"damage_healed":0,"gold_gain":0,"player_choice":"Max HP","damage_taken":0,"max_hp_gain":0,"max_hp_loss":3,"event_name":"Winding Halls","floor":47,"gold_loss":0}],"is_beta":true,"boss_relics":[{"not_picked":["Mark of Pain","Cursed Key"],"picked":"Snecko Eye"},{"not_picked":["Pandora\u0027s Box","Sozu"],"picked":"Black Star"}],"items_purged_floors":[5],"is_endless":false,"potions_floor_spawned":[6,8,13,16,18,21,24,27,29,30,33,35,37,38,39,40,42,46,48],"ascension_level":16}}