{"host":"y9t3brv5y5t41vuj","time":1613945470,"event":{"mods":["AchievementEnabler","BaseMod","BetterRewards","Block Reminder","Colored Map","Colored Powertips","Conspire","Highlight Path","Hubris","Infinite Spire","Minty Spire (QoL Compilation)","Quick Restart","Replay The Spire","Shop Mod","StSLib","SuperFastMode","Unceasing Turn Reminder"],"gold_per_floor":[113,113,126,126,146,146,0,28,54,30,30,30,43,61,61,157,257,271,271,186,186,214,239,239,254,254,254,254,271,306,318,318,418,418,432,482,279,291,311,311,329,329,389,401,413,294,294,294,294,294,294],"floor_reached":50,"language":"ENG","playtime":893,"items_purged":["Strike_R","Strike_R","Strike_R","Strike_R","Strike_R","Rampage","Defend_R"],"score":801,"play_id":"8f348187-416e-44ab-9f58-181b410ba326","local_time":"20210221231110","is_ascension_mode":false,"campfire_choices":[{"data":"Juggernaut","floor":6.0,"key":"SMITH"},{"data":"Juggernaut","floor":11.0,"key":"SMITH"},{"data":"Metallicize","floor":15.0,"key":"SMITH"},{"floor":24.0,"key":"REST"},{"data":"Barricade","floor":27.0,"key":"SMITH"},{"data":"Bash","floor":32.0,"key":"PURGE"},{"data":"Inflame","floor":40.0,"key":"PURGE"},{"data":"infinitespire:Fortify","floor":45.0,"key":"SMITH"},{"data":"Entrench","floor":47.0,"key":"SMITH"},{"data":"Juggernaut","floor":49.0,"key":"SMITH"}],"circlet_count":1,"master_deck":["Defend_R+1","Defend_R+1","Juggernaut+1","Juggernaut+1","Metallicize+1","Iron Wave+1","Barricade+1","Iron Wave+1","infinitespire:Starlight","Entrench+1","Juggernaut+1","Finesse","infinitespire:Fortify+1","Flying Knee","Finesse"],"relics":["Happy Flower","Dream Catcher","replay:Trail_Library","ReplayTheSpireMod:TigerMarble","Replay:M_StaffOfTheSnake","Burning Blood","hubris:Stopwatch","MawBank","hubris:64BitClover","Bronze Scales","PureWater","infinitespire:CursedDice","Juzu Bracelet","ReplayTheSpireMod:EnergyBall","Question Card","hubris:TenFootPole","Blood Vial","Lizard Tail","Gremlin Horn","Charon\u0027s Ashes","GremlinMask","infinitespire:Chaos","conspire:TopHat","Circlet","MerchantsRug","hubris:Towel"],"acts_visited":["Exordium","TheCity","TheBeyond"],"potions_floor_usage":[],"damage_taken":[{"damage":0.0,"enemies":"Cultist","floor":1.0,"turns":4.0},{"damage":0.0,"enemies":"2 Louse","floor":3.0,"turns":3.0},{"damage":0.0,"enemies":"Jaw Worm","floor":5.0,"turns":3.0},{"damage":0.0,"enemies":"Lagavulin","floor":8.0,"turns":5.0},{"damage":0.0,"enemies":"Lots of Slimes","floor":13.0,"turns":4.0},{"damage":0.0,"enemies":"Looter","floor":14.0,"turns":3.0},{"damage":0.0,"enemies":"The Guardian","floor":16.0,"turns":7.0},{"damage":0.0,"enemies":"Spheric Guardian","floor":18.0,"turns":3.0},{"damage":0.0,"enemies":"conspire:MimicChest","floor":22.0,"turns":6.0},{"damage":52.0,"enemies":"Nightmare","floor":23.0,"turns":7.0},{"damage":0.0,"enemies":"Chosen","floor":25.0,"turns":4.0},{"damage":0.0,"enemies":"Shelled Parasite and Fungi","floor":29.0,"turns":5.0},{"damage":11.0,"enemies":"Gremlin Leader","floor":30.0,"turns":6.0},{"damage":0.0,"enemies":"Snecko","floor":31.0,"turns":5.0},{"damage":0.0,"enemies":"Automaton","floor":33.0,"turns":9.0},{"damage":3.0,"enemies":"3 Darklings","floor":35.0,"turns":5.0},{"damage":0.0,"enemies":"Mind Bloom Boss Battle","floor":36.0,"turns":6.0},{"damage":0.0,"enemies":"Orb Walker","floor":38.0,"turns":3.0},{"damage":19.0,"enemies":"3 Darklings","floor":39.0,"turns":4.0},{"damage":0.0,"enemies":"Maw","floor":41.0,"turns":5.0},{"damage":0,"enemies":"hubris:GrandSnecko","floor":50,"turns":1}],"seed_played":"4739792889884178175","potions_obtained":[{"floor":3.0,"key":"Languid Potion"},{"floor":8.0,"key":"Reflective Coating"},{"floor":13.0,"key":"Regen Potion"},{"floor":14.0,"key":"BlessingOfTheForge"},{"floor":16.0,"key":"SmokeBomb"},{"floor":22.0,"key":"FearPotion"},{"floor":25.0,"key":"Elixir"},{"floor":30.0,"key":"Block Potion"}],"is_trial":false,"path_per_floor":["M","?","M","?","M","R","$","E","T","$","R","$","M","M","R","B",null,"M","?","?","AVR","?","NM","R","M","T","R","?","M","E","M","R_BF","B",null,"M","?","$","M","M","R","M","AVR","T","?","R","$","R","?","R","B"],"character_chosen":"IRONCLAD","items_purchased":["Counterbalance","Juggernaut","MerchantsRug","hubris:PeanutButter","Medical Kit","Oddly Smooth Stone","Rampage","Inflame","DollysMirror","Ornamental Fan","Membership Card","War Paint","Replay:Baseball","Finesse","MerchantsRug","Finesse"],"campfire_rested":1,"item_purchase_floors":[0,0,0,0,0,0,0,0,0,0,7,10,37,37,46,46],"current_hp_per_floor":[38,38,44,44,50,50,50,56,56,56,56,56,62,68,68,74,80,80,65,65,65,71,25,50,66,66,66,66,82,85,85,85,85,85,85,85,85,85,72,72,85,85,85,85,85,85,85,85,85,85,85],"gold":294,"neow_bonus":"","is_daily":false,"chose_seed":false,"campfire_upgraded":7,"win_rate":0.0,"timestamp":1613945470,"path_taken":["M","?","M","?","M","R","$","E","T","?","R","$","M","M","R","BOSS","M","?","?","AVR","?","NM","R","M","T","R","?","M","E","M","R_BF","BOSS","M","?","$","M","M","R","M","AVR","T","?","R","$","R","?","R","BOSS"],"items_purchased_type":["Relic","Card","Relic","Relic","Relic","Relic","Card","Card","Relic","Relic","Relic","Relic","Relic","Card","Relic","Card"],"build_version":"2020-12-22","purchased_purges":7,"victory":false,"max_hp_per_floor":[80,80,80,80,80,80,80,80,80,80,80,80,80,80,80,80,80,80,85,85,85,85,85,85,85,85,85,85,85,85,85,85,85,85,85,85,85,85,85,85,85,85,85,85,85,85,85,85,85,85,85],"card_choices":[{"not_picked":["Carnage","True Grit","Shockwave"],"picked":"SKIP","floor":1.0},{"not_picked":["Wild Strike","Warcry"],"picked":"Metallicize","floor":3.0},{"not_picked":["Cleave","Massacre","Sever Soul"],"picked":"SKIP","floor":5.0},{"not_picked":["Wild Strike","Anger","Disarm"],"picked":"SKIP","floor":8.0},{"not_picked":["Blood for Blood","ReplayTheSpireMod:LeadingStrike","Pommel Strike"],"picked":"SKIP","floor":13.0},{"not_picked":["Flex","Thunderclap","Heavy Blade"],"picked":"SKIP","floor":14.0},{"not_picked":["Reaper","Feed"],"picked":"Barricade","floor":16.0},{"not_picked":["Spot Weakness","Burning Pact+1","Havoc"],"picked":"SKIP","floor":18.0},{"not_picked":["Searing Blow","hubris:ReadiedAction"],"picked":"Iron Wave+1","floor":22.0},{"not_picked":["infinitespire:Execution","infinitespire:SealOfDarkness+"],"picked":"infinitespire:Starlight","floor":23.0},{"not_picked":["Thunderclap","Intimidate","Disarm+1"],"picked":"SKIP","floor":23.0},{"not_picked":["Reaper","Pommel Strike+1","Replay:Undeath\u0027s Touch"],"picked":"SKIP","floor":25.0},{"not_picked":["Power Through+1","Feel No Pain","Anger"],"picked":"SKIP","floor":29.0},{"not_picked":["Double Tap","Clash+1"],"picked":"Entrench","floor":30.0},{"not_picked":["Anger","Armaments+1","Pommel Strike"],"picked":"SKIP","floor":31.0},{"not_picked":["conspire:HitWhereItHurts","Impervious"],"picked":"Juggernaut","floor":33.0},{"not_picked":["Wild Strike","Havoc+1","infinitespire:OneForAll+1"],"picked":"SKIP","floor":35.0},{"not_picked":["Headbutt+1","Flex","True Grit+1"],"picked":"SKIP","floor":38.0},{"not_picked":["Perfected Strike","True Grit+1","Havoc"],"picked":"SKIP","floor":39.0},{"not_picked":["Replay:Undeath\u0027s Touch","Thunderclap","Combust+1"],"picked":"SKIP","floor":41.0}],"player_experience":550101,"relics_obtained":[{"floor":8.0,"key":"Ice Cream"},{"floor":9.0,"key":"Anchor"},{"floor":22.0,"key":"Pet Ghost"},{"floor":23.0,"key":"hubris:TinFlute"},{"floor":26.0,"key":"Meat on the Bone"},{"floor":30.0,"key":"Replay:Multitool"},{"floor":36.0,"key":"Peace Pipe"},{"floor":43.0,"key":"conspire:TopHat"}],"event_choices":[{"damage_healed":0.0,"max_hp_gain":5.0,"max_hp_loss":0.0,"gold_gain":0.0,"event_name":"Forgotten Altar","player_choice":"Shed Blood","floor":19.0,"gold_loss":0.0,"damage_taken":20.0},{"damage_healed":0.0,"max_hp_gain":0.0,"max_hp_loss":0.0,"gold_gain":0.0,"event_name":"Addict","player_choice":"Obtained Relic","floor":20.0,"gold_loss":85.0,"damage_taken":0.0,"relics_obtained":["Potion Belt"]},{"damage_healed":0.0,"max_hp_gain":0.0,"max_hp_loss":0.0,"gold_gain":0.0,"event_name":"Vampires","player_choice":"Ignored","floor":28.0,"gold_loss":0.0,"damage_taken":0.0},{"damage_healed":0.0,"max_hp_gain":0.0,"max_hp_loss":0.0,"gold_gain":0.0,"event_name":"MindBloom","player_choice":"Fight","floor":36.0,"gold_loss":0.0,"damage_taken":0.0},{"damage_healed":0.0,"max_hp_gain":0.0,"max_hp_loss":0.0,"gold_gain":0.0,"event_name":"conspire:Investor","player_choice":"Leave","floor":44.0,"gold_loss":0.0,"damage_taken":0.0}],"is_beta":false,"boss_relics":[{"not_picked":["conspire:RoyalGoblet","infinitespire:Burning Sword"],"picked":"Replay:Wanted Poster"},{"not_picked":["Replay:Drink Me","Painkiller Herb"],"picked":"Black Star"}],"items_purged_floors":[0,0,0,0,21,37,42],"is_endless":true,"potions_floor_spawned":[3,8,13,14,16,18,22,25,30,35,38,41],"killed_by":"hubris:GrandSnecko","ascension_level":0}}