{"host":"dlyy4wv9zatha4f7","time":1613871533,"event":{"mods":["Act Like it!","BaseMod","Colored Map","GifTheSpireLib","Minty Spire (QoL Compilation)","Ruina","Spicy Shops","StSLib","SuperFastMode","Unceasing Turn Reminder"],"gold_per_floor":[112,112,62,73,73,100,100,120,171,183,38,73,95,132,132,245,245,271,230,253,12,38,38,72,90,90,134,143,170,170,200,200,310,310,333,357,374,374,140,177,177,207,239,264,2,11,51,71,80,80],"floor_reached":51,"language":"ENG","playtime":2678,"items_purged":["Clumsy","Strike_R","Normality"],"score":1319,"play_id":"d1f116d5-9e50-4843-9016-f6b088a9c3cf","local_time":"20210221033853","is_ascension_mode":true,"campfire_choices":[{"floor":7.0,"key":"REST"},{"data":"Spot Weakness","floor":15.0,"key":"SMITH"},{"data":"Sword Boomerang","floor":23.0,"key":"SMITH"},{"data":"Offering","floor":30.0,"key":"SMITH"},{"data":"Battle Trance","floor":32,"key":"SMITH"},{"data":"Limit Break","floor":41,"key":"SMITH"},{"floor":49,"key":"REST"}],"circlet_count":0,"master_deck":["Strike_R","Strike_R","Strike_R+1","Defend_R+1","Defend_R+1","Defend_R+1","Bash+1","Metallicize+1","Cleave+1","Wild Strike","Battle Trance+1","Twin Strike+1","Spot Weakness+1","Limit Break+1","Impervious+1","Shockwave","Metallicize","Sword Boomerang+1","Offering+1","Twin Strike+1","Impervious+1","Demon Form","Twin Strike+1","Pommel Strike+1","Exhume","Dropkick","Perfected Strike","Metallicize+1"],"relics":["Burning Blood","Orichalcum","War Paint","CeramicFish","Mummified Hand","StrikeDummy","SlaversCollar","ruina:FalsePresent","Paper Frog","HornCleat","Ornamental Fan","Akabeko","Dream Catcher","Charon\u0027s Ashes","Cursed Key","Membership Card","Dead Branch","Eternal Feather","Centennial Puzzle","Bottled Lightning","Shuriken","Whetstone","Self Forming Clay"],"acts_visited":["Exordium","Exordium","TheBeyond"],"potions_floor_usage":[33,44,50,50,50],"damage_taken":[{"damage":7.0,"enemies":"Small Slimes","floor":1.0,"turns":3.0},{"damage":7.0,"enemies":"Jaw Worm","floor":4.0,"turns":3.0},{"damage":27.0,"enemies":"Lagavulin","floor":6.0,"turns":7.0},{"damage":0.0,"enemies":"Cultist","floor":8.0,"turns":2.0},{"damage":2.0,"enemies":"2 Fungi Beasts","floor":10.0,"turns":3.0},{"damage":3.0,"enemies":"Gremlin Nob","floor":12.0,"turns":4.0},{"damage":1.0,"enemies":"Looter","floor":13.0,"turns":2.0},{"damage":14.0,"enemies":"Lagavulin","floor":14.0,"turns":5.0},{"damage":14.0,"enemies":"Hexaghost","floor":16.0,"turns":6.0},{"damage":16.0,"enemies":"ruina:3_Bats","floor":18.0,"turns":6.0},{"damage":0.0,"enemies":"ruina:2_Scarecrows","floor":20.0,"turns":3.0},{"damage":11.0,"enemies":"ruina:KingOfGreed","floor":22.0,"turns":5.0},{"damage":0.0,"enemies":"ruina:RoadHome","floor":24.0,"turns":1.0},{"damage":8.0,"enemies":"ruina:KnightOfDespair","floor":25.0,"turns":4.0},{"damage":7.0,"enemies":"ruina:ServantOfWrath","floor":27.0,"turns":3.0},{"damage":6.0,"enemies":"ruina:Mountain","floor":29.0,"turns":5.0},{"damage":2.0,"enemies":"ruina:RoadHome","floor":31.0,"turns":3.0},{"damage":17,"enemies":"ruina:JesterOfNihil","floor":33,"turns":8},{"damage":6,"enemies":"3 Darklings","floor":35,"turns":3},{"damage":6,"enemies":"Orb Walker","floor":36,"turns":1},{"damage":6,"enemies":"Maw","floor":37,"turns":5},{"damage":0,"enemies":"Nemesis","floor":40,"turns":3},{"damage":12,"enemies":"Giant Head","floor":42,"turns":5},{"damage":34,"enemies":"Reptomancer","floor":44,"turns":5},{"damage":8,"enemies":"Giant Head","floor":47,"turns":3},{"damage":6,"enemies":"Spire Growth","floor":48,"turns":1},{"damage":28,"enemies":"Awakened One","floor":50,"turns":7}],"seed_played":"1700491373738441678","potions_obtained":[{"floor":1.0,"key":"Weak Potion"},{"floor":6.0,"key":"Block Potion"},{"floor":14.0,"key":"DuplicationPotion"},{"floor":19.0,"key":"AttackPotion"},{"floor":20.0,"key":"AttackPotion"},{"floor":22.0,"key":"LiquidMemories"},{"floor":24.0,"key":"Strength Potion"},{"floor":29.0,"key":"SpeedPotion"},{"floor":37,"key":"Fire Potion"},{"floor":40,"key":"Block Potion"},{"floor":47,"key":"EssenceOfSteel"}],"is_trial":false,"path_per_floor":["M","?","?","M","?","E","R","M","T","M","$","E","M","E","R","B",null,"M","?","M","$","M","R","E","M","T","E","?","E","R","E","R","B",null,"M","M","M","?","$","E","R","E","T","E","$","?","E","M","R","B",null],"character_chosen":"IRONCLAD","items_purchased":["CeramicFish","Paper Frog","Membership Card","Shuriken","Whetstone","GamblersBrew"],"campfire_rested":2,"item_purchase_floors":[11,21,39,45,45,45],"current_hp_per_floor":[71,71,71,70,54,33,57,63,63,67,67,70,75,67,67,59,75,65,61,67,67,62,62,68,66,66,65,43,43,43,47,47,36,65,65,65,65,65,65,71,71,65,65,37,37,37,35,35,72,50],"gold":80,"neow_bonus":"UPGRADE_CARD","is_daily":false,"chose_seed":false,"campfire_upgraded":5,"win_rate":0.0,"timestamp":1613871533,"path_taken":["M","?","?","M","?","E","R","M","T","?","?","E","M","E","R","BOSS","M","?","M","$","M","R","E","M","T","E","?","E","R","E","R","BOSS","M","M","M","?","$","E","R","E","T","E","$","?","E","?","R","BOSS"],"items_purchased_type":["Relic","Relic","Relic","Relic","Relic","Potion"],"build_version":"2020-12-22","purchased_purges":3,"victory":true,"max_hp_per_floor":[80,80,80,80,80,80,80,80,80,80,80,80,80,80,80,80,80,80,75,75,75,75,75,75,75,75,75,75,75,75,75,75,75,75,75,75,75,75,75,75,75,75,75,75,75,75,75,75,75,75],"card_choices":[{"not_picked":["Dual Wield","Warcry"],"picked":"Metallicize","floor":1.0},{"not_picked":["Heavy Blade","Headbutt"],"picked":"Cleave","floor":4.0},{"not_picked":["Intimidate","Havoc"],"picked":"Wild Strike","floor":6.0},{"not_picked":["Wild Strike","Infernal Blade"],"picked":"Battle Trance","floor":8.0},{"not_picked":["Dark Embrace","Iron Wave"],"picked":"Twin Strike","floor":10.0},{"not_picked":["Whirlwind","Heavy Blade"],"picked":"Spot Weakness","floor":12.0},{"not_picked":["Clash","Shrug It Off"],"picked":"Carnage","floor":13.0},{"not_picked":["Headbutt","Spot Weakness"],"picked":"Limit Break","floor":14.0},{"not_picked":["Double Tap","Brutality"],"picked":"Impervious","floor":16.0},{"not_picked":["Pummel","Anger"],"picked":"Shockwave","floor":18.0},{"not_picked":["Body Slam+1","Hemokinesis"],"picked":"Metallicize","floor":20.0},{"not_picked":["Dropkick","Pommel Strike"],"picked":"Sword Boomerang","floor":22.0},{"not_picked":["Twin Strike+1","Entrench"],"picked":"Offering","floor":24.0},{"not_picked":["Havoc+1","Entrench","Blood for Blood"],"picked":"SKIP","floor":25.0},{"not_picked":["Infernal Blade","Body Slam"],"picked":"Twin Strike+1","floor":27.0},{"not_picked":["Barricade","Seeing Red","Shrug It Off"],"picked":"SKIP","floor":29.0},{"not_picked":["Power Through","Thunderclap","Clash+1"],"picked":"SKIP","floor":31},{"not_picked":["Limit Break","Juggernaut"],"picked":"Demon Form","floor":33},{"not_picked":["Clash+1","Power Through+1"],"picked":"Twin Strike+1","floor":35},{"not_picked":["Disarm+1","Clothesline"],"picked":"Pommel Strike+1","floor":36},{"not_picked":["Cleave+1","Thunderclap+1","Armaments"],"picked":"SKIP","floor":37},{"not_picked":["Perfected Strike","Dual Wield"],"picked":"Exhume","floor":40},{"not_picked":["Hemokinesis","Clothesline","Shrug It Off"],"picked":"SKIP","floor":42},{"not_picked":["Shrug It Off","Ghostly Armor+1","Reckless Charge+1"],"picked":"SKIP","floor":44},{"not_picked":["Bludgeon","Iron Wave+1"],"picked":"Perfected Strike","floor":47},{"not_picked":["True Grit+1","Feel No Pain","Armaments"],"picked":"SKIP","floor":48},{"not_picked":["Dual Wield+1","Thunderclap+1"],"picked":"Metallicize+1","floor":49}],"player_experience":2304075,"relics_obtained":[{"floor":6.0,"key":"Orichalcum"},{"floor":9.0,"key":"War Paint"},{"floor":12.0,"key":"Mummified Hand"},{"floor":14.0,"key":"StrikeDummy"},{"floor":24.0,"key":"HornCleat"},{"floor":26.0,"key":"Ornamental Fan"},{"floor":27.0,"key":"Akabeko"},{"floor":29.0,"key":"Dream Catcher"},{"floor":31,"key":"Charon\u0027s Ashes"},{"floor":40,"key":"Dead Branch"},{"floor":42,"key":"Eternal Feather"},{"floor":43,"key":"Centennial Puzzle"},{"floor":44,"key":"Bottled Lightning"},{"floor":47,"key":"Self Forming Clay"}],"event_choices":[{"damage_healed":0.0,"max_hp_gain":0.0,"max_hp_loss":0.0,"gold_gain":0.0,"event_name":"Living Wall","player_choice":"Grow","floor":2.0,"gold_loss":0.0,"damage_taken":0.0,"cards_upgraded":["Metallicize"]},{"cards_removed":["Defend_R"],"damage_healed":0.0,"max_hp_gain":0.0,"max_hp_loss":0.0,"gold_gain":0.0,"event_name":"The Cleric","player_choice":"Card Removal","floor":3.0,"gold_loss":50.0,"damage_taken":0.0},{"damage_healed":0.0,"max_hp_gain":0.0,"max_hp_loss":0.0,"gold_gain":0.0,"event_name":"Shining Light","player_choice":"Entered Light","floor":5.0,"gold_loss":0.0,"damage_taken":16.0,"cards_upgraded":["Defend_R","Strike_R"]},{"damage_healed":0,"gold_gain":0,"player_choice":"Ignored","damage_taken":0,"max_hp_gain":0,"max_hp_loss":0,"event_name":"Tomb of Lord Red Mask","floor":38,"gold_loss":0},{"damage_healed":0,"gold_gain":0,"cards_transformed":["Strike_R"],"player_choice":"Transformed","damage_taken":0,"max_hp_gain":0,"max_hp_loss":0,"event_name":"Transmorgrifier","floor":46,"gold_loss":0,"cards_obtained":["Dropkick"]}],"is_beta":false,"boss_relics":[{"not_picked":["Runic Dome","Ectoplasm"],"picked":"SlaversCollar"},{"not_picked":["Astrolabe","SacredBark"],"picked":"Cursed Key"}],"items_purged_floors":[39,39,45],"is_endless":false,"potions_floor_spawned":[1,6,14,20,22,24,29,37,40,47],"ascension_level":7}}