{"host":"0ghi9uxs64f8c30g","time":1613901025,"event":{"mods":["BaseMod","Conspire","Minty Spire (QoL Compilation)","Replay The Spire","StSLib"],"gold_per_floor":[109,384,403,328,339,339,366,382,382,382,396,89,106,122,122,226,226,244,261,280,280,280],"floor_reached":21,"language":"ENG","playtime":913,"items_purged":["Regret"],"score":241,"play_id":"ca42f2a9-622b-4f16-90a8-2ccb04a50cc8","local_time":"20210221105025","is_ascension_mode":true,"campfire_choices":[{"floor":6.0,"key":"REST"},{"data":"Massacre","floor":10.0,"key":"SMITH"},{"floor":15.0,"key":"REST"}],"circlet_count":0,"master_deck":["Strike_R","Strike_R","Strike_R","Strike_R","Strike_R","Defend_R","Defend_R","Defend_R","Defend_R","Bash","Massacre+1","Flex","Heavy Blade","Hemokinesis","Pot Of Greed","Pot Of Greed","Intimidate","Cleave","Armaments","Juggernaut","Armaments+1","Inflame","ReplayTheSpireMod:Limb From Limb+1"],"relics":["Burning Blood","Grinning Jar","Magic Flower","Painkiller Herb"],"acts_visited":["Exordium","TheCity"],"potions_floor_usage":[21],"damage_taken":[{"damage":14.0,"enemies":"2 Louse","floor":1.0,"turns":4.0},{"damage":0.0,"enemies":"Cultist","floor":3.0,"turns":2.0},{"damage":15.0,"enemies":"Small Slimes","floor":5.0,"turns":3.0},{"damage":34.0,"enemies":"Gremlin Nob","floor":7.0,"turns":4.0},{"damage":8.0,"enemies":"Looter","floor":8.0,"turns":2.0},{"damage":17.0,"enemies":"Red Slaver","floor":11.0,"turns":3.0},{"damage":26.0,"enemies":"Exordium Thugs","floor":13.0,"turns":4.0},{"damage":12.0,"enemies":"3 Louse","floor":14.0,"turns":4.0},{"damage":48.0,"enemies":"The Guardian","floor":16.0,"turns":10.0},{"damage":9.0,"enemies":"Chosen","floor":18.0,"turns":4.0},{"damage":28.0,"enemies":"conspire:FuzzyDice","floor":19.0,"turns":6.0},{"damage":38,"enemies":"Chosen and Byrds","floor":20,"turns":7},{"damage":17,"enemies":"conspire:MimicChest","floor":21,"turns":2}],"seed_played":"-4647108615575756508","potions_obtained":[{"floor":5.0,"key":"SkillPotion"},{"floor":7.0,"key":"Swift Potion"},{"floor":8.0,"key":"HeartOfIron"},{"floor":14.0,"key":"conspire:TimeTravelPotion"},{"floor":20,"key":"AttackPotion"}],"is_trial":false,"path_per_floor":["M","?","M","$","M","R","E","M","T","R","M","$","M","M","R","B",null,"?","?","?","?"],"character_chosen":"IRONCLAD","items_purchased":["Magic Flower"],"campfire_rested":2,"item_purchase_floors":[12],"current_hp_per_floor":[64,64,70,70,61,80,52,50,50,50,39,39,22,19,43,16,64,64,45,16,0,0],"gold":280,"neow_bonus":"THREE_CARDS","is_daily":false,"chose_seed":false,"campfire_upgraded":1,"win_rate":0.0,"timestamp":1613901025,"path_taken":["M","?","?","$","M","R","E","M","T","R","M","$","M","M","R","BOSS","?","?","?","?"],"items_purchased_type":["Relic"],"build_version":"2020-12-22","purchased_purges":1,"victory":false,"max_hp_per_floor":[80,80,80,80,80,80,80,80,80,80,80,80,80,80,80,80,80,80,80,80,80,80],"card_choices":[{"not_picked":["Twin Strike","Armaments"],"picked":"Massacre","floor":0.0},{"not_picked":["Shrug It Off","Pommel Strike"],"picked":"Flex","floor":1.0},{"not_picked":["Twin Strike","Wild Strike"],"picked":"Heavy Blade","floor":3.0},{"not_picked":["True Grit","ReplayReversal"],"picked":"Hemokinesis","floor":5.0},{"not_picked":["Abandon","Pummel","Impervious"],"picked":"SKIP","floor":7.0},{"not_picked":["Pommel Strike","Body Slam"],"picked":"Intimidate","floor":8.0},{"not_picked":["ReplayTheSpireMod:Strike From Hell","Disarm"],"picked":"Cleave","floor":11.0},{"not_picked":["Cleave","Clothesline"],"picked":"Armaments","floor":13.0},{"not_picked":["Pummel","ReplayTheSpireMod:Muscle Training","Iron Wave"],"picked":"SKIP","floor":14.0},{"not_picked":["Berserk","Eclipse"],"picked":"Juggernaut","floor":16.0},{"not_picked":["Headbutt+1","Wild Strike"],"picked":"Armaments+1","floor":18.0},{"not_picked":["ReplayTheSpireMod:Limb From Limb","Pommel Strike"],"picked":"Inflame","floor":19.0},{"not_picked":["Dropkick+1","Clothesline"],"picked":"ReplayTheSpireMod:Limb From Limb+1","floor":20}],"player_experience":205097,"relics_obtained":[{"floor":7.0,"key":"Grinning Jar"}],"event_choices":[{"damage_healed":0.0,"max_hp_gain":0.0,"max_hp_loss":0.0,"gold_gain":275.0,"event_name":"Golden Shrine","player_choice":"Desecrate","floor":2.0,"gold_loss":0.0,"damage_taken":0.0,"cards_obtained":["Regret"]}],"is_beta":false,"boss_relics":[{"not_picked":["ReplayTheSpireMod:DimensionalGlitch","Runic Dome"],"picked":"Painkiller Herb"}],"items_purged_floors":[4],"is_endless":false,"potions_floor_spawned":[5,7,8,14,20],"killed_by":"conspire:MimicChest","ascension_level":6}}