{"host":"3p4eynvdmgjf7qvn","time":1613905364,"event":{"mods":["Aspiration","BaseMod","Better Note","Better Skull","Colored Map","Colored Powertips","Downfall","Hermit","Hubris","Minty Spire (QoL Compilation)","Relic Stats","Robot Space Explorer","StSLib","The Bug Knight","The Disciple","The Forsaken","The Hierophant","The Jungle","The Marked","The Necromancer","TheBandit"],"gold_per_floor":[113,113,113,188,205,230,230,230,230,245,273,373,54,68,68,170,170,183,183,196,39,50,50,50],"floor_reached":23,"language":"ENG","playtime":2584,"items_purged":[],"score":199,"play_id":"018288a7-e718-4bae-8518-dbc38792e4ad","local_time":"20210221120244","is_ascension_mode":false,"campfire_choices":[{"data":"theMarked:Improvise","floor":7,"key":"SMITH"},{"floor":15,"key":"REST"}],"circlet_count":0,"master_deck":["theMarked:Strike","theMarked:Strike","theMarked:Strike","theMarked:Strike","theMarked:Strike","theMarked:Defend","theMarked:Defend","theMarked:Defend","theMarked:Defend","theMarked:SoldierOfQuellstein+1","theMarked:WardOff","theMarked:Improvise+1","theMarked:Memento","theMarked:MysticalArsenal","theMarked:EternalStudent","theMarked:Reabsorb","theMarked:FavorableWinds","theMarked:Memento+1","theMarked:EmpowerWeapon","theMarked:Pokerface","hubris:NaturalOne"],"relics":["theMarked:BronzeBlade","hubris:Icosahedron","Oddly Smooth Stone","Ancient Tea Set","aspiration:SeaSaltIceCream","aspiration:Nostalgia","Slimebound:AbsorbEndCombat","Strange Spoon"],"acts_visited":["Exordium","Exordium"],"potions_floor_usage":[6,11,22],"damage_taken":[{"damage":1,"enemies":"2 Louse","floor":1,"turns":3},{"damage":5,"enemies":"Small Slimes","floor":5,"turns":3},{"damage":25,"enemies":"3 Sentries","floor":6,"turns":13},{"damage":0,"enemies":"Cultist","floor":10,"turns":2},{"damage":13,"enemies":"Gremlin Nob","floor":11,"turns":5},{"damage":4,"enemies":"Looter","floor":14,"turns":3},{"damage":8,"enemies":"Slime Boss","floor":16,"turns":9},{"damage":11,"enemies":"theJungle:Flameango_and_Byrd","floor":18,"turns":6},{"damage":6,"enemies":"theJungle:5_Spyders","floor":20,"turns":5},{"damage":12,"enemies":"theJungle:2_Flameangoes","floor":22,"turns":6},{"damage":52,"enemies":"theJungle:Cassacara","floor":23,"turns":8}],"seed_played":"6584627419600776735","potions_obtained":[{"floor":1,"key":"SkillPotion"},{"floor":10,"key":"Guardian:BlockOnCardUsePotion"},{"floor":18,"key":"hexamod:SoulburnPotion"},{"floor":20,"key":"Swift Potion"}],"is_trial":false,"path_per_floor":["M","?","?","?","M","E","R","?","T","M","E","?","$","M","R","B",null,"M","?","M","$","M","E"],"character_chosen":"THE_DEFAULT","items_purchased":["aspiration:SeaSaltIceCream","theMarked:Reabsorb","Strange Spoon"],"campfire_rested":1,"item_purchase_floors":[13,13,21],"current_hp_per_floor":[78,78,78,67,62,37,37,37,37,37,24,24,24,20,43,35,79,68,68,62,62,50,0,0],"gold":50,"neow_bonus":"TEN_PERCENT_HP_BONUS","is_daily":false,"chose_seed":false,"campfire_upgraded":1,"win_rate":0.0,"timestamp":1613905364,"path_taken":["M","?","?","?","M","E","R","?","T","?","E","?","$","?","R","BOSS","M","?","M","?","?","E"],"items_purchased_type":["Relic","Card","Relic"],"build_version":"2020-12-22","purchased_purges":0,"victory":false,"max_hp_per_floor":[79,79,79,79,79,79,79,79,79,79,79,79,79,79,79,79,79,79,79,79,79,79,79,79],"relic_stats":{"Strange Spoon":[6],"counters":[11,63],"obtain_stats":[{"theMarked:ArtifactOfAir":0,"Strange Spoon":21,"hubris:Icosahedron":3,"aspiration:Nostalgia":13,"Oddly Smooth Stone":6,"Slimebound:AbsorbEndCombat":13,"theMarked:BronzeBlade":17,"aspiration:SeaSaltIceCream":13,"Ancient Tea Set":11},{"theMarked:ArtifactOfAir":0,"Strange Spoon":9,"hubris:Icosahedron":1,"aspiration:Nostalgia":5,"Oddly Smooth Stone":3,"Slimebound:AbsorbEndCombat":5,"theMarked:BronzeBlade":7,"aspiration:SeaSaltIceCream":5,"Ancient Tea Set":5},{"theMarked:ArtifactOfAir":0,"Strange Spoon":49,"hubris:Icosahedron":3,"aspiration:Nostalgia":26,"Oddly Smooth Stone":19,"Slimebound:AbsorbEndCombat":26,"theMarked:BronzeBlade":38,"aspiration:SeaSaltIceCream":26,"Ancient Tea Set":26}]},"card_choices":[{"not_picked":["theMarked:Friction","theMarked:BanishingStrike"],"picked":"theMarked:WardOff","floor":1},{"not_picked":["theMarked:Parkour","theMarked:Opportunist"],"picked":"theMarked:Improvise","floor":5},{"not_picked":["theMarked:ResourceFulStrike","theMarked:WastefulAttack"],"picked":"theMarked:Memento","floor":6},{"not_picked":["theMarked:ResourceFulStrike","theMarked:TakeCover"],"picked":"theMarked:MysticalArsenal","floor":10},{"not_picked":["theMarked:Generate","theMarked:ElectricStrings"],"picked":"theMarked:EternalStudent","floor":11},{"not_picked":["theMarked:TunnelVision","theMarked:RepellingDischarge","theMarked:Overthink"],"picked":"SKIP","floor":14},{"not_picked":["theMarked:Defy","theMarked:Challenge"],"picked":"theMarked:FavorableWinds","floor":16},{"not_picked":["theMarked:MuscleMemory+1","theMarked:TakeCover"],"picked":"theMarked:Memento+1","floor":18},{"not_picked":["theMarked:TakeCover","theMarked:CreepingChasm+1"],"picked":"theMarked:EmpowerWeapon","floor":20},{"not_picked":["theMarked:ElectricStrings+1","theMarked:WastefulAttack"],"picked":"theMarked:Pokerface","floor":22}],"player_experience":309180,"relics_obtained":[{"floor":6,"key":"Oddly Smooth Stone"},{"floor":11,"key":"Ancient Tea Set"}],"event_choices":[{"damage_healed":0,"gold_gain":75,"player_choice":"Gather Gold","damage_taken":11,"max_hp_gain":0,"max_hp_loss":0,"event_name":"World of Goop","floor":4,"gold_loss":0},{"damage_healed":0,"gold_gain":0,"player_choice":"Upgraded","damage_taken":0,"max_hp_gain":0,"max_hp_loss":0,"event_name":"Upgrade Shrine","floor":8,"gold_loss":0,"cards_upgraded":["theMarked:SoldierOfQuellstein"]},{"damage_healed":0,"gold_gain":100,"player_choice":"Gold","damage_taken":0,"max_hp_gain":0,"max_hp_loss":0,"event_name":"Wheel of Change","floor":12,"gold_loss":0},{"cards_removed":["theMarked:Improvise"],"damage_healed":0,"gold_gain":0,"player_choice":"Give","damage_taken":0,"max_hp_gain":0,"max_hp_loss":0,"event_name":"betterNote:BetterNote","floor":19,"gold_loss":0,"cards_obtained":["wariomod:ShipSmash"]}],"is_beta":false,"boss_relics":[{"not_picked":["hubris:BlackHole","Pandora\u0027s Box"],"picked":"theMarked:BronzeBlade"}],"items_purged_floors":[],"is_endless":false,"potions_floor_spawned":[1,10,18,20],"killed_by":"theJungle:Cassacara","ascension_level":0}}