{"host":"xltl1aroowo69o4n","time":1613874106,"event":{"mods":["BaseMod","Colored Map","Colored Powertips","Downfall","Koishi","Marisa????????","Minty Spire (QoL Compilation)","Replay The Spire","StSLib","The Cursed","The Hierophant","The Mystic","The Necromancer","The Servant 0.9.4"],"gold_per_floor":[100,115,135,152,152,152,152,252,252,271,271,22,37,54,72,170,170,70,70,70,70,87,46,96,108,70,82,109,21,33,62,84,196,208,220,244,41,120,134,150,150,150,167,167,167,267,274,294,307,307],"floor_reached":51,"language":"ENG","playtime":2512,"items_purged":["Regret","downfall:Bewildered"],"score":1002,"play_id":"9bbd77cc-c1e7-42c0-8c91-a29837329648","local_time":"20210220212146","is_ascension_mode":true,"campfire_choices":[{"floor":6,"key":"RECALL"},{"data":"Koishi:PerfectMindControl","floor":29,"key":"SMITH"},{"floor":42,"key":"REST"},{"data":"Koishi:MassHysteria","floor":44,"key":"SMITH"}],"circlet_count":0,"master_deck":["Koishi:BasicStrike","Koishi:BasicStrike","Koishi:BasicStrike","Koishi:BasicStrike","Koishi:BasicDefend","Koishi:BasicDefend","Koishi:BasicDefend","Koishi:BasicDefend","Koishi:Provoke","Koishi:HauntingSlash","Koishi:JumpScare","Koishi:DreadfulBlow","Koishi:PhantomStrike","Koishi:PerfectMindControl+1","Koishi:MindStellarRelief","Koishi:VengefulSpirit","Koishi:PhilosophyOfTheDespised","Koishi:DreadfulBlow","Koishi:UnseenTerror","Koishi:JumpScare","Koishi:SilentAndRestless","Koishi:ParalyzingFear","Slimebound:CheckThePlaybook","RitualDagger+1","Koishi:BloodcurdlingScream+1","Koishi:MassHysteria+1","Koishi:BloodcurdlingScream","Overencumbered","Koishi:JumpScare","Hallucinations","Koishi:UnansweredLove","Koishi:ApparitionsStalkTheNight","Normality","Koishi:RollingInRichesHeart","Koishi:FidgetySnatcher+1","Koishi:PhantomStrike+1","ReplayTheSpireMod:Splinters","Writhe","Koishi:ApparitionsStalkTheNight+1","Koishi:PredatoryInstincts+1","downfall:Bewildered","Koishi:UnansweredLove+1","Koishi:Provoke","Koishi:Prune","Koishi:IdleWhim","Koishi:MindStellarRelief+1","Dramatic Entrance","Regret","Koishi:PhantomStrike+1","Koishi:RacingHeart+1","Replay:Sluggish","Koishi:StingingMind+1"],"relics":["Koishi:ImaginaryFriend","downfall:GremlinWheel","Replay:Rubber Ducky","Koishi:LettersToReimu","ReplayTheSpireMod:Ring of Collecting","ReplayTheSpireMod:CursedCoin","Tiny Chest","Cursed Key","downfall:HeartBlessingRed","MutagenicStrength","Ring of Greed","MawBank","MealTicket","ReplayTheSpireMod:Ring of Addiction","Regal Pillow","SacredBark","Chameleon Ring","downfall:HeartBlessingBlue","sneckomod:BabySnecko","Black Star","Golden Egg","ReplayTheSpireMod:Ring of Exchange","Mercury Hourglass","downfall:GremlinSack","Mirror","Turnip"],"acts_visited":["Exordium","TheCity","TheBeyond"],"potions_floor_usage":[16,16,28,31,33,33,40,46,50,50],"damage_taken":[{"damage":60,"enemies":"SI_SHIV_ARCHETYPE","floor":1,"turns":10},{"damage":0,"enemies":"Cultist","floor":2,"turns":6},{"damage":2,"enemies":"Small Slimes","floor":3,"turns":5},{"damage":1,"enemies":"Jaw Worm","floor":4,"turns":5},{"damage":0,"enemies":"Large Slime","floor":10,"turns":6},{"damage":0,"enemies":"downfall:FleeingMerchant","floor":12,"turns":4},{"damage":9,"enemies":"Exordium Thugs","floor":13,"turns":6},{"damage":1,"enemies":"2 Fungi Beasts","floor":14,"turns":4},{"damage":17,"enemies":"Blue Slaver","floor":15,"turns":4},{"damage":36,"enemies":"WA_ARCHETYPE_RETAIN","floor":16,"turns":9},{"damage":0,"enemies":"Chosen","floor":19,"turns":1},{"damage":15,"enemies":"3 Byrds","floor":22,"turns":6},{"damage":8,"enemies":"downfall:FleeingMerchant","floor":23,"turns":4},{"damage":0,"enemies":"3 Cultists","floor":28,"turns":3},{"damage":10,"enemies":"Snake Plant","floor":31,"turns":3},{"damage":20,"enemies":"Cultist and Chosen","floor":32,"turns":4},{"damage":34,"enemies":"IC_MUSHROOM_ARCHETYPE","floor":33,"turns":6},{"damage":18,"enemies":"3 Darklings","floor":36,"turns":5},{"damage":7,"enemies":"downfall:FleeingMerchant","floor":37,"turns":4},{"damage":8,"enemies":"Orb Walker","floor":39,"turns":3},{"damage":25,"enemies":"Jaw Worm Horde","floor":40,"turns":5},{"damage":16,"enemies":"Spire Growth","floor":43,"turns":5},{"damage":10,"enemies":"Spire Growth","floor":46,"turns":2},{"damage":3,"enemies":"Transient","floor":47,"turns":5},{"damage":0,"enemies":"R_Hoarder","floor":48,"turns":8},{"damage":25,"enemies":"Jaw Worm Horde","floor":49,"turns":4},{"damage":106,"enemies":"DF_ARCHETYPE_ORBS","floor":50,"turns":15}],"seed_played":"5989765545232250177","potions_obtained":[{"floor":1,"key":"PowerPotion"},{"floor":3,"key":"FearPotion"},{"floor":4,"key":"PowerPotion"},{"floor":21,"key":"CultistPotion"},{"floor":25,"key":"AttackPotion"},{"floor":27,"key":"FairyPotion"},{"floor":28,"key":"ColorlessPotion"},{"floor":31,"key":"SteroidPotion"},{"floor":35,"key":"bronze:BurnAndBuffPotion"},{"floor":35,"key":"Languid Potion"},{"floor":40,"key":"Death Potion"},{"floor":47,"key":"DuplicationPotion"}],"is_trial":false,"path_per_floor":["R_BF","M","M","M","?","R","T","?","?","M","?","$","M","M","M","B",null,"R_BF","M","?","?","M","$","T","T","?","R","M","R","?","M","M","B",null,"R","M","$","T","M","M","T","R","M","R","?","?","M","E","M","B",null],"character_chosen":"KOISHI","items_purchased":["ReplayTheSpireMod:CursedCoin","Koishi:VengefulSpirit","Koishi:PhilosophyOfTheDespised","Tiny Chest","Koishi:BloodcurdlingScream"],"campfire_rested":1,"item_purchase_floors":[12,12,12,12,23],"current_hp_per_floor":[17,20,22,26,50,50,50,50,50,51,51,51,47,50,39,17,72,72,72,47,47,42,34,34,34,62,62,67,77,77,73,60,36,82,82,72,73,73,73,57,57,78,73,73,73,69,76,76,57,42],"gold":307,"neow_bonus":"TWENTY_PERCENT_HP_BONUS","is_daily":false,"chose_seed":false,"campfire_upgraded":2,"win_rate":0.0,"timestamp":1613874106,"path_taken":["R_BF","M","M","M","?","R","T","?","?","M","?","$","M","M","M","BOSS","R_BF","M","?","?","M","?","T","?","?","R","M","R","?","?","M","BOSS","R","M","$","?","M","M","T","R","M","R","?","?","?","E","M","BOSS"],"items_purchased_type":["Relic","Card","Card","Relic","Card"],"build_version":"2020-12-13","purchased_purges":2,"victory":true,"max_hp_per_floor":[72,72,72,72,72,72,72,72,72,72,72,72,72,72,72,72,72,72,72,72,72,72,72,72,72,72,72,72,82,82,82,82,82,82,82,82,80,80,80,78,78,78,78,76,76,76,76,76,76,74],"card_choices":[{"not_picked":["Koishi:HeartfeltFancy","Koishi:TraumaticStroke"],"picked":"Koishi:JumpScare","floor":2},{"not_picked":["Koishi:LastRemote","Koishi:RacingHeart"],"picked":"Koishi:DreadfulBlow","floor":3},{"not_picked":["Koishi:Bloodlust","Koishi:BramblyRoseGarden"],"picked":"Koishi:PhantomStrike","floor":4},{"not_picked":["Koishi:PredatoryInstincts","Koishi:Catatonia"],"picked":"Koishi:PerfectMindControl","floor":10},{"not_picked":["Koishi:StingingMind","Koishi:RacingHeart"],"picked":"Koishi:MindStellarRelief","floor":12},{"not_picked":["Koishi:VengefulSpirit","Koishi:SubconsciousSweep"],"picked":"Koishi:DreadfulBlow","floor":13},{"not_picked":["Koishi:UnansweredLove","Koishi:MindNumbingTerror"],"picked":"Koishi:UnseenTerror","floor":14},{"not_picked":["Koishi:FleetingPhantom","Koishi:Jaunt"],"picked":"Koishi:JumpScare","floor":15},{"not_picked":["Koishi:RoseHell","Koishi:FadingMemory"],"picked":"Koishi:SilentAndRestless","floor":16},{"not_picked":["Koishi:SpiritedAway","Koishi:IdleWhim"],"picked":"Koishi:ParalyzingFear","floor":19},{"not_picked":["Koishi:SpiritedAway","Koishi:DreadfulBlow"],"picked":"Koishi:BloodcurdlingScream+1","floor":22},{"not_picked":["Koishi:MindNumbingTerror","Koishi:PhantomStrike"],"picked":"Koishi:MassHysteria","floor":23},{"not_picked":["Koishi:FreudianInstinct","Koishi:SpiritedAway"],"picked":"Koishi:JumpScare","floor":28},{"not_picked":["Koishi:ReflexRadar","Koishi:HeartfeltFancy"],"picked":"Koishi:UnansweredLove","floor":31},{"not_picked":["Koishi:UnconsciousUrges","Koishi:ReflexRadar"],"picked":"Koishi:ApparitionsStalkTheNight","floor":32},{"not_picked":["Koishi:RuptureMind","Koishi:MindStellarRelief"],"picked":"Koishi:RollingInRichesHeart","floor":33},{"not_picked":["Koishi:Whimsy","Koishi:ReflexRadar+1"],"picked":"Koishi:FidgetySnatcher+1","floor":36},{"not_picked":["Koishi:PhantomBarrier","Koishi:RorschachInDanmaku+1"],"picked":"Koishi:PhantomStrike+1","floor":37},{"not_picked":["Koishi:FleetingPhantom","Koishi:ReflexRadar"],"picked":"Koishi:ApparitionsStalkTheNight+1","floor":39},{"not_picked":["Koishi:FleetingPhantom","Koishi:SpiritedAway+1"],"picked":"Koishi:PredatoryInstincts+1","floor":40},{"not_picked":["Koishi:BloodcurdlingScream+1","Koishi:FourthEye+1"],"picked":"Koishi:UnansweredLove+1","floor":43},{"not_picked":["Koishi:CatchAndRose","Koishi:SpiritedAway+1"],"picked":"Koishi:PhantomStrike+1","floor":46},{"not_picked":["Koishi:UnconsciousUrges","Koishi:PhantomBarrier"],"picked":"Koishi:RacingHeart+1","floor":47},{"not_picked":["Koishi:PhantomBarrier+1","Koishi:RacingHeart"],"picked":"Koishi:StingingMind+1","floor":48},{"not_picked":["Koishi:FormlessExistence","Koishi:Prune+1","Koishi:PhantomBarrier"],"picked":"SKIP","floor":49}],"player_experience":248638,"relics_obtained":[{"floor":1,"key":"downfall:GremlinWheel"},{"floor":6,"key":"Replay:Rubber Ducky"},{"floor":7,"key":"Koishi:LettersToReimu"},{"floor":9,"key":"ReplayTheSpireMod:Ring of Collecting"},{"floor":24,"key":"Ring of Greed"},{"floor":24,"key":"MawBank"},{"floor":24,"key":"MealTicket"},{"floor":25,"key":"ReplayTheSpireMod:Ring of Addiction"},{"floor":25,"key":"Regal Pillow"},{"floor":25,"key":"SacredBark"},{"floor":25,"key":"Chameleon Ring"},{"floor":38,"key":"Golden Egg"},{"floor":41,"key":"ReplayTheSpireMod:Ring of Exchange"},{"floor":41,"key":"Mercury Hourglass"},{"floor":46,"key":"downfall:GremlinSack"},{"floor":48,"key":"Mirror"},{"floor":48,"key":"Turnip"}],"event_choices":[{"damage_healed":24,"gold_gain":0,"player_choice":"Banana","damage_taken":0,"max_hp_gain":0,"max_hp_loss":0,"event_name":"Big Fish","floor":5,"gold_loss":0},{"damage_healed":0,"gold_gain":0,"player_choice":"Relic","damage_taken":0,"max_hp_gain":0,"max_hp_loss":0,"event_name":"Wheel of Change","floor":6,"gold_loss":0},{"damage_healed":0,"gold_gain":0,"player_choice":"Inject Mutagens","damage_taken":0,"relics_obtained":["MutagenicStrength"],"max_hp_gain":0,"max_hp_loss":0,"event_name":"Drug Dealer","floor":18,"gold_loss":0}],"is_beta":false,"boss_relics":[{"not_picked":["Astrolabe","Koishi:ColorfulDays"],"picked":"Cursed Key"},{"not_picked":["Snecko Eye","Fusion Hammer"],"picked":"Black Star"}],"items_purged_floors":[12,37],"is_endless":false,"potions_floor_spawned":[1,3,4,10,13,28,31,32,39,40,47,48],"ascension_level":1}}