{"host":"s229x1smnerk6mew","time":1613900031,"event":{"mods":["BaseMod","Bestiary","Minty Spire (QoL Compilation)","Relic Stats"],"gold_per_floor":[110,122,136,156,172,172,190,221,247,247,282,297,7,37,37,116,116,136,136,156,56,56,85,103,128,128,141,16,16,48,48,48,124,124,139,159,159,159,139,164,174,174,174,208,243,272,115,115,115,115,115,115],"floor_reached":51,"language":"ENG","playtime":5458,"items_purged":["Strike_R","Pain","Strike_R"],"score":1666,"play_id":"73de4502-fa68-4577-97de-9c692319449d","local_time":"20210221203351","is_ascension_mode":true,"campfire_choices":[{"data":"Armaments","floor":6,"key":"SMITH"},{"data":"Uppercut","floor":10,"key":"SMITH"},{"data":"Battle Trance","floor":15,"key":"SMITH"},{"data":"Immolate","floor":29,"key":"SMITH"},{"data":"Armaments","floor":32,"key":"SMITH"},{"floor":42,"key":"RECALL"},{"data":"Barricade","floor":49,"key":"SMITH"}],"circlet_count":0,"master_deck":["AscendersBane","Strike_R","Strike_R","Defend_R+1","Defend_R+1","Defend_R","Bash","Anger","Shockwave","Rage","Battle Trance+1","Armaments+1","Uppercut+1","Reaper","Havoc","Armaments+1","Immolate+1","Uppercut","Feel No Pain","Evolve","Body Slam","Double Tap","Barricade+1","Pommel Strike+1","Metallicize+1","Inflame+1","Decay","Heavy Blade+1","Spot Weakness+1","Shrug It Off+1"],"relics":["Burning Blood","Blood Vial","Vajra","Pear","Frozen Eye","Odd Mushroom","Snecko Eye","WarpedTongs","Matryoshka","Centennial Puzzle","Happy Flower","Bag of Marbles","WingedGreaves","Cursed Key","Turnip","Dream Catcher","Bronze Scales","Akabeko","White Beast Statue","War Paint","Potion Belt"],"acts_visited":["Exordium","TheCity","TheBeyond"],"potions_floor_usage":[7,8,20,33,44,46,51],"damage_taken":[{"damage":2,"enemies":"2 Louse","floor":1,"turns":4},{"damage":2,"enemies":"Jaw Worm","floor":2,"turns":3},{"damage":0,"enemies":"Cultist","floor":3,"turns":3},{"damage":18,"enemies":"Exordium Thugs","floor":4,"turns":5},{"damage":10,"enemies":"Large Slime","floor":5,"turns":5},{"damage":6,"enemies":"Gremlin Gang","floor":7,"turns":3},{"damage":20,"enemies":"3 Sentries","floor":8,"turns":7},{"damage":23,"enemies":"Gremlin Nob","floor":11,"turns":4},{"damage":4,"enemies":"3 Louse","floor":12,"turns":5},{"damage":5,"enemies":"The Mushroom Lair","floor":14,"turns":4},{"damage":21,"enemies":"The Guardian","floor":16,"turns":14},{"damage":6,"enemies":"2 Thieves","floor":18,"turns":2},{"damage":20,"enemies":"Spheric Guardian","floor":20,"turns":4},{"damage":4,"enemies":"Gremlin Leader","floor":23,"turns":7},{"damage":8,"enemies":"Snecko","floor":24,"turns":3},{"damage":19,"enemies":"Slavers","floor":25,"turns":4},{"damage":18,"enemies":"Snake Plant","floor":27,"turns":3},{"damage":0,"enemies":"Gremlin Leader","floor":30,"turns":4},{"damage":39,"enemies":"Automaton","floor":33,"turns":7},{"damage":19,"enemies":"Orb Walker","floor":35,"turns":4},{"damage":6,"enemies":"3 Shapes","floor":36,"turns":1},{"damage":27,"enemies":"Reptomancer","floor":40,"turns":5},{"damage":32,"enemies":"Spire Growth","floor":41,"turns":4},{"damage":30,"enemies":"Nemesis","floor":44,"turns":7},{"damage":13,"enemies":"Giant Head","floor":45,"turns":7},{"damage":40,"enemies":"Nemesis","floor":46,"turns":5},{"damage":46,"enemies":"Time Eater","floor":50,"turns":13},{"damage":40,"enemies":"Awakened One","floor":51,"turns":4}],"seed_played":"2972975062128684953","potions_obtained":[{"floor":2,"key":"Strength Potion"},{"floor":4,"key":"BlessingOfTheForge"},{"floor":8,"key":"Weak Potion"},{"floor":12,"key":"BloodPotion"},{"floor":20,"key":"EssenceOfSteel"},{"floor":33,"key":"SteroidPotion"},{"floor":36,"key":"GamblersBrew"},{"floor":44,"key":"BloodPotion"},{"floor":46,"key":"LiquidMemories"}],"is_trial":false,"path_per_floor":["M","M","M","M","M","R","M","E","T","R","E","M","$","?","R","B",null,"M","?","M","$","T","E","M","E","T","M","$","R","E","?","R","B",null,"M","M","?","?","?","E","M","R","T","E","E","E","$","$","R","B","B"],"character_chosen":"IRONCLAD","items_purchased":["Frozen Eye","Havoc","Potion Belt"],"campfire_rested":0,"item_purchase_floors":[13,13,47],"current_hp_per_floor":[54,58,64,52,48,48,48,34,34,34,29,33,33,50,50,44,75,85,85,85,85,85,85,85,72,72,68,68,68,85,85,85,52,77,72,74,74,74,74,60,45,45,45,32,38,40,40,40,40,23,0,0],"gold":115,"neow_bonus":"REMOVE_TWO","is_daily":false,"chose_seed":false,"campfire_upgraded":6,"win_rate":0.0,"timestamp":1613900031,"path_taken":["M","M","M","M","M","R","M","E","T","R","E","M","$","?","R","BOSS","M","?","M","$","?","E","M","E","T","?","?","R","E","?","R","BOSS","M","?","?","?","?","E","?","R","T","E","E","E","?","$","R","BOSS","BOSS"],"items_purchased_type":["Relic","Card","Relic"],"build_version":"2020-12-22","purchased_purges":3,"victory":false,"max_hp_per_floor":[75,75,75,75,75,75,75,75,75,75,85,85,85,85,85,85,85,85,85,85,85,85,85,85,85,85,85,85,85,85,85,85,85,85,85,85,85,81,81,81,81,81,81,81,81,81,81,81,81,81,81,81],"relic_stats":{"Happy Flower":[21],"counters":[28,141],"War Paint":["Defend_R","Defend_R"],"Cursed Key":1,"Burning Blood":155,"WarpedTongs":[72],"Blood Vial":32,"Centennial Puzzle":[36],"Dream Catcher":0,"Bronze Scales":[133],"Snecko Eye":[168,161,154,188],"Turnip":[3],"obtain_stats":[{"Potion Belt":47,"Pear":11,"Happy Flower":25,"Vajra":9,"Odd Mushroom":14,"War Paint":46,"Cursed Key":34,"Burning Blood":0,"Akabeko":44,"White Beast Statue":45,"WarpedTongs":19,"Blood Vial":8,"Frozen Eye":13,"Centennial Puzzle":23,"Dream Catcher":43,"Matryoshka":22,"Bronze Scales":43,"Snecko Eye":17,"WingedGreaves":30,"Turnip":40,"Bag of Marbles":26},{"Potion Belt":26,"Pear":8,"Happy Flower":16,"Vajra":7,"Odd Mushroom":10,"War Paint":26,"Cursed Key":19,"Burning Blood":0,"Akabeko":24,"White Beast Statue":25,"WarpedTongs":12,"Blood Vial":7,"Frozen Eye":9,"Centennial Puzzle":14,"Dream Catcher":23,"Matryoshka":13,"Bronze Scales":23,"Snecko Eye":11,"WingedGreaves":18,"Turnip":22,"Bag of Marbles":16},{"Potion Belt":124,"Pear":34,"Happy Flower":77,"Vajra":30,"Odd Mushroom":43,"War Paint":124,"Cursed Key":91,"Burning Blood":0,"Akabeko":112,"White Beast Statue":119,"WarpedTongs":59,"Blood Vial":30,"Frozen Eye":39,"Centennial Puzzle":70,"Dream Catcher":105,"Matryoshka":63,"Bronze Scales":105,"Snecko Eye":57,"WingedGreaves":84,"Turnip":101,"Bag of Marbles":77}]},"card_choices":[{"not_picked":["Reckless Charge","Warcry"],"picked":"Anger","floor":1},{"not_picked":["Body Slam","Whirlwind"],"picked":"Shockwave","floor":2},{"not_picked":["Heavy Blade","Ghostly Armor"],"picked":"Rage","floor":3},{"not_picked":["Sword Boomerang","Flame Barrier"],"picked":"Battle Trance","floor":4},{"not_picked":["Intimidate","Double Tap"],"picked":"Armaments","floor":5},{"not_picked":["Combust","Sword Boomerang"],"picked":"Uppercut","floor":7},{"not_picked":["Uppercut","Fire Breathing"],"picked":"Twin Strike","floor":8},{"not_picked":["Second Wind","Headbutt","Rupture"],"picked":"SKIP","floor":11},{"not_picked":["Flex","Perfected Strike"],"picked":"Reaper","floor":12},{"not_picked":["Havoc","Clothesline"],"picked":"Armaments","floor":14},{"not_picked":["Offering","Brutality"],"picked":"Immolate","floor":16},{"not_picked":["Clothesline","Flex","Warcry"],"picked":"SKIP","floor":18},{"not_picked":["Flex","Pummel+1","Anger"],"picked":"SKIP","floor":20},{"not_picked":["Reckless Charge","Body Slam","Searing Blow"],"picked":"SKIP","floor":23},{"not_picked":["Immolate","Twin Strike"],"picked":"Uppercut","floor":24},{"not_picked":["Pommel Strike","Hemokinesis"],"picked":"Feel No Pain","floor":25},{"not_picked":["Rampage","Whirlwind"],"picked":"Evolve","floor":27},{"not_picked":["Limit Break","Whirlwind","Headbutt"],"picked":"SKIP","floor":30},{"not_picked":["Berserk","Limit Break"],"picked":"Barricade","floor":33},{"not_picked":["Dual Wield","Twin Strike+1","Anger"],"picked":"SKIP","floor":35},{"not_picked":["Armaments","Whirlwind"],"picked":"Pommel Strike+1","floor":36},{"not_picked":["Battle Trance","Burning Pact"],"picked":"Metallicize+1","floor":40},{"not_picked":["Dual Wield+1","Flex+1"],"picked":"Inflame+1","floor":41},{"not_picked":["Body Slam","Carnage"],"picked":"Heavy Blade+1","floor":44},{"not_picked":["Infernal Blade","Havoc+1"],"picked":"Spot Weakness+1","floor":45},{"not_picked":["Searing Blow","Double Tap"],"picked":"Shrug It Off+1","floor":46}],"player_experience":2083383,"relics_obtained":[{"floor":8,"key":"Blood Vial"},{"floor":9,"key":"Vajra"},{"floor":11,"key":"Pear"},{"floor":14,"key":"Odd Mushroom"},{"floor":22,"key":"Matryoshka"},{"floor":23,"key":"Centennial Puzzle"},{"floor":25,"key":"Happy Flower"},{"floor":26,"key":"Bag of Marbles"},{"floor":30,"key":"WingedGreaves"},{"floor":40,"key":"Turnip"},{"floor":43,"key":"Dream Catcher"},{"floor":43,"key":"Bronze Scales"},{"floor":44,"key":"Akabeko"},{"floor":45,"key":"White Beast Statue"},{"floor":46,"key":"War Paint"}],"event_choices":[{"damage_healed":0,"gold_gain":0,"player_choice":"Fought Mushrooms","damage_taken":0,"max_hp_gain":0,"max_hp_loss":0,"event_name":"Mushrooms","floor":14,"gold_loss":0},{"damage_healed":0,"gold_gain":0,"player_choice":"Rummage","damage_taken":0,"relics_obtained":["WarpedTongs"],"max_hp_gain":0,"max_hp_loss":0,"event_name":"Accursed Blacksmith","floor":19,"gold_loss":0,"cards_obtained":["Pain"]},{"damage_healed":0,"gold_gain":0,"player_choice":"2 cards matched","damage_taken":0,"max_hp_gain":0,"max_hp_loss":0,"event_name":"Match and Keep!","floor":31,"gold_loss":0,"cards_obtained":["Body Slam","Double Tap"]},{"cards_removed":["Twin Strike"],"damage_healed":0,"gold_gain":0,"player_choice":"Removed Attack","damage_taken":0,"max_hp_gain":0,"max_hp_loss":0,"event_name":"Falling","floor":37,"gold_loss":0},{"damage_healed":0,"gold_gain":0,"player_choice":"Max HP","damage_taken":0,"max_hp_gain":0,"max_hp_loss":4,"event_name":"Winding Halls","floor":38,"gold_loss":0},{"damage_healed":0,"gold_gain":0,"player_choice":"Bought 1 Potion","damage_taken":0,"max_hp_gain":0,"max_hp_loss":0,"event_name":"The Woman in Blue","floor":39,"gold_loss":0}],"is_beta":false,"boss_relics":[{"not_picked":["Calling Bell","Ectoplasm"],"picked":"Snecko Eye"},{"not_picked":["Velvet Choker","Pandora\u0027s Box"],"picked":"Cursed Key"}],"items_purged_floors":[13,21,28],"is_endless":false,"potions_floor_spawned":[2,4,8,12,20,25,33,36,44,46],"killed_by":"Awakened One","ascension_level":20}}