{"host":"sav7uxregyirlf69","time":1613896741,"event":{"mods":["AchievementEnabler","BaseMod","Colored Map","DeckTracker","Keyboard Shortcuts","Minty Spire (QoL Compilation)","READ ME - Guardian Mod","StSLib","SuperFastMode"],"gold_per_floor":[132,132,170,188,227,227,264,264,290,290,355,355,399,4,4,78,78,118,154,80,97,136,136,156,156,156,156,220,245,245],"floor_reached":29,"language":"KOR","playtime":436,"items_purged":["Strike_R"],"score":442,"play_id":"b432a843-37a6-44c3-b784-3b59ddcd0f95","local_time":"20210221173901","is_ascension_mode":true,"campfire_choices":[{"data":"HandOfGreed","floor":6,"key":"SMITH"},{"data":"Battle Trance","floor":8,"key":"SMITH"},{"floor":12,"key":"RECALL"},{"data":"Armaments","floor":15,"key":"SMITH"},{"floor":23,"key":"REST"},{"floor":25,"key":"REST"}],"circlet_count":0,"master_deck":["AscendersBane","Strike_R+1","Strike_R+1","Strike_R+1","Defend_R+1","Defend_R+1","Defend_R+1","Defend_R+1","Bash+1","HandOfGreed+1","Blood for Blood+1","Shrug It Off","Battle Trance+1","Hemokinesis","Armaments+1","Barricade","Bloodletting","Rage","Fire Breathing+1"],"relics":["Burning Blood","Whetstone","Shuriken","Runic Cube"],"acts_visited":["Exordium","TheCity"],"potions_floor_usage":[16,19,24,28,29],"damage_taken":[{"damage":13,"enemies":"Cultist","floor":1,"turns":5},{"damage":7,"enemies":"2 Louse","floor":3,"turns":3},{"damage":2,"enemies":"Jaw Worm","floor":4,"turns":3},{"damage":7,"enemies":"3 Louse","floor":5,"turns":3},{"damage":9,"enemies":"Looter","floor":7,"turns":3},{"damage":16,"enemies":"Large Slime","floor":11,"turns":7},{"damage":8,"enemies":"Blue Slaver","floor":13,"turns":3},{"damage":29,"enemies":"Hexaghost","floor":16,"turns":7},{"damage":17,"enemies":"Spheric Guardian","floor":18,"turns":5},{"damage":13,"enemies":"2 Thieves","floor":19,"turns":3},{"damage":10,"enemies":"Snecko","floor":21,"turns":3},{"damage":28,"enemies":"Centurion and Healer","floor":22,"turns":4},{"damage":26,"enemies":"Snake Plant","floor":24,"turns":3},{"damage":20,"enemies":"Shelled Parasite and Fungi","floor":28,"turns":5},{"damage":18,"enemies":"Cultist and Chosen","floor":29,"turns":3}],"seed_played":"-996098763100632807","potions_obtained":[{"floor":1,"key":"Swift Potion"},{"floor":3,"key":"Weak Potion"},{"floor":18,"key":"Energy Potion"},{"floor":21,"key":"Weak Potion"},{"floor":24,"key":"Energy Potion"}],"is_trial":false,"path_per_floor":["M","?","M","M","M","R","M","R","T","?","M","R","M","$","R","B",null,"M","M","$","M","M","R","M","R","T","?","M","M"],"character_chosen":"IRONCLAD","items_purchased":["Armaments","Shuriken","Bloodletting"],"campfire_rested":2,"item_purchase_floors":[14,14,20],"current_hp_per_floor":[61,61,60,64,63,63,60,60,60,53,43,43,41,41,41,18,56,45,38,38,34,12,32,12,32,32,32,18,0,0],"gold":245,"neow_bonus":"RANDOM_COLORLESS_2","is_daily":false,"chose_seed":false,"campfire_upgraded":3,"win_rate":0.0,"timestamp":1613896741,"path_taken":["M","?","M","M","M","R","M","R","T","?","M","R","M","$","R","BOSS","M","M","$","M","M","R","M","R","T","?","M","M"],"items_purchased_type":["Card","Relic","Card"],"build_version":"2020-12-22","purchased_purges":1,"victory":false,"max_hp_per_floor":[68,68,68,68,68,68,68,68,68,68,68,68,68,68,68,68,68,68,68,68,68,68,68,68,68,68,68,68,68,68],"card_choices":[{"not_picked":["Magnetism","Secret Technique"],"picked":"HandOfGreed","floor":0},{"not_picked":["Rage","Wild Strike"],"picked":"Blood for Blood","floor":1},{"not_picked":["Headbutt","Pummel","Anger"],"picked":"SKIP","floor":3},{"not_picked":["Twin Strike","Dual Wield"],"picked":"Shrug It Off","floor":4},{"not_picked":["Cleave","Iron Wave","Burning Pact"],"picked":"SKIP","floor":5},{"not_picked":["Uppercut","Intimidate"],"picked":"Battle Trance","floor":7},{"not_picked":["Pommel Strike","Headbutt"],"picked":"Hemokinesis","floor":11},{"not_picked":["Rampage","Shrug It Off","Perfected Strike"],"picked":"SKIP","floor":13},{"not_picked":["Juggernaut","Demon Form"],"picked":"Barricade","floor":16},{"not_picked":["Spot Weakness","Combust","Warcry"],"picked":"SKIP","floor":18},{"not_picked":["Wild Strike","Pommel Strike","Cleave+1"],"picked":"SKIP","floor":19},{"not_picked":["Inflame","Pommel Strike","Rampage"],"picked":"SKIP","floor":21},{"not_picked":["Clothesline","Wild Strike","Armaments"],"picked":"SKIP","floor":22},{"not_picked":["Sentinel","Sword Boomerang"],"picked":"Rage","floor":24},{"not_picked":["Iron Wave","Flex+1"],"picked":"Fire Breathing+1","floor":28}],"player_experience":1642722,"relics_obtained":[{"floor":9,"key":"Whetstone"}],"event_choices":[{"damage_healed":0,"gold_gain":0,"player_choice":"Grow","damage_taken":0,"max_hp_gain":0,"max_hp_loss":0,"event_name":"Living Wall","floor":2,"gold_loss":0,"cards_upgraded":["Blood for Blood"]},{"cards_removed":["Strike_R"],"damage_healed":0,"gold_gain":0,"player_choice":"Card Removal","damage_taken":7,"max_hp_gain":0,"max_hp_loss":0,"event_name":"Golden Wing","floor":10,"gold_loss":0},{"damage_healed":0,"gold_gain":0,"player_choice":"Simplicity","damage_taken":0,"max_hp_gain":0,"max_hp_loss":0,"event_name":"Back to Basics","floor":27,"gold_loss":0,"cards_upgraded":["Strike_R","Strike_R","Defend_R","Defend_R","Defend_R","Defend_R"]}],"is_beta":false,"boss_relics":[{"not_picked":["Tiny House","Calling Bell"],"picked":"Runic Cube"}],"items_purged_floors":[14],"is_endless":false,"potions_floor_spawned":[1,3,13,18,21,24],"killed_by":"Cultist and Chosen","ascension_level":20}}