{"host":"iv24d026eac8pm4e","time":1613900021,"event":{"mods":["BaseMod","Minty Spire (QoL Compilation)"],"gold_per_floor":[118,6,6,25,45,45,73,73,73,73,93,93,108,127,127,200,200,211,227,246,246,246,246],"floor_reached":22,"language":"ENG","playtime":839,"items_purged":["Strike_G"],"score":376,"play_id":"b90a4268-cec3-41d1-a759-b3d0d6ee5a46","local_time":"20210221013341","is_ascension_mode":true,"campfire_choices":[{"data":"Poisoned Stab","floor":6,"key":"SMITH"},{"data":"Wraith Form v2","floor":8,"key":"SMITH"},{"floor":10,"key":"REST"},{"data":"Dash","floor":12,"key":"SMITH"},{"data":"Blade Dance","floor":15,"key":"SMITH"}],"circlet_count":0,"master_deck":["AscendersBane","Strike_G","Strike_G","Strike_G","Strike_G","Defend_G","Defend_G","Defend_G","Defend_G","Defend_G","Survivor","Neutralize","Concentrate","Leg Sweep","Poisoned Stab+1","Blur","Wraith Form v2+1","Dash+1","Terror","Blade Dance+1","After Image","Noxious Fumes+1","Blade Dance","Bandage Up"],"relics":["Ring of the Serpent","NeowsBlessing","StoneCalendar","Ancient Tea Set"],"acts_visited":["Exordium","TheCity"],"potions_floor_usage":[16,18,19],"damage_taken":[{"damage":0,"enemies":"Jaw Worm","floor":1,"turns":1},{"damage":0,"enemies":"Cultist","floor":4,"turns":1},{"damage":0,"enemies":"2 Louse","floor":5,"turns":2},{"damage":40,"enemies":"Gremlin Nob","floor":7,"turns":5},{"damage":18,"enemies":"Gremlin Gang","floor":11,"turns":6},{"damage":0,"enemies":"3 Louse","floor":13,"turns":4},{"damage":0,"enemies":"Large Slime","floor":14,"turns":7},{"damage":12,"enemies":"Slime Boss","floor":16,"turns":9},{"damage":3,"enemies":"Chosen","floor":18,"turns":5},{"damage":0,"enemies":"Spheric Guardian","floor":19,"turns":6},{"damage":22,"enemies":"Cultist and Chosen","floor":20,"turns":7},{"damage":19,"enemies":"Chosen and Byrds","floor":22,"turns":5}],"seed_played":"-2808080253432584824","potions_obtained":[{"floor":1,"key":"Swift Potion"},{"floor":7,"key":"SpeedPotion"},{"floor":11,"key":"AttackPotion"},{"floor":16,"key":"AttackPotion"},{"floor":18,"key":"DuplicationPotion"}],"is_trial":false,"path_per_floor":["M","$","?","M","M","R","E","R","T","R","M","R","M","M","R","B",null,"M","M","M","?","M"],"character_chosen":"THE_SILENT","items_purchased":["Leg Sweep"],"campfire_rested":1,"item_purchase_floors":[2],"current_hp_per_floor":[59,59,59,59,59,59,19,19,19,38,20,20,20,20,20,8,52,49,49,27,15,0,0],"gold":246,"neow_bonus":"THREE_ENEMY_KILL","is_daily":false,"chose_seed":false,"campfire_upgraded":4,"win_rate":0.0,"timestamp":1613900021,"path_taken":["M","$","?","M","?","R","E","R","T","R","M","R","M","M","R","BOSS","M","?","M","?","?"],"items_purchased_type":["Card"],"build_version":"2020-12-22","purchased_purges":1,"victory":false,"max_hp_per_floor":[66,66,66,66,66,66,66,66,66,66,66,66,66,66,66,66,66,66,66,66,66,66,66],"card_choices":[{"not_picked":["Endless Agony","Riddle With Holes"],"picked":"Concentrate","floor":1},{"not_picked":["Dodge and Roll","Deflect"],"picked":"Poisoned Stab","floor":4},{"not_picked":["Bane","Prepared"],"picked":"Blur","floor":5},{"not_picked":["Deadly Poison","Dagger Spray"],"picked":"Wraith Form v2","floor":7},{"not_picked":["Catalyst","Sucker Punch"],"picked":"Dash","floor":11},{"not_picked":["Bane","Deflect"],"picked":"Terror","floor":13},{"not_picked":["Dagger Spray","Flying Knee"],"picked":"Blade Dance","floor":14},{"not_picked":["Die Die Die","Unload"],"picked":"After Image","floor":16},{"not_picked":["Blade Dance","Dagger Throw"],"picked":"Noxious Fumes+1","floor":18},{"not_picked":["Endless Agony","Masterful Stab","Flying Knee"],"picked":"SKIP","floor":19},{"not_picked":["Prepared","Dodge and Roll"],"picked":"Blade Dance","floor":20}],"player_experience":2545540,"relics_obtained":[{"floor":7,"key":"Ancient Tea Set"}],"event_choices":[{"damage_healed":0,"gold_gain":0,"player_choice":"Gave Potion","damage_taken":0,"relics_obtained":["StoneCalendar"],"max_hp_gain":0,"max_hp_loss":0,"event_name":"WeMeetAgain","floor":3,"gold_loss":0},{"damage_healed":0,"gold_gain":0,"player_choice":"CARD ","damage_taken":12,"max_hp_gain":0,"max_hp_loss":0,"event_name":"Knowing Skull","floor":21,"potions_obtained":[],"gold_loss":0,"cards_obtained":["Bandage Up"]}],"is_beta":false,"boss_relics":[{"not_picked":["Ectoplasm","Busted Crown"],"picked":"Ring of the Serpent"}],"items_purged_floors":[2],"is_endless":false,"potions_floor_spawned":[1,7,11,16,18],"killed_by":"Chosen and Byrds","ascension_level":20}}