{"host":"b3fp0sgzld04crtx","time":1613897085,"event":{"mods":["AchievementEnabler","BaseMod","Colored Map","Colored Powertips","Highlight Path","Minty Spire (QoL Compilation)","Quick Restart","StSLib","The Servant 0.9.4"],"gold_per_floor":[109,109,34,52,3,32,32,43,43,74,74,74,133,159,159,264,264,279,279,293,323,323,323],"floor_reached":22,"language":"ENG","playtime":1591,"items_purged":["Strike_P"],"score":275,"play_id":"f010ab47-3927-40d4-be2c-9ff21ea11946","local_time":"20210221024445","is_ascension_mode":false,"campfire_choices":[{"data":"Crescendo","floor":7,"key":"SMITH"},{"data":"ClearTheMind","floor":11,"key":"SMITH"},{"data":"ReachHeaven","floor":15,"key":"SMITH"}],"circlet_count":0,"master_deck":["Strike_P","Strike_P","Strike_P","Defend_P","Defend_P","Defend_P","Defend_P","Eruption+1","Vigilance","EmptyMind","ReachHeaven+1","Crescendo+1","ClearTheMind+1","WindmillStrike","Devotion","Crescendo+1"],"relics":["PureWater","NeowsBlessing","Sundial","Thread and Needle","Strawberry","Blue Candle","Fusion Hammer","Red Mask"],"acts_visited":["Exordium","TheCity"],"potions_floor_usage":[10,13,21,21,21],"damage_taken":[{"damage":0,"enemies":"2 Louse","floor":1,"turns":1},{"damage":0,"enemies":"Cultist","floor":4,"turns":1},{"damage":0,"enemies":"3 Sentries","floor":6,"turns":2},{"damage":1,"enemies":"Jaw Worm","floor":8,"turns":3},{"damage":5,"enemies":"Lagavulin","floor":10,"turns":5},{"damage":6,"enemies":"Lagavulin Event","floor":13,"turns":3},{"damage":2,"enemies":"3 Sentries","floor":14,"turns":7},{"damage":0,"enemies":"Slime Boss","floor":16,"turns":4},{"damage":3,"enemies":"Shell Parasite","floor":18,"turns":4},{"damage":8,"enemies":"3 Byrds","floor":20,"turns":6},{"damage":47,"enemies":"Masked Bandits","floor":21,"turns":4},{"damage":26,"enemies":"Snake Plant","floor":22,"turns":3}],"seed_played":"-5009256353660281459","potions_obtained":[{"floor":1,"key":"EssenceOfSteel"},{"floor":8,"key":"SteroidPotion"},{"floor":10,"key":"PowerPotion"},{"floor":14,"key":"GamblersBrew"}],"is_trial":false,"path_per_floor":["M","?","$","M","$","E","R","M","T","E","R","$","?","E","R","B",null,"M","?","M","?","M"],"character_chosen":"WATCHER","items_purchased":["Strength Potion"],"campfire_rested":0,"item_purchase_floors":[5],"current_hp_per_floor":[72,72,72,72,72,72,72,71,71,66,66,66,67,65,65,65,79,76,76,68,21,0,0],"gold":323,"neow_bonus":"THREE_ENEMY_KILL","is_daily":false,"chose_seed":false,"campfire_upgraded":3,"win_rate":0.0,"timestamp":1613897085,"path_taken":["M","?","?","M","$","E","R","M","T","E","R","$","?","E","R","BOSS","M","?","M","?","M"],"items_purchased_type":["Potion"],"build_version":"2020-12-22","purchased_purges":1,"victory":false,"max_hp_per_floor":[72,72,72,72,72,72,72,72,72,72,72,72,79,79,79,79,79,79,79,79,79,79,79],"card_choices":[{"not_picked":["FollowUp","Pray"],"picked":"EmptyMind","floor":1},{"not_picked":["BowlingBash","EmptyFist"],"picked":"ReachHeaven","floor":4},{"not_picked":["FlyingSleeves","FollowUp"],"picked":"Crescendo","floor":6},{"not_picked":["EmptyBody","Halt"],"picked":"ClearTheMind","floor":8},{"not_picked":["ConjureBlade","EmptyBody"],"picked":"WindmillStrike","floor":10},{"not_picked":["CrushJoints","EmptyFist","FollowUp"],"picked":"SKIP","floor":14},{"not_picked":["Brilliance","Omniscience"],"picked":"Devotion","floor":16},{"not_picked":["WheelKick","JustLucky","Fasting2+1"],"picked":"SKIP","floor":18},{"not_picked":["ForeignInfluence","Fasting2"],"picked":"Crescendo+1","floor":20}],"player_experience":346363,"relics_obtained":[{"floor":6,"key":"Sundial"},{"floor":10,"key":"Thread and Needle"},{"floor":14,"key":"Blue Candle"},{"floor":21,"key":"Red Mask"}],"event_choices":[{"damage_healed":0,"gold_gain":0,"player_choice":"Upgraded","damage_taken":0,"max_hp_gain":0,"max_hp_loss":0,"event_name":"Upgrade Shrine","floor":2,"gold_loss":0,"cards_upgraded":["Eruption"]},{"damage_healed":0,"gold_gain":30,"player_choice":"Searched \u00273\u0027 times","damage_taken":0,"relics_obtained":["Strawberry"],"max_hp_gain":0,"max_hp_loss":0,"event_name":"Dead Adventurer","floor":13,"gold_loss":0},{"damage_healed":0,"gold_gain":0,"player_choice":"Ignored","damage_taken":0,"max_hp_gain":0,"max_hp_loss":0,"event_name":"Ghosts","floor":19,"gold_loss":0},{"damage_healed":0,"gold_gain":0,"player_choice":"Fought Bandits","damage_taken":0,"max_hp_gain":0,"max_hp_loss":0,"event_name":"Masked Bandits","floor":21,"gold_loss":0}],"is_beta":false,"boss_relics":[{"not_picked":["Sozu","Philosopher\u0027s Stone"],"picked":"Fusion Hammer"}],"items_purged_floors":[3],"is_endless":false,"potions_floor_spawned":[1,8,10,14],"killed_by":"Snake Plant","ascension_level":0}}