{"host":"jpzdg3po3tjxdjri","time":1613903822,"event":{"mods":["BaseMod","Better Third Choice","Colored Map","Colored Powertips","Minty Spire (QoL Compilation)","StSLib"],"gold_per_floor":[118,131,131,145,160,195,207,246,258,270,295,333,364,406,418,430,430],"floor_reached":16,"language":"ENG","playtime":495,"items_purged":[],"score":139,"play_id":"2c868599-3fe8-4308-ad33-014aef20c075","local_time":"20210221103702","is_ascension_mode":true,"campfire_choices":[{"data":"Perfected Strike","floor":7,"key":"SMITH"},{"data":"Perfected Strike","floor":10,"key":"SMITH"},{"data":"True Grit","floor":15,"key":"SMITH"}],"circlet_count":0,"master_deck":["Strike_R","Strike_R","Strike_R","Strike_R","Strike_R","Defend_R","Defend_R","Defend_R","Defend_R","Bash","Headbutt","Iron Wave","Armaments+1","Perfected Strike+1","Wild Strike","Perfected Strike+1","Immolate","Dual Wield","Juggernaut","True Grit+1","Thunderclap"],"relics":["Burning Blood","MawBank","White Beast Statue","Shuriken","Mercury Hourglass"],"acts_visited":["Exordium"],"potions_floor_usage":[8,16],"damage_taken":[{"damage":6,"enemies":"Cultist","floor":1,"turns":3},{"damage":10,"enemies":"Jaw Worm","floor":2,"turns":4},{"damage":0,"enemies":"2 Louse","floor":4,"turns":3},{"damage":0,"enemies":"Looter","floor":5,"turns":4},{"damage":21,"enemies":"3 Sentries","floor":6,"turns":6},{"damage":30,"enemies":"Lagavulin","floor":8,"turns":5},{"damage":1,"enemies":"3 Louse","floor":11,"turns":3},{"damage":1,"enemies":"Gremlin Nob","floor":12,"turns":3},{"damage":13,"enemies":"Exordium Wildlife","floor":13,"turns":3},{"damage":26,"enemies":"Lagavulin","floor":14,"turns":5},{"damage":25,"enemies":"Slime Boss","floor":16,"turns":8}],"seed_played":"288157534330254375","potions_obtained":[{"floor":1,"key":"Dexterity Potion"},{"floor":2,"key":"DuplicationPotion"},{"floor":11,"key":"FearPotion"},{"floor":12,"key":"FearPotion"}],"is_trial":false,"path_per_floor":["M","M","?","M","M","E","R","E","T","R","M","E","M","E","R","B"],"character_chosen":"IRONCLAD","items_purchased":[],"campfire_rested":0,"item_purchase_floors":[],"current_hp_per_floor":[80,76,76,80,80,65,65,41,41,41,46,51,44,24,24,0,0],"gold":430,"neow_bonus":"THREE_CARDS","is_daily":false,"chose_seed":false,"campfire_upgraded":3,"win_rate":0.0,"timestamp":1613903822,"path_taken":["M","?","?","M","M","E","R","E","T","R","M","E","M","E","R","BOSS"],"items_purchased_type":[],"build_version":"2020-12-22","purchased_purges":0,"victory":false,"max_hp_per_floor":[80,80,80,80,80,80,80,80,80,80,80,80,80,80,80,80,80],"card_choices":[{"not_picked":["True Grit","Armaments"],"picked":"Headbutt","floor":0},{"not_picked":["Ghostly Armor","Sentinel"],"picked":"Iron Wave","floor":1},{"not_picked":["Intimidate","Evolve"],"picked":"Armaments","floor":2},{"not_picked":["Flex","Pommel Strike"],"picked":"Perfected Strike","floor":4},{"not_picked":["Sentinel","Flex"],"picked":"Wild Strike","floor":5},{"not_picked":["Heavy Blade","Brutality"],"picked":"Perfected Strike","floor":6},{"not_picked":["Clothesline","Feel No Pain"],"picked":"Immolate","floor":8},{"not_picked":["Clothesline","Uppercut"],"picked":"Dual Wield","floor":11},{"not_picked":["Body Slam","Power Through"],"picked":"Juggernaut","floor":12},{"not_picked":["Bloodletting","Rampage"],"picked":"True Grit","floor":13},{"not_picked":["Havoc","Heavy Blade"],"picked":"Thunderclap","floor":14}],"player_experience":922453,"relics_obtained":[{"floor":6,"key":"MawBank"},{"floor":8,"key":"White Beast Statue"},{"floor":12,"key":"Shuriken"},{"floor":14,"key":"Mercury Hourglass"}],"event_choices":[{"damage_healed":0,"gold_gain":0,"player_choice":"Grow","damage_taken":0,"max_hp_gain":0,"max_hp_loss":0,"event_name":"Living Wall","floor":3,"gold_loss":0,"cards_upgraded":["Armaments"]}],"is_beta":false,"boss_relics":[],"items_purged_floors":[],"is_endless":false,"potions_floor_spawned":[1,2,11,12,13,14],"killed_by":"Slime Boss","ascension_level":1}}