{"host":"snczp9esof91ppiq","time":1613886982,"event":{"mods":["AchievementEnabler","BaseMod","Better Match","Better Note","Better Sensory Stone","Better Skull","Colored Map","Colored Powertips","Hermit","Minty Spire (QoL Compilation)","Relic Stats","StSLib"],"gold_per_floor":[109,109,120,220,238,238,269,286,313,313,338,354,369,403,403,475,475,487,487,474,529,34,34,75,75,127,163,176,195,217,245,245,332,332,355,369,119,137,156,156,200,219,296,305,319,353,353,379,379,379,379],"floor_reached":50,"language":"ENG","playtime":3241,"items_purged":["Defend_R","Defend_R"],"score":1059,"play_id":"ac3f3303-2211-4882-9443-11cf811245a6","local_time":"20210220235622","is_ascension_mode":true,"campfire_choices":[{"data":"Bash","floor":6.0,"key":"SMITH"},{"floor":10.0,"key":"REST"},{"data":"Perfected Strike","floor":15.0,"key":"SMITH"},{"data":"Reaper","floor":23.0,"key":"SMITH"},{"data":"Flame Barrier","floor":25.0,"key":"SMITH"},{"floor":32.0,"key":"REST"},{"floor":40.0,"key":"REST"},{"floor":44.0,"key":"REST"},{"data":"Inflame","floor":47.0,"key":"SMITH"},{"data":"Armaments","floor":49.0,"key":"SMITH"}],"circlet_count":0,"master_deck":["AscendersBane","Strike_R","Strike_R","Strike_R+1","Strike_R+1","Strike_R","Defend_R","Defend_R","Bash+1","Disarm","Thunderclap+1","Cleave","Pommel Strike","Shrug It Off","Iron Wave","Uppercut+1","Dropkick","Perfected Strike+1","Reaper+1","Shrug It Off","Perfected Strike+1","Anger+1","Armaments+1","Flame Barrier+1","Metallicize","Second Wind+1","Reaper","Shrug It Off+1","Bandage Up","Panacea","Headbutt+1","Inflame+1","Perfected Strike+1","Sentinel+1","Dual Wield+1"],"relics":["Burning Blood","PreservedInsect","Happy Flower","Red Skull","Whetstone","Black Star","Ancient Tea Set","Sling","Potion Belt","Smiling Mask","CeramicFish","Strawberry","Du-Vu Doll","Question Card","Pear","Omamori","Runic Cube","Dream Catcher","Eternal Feather","Pen Nib","Mummified Hand","CaptainsWheel"],"acts_visited":["Exordium","TheCity","TheBeyond"],"potions_floor_usage":[],"damage_taken":[{"damage":3.0,"enemies":"Small Slimes","floor":1.0,"turns":4.0},{"damage":1.0,"enemies":"Cultist","floor":3.0,"turns":3.0},{"damage":4.0,"enemies":"2 Louse","floor":5.0,"turns":3.0},{"damage":31.0,"enemies":"Lagavulin","floor":7.0,"turns":4.0},{"damage":7.0,"enemies":"Exordium Wildlife","floor":8.0,"turns":3.0},{"damage":15.0,"enemies":"3 Sentries","floor":11.0,"turns":5.0},{"damage":5.0,"enemies":"Red Slaver","floor":12.0,"turns":3.0},{"damage":1.0,"enemies":"2 Fungi Beasts","floor":13.0,"turns":3.0},{"damage":10.0,"enemies":"Gremlin Nob","floor":14.0,"turns":3.0},{"damage":17.0,"enemies":"Slime Boss","floor":16.0,"turns":10.0},{"damage":4.0,"enemies":"Chosen","floor":18.0,"turns":3.0},{"damage":21.0,"enemies":"2 Thieves","floor":20.0,"turns":4.0},{"damage":0.0,"enemies":"Gremlin Leader","floor":24.0,"turns":2.0},{"damage":17.0,"enemies":"Book of Stabbing","floor":27.0,"turns":4.0},{"damage":19.0,"enemies":"Sentry and Sphere","floor":28.0,"turns":5.0},{"damage":5.0,"enemies":"Snake Plant","floor":29.0,"turns":5.0},{"damage":12.0,"enemies":"Centurion and Healer","floor":30.0,"turns":5.0},{"damage":9.0,"enemies":"Gremlin Leader","floor":31.0,"turns":4.0},{"damage":115.0,"enemies":"Champ","floor":33.0,"turns":14.0},{"damage":21.0,"enemies":"3 Shapes","floor":35.0,"turns":5.0},{"damage":14.0,"enemies":"Orb Walker","floor":36.0,"turns":5.0},{"damage":42.0,"enemies":"Sphere and 2 Shapes","floor":39.0,"turns":4.0},{"damage":68.0,"enemies":"Nemesis","floor":41.0,"turns":7.0},{"damage":56.0,"enemies":"Maw","floor":42.0,"turns":9.0},{"damage":35.0,"enemies":"Jaw Worm Horde","floor":45.0,"turns":6.0},{"damage":2.0,"enemies":"Mind Bloom Boss Battle","floor":46.0,"turns":6.0},{"damage":35.0,"enemies":"4 Shapes","floor":48.0,"turns":4.0},{"damage":113,"enemies":"Donu and Deca","floor":50,"turns":8}],"seed_played":"4459814816917575915","potions_obtained":[{"floor":1.0,"key":"Strength Potion"},{"floor":5.0,"key":"FearPotion"},{"floor":7.0,"key":"Energy Potion"},{"floor":12.0,"key":"DuplicationPotion"},{"floor":14.0,"key":"FairyPotion"},{"floor":20.0,"key":"ElixirPotion"},{"floor":28.0,"key":"GamblersBrew"},{"floor":30.0,"key":"Fruit Juice"},{"floor":31.0,"key":"DuplicationPotion"},{"floor":35.0,"key":"AttackPotion"},{"floor":42.0,"key":"Regen Potion"},{"floor":45.0,"key":"PowerPotion"}],"is_trial":false,"path_per_floor":["M","?","M","?","M","R","E","M","T","R","E","M","M","E","R","B",null,"M","?","M","T","$","R","E","R","T","E","M","M","M","E","R","B",null,"M","M","$","?","M","R","E","M","T","R","M","?","R","M","R","B"],"character_chosen":"IRONCLAD","items_purchased":["Sling","Potion Belt","Explosive Potion","PowerPotion","Armaments","BloodPotion","Dream Catcher"],"campfire_rested":4,"item_purchase_floors":[22,22,22,22,22,37,37],"current_hp_per_floor":[78,62,67,67,69,69,44,43,43,67,58,59,64,60,60,49,74,76,76,61,61,61,61,67,67,74,63,50,51,59,66,97,37,87,72,70,70,70,59,90,55,27,27,76,90,98,104,95,104,0,0],"gold":379,"neow_bonus":"TEN_PERCENT_HP_BONUS","is_daily":false,"chose_seed":false,"campfire_upgraded":6,"win_rate":0.0,"timestamp":1613886982,"path_taken":["M","?","M","?","M","R","E","M","T","R","E","M","M","E","R","BOSS","M","?","M","?","$","R","E","R","T","E","M","M","M","E","R","BOSS","M","M","$","?","M","R","E","M","T","R","M","?","R","M","R","BOSS"],"items_purchased_type":["Relic","Relic","Potion","Potion","Card","Potion","Relic"],"build_version":"2020-12-22","purchased_purges":2,"victory":false,"max_hp_per_floor":[82,82,82,82,82,82,82,82,82,82,82,82,82,82,82,82,82,82,82,82,82,82,82,82,82,89,89,89,89,94,104,104,104,104,104,104,104,104,104,104,104,104,104,104,104,104,104,104,104,104,104],"relic_stats":{"Happy Flower":[41],"counters":[28,141],"CeramicFish":108,"Eternal Feather":33,"PreservedInsect":246,"Pen Nib":[6],"Whetstone":["Uppercut","Thunderclap"],"Smiling Mask":50,"Question Card":17,"Burning Blood":162,"Dream Catcher":2,"Mummified Hand":[5],"Black Star":4,"obtain_stats":[{"Potion Belt":22,"Pear":31,"Happy Flower":9,"CeramicFish":24,"Eternal Feather":41,"PreservedInsect":7,"Pen Nib":41,"Omamori":31,"Whetstone":14,"Ancient Tea Set":21,"Sling":22,"Smiling Mask":24,"Question Card":27,"Burning Blood":0,"Du-Vu Doll":27,"Dream Catcher":37,"CaptainsWheel":46,"Mummified Hand":43,"Strawberry":26,"Black Star":17,"Red Skull":11,"Runic Cube":34},{"Potion Belt":12,"Pear":18,"Happy Flower":5,"CeramicFish":13,"Eternal Feather":23,"PreservedInsect":4,"Pen Nib":23,"Omamori":18,"Whetstone":9,"Ancient Tea Set":12,"Sling":12,"Smiling Mask":13,"Question Card":14,"Burning Blood":0,"Du-Vu Doll":14,"Dream Catcher":21,"CaptainsWheel":26,"Mummified Hand":24,"Strawberry":13,"Black Star":10,"Red Skull":6,"Runic Cube":19},{"Potion Belt":48,"Pear":73,"Happy Flower":17,"CeramicFish":50,"Eternal Feather":108,"PreservedInsect":14,"Pen Nib":108,"Omamori":73,"Whetstone":31,"Ancient Tea Set":48,"Sling":48,"Smiling Mask":50,"Question Card":54,"Burning Blood":0,"Du-Vu Doll":54,"Dream Catcher":97,"CaptainsWheel":129,"Mummified Hand":117,"Strawberry":50,"Black Star":41,"Red Skull":22,"Runic Cube":87}],"Runic Cube":[36]},"card_choices":[{"not_picked":["Pommel Strike","Rage"],"picked":"Disarm","floor":1.0},{"not_picked":["Searing Blow","Clash"],"picked":"Thunderclap","floor":3.0},{"not_picked":["Iron Wave","Bloodletting"],"picked":"Cleave","floor":5.0},{"not_picked":["Evolve","Iron Wave"],"picked":"Pommel Strike","floor":7.0},{"not_picked":["Warcry","Body Slam"],"picked":"Shrug It Off","floor":8.0},{"not_picked":["Heavy Blade","True Grit"],"picked":"Iron Wave","floor":11.0},{"not_picked":["Rage","True Grit"],"picked":"Uppercut","floor":12.0},{"not_picked":["Pommel Strike","Reckless Charge"],"picked":"Dropkick","floor":13.0},{"not_picked":["Blood for Blood","Bloodletting"],"picked":"Perfected Strike","floor":14.0},{"not_picked":["Barricade","Fiend Fire"],"picked":"Reaper","floor":16.0},{"not_picked":["Disarm","Entrench"],"picked":"Shrug It Off","floor":18.0},{"not_picked":["Whirlwind","Heavy Blade+1"],"picked":"Anger+1","floor":20.0},{"not_picked":["Twin Strike","Fire Breathing"],"picked":"Flame Barrier","floor":24.0},{"not_picked":["True Grit","Infernal Blade"],"picked":"Metallicize","floor":27.0},{"not_picked":["Shrug It Off","Rampage+1","Iron Wave","Havoc"],"picked":"SKIP","floor":28.0},{"not_picked":["Shrug It Off","Rampage+1","Iron Wave","Havoc"],"picked":"SKIP","floor":28.0},{"not_picked":["Flex","Clothesline","Dropkick","Rupture"],"picked":"SKIP","floor":29.0},{"not_picked":["Battle Trance","Havoc","Anger"],"picked":"Second Wind+1","floor":30.0},{"not_picked":["Exhume","Searing Blow","Thunderclap","Body Slam+1"],"picked":"SKIP","floor":31.0},{"not_picked":["Limit Break","Offering","Immolate"],"picked":"Reaper","floor":33.0},{"not_picked":["Rampage","Havoc","Sword Boomerang"],"picked":"Shrug It Off+1","floor":35.0},{"not_picked":["Clash","Body Slam","Thunderclap","Sword Boomerang"],"picked":"SKIP","floor":36.0},{"not_picked":["Dramatic Entrance","Finesse","Madness"],"picked":"Bandage Up","floor":38.0},{"not_picked":["Secret Weapon","Chrysalis","Panache"],"picked":"Panacea","floor":38.0},{"not_picked":["Dark Embrace","Clash","Armaments","Evolve"],"picked":"SKIP","floor":39.0},{"not_picked":["Power Through","Warcry","Burning Pact"],"picked":"Headbutt+1","floor":41.0},{"not_picked":["Blood for Blood","Reckless Charge+1","Armaments+1"],"picked":"Inflame","floor":42.0},{"not_picked":["Heavy Blade","Twin Strike","Evolve+1"],"picked":"Perfected Strike+1","floor":44.0},{"not_picked":["True Grit","Clash","Evolve","Reckless Charge"],"picked":"SKIP","floor":45.0},{"not_picked":["Barricade","Shrug It Off","Wild Strike+1"],"picked":"Sentinel+1","floor":46.0},{"not_picked":["Wild Strike","Feel No Pain","Armaments"],"picked":"Dual Wield+1","floor":48.0}],"player_experience":930285,"relics_obtained":[{"floor":7.0,"key":"PreservedInsect"},{"floor":9.0,"key":"Happy Flower"},{"floor":11.0,"key":"Red Skull"},{"floor":14.0,"key":"Whetstone"},{"floor":21.0,"key":"Ancient Tea Set"},{"floor":24.0,"key":"Smiling Mask"},{"floor":24.0,"key":"CeramicFish"},{"floor":26.0,"key":"Strawberry"},{"floor":27.0,"key":"Du-Vu Doll"},{"floor":27.0,"key":"Question Card"},{"floor":31.0,"key":"Pear"},{"floor":31.0,"key":"Omamori"},{"floor":41.0,"key":"Eternal Feather"},{"floor":41.0,"key":"Pen Nib"},{"floor":43.0,"key":"Mummified Hand"},{"floor":46.0,"key":"CaptainsWheel"}],"event_choices":[{"damage_healed":0.0,"max_hp_gain":0.0,"max_hp_loss":0.0,"gold_gain":0.0,"event_name":"Shining Light","player_choice":"Entered Light","floor":2.0,"gold_loss":0.0,"damage_taken":16.0,"cards_upgraded":["Strike_R","Strike_R"]},{"damage_healed":0.0,"max_hp_gain":0.0,"max_hp_loss":0.0,"gold_gain":100.0,"event_name":"Golden Shrine","player_choice":"Pray","floor":4.0,"gold_loss":0.0,"damage_taken":0.0},{"damage_healed":0.0,"max_hp_gain":0.0,"max_hp_loss":0.0,"gold_gain":0.0,"event_name":"Duplicator","player_choice":"Copied","floor":19.0,"gold_loss":0.0,"damage_taken":0.0,"cards_obtained":["Perfected Strike"]},{"damage_healed":0.0,"max_hp_gain":0.0,"max_hp_loss":0.0,"gold_gain":3.0,"event_name":"betterStone:BetterStone","player_choice":"1","floor":38.0,"gold_loss":0.0,"damage_taken":0.0},{"damage_healed":0.0,"max_hp_gain":0.0,"max_hp_loss":0.0,"gold_gain":0.0,"event_name":"MindBloom","player_choice":"Fight","floor":46.0,"gold_loss":0.0,"damage_taken":0.0}],"is_beta":false,"boss_relics":[{"not_picked":["Philosopher\u0027s Stone","Fusion Hammer"],"picked":"Black Star"},{"not_picked":["Sozu","Coffee Dripper"],"picked":"Runic Cube"}],"items_purged_floors":[22,37],"is_endless":false,"potions_floor_spawned":[1,5,7,12,14,20,28,30,31,35,42,45],"killed_by":"Donu and Deca","ascension_level":14}}