{"host":"jrcac014xe3tcpok","time":1613940520,"event":{"mods":["Act Like it!","Aspiration","BaseMod","Beaked The Cultist","BetterRewards","Colored Map","Conspire","Downfall","Gensokyo","Halation","Hermit","Infinite Spire","Jorbs\u0027s Wanderer Trilogy","Minty Spire (QoL Compilation)","Replay The Spire","StSLib","The Construct","The Cursed","The Hierophant","The Jungle","The Mystic","The Runesmith"],"gold_per_floor":[118,138,38,89,122,122,172,197,197,213,213,237,268,14,14,150,150,202,47,82,105,161,169,169],"floor_reached":23,"language":"ENG","playtime":2376,"items_purged":[],"score":297,"play_id":"9c7cfcdc-d450-463a-ba62-8ebfebe59a03","local_time":"20210221144840","is_ascension_mode":false,"campfire_choices":[{"data":"beaked:Evade","floor":11,"key":"SMITH"},{"data":"beaked:WindBringer","floor":15,"key":"SMITH"}],"circlet_count":0,"master_deck":["beaked:Strike_Y","beaked:Strike_Y","beaked:Strike_Y+1","beaked:Strike_Y","beaked:Strike_Y","beaked:Strike_Y+1","beaked:Defend_Y","beaked:Defend_Y+1","beaked:Defend_Y","beaked:Defend_Y+1","beaked:Ceremony","beaked:Ceremony","beaked:Ceremony","beaked:Evade+1","conspire:SpireCoStock","conspire:SpireCoStock","beaked:WindBringer+1","beaked:Roost+1","beaked:WarriorEssence+1","beaked:DigDeep"],"relics":["beaked:MendingPlumage","beaked:RitualPlumage","ReplayTheSpireMod:Ninjato","Boot","Whetstone","Replay:Bandana","Onion Ring","construct:WeddingRing","War Paint"],"acts_visited":["Exordium","Exordium"],"potions_floor_usage":[5,8,21,22],"damage_taken":[{"damage":6,"enemies":"conspire:RoseBush","floor":1,"turns":4},{"damage":9,"enemies":"Cultist","floor":2,"turns":5},{"damage":24,"enemies":"Jaw Worm","floor":4,"turns":6},{"damage":32,"enemies":"Lots of Slimes","floor":5,"turns":8},{"damage":16,"enemies":"Lagavulin","floor":7,"turns":7},{"damage":12,"enemies":"Looter","floor":8,"turns":4},{"damage":17,"enemies":"Exordium Thugs","floor":10,"turns":4},{"damage":23,"enemies":"Blue Slaver","floor":13,"turns":7},{"damage":16,"enemies":"Fading Forest","floor":16,"turns":11},{"damage":8,"enemies":"theJungle:5_Spyders","floor":18,"turns":7},{"damage":7,"enemies":"theJungle:MUSHROOMGANG","floor":20,"turns":4},{"damage":39,"enemies":"theJungle:2_Flameangoes","floor":21,"turns":7},{"damage":36,"enemies":"theJungle:2_Snecko_Cultists","floor":22,"turns":4},{"damage":3,"enemies":"theJungle:2_Phrogs","floor":23,"turns":2}],"seed_played":"-4756181888761810957","potions_obtained":[{"floor":4,"key":"sneckomod:MuddlingPotion"},{"floor":5,"key":"Swift Potion"},{"floor":7,"key":"SkillPotion"},{"floor":18,"key":"Strength Potion"},{"floor":20,"key":"Death Potion"}],"is_trial":false,"path_per_floor":["M","M","?","M","M","?","E","M","T","M","R","T","M","$","R","B",null,"M","$","M","M","M","E"],"character_chosen":"BEAKED_THE_CULTIST","items_purchased":["beaked:RitualPlumage","beaked:Evade","Onion Ring","War Paint"],"campfire_rested":0,"item_purchase_floors":[0,0,14,19],"current_hp_per_floor":[48,48,48,36,29,29,28,32,32,23,23,23,20,20,20,47,50,50,50,50,28,9,16,16],"gold":169,"neow_bonus":"","is_daily":false,"chose_seed":false,"campfire_upgraded":2,"win_rate":0.0,"timestamp":1613940520,"path_taken":["M","M","?","M","M","?","E","?","T","M","R","?","M","?","R","BOSS","M","$","M","M","?","E"],"items_purchased_type":["Relic","Card","Relic","Relic"],"build_version":"2020-12-22","purchased_purges":0,"victory":false,"max_hp_per_floor":[50,50,50,50,50,50,50,50,50,50,50,50,50,50,50,50,50,50,50,50,50,50,50,50],"card_choices":[{"not_picked":["beaked:RitualOfBody","beaked:TuckingFeathers","beaked:Daydream"],"picked":"SKIP","floor":1},{"not_picked":["beaked:Cower","beaked:Overpower","beaked:Replenish"],"picked":"SKIP","floor":2},{"not_picked":["beaked:Cower","beaked:Poke","ReplayTheSpireMod:RavenHex"],"picked":"SKIP","floor":4},{"not_picked":["beaked:Tweet","beaked:Hexing"],"picked":"beaked:WindBringer","floor":5},{"not_picked":["beaked:Tweet","beaked:VigorBurst","beaked:Flinch"],"picked":"SKIP","floor":7},{"not_picked":["beaked:Replenish","beaked:BloodForTheGods","beaked:FeelMyPain"],"picked":"SKIP","floor":8},{"not_picked":["beaked:Overexert","beaked:CrazyRituals","beaked:VigorBurst"],"picked":"SKIP","floor":10},{"not_picked":["beaked:WarriorSpirit","beaked:VolatileMisfortune","beaked:Tradeoff"],"picked":"SKIP","floor":13},{"not_picked":["beaked:RitualOfBody","beaked:Poke","beaked:Tradeoff"],"picked":"SKIP","floor":18},{"not_picked":["beaked:WarriorEssence","beaked:MaddeningMurmurs"],"picked":"beaked:Roost+1","floor":20},{"not_picked":["beaked:BloodForTheGods","beaked:VigorBurst"],"picked":"beaked:WarriorEssence+1","floor":21},{"not_picked":["beaked:Evade","beaked:FeelMyPain"],"picked":"beaked:DigDeep","floor":22}],"player_experience":389841,"relics_obtained":[{"floor":7,"key":"Boot"},{"floor":9,"key":"Whetstone"},{"floor":12,"key":"Replay:Bandana"}],"event_choices":[{"damage_healed":0,"gold_gain":0,"player_choice":"Invest 2","damage_taken":0,"max_hp_gain":0,"max_hp_loss":0,"event_name":"conspire:Investor","floor":3,"gold_loss":0},{"damage_healed":0,"gold_gain":0,"player_choice":"Gave Potion","damage_taken":0,"relics_obtained":["ReplayTheSpireMod:Ninjato"],"max_hp_gain":0,"max_hp_loss":0,"event_name":"WeMeetAgain","floor":6,"gold_loss":0}],"is_beta":false,"boss_relics":[{"not_picked":["Velvet Choker","SacredBark"],"picked":"construct:WeddingRing"}],"items_purged_floors":[],"is_endless":false,"potions_floor_spawned":[4,5,7,18,20],"killed_by":"theJungle:2_Phrogs","ascension_level":0}}