{"host":"pqs17sqrgflf4eqa","time":1613923764,"event":{"mods":["AchievementEnabler","BaseMod","Bestiary","Better Altar","Better Match","Better Sensory Stone","Better Skull","Better Third Choice","Block Reminder","Bossed Relics","Colored Map","Colored Powertips","Curses Come First","Dark Map","DeckTracker","Defective Defect","Displayed Cursed Tome","Emptier Cage","Googly Eyes","Highlight Path","Minty Spire (QoL Compilation)","Permanent Neow","Poor People Problems","Quick Restart","Slay-I","StSLib","SuperFastMode","Synergy Search","Thieving Mod","Transform Curses","everything is the same but u backflip on backflip","slay the spire mod where everything is the same but ironclad has a cowboy hat"],"gold_per_floor":[118,118,134,149,162,196,212,238,238,278,297,313,340,340,340,440,440,456,468,485,495,495,526,526,552,579,596,502,521,87,87,87,185,185,195,245,245,245,259,289,289,324,350,350,368,403,429,473,485,497],"floor_reached":51,"language":"ENG","playtime":1299,"items_purged":["Strike_P"],"score":1152,"play_id":"f5edd1fc-8809-4ea0-99e7-6d581b93448a","local_time":"20210221110924","is_ascension_mode":true,"campfire_choices":[{"data":"Eruption","floor":15,"key":"SMITH"},{"floor":24,"key":"REST"},{"floor":32,"key":"REST"},{"data":"Ragnarok","floor":41,"key":"SMITH"},{"data":"Blasphemy","floor":44,"key":"SMITH"},{"data":"WheelKick","floor":49,"key":"SMITH"}],"circlet_count":0,"master_deck":["Strike_P","Strike_P","Strike_P","Defend_P","Defend_P","Defend_P","Defend_P","Eruption+1","Vigilance","Consecrate","BowlingBash","EmptyMind","EmptyBody","FollowUp","FearNoEvil","EmptyFist","Ragnarok+1","Brilliance","Tantrum","Halt+1","Tantrum","WheelKick+1","EmptyBody+1","Blasphemy+1","AscendersBane","Eruption+1","Tantrum+1","MentalFortress+1"],"relics":["Black Star","Vajra","Art of War","Centennial Puzzle","Darkstone Periapt","Nunchaku","Bag of Marbles","CaptainsWheel","Philosopher\u0027s Stone","Enchiridion","Incense Burner","Pen Nib","Ancient Tea Set","White Beast Statue","Dream Catcher","Ornamental Fan","Toolbox","MutagenicStrength","Busted Crown","Gambling Chip","CloakClasp","Frozen Egg 2","Akabeko","MealTicket","Juzu Bracelet","Omamori","MawBank","Singing Bowl","CeramicFish"],"acts_visited":["Exordium","TheCity","TheBeyond"],"potions_floor_usage":[10,16,23,25,25,33,39,39,50,50],"damage_taken":[{"damage":0.0,"enemies":"Small Slimes","floor":1.0,"turns":2.0},{"damage":5.0,"enemies":"Jaw Worm","floor":3.0,"turns":4.0},{"damage":0.0,"enemies":"Cultist","floor":4.0,"turns":4.0},{"damage":2.0,"enemies":"Exordium Wildlife","floor":5.0,"turns":3.0},{"damage":9.0,"enemies":"3 Sentries","floor":6.0,"turns":5.0},{"damage":0.0,"enemies":"3 Louse","floor":7.0,"turns":1.0},{"damage":8.0,"enemies":"Gremlin Nob","floor":8.0,"turns":3.0},{"damage":0,"enemies":"Looter","floor":10,"turns":1},{"damage":3,"enemies":"Blue Slaver","floor":11,"turns":2},{"damage":0,"enemies":"2 Fungi Beasts","floor":12,"turns":2},{"damage":4,"enemies":"3 Sentries","floor":13,"turns":4},{"damage":10,"enemies":"The Guardian","floor":16,"turns":8},{"damage":3,"enemies":"Shell Parasite","floor":18,"turns":2},{"damage":6,"enemies":"Chosen","floor":19,"turns":3},{"damage":19,"enemies":"Snake Plant","floor":20,"turns":3},{"damage":14,"enemies":"Cultist and Chosen","floor":21,"turns":3},{"damage":0,"enemies":"Gremlin Leader","floor":23,"turns":3},{"damage":32,"enemies":"Slavers","floor":25,"turns":4},{"damage":8,"enemies":"Centurion and Healer","floor":27,"turns":3},{"damage":0,"enemies":"3 Cultists","floor":29,"turns":3},{"damage":4,"enemies":"Collector","floor":33,"turns":4},{"damage":0,"enemies":"3 Darklings","floor":35,"turns":2},{"damage":0,"enemies":"Mind Bloom Boss Battle","floor":36,"turns":2},{"damage":0,"enemies":"Orb Walker","floor":39,"turns":2},{"damage":0,"enemies":"Reptomancer","floor":40,"turns":3},{"damage":0,"enemies":"Nemesis","floor":42,"turns":1},{"damage":0,"enemies":"Maw","floor":45,"turns":2},{"damage":0,"enemies":"Reptomancer","floor":46,"turns":1},{"damage":12,"enemies":"Sphere and 2 Shapes","floor":47,"turns":1},{"damage":0,"enemies":"Nemesis","floor":48,"turns":1},{"damage":0,"enemies":"Donu and Deca","floor":50,"turns":4}],"seed_played":"-5841477149299330956","potions_obtained":[{"floor":1.0,"key":"Ancient Potion"},{"floor":4.0,"key":"PowerPotion"},{"floor":5.0,"key":"EntropicBrew"},{"floor":8.0,"key":"ColorlessPotion"},{"floor":11,"key":"Swift Potion"},{"floor":19,"key":"SpeedPotion"},{"floor":21,"key":"FearPotion"},{"floor":23,"key":"SpeedPotion"},{"floor":27,"key":"Fire Potion"},{"floor":29,"key":"LiquidBronze"},{"floor":33,"key":"Swift Potion"},{"floor":36,"key":"Explosive Potion"},{"floor":39,"key":"SmokeBomb"},{"floor":40,"key":"StancePotion"},{"floor":42,"key":"SkillPotion"},{"floor":45,"key":"PowerPotion"}],"is_trial":false,"path_per_floor":["M","?","M","M","M","E","M","E","T","M","M","M","E","?","R","B",null,"M","M","M","M","?","E","R","E","T","M","?","M","$","?","R","B",null,"M","?","?","$","M","E","R","E","T","R","M","E","M","E","R","B",null],"character_chosen":"WATCHER","items_purchased":["Toolbox","BottledMiracle","Tantrum","WheelKick"],"campfire_rested":2,"item_purchase_floors":[30,30,30,30],"current_hp_per_floor":[72,77,72,72,70,61,61,53,53,53,50,50,46,46,46,36,77,74,68,49,35,19,19,42,10,10,2,2,2,2,2,25,21,77,77,77,83,83,83,83,83,83,83,83,83,83,71,73,73,73],"gold":509,"neow_bonus":"BOSS_RELIC","is_daily":false,"chose_seed":false,"campfire_upgraded":4,"win_rate":0.0,"timestamp":1613923764,"path_taken":["M","?","M","M","M","E","M","E","T","M","M","M","E","?","R","BOSS","M","M","M","M","?","E","R","E","T","M","?","?","$","?","R","BOSS","M","?","?","$","M","E","R","E","T","R","M","E","M","E","R","BOSS"],"items_purchased_type":["Relic","Potion","Card","Card"],"build_version":"2020-12-22","purchased_purges":1,"victory":true,"max_hp_per_floor":[72,77,77,77,77,77,77,77,77,77,77,77,77,77,77,77,77,77,77,77,77,77,77,77,77,77,77,77,77,77,77,77,77,77,77,77,83,83,83,83,83,83,83,83,83,83,83,85,85,85],"card_choices":[{"not_picked":["BattleHymn","Weave"],"picked":"Consecrate","floor":1.0},{"not_picked":["Weave","FlurryOfBlows","Swivel"],"picked":"SKIP","floor":3.0},{"not_picked":["Perseverance","ClearTheMind"],"picked":"BowlingBash","floor":4.0},{"not_picked":["FlyingSleeves","SashWhip"],"picked":"EmptyMind","floor":5.0},{"not_picked":["Crescendo","BowlingBash"],"picked":"EmptyBody","floor":6.0},{"not_picked":["BattleHymn","Evaluate"],"picked":"FollowUp","floor":7.0},{"not_picked":["JustLucky","FlurryOfBlows"],"picked":"FearNoEvil","floor":8.0},{"not_picked":["Halt","Fasting2"],"picked":"EmptyFist","floor":10},{"not_picked":["SignatureMove","EmptyFist","LessonLearned"],"picked":"SKIP","floor":11},{"not_picked":["PathToVictory","Prostrate","FollowUp"],"picked":"SKIP","floor":12},{"not_picked":["FearNoEvil","LikeWater"],"picked":"Ragnarok","floor":13},{"not_picked":["Devotion","Blasphemy"],"picked":"Brilliance","floor":16},{"not_picked":["Crescendo","BowlingBash+1"],"picked":"Tantrum","floor":18},{"not_picked":["Halt","ThirdEye","Judgement"],"picked":"SKIP","floor":19},{"not_picked":["FlurryOfBlows","ThirdEye+1","Swivel"],"picked":"SKIP","floor":20},{"not_picked":["WreathOfFlame","Wallop","EmptyFist+1"],"picked":"SKIP","floor":21},{"not_picked":["EmptyFist","SpiritShield"],"picked":"Halt+1","floor":23},{"not_picked":["CrushJoints+1","FlyingSleeves","Nirvana"],"picked":"SKIP","floor":25},{"not_picked":["Adaptation","ThirdEye","CrushJoints"],"picked":"SKIP","floor":27},{"not_picked":["CrushJoints","Conclude","Fasting2+1"],"picked":"SKIP","floor":29},{"not_picked":["SashWhip","Pray"],"picked":"EmptyBody+1","floor":32},{"not_picked":["LessonLearned","Judgement"],"picked":"Blasphemy","floor":33},{"not_picked":["FollowUp+1"],"picked":"SKIP","floor":35},{"not_picked":["FollowUp"],"picked":"SKIP","floor":39},{"not_picked":[],"picked":"Tantrum+1","floor":40},{"not_picked":["Evaluate+1"],"picked":"SKIP","floor":42},{"not_picked":["EmptyFist+1"],"picked":"SKIP","floor":45},{"not_picked":[],"picked":"MentalFortress+1","floor":46},{"not_picked":["Meditate+1"],"picked":"SKIP","floor":47},{"not_picked":["Meditate+1"],"picked":"SKIP","floor":47},{"not_picked":["Pray+1"],"picked":"Singing Bowl","floor":48}],"player_experience":151757,"relics_obtained":[{"floor":6.0,"key":"Vajra"},{"floor":6.0,"key":"Art of War"},{"floor":8.0,"key":"Centennial Puzzle"},{"floor":8.0,"key":"Darkstone Periapt"},{"floor":9.0,"key":"Nunchaku"},{"floor":13,"key":"Bag of Marbles"},{"floor":13,"key":"CaptainsWheel"},{"floor":23,"key":"Incense Burner"},{"floor":23,"key":"Pen Nib"},{"floor":25,"key":"Ancient Tea Set"},{"floor":25,"key":"White Beast Statue"},{"floor":26,"key":"Dream Catcher"},{"floor":36,"key":"Gambling Chip"},{"floor":40,"key":"CloakClasp"},{"floor":40,"key":"Frozen Egg 2"},{"floor":42,"key":"Akabeko"},{"floor":42,"key":"MealTicket"},{"floor":43,"key":"Juzu Bracelet"},{"floor":46,"key":"Omamori"},{"floor":46,"key":"MawBank"},{"floor":48,"key":"Singing Bowl"},{"floor":48,"key":"CeramicFish"}],"event_choices":[{"damage_healed":0.0,"max_hp_gain":5.0,"max_hp_loss":0.0,"gold_gain":0.0,"event_name":"Big Fish","player_choice":"Donut","floor":2.0,"gold_loss":0.0,"damage_taken":0.0},{"damage_healed":0,"gold_gain":0,"player_choice":"Ignored","damage_taken":0,"max_hp_gain":0,"max_hp_loss":0,"event_name":"Golden Wing","floor":14,"gold_loss":0},{"damage_healed":0,"gold_gain":0,"player_choice":"Obtained Book","damage_taken":16,"max_hp_gain":0,"max_hp_loss":0,"event_name":"Cursed Tome","floor":22,"gold_loss":0},{"damage_healed":0,"gold_gain":0,"player_choice":"Paid Gold","damage_taken":0,"relics_obtained":["Ornamental Fan"],"max_hp_gain":0,"max_hp_loss":0,"event_name":"WeMeetAgain","floor":28,"gold_loss":94},{"damage_healed":0,"gold_gain":0,"player_choice":"Inject Mutagens","damage_taken":0,"relics_obtained":["MutagenicStrength"],"max_hp_gain":0,"max_hp_loss":0,"event_name":"Drug Dealer","floor":31,"gold_loss":0},{"damage_healed":0,"gold_gain":0,"player_choice":"Fight","damage_taken":0,"max_hp_gain":0,"max_hp_loss":0,"event_name":"MindBloom","floor":36,"gold_loss":0},{"damage_healed":0,"gold_gain":3,"player_choice":"3","damage_taken":0,"max_hp_gain":0,"max_hp_loss":0,"event_name":"betterStone:BetterStone","floor":37,"gold_loss":0,"cards_obtained":["Eruption"]}],"is_beta":false,"boss_relics":[{"not_picked":["Sozu","Fusion Hammer"],"picked":"Philosopher\u0027s Stone"},{"not_picked":["VioletLotus","Runic Pyramid"],"picked":"Busted Crown"}],"items_purged_floors":[30],"is_endless":false,"potions_floor_spawned":[1,4,5,8,11,19,21,23,27,29,33,35,36,39,40,42,45,46,47,48],"ascension_level":2}}