{"host":"2ty4h143nj8vwezc","time":1613948735,"event":{"mods":["BaseMod","Colored Map","Googly Eyes","Highlight Path","Minty Spire (QoL Compilation)","Quick Restart","StSLib"],"gold_per_floor":[116,116,41,57,207,233,252,252,252,278,296,79,93,110,110,187,187,201,201,215,48,62,62,90,90,143,143,58,89,89,103,103,179,179,198,10,10,10,10,38,38,73,98,98,129,149,149,168,168,168,168],"floor_reached":50,"language":"ENG","playtime":2234,"items_purged":["Regret","Doubt"],"score":1139,"play_id":"26fe0c5e-99e5-4fa0-b56e-2f85759fae29","local_time":"20210221180535","is_ascension_mode":true,"campfire_choices":[{"data":"Cold Snap","floor":8.0,"key":"SMITH"},{"floor":15.0,"key":"REST"},{"floor":23.0,"key":"REST"},{"data":"Buffer","floor":25.0,"key":"SMITH"},{"floor":27.0,"key":"REST"},{"data":"Self Repair","floor":30.0,"key":"SMITH"},{"floor":32.0,"key":"REST"},{"floor":44.0,"key":"REST"},{"floor":47.0,"key":"REST"},{"floor":49.0,"key":"REST"}],"circlet_count":0,"master_deck":["AscendersBane","Strike_B","Strike_B","Strike_B","Strike_B","Defend_B","Defend_B","Defend_B","Defend_B","Zap","Dualcast","Cold Snap+1","Heatsinks","Machine Learning","Melter","Tempest","Steam","Buffer+1","Streamline","Echo Form","White Noise+1","Storm","Self Repair+1","Biased Cognition","Creative AI","Biased Cognition","Capacitor","Steam","Panacea","Madness","Madness","Purity","Machine Learning","Steam+1"],"relics":["Cracked Core","NeowsBlessing","Pantograph","Cables","Mummified Hand","Orichalcum","Strawberry","SlaversCollar","Nilry\u0027s Codex","Blood Vial","MealTicket","Mercury Hourglass","Kunai","Inserter","CaptainsWheel","Molten Egg 2","Bronze Scales","Ancient Tea Set"],"acts_visited":["Exordium","TheCity","TheBeyond"],"potions_floor_usage":[50],"damage_taken":[{"damage":0.0,"enemies":"Jaw Worm","floor":1.0,"turns":1.0},{"damage":0.0,"enemies":"Small Slimes","floor":4.0,"turns":1.0},{"damage":0.0,"enemies":"Lagavulin","floor":6.0,"turns":1.0},{"damage":9.0,"enemies":"Cultist","floor":7.0,"turns":6.0},{"damage":25.0,"enemies":"Gremlin Nob","floor":10.0,"turns":5.0},{"damage":17.0,"enemies":"Large Slime","floor":11.0,"turns":6.0},{"damage":0.0,"enemies":"Looter","floor":13.0,"turns":3.0},{"damage":16.0,"enemies":"Lots of Slimes","floor":14.0,"turns":4.0},{"damage":23.0,"enemies":"Hexaghost","floor":16.0,"turns":9.0},{"damage":12.0,"enemies":"Chosen","floor":18.0,"turns":6.0},{"damage":2.0,"enemies":"Spheric Guardian","floor":20.0,"turns":4.0},{"damage":4.0,"enemies":"Centurion and Healer","floor":22.0,"turns":2.0},{"damage":20.0,"enemies":"Gremlin Leader","floor":24.0,"turns":4.0},{"damage":47.0,"enemies":"Slavers","floor":29.0,"turns":4.0},{"damage":0.0,"enemies":"Sentry and Sphere","floor":31.0,"turns":2.0},{"damage":0.0,"enemies":"Champ","floor":33.0,"turns":7.0},{"damage":5.0,"enemies":"3 Darklings","floor":35.0,"turns":3.0},{"damage":8.0,"enemies":"Giant Head","floor":40.0,"turns":5.0},{"damage":49.0,"enemies":"Nemesis","floor":42.0,"turns":5.0},{"damage":28.0,"enemies":"Reptomancer","floor":45.0,"turns":7.0},{"damage":5.0,"enemies":"Orb Walker","floor":46.0,"turns":3.0},{"damage":34.0,"enemies":"3 Darklings","floor":48.0,"turns":4.0},{"damage":84,"enemies":"Awakened One","floor":50,"turns":4}],"seed_played":"3767865464006427240","potions_obtained":[{"floor":10.0,"key":"LiquidBronze"},{"floor":11.0,"key":"Block Potion"},{"floor":13.0,"key":"EssenceOfSteel"},{"floor":14.0,"key":"Energy Potion"},{"floor":22.0,"key":"DuplicationPotion"},{"floor":29.0,"key":"DistilledChaos"},{"floor":33.0,"key":"FocusPotion"},{"floor":35.0,"key":"AttackPotion"},{"floor":40.0,"key":"GamblersBrew"},{"floor":45.0,"key":"Explosive Potion"}],"is_trial":false,"path_per_floor":["M","?","$","M","?","E","M","R","T","E","M","$","M","M","R","B",null,"M","?","M","$","M","R","E","R","T","R","?","E","R","M","R","B",null,"M","$","?","?","$","E","$","E","T","R","E","M","R","M","R","B"],"character_chosen":"DEFECT","items_purchased":["Buffer","Strawberry","Storm","Capacitor","Steam","Panacea"],"campfire_rested":7,"item_purchase_floors":[12,12,21,36,36,36],"current_hp_per_floor":[64,64,64,64,64,64,55,55,55,30,13,20,20,4,27,29,66,54,33,31,31,27,50,44,44,44,67,67,36,36,48,71,78,78,78,78,64,64,78,78,78,39,39,62,46,43,66,44,67,0,0],"gold":168,"neow_bonus":"THREE_ENEMY_KILL","is_daily":false,"chose_seed":false,"campfire_upgraded":3,"win_rate":0.0,"timestamp":1613948735,"path_taken":["M","?","$","M","?","E","M","R","T","E","M","$","M","M","R","BOSS","M","?","M","$","M","R","E","R","T","R","?","E","R","M","R","BOSS","M","$","?","?","$","E","$","E","T","R","E","M","R","M","R","BOSS"],"items_purchased_type":["Card","Relic","Card","Card","Card","Card"],"build_version":"2020-12-22","purchased_purges":2,"victory":false,"max_hp_per_floor":[71,71,71,71,71,71,71,71,71,71,71,78,78,78,78,78,78,78,78,78,78,78,78,78,78,78,78,78,78,78,78,78,78,78,78,78,78,78,78,78,78,78,78,78,78,78,78,78,78,78,78],"card_choices":[{"not_picked":["Stack","Conserve Battery"],"picked":"Cold Snap","floor":1.0},{"not_picked":["Streamline","Turbo"],"picked":"Heatsinks","floor":4.0},{"not_picked":["Doom and Gloom","Tempest"],"picked":"Machine Learning","floor":6.0},{"not_picked":["Streamline","Gash"],"picked":"Melter","floor":7.0},{"not_picked":["Ball Lightning","Rebound"],"picked":"Tempest","floor":10.0},{"not_picked":["Go for the Eyes","Turbo"],"picked":"Steam","floor":11.0},{"not_picked":["Blizzard","Scrape","Gash"],"picked":"SKIP","floor":13.0},{"not_picked":["Blizzard","Scrape","Gash"],"picked":"SKIP","floor":13.0},{"not_picked":["Lockon","Stack"],"picked":"Streamline","floor":14.0},{"not_picked":["Amplify","All For One"],"picked":"Echo Form","floor":16.0},{"not_picked":["Conserve Battery","Reprogram","Coolheaded"],"picked":"SKIP","floor":18.0},{"not_picked":["Conserve Battery","Go for the Eyes"],"picked":"White Noise+1","floor":20.0},{"not_picked":["Steam","Storm"],"picked":"Self Repair","floor":22.0},{"not_picked":["Go for the Eyes","Gash"],"picked":"Biased Cognition","floor":24.0},{"not_picked":["Rebound","Recycle"],"picked":"Creative AI","floor":29.0},{"not_picked":["Cold Snap","Undo+1","Streamline"],"picked":"SKIP","floor":31.0},{"not_picked":["Meteor Strike","Rainbow"],"picked":"Biased Cognition","floor":33.0},{"not_picked":["Auto Shields","Rip and Tear+1","Turbo+1"],"picked":"SKIP","floor":35.0},{"not_picked":["Dark Shackles","Forethought"],"picked":"Purity","floor":38.0},{"not_picked":["Rebound+1","Streamline"],"picked":"Machine Learning","floor":40.0},{"not_picked":["Rebound+1","Double Energy","Leap+1"],"picked":"SKIP","floor":42.0},{"not_picked":["Lockon+1","Ball Lightning+1","Reinforced Body"],"picked":"SKIP","floor":45.0},{"not_picked":["Beam Cell+1","Cold Snap+1","Leap+1"],"picked":"SKIP","floor":46.0},{"not_picked":["Hologram","Redo"],"picked":"Steam+1","floor":48.0}],"player_experience":471622,"relics_obtained":[{"floor":6.0,"key":"Cables"},{"floor":9.0,"key":"Mummified Hand"},{"floor":10.0,"key":"Orichalcum"},{"floor":19.0,"key":"Nilry\u0027s Codex"},{"floor":24.0,"key":"Blood Vial"},{"floor":26.0,"key":"MealTicket"},{"floor":29.0,"key":"Kunai"},{"floor":40.0,"key":"CaptainsWheel"},{"floor":42.0,"key":"Molten Egg 2"},{"floor":43.0,"key":"Bronze Scales"},{"floor":45.0,"key":"Ancient Tea Set"}],"event_choices":[{"damage_healed":0.0,"max_hp_gain":0.0,"max_hp_loss":0.0,"gold_gain":0.0,"event_name":"Big Fish","player_choice":"Box","floor":2.0,"gold_loss":0.0,"damage_taken":0.0,"relics_obtained":["Pantograph"],"cards_obtained":["Regret"]},{"damage_healed":0.0,"max_hp_gain":0.0,"max_hp_loss":0.0,"gold_gain":150.0,"event_name":"Liars Game","player_choice":"AGREE","floor":5.0,"gold_loss":0.0,"damage_taken":0.0,"cards_obtained":["Doubt"]},{"damage_healed":0.0,"max_hp_gain":0.0,"max_hp_loss":0.0,"gold_gain":0.0,"event_name":"Cursed Tome","player_choice":"Obtained Book","floor":19.0,"gold_loss":0.0,"damage_taken":21.0},{"damage_healed":0.0,"max_hp_gain":0.0,"max_hp_loss":0.0,"gold_gain":0.0,"event_name":"Addict","player_choice":"Obtained Relic","floor":28.0,"gold_loss":85.0,"damage_taken":0.0,"relics_obtained":["Mercury Hourglass"]},{"damage_healed":0.0,"max_hp_gain":0.0,"max_hp_loss":0.0,"gold_gain":0.0,"event_name":"Winding Halls","player_choice":"Embrace Madness","floor":37.0,"gold_loss":0.0,"damage_taken":14.0,"cards_obtained":["Madness","Madness"]},{"damage_healed":0.0,"max_hp_gain":0.0,"max_hp_loss":0.0,"gold_gain":0.0,"event_name":"SensoryStone","player_choice":"Memory 1","floor":38.0,"gold_loss":0.0,"damage_taken":0.0}],"is_beta":false,"boss_relics":[{"not_picked":["Fusion Hammer","Pandora\u0027s Box"],"picked":"SlaversCollar"},{"not_picked":["Runic Pyramid","Velvet Choker"],"picked":"Inserter"}],"items_purged_floors":[3,21],"is_endless":false,"potions_floor_spawned":[10,11,13,14,22,29,33,35,40,45],"killed_by":"Awakened One","ascension_level":15}}