{"host":"xumidyqji6pg2yy3","time":1613893153,"event":{"mods":["100% Spire Juice","BaseMod","Colored Map","Minty Spire (QoL Compilation)","Quick Restart","StSLib"],"gold_per_floor":[111,186,186,201,216,123,134,162,162,162,42,71,82,111,111,216,216,226,2,18,18,18,18,36,61,61,61,61,87,87,99,99,197,77,94,107,107,119,131,131,162,177,81,81,106,122,40,59,59,59],"floor_reached":51,"language":"ZHS","playtime":3018,"items_purged":["Moonworks:Strike"],"score":920,"play_id":"f16de4c5-a118-4dc0-9244-391ca8fc45db","local_time":"20210221153913","is_ascension_mode":true,"campfire_choices":[{"floor":10.0,"key":"REST"},{"data":"Moonworks:BackdoorTrade","floor":15.0,"key":"SMITH"},{"data":"Moonworks:MetallicMonocoque","floor":23.0,"key":"SMITH"},{"data":"Moonworks:BackdoorTrade","floor":27.0,"key":"SMITH"},{"data":"Moonworks:AnotherUltimateWeapon","floor":32.0,"key":"SMITH"},{"data":"Moonworks:SealedMemories","floor":40,"key":"SMITH"},{"data":"1","floor":49,"key":"LIFT"}],"circlet_count":0,"master_deck":["Moonworks:Defend+1","Moonworks:Defend+1","Moonworks:Defend+1","Moonworks:Defend+1","Moonworks:Ambush","Moonworks:LongDistanceShot","Moonworks:AwakeningOfTalent","Moonworks:BackdoorTrade+1","Moonworks:EvilSpyWorkPreparation","Moonworks:AnotherUltimateWeapon+1","Moonworks:JonathanRush","Moonworks:Dash","Moonworks:DeployBits","Moonworks:CloudOfSeagulls","Moonworks:FullSpeedAlicianrone","Moonworks:MetallicMonocoque+1","Moonworks:Encore+1","Moonworks:CookingTime+1","Moonworks:NicePresent+1","Moonworks:CloudOfSeagulls","Moonworks:BackdoorTrade+1","Moonworks:EvilSpyWorkPreparation","Moonworks:SealedMemories+1","Moonworks:TreasureThief","Panache","Violence","Moonworks:NicePresent","Moonworks:Wanted","Moonworks:AccelHyper"],"relics":["Moonworks:BrokenBomb","Moonworks:Homemark","NeowsBlessing","Moonworks:LittleGull","Blood Vial","Smiling Mask","Pear","War Paint","Astrolabe","MutagenicStrength","Lantern","Letter Opener","Omamori","Cursed Key","Bronze Scales","Juzu Bracelet","Toy Ornithopter","Girya"],"acts_visited":["Exordium","TheCity","TheBeyond"],"potions_floor_usage":[],"damage_taken":[{"damage":0.0,"enemies":"Small Slimes","floor":1.0,"turns":1.0},{"damage":0.0,"enemies":"Cultist","floor":4.0,"turns":1.0},{"damage":0.0,"enemies":"2 Louse","floor":5.0,"turns":1.0},{"damage":29.0,"enemies":"Gremlin Nob","floor":6.0,"turns":5.0},{"damage":6.0,"enemies":"Blue Slaver","floor":7.0,"turns":4.0},{"damage":9.0,"enemies":"Lagavulin","floor":8.0,"turns":5.0},{"damage":0.0,"enemies":"Gremlin Nob","floor":12.0,"turns":3.0},{"damage":0.0,"enemies":"Exordium Wildlife","floor":13.0,"turns":3.0},{"damage":11.0,"enemies":"3 Sentries","floor":14.0,"turns":4.0},{"damage":0.0,"enemies":"The Guardian","floor":16.0,"turns":9.0},{"damage":0.0,"enemies":"Spheric Guardian","floor":18.0,"turns":2.0},{"damage":0.0,"enemies":"3 Byrds","floor":20.0,"turns":4.0},{"damage":0.0,"enemies":"Snecko","floor":24.0,"turns":5.0},{"damage":2.0,"enemies":"Book of Stabbing","floor":25.0,"turns":5.0},{"damage":25.0,"enemies":"Gremlin Leader","floor":29.0,"turns":6.0},{"damage":0.0,"enemies":"3 Cultists","floor":31.0,"turns":3.0},{"damage":22.0,"enemies":"Collector","floor":33.0,"turns":7.0},{"damage":9.0,"enemies":"3 Shapes","floor":35.0,"turns":3.0},{"damage":3.0,"enemies":"Orb Walker","floor":36.0,"turns":3.0},{"damage":12,"enemies":"Jaw Worm Horde","floor":38,"turns":3},{"damage":0,"enemies":"3 Darklings","floor":39,"turns":2},{"damage":0,"enemies":"Reptomancer","floor":41,"turns":3},{"damage":0,"enemies":"Spire Growth","floor":42,"turns":3},{"damage":8,"enemies":"Giant Head","floor":45,"turns":6},{"damage":13,"enemies":"4 Shapes","floor":46,"turns":3},{"damage":0,"enemies":"Jaw Worm Horde","floor":48,"turns":3},{"damage":33,"enemies":"Donu and Deca","floor":50,"turns":5}],"seed_played":"-150554915421511682","potions_obtained":[{"floor":1.0,"key":"DistilledChaos"},{"floor":5.0,"key":"SpeedPotion"},{"floor":6.0,"key":"SkillPotion"},{"floor":13.0,"key":"Moonworks:OneHundredPercentOrangeJuicePotion"},{"floor":24.0,"key":"Swift Potion"}],"is_trial":false,"path_per_floor":["M","?","?","M","M","E","M","E","T","R","?","E","M","E","R","B",null,"M","$","M","?","?","R","M","E","T","R","T","E","$","M","R","B",null,"M","M","?","M","M","R","E","M","T","?","E","M","?","M","R","B",null],"character_chosen":"THE_STARBREAKER","items_purchased":["Moonworks:CloudOfSeagulls"],"campfire_rested":1,"item_purchase_floors":[19],"current_hp_per_floor":[60,49,49,49,49,20,14,9,9,27,27,39,41,32,32,38,70,70,70,70,70,70,70,70,68,68,68,68,51,51,61,61,48,70,61,68,63,61,70,70,70,70,70,70,62,56,56,58,58,37],"gold":59,"neow_bonus":"THREE_ENEMY_KILL","is_daily":false,"chose_seed":false,"campfire_upgraded":5,"win_rate":0.0,"timestamp":1613893153,"path_taken":["M","?","?","M","?","E","M","E","T","R","?","E","M","E","R","BOSS","M","$","M","?","?","R","M","E","T","R","?","E","?","M","R","BOSS","M","M","?","M","M","R","E","M","T","?","E","M","?","M","R","BOSS"],"items_purchased_type":["Card"],"build_version":"2020-12-22","purchased_purges":1,"victory":true,"max_hp_per_floor":[60,60,60,60,60,60,60,60,60,60,60,70,70,70,70,70,70,70,70,70,70,70,70,70,70,70,70,70,70,70,70,70,70,70,70,70,70,70,70,70,70,70,70,70,70,70,70,70,70,70],"card_choices":[{"not_picked":["Moonworks:WindyEnchantment","Moonworks:Assault"],"picked":"Moonworks:AwakeningOfTalent","floor":1.0},{"not_picked":["Moonworks:DeployBits","Moonworks:JonathanRush"],"picked":"Moonworks:BackdoorTrade","floor":4.0},{"not_picked":["Moonworks:CookingTime","Moonworks:LulusLuckyEgg"],"picked":"Moonworks:EvilSpyWorkPreparation","floor":5.0},{"not_picked":["Moonworks:DevilHand","Moonworks:ImOnFire"],"picked":"Moonworks:AnotherUltimateWeapon","floor":6.0},{"not_picked":["Moonworks:LulusLuckyEgg","Moonworks:Bloodlust"],"picked":"Moonworks:JonathanRush","floor":7.0},{"not_picked":["Moonworks:LulusLuckyEgg","Moonworks:SakisCookie"],"picked":"Moonworks:Dash","floor":8.0},{"not_picked":["Moonworks:ForcedRevival","Moonworks:Assault"],"picked":"Moonworks:DeployBits","floor":12.0},{"not_picked":["Moonworks:Assault","Moonworks:MiracleWalker"],"picked":"Moonworks:CloudOfSeagulls","floor":13.0},{"not_picked":["Moonworks:CookingTime","Moonworks:ReproductionOfRecords"],"picked":"Moonworks:FullSpeedAlicianrone","floor":14.0},{"not_picked":["Moonworks:GoAway","Moonworks:StarBlastingFuse"],"picked":"Moonworks:MetallicMonocoque","floor":16.0},{"not_picked":["Moonworks:UnluckyCharm","Moonworks:DeployBits","Moonworks:LulusLuckyEgg"],"picked":"SKIP","floor":18.0},{"not_picked":["Moonworks:LulusLuckyEgg","Moonworks:ReproductionOfRecords","Moonworks:RedAndBlue"],"picked":"SKIP","floor":20.0},{"not_picked":["Moonworks:Assault","Moonworks:DeployBits"],"picked":"Moonworks:BackdoorTrade","floor":24.0},{"not_picked":["Moonworks:BigMagnum","Moonworks:LulusLuckyEgg","Moonworks:DeployBits"],"picked":"SKIP","floor":25.0},{"not_picked":["Moonworks:ImOnFire","Moonworks:Assault+1","Moonworks:RagingMadness"],"picked":"SKIP","floor":29.0},{"not_picked":["Moonworks:RedAndBlue","Moonworks:LulusLuckyEgg+1"],"picked":"Moonworks:EvilSpyWorkPreparation","floor":31.0},{"not_picked":["Moonworks:MixPhenomenon+1","Moonworks:JonathanRush"],"picked":"Moonworks:SealedMemories","floor":35.0},{"not_picked":["Moonworks:CloudOfSeagulls","Moonworks:MiracleWalker+1"],"picked":"Moonworks:TreasureThief","floor":36.0},{"not_picked":["Bandage Up","Blind"],"picked":"Panache","floor":37},{"not_picked":["Deep Breath","Metamorphosis"],"picked":"Violence","floor":37},{"not_picked":["Moonworks:IndiscriminateFireSupport","Moonworks:BigMagnum"],"picked":"Moonworks:NicePresent","floor":38},{"not_picked":["Moonworks:JonathanRush+1","Moonworks:BigMagnum"],"picked":"Moonworks:Wanted","floor":39},{"not_picked":["Moonworks:ReflectiveShell","Moonworks:MiracleWalker","Moonworks:ReproductionOfRecords+1"],"picked":"SKIP","floor":41},{"not_picked":["Moonworks:SakisCookie+1","Moonworks:CloudOfSeagulls","Moonworks:BigMagnum+1"],"picked":"SKIP","floor":42},{"not_picked":["Moonworks:BigMagnum+1","Moonworks:EvilSpyWorkPreparation","Moonworks:CastOff"],"picked":"SKIP","floor":45},{"not_picked":["Moonworks:SakisCookie+1","Moonworks:FinalSurgery"],"picked":"Moonworks:AccelHyper","floor":46},{"not_picked":["Moonworks:ImOnFire","Moonworks:CloudOfSeagulls+1","Moonworks:DeployBits+1"],"picked":"SKIP","floor":48}],"player_experience":85210,"relics_obtained":[{"floor":6.0,"key":"Moonworks:LittleGull"},{"floor":8.0,"key":"Blood Vial"},{"floor":9.0,"key":"Smiling Mask"},{"floor":12.0,"key":"Pear"},{"floor":14.0,"key":"War Paint"},{"floor":25.0,"key":"Lantern"},{"floor":26.0,"key":"Letter Opener"},{"floor":29.0,"key":"Omamori"},{"floor":41,"key":"Bronze Scales"},{"floor":43,"key":"Juzu Bracelet"},{"floor":45,"key":"Toy Ornithopter"}],"event_choices":[{"damage_healed":0.0,"max_hp_gain":0.0,"max_hp_loss":0.0,"gold_gain":75.0,"event_name":"World of Goop","player_choice":"Gather Gold","floor":2.0,"gold_loss":0.0,"damage_taken":11.0},{"damage_healed":0.0,"max_hp_gain":0.0,"max_hp_loss":0.0,"gold_gain":0.0,"event_name":"Match and Keep!","player_choice":"2 cards matched","floor":3.0,"gold_loss":0.0,"damage_taken":0.0,"cards_obtained":["Moonworks:PlushieMaster","Moonworks:SweetBattle"]},{"cards_removed":["Moonworks:Strike"],"damage_healed":0.0,"max_hp_gain":0.0,"max_hp_loss":0.0,"gold_gain":0.0,"event_name":"Living Wall","player_choice":"Forget","floor":11.0,"gold_loss":0.0,"damage_taken":0.0},{"damage_healed":0.0,"max_hp_gain":0.0,"max_hp_loss":0.0,"gold_gain":0.0,"event_name":"Drug Dealer","player_choice":"Inject Mutagens","floor":21.0,"gold_loss":0.0,"damage_taken":0.0,"relics_obtained":["MutagenicStrength"]},{"damage_healed":0.0,"max_hp_gain":0.0,"max_hp_loss":0.0,"gold_gain":0.0,"event_name":"Back to Basics","player_choice":"Simplicity","floor":22.0,"gold_loss":0.0,"damage_taken":0.0,"cards_upgraded":["Moonworks:Strike","Moonworks:Defend","Moonworks:Defend"]},{"damage_healed":0,"gold_gain":0,"player_choice":"Memory 2","damage_taken":5,"max_hp_gain":0,"max_hp_loss":0,"event_name":"SensoryStone","floor":37,"gold_loss":0},{"cards_removed":["Moonworks:Strike"],"damage_healed":0,"gold_gain":0,"player_choice":"Removed Attack","damage_taken":0,"max_hp_gain":0,"max_hp_loss":0,"event_name":"Falling","floor":44,"gold_loss":0},{"damage_healed":0,"gold_gain":0,"player_choice":"Paid Gold","damage_taken":0,"relics_obtained":["Girya"],"max_hp_gain":0,"max_hp_loss":0,"event_name":"WeMeetAgain","floor":47,"gold_loss":82}],"is_beta":false,"boss_relics":[{"not_picked":["Fusion Hammer","Busted Crown"],"picked":"Astrolabe"},{"not_picked":["Black Star","Empty Cage"],"picked":"Cursed Key"}],"items_purged_floors":[19],"is_endless":false,"potions_floor_spawned":[1,5,6,13,24,29,35,36,39,41],"ascension_level":1}}