{"host":"ooy9sn8qgs7oliwr","time":1613923710,"event":{"mods":["100% Spire Juice","ATMod(°¢èªMod)","Act Like it!","BaseMod","BetterRewards","Bossed Relics","CapriCore","Friendly Minions","Kiyohime£¨Çå¼§£©","Minty Spire (QoL Compilation)","Pale of the Ancients","Reliquary","Replay The Spire","RumiaBox-Â¶Ã×æ«µÄÉñÃØºÐ×Ó","StSLib","The Immortal","The Jungle","Yakumo Yukari mod","¡¾ÒÅÎï¿¨ÅÆ¡¿REMEMod"],"gold_per_floor":[116,222,249,249,20,84,84,94,94,104,104,121,121,46,46,166,46,70,13,26,47,72,105,105,123,147,162,42,65,100,114,114,233,113,136,161,174,27,45,76,76,100,100,115,115,115,154,257,257,278],"floor_reached":51,"language":"ZHS","playtime":2829,"items_purged":["Regret"],"score":1030,"play_id":"883e9bd5-577e-4d67-ba19-1f99cad90e7d","local_time":"20210222000830","is_ascension_mode":false,"campfire_choices":[{"floor":7.0,"key":"REST"},{"floor":15.0,"key":"DIG"},{"data":"Moonworks:MiracleWalker","floor":32,"key":"SMITH"},{"floor":49,"key":"REST"}],"circlet_count":0,"master_deck":["Moonworks:Strike","Moonworks:Strike+1","Moonworks:Strike","Moonworks:Strike","Moonworks:Defend","Moonworks:Defend","Moonworks:Defend","Moonworks:Defend","Moonworks:Ambush+1","Moonworks:LongDistanceShot","Strike_G","Moonworks:MiracleWalker","Moonworks:DeployBits","Moonworks:BindingChains+1","Moonworks:Bloodlust","Moonworks:NicePresent","Moonworks:AngelHand","Moonworks:MiracleWalker","Moonworks:IndiscriminateFireSupport","Moonworks:GoAway+1","Moonworks:AccelHyper","Moonworks:MiracleWalker+1","Moonworks:NicePresent","Moonworks:GoAway+1","Moonworks:EvilSpyWorkPreparation","Moonworks:UnpaidWork+1","Moonworks:Encore","Moonworks:GoAway"],"relics":["Moonworks:BrokenBomb","Moonworks:Homemark","AT_ATBox","REME_ComplimentaryCards","Replay:PocketPolymizer","reliquary:Buckler","Vajra","reliquary:NewFriend","REME_HourglassOfDeath","Golden Idol","Omamori","AddBug","reliquary:Buckler","Ginger","StoneCalendar","Pen Nib","Bag of Preparation","AT_ATBox","Omamori","Calling Bell","AT_BladeRuinedKing","Meat on the Bone","Pocketwatch","AT_ATBox","Mango","REME_HandOfSuture","ChaoDraw","REME_ArchaeologicalTools"],"acts_visited":["Exordium","TheCity","TheBeyond"],"potions_floor_usage":[30],"damage_taken":[{"damage":7.0,"enemies":"Small Slimes","floor":1.0,"turns":3.0},{"damage":14.0,"enemies":"Jaw Worm","floor":5.0,"turns":2.0},{"damage":37.0,"enemies":"3 Sentries","floor":6.0,"turns":7.0},{"damage":8.0,"enemies":"Cultist","floor":8.0,"turns":2.0},{"damage":8.0,"enemies":"2 Fungi Beasts","floor":10.0,"turns":3.0},{"damage":12.0,"enemies":"Looter","floor":12.0,"turns":3.0},{"damage":12.0,"enemies":"Slime Boss","floor":16.0,"turns":6.0},{"damage":17.0,"enemies":"Chosen","floor":18.0,"turns":5.0},{"damage":16,"enemies":"Spheric Guardian","floor":20,"turns":4},{"damage":12,"enemies":"Snake Plant","floor":21,"turns":4},{"damage":19,"enemies":"Shelled Parasite and Fungi","floor":22,"turns":4},{"damage":12,"enemies":"Gremlin Leader","floor":23,"turns":6},{"damage":4,"enemies":"Cultist and Chosen","floor":25,"turns":3},{"damage":12,"enemies":"Centurion and Healer","floor":27,"turns":6},{"damage":20,"enemies":"Shelled Parasite and Fungi","floor":29,"turns":5},{"damage":8,"enemies":"REME_1_Revenger","floor":30,"turns":4},{"damage":12,"enemies":"Chosen and Byrds","floor":31,"turns":5},{"damage":41,"enemies":"Champ","floor":33,"turns":10},{"damage":13,"enemies":"Orb Walker","floor":35,"turns":4},{"damage":4,"enemies":"3 Shapes","floor":36,"turns":6},{"damage":16,"enemies":"Transient","floor":37,"turns":5},{"damage":22,"enemies":"Jaw Worm Horde","floor":39,"turns":3},{"damage":29,"enemies":"Giant Head","floor":40,"turns":7},{"damage":8,"enemies":"Spire Growth","floor":42,"turns":3},{"damage":16,"enemies":"Sphere and 2 Shapes","floor":44,"turns":4},{"damage":25,"enemies":"Nemesis","floor":47,"turns":5},{"damage":0,"enemies":"Transient","floor":48,"turns":5},{"damage":54,"enemies":"Donu and Deca","floor":50,"turns":6}],"seed_played":"6714049803922704871","potions_obtained":[{"floor":1.0,"key":"REME_GoldPotion"},{"floor":8.0,"key":"Block Potion"},{"floor":10.0,"key":"Adrenaline Potion"},{"floor":22,"key":"FairyPotion"},{"floor":23,"key":"Ancient Potion"},{"floor":25,"key":"Adrenaline Potion"},{"floor":30,"key":"Elixir"},{"floor":35,"key":"Milkshake"}],"is_trial":false,"path_per_floor":["M","?","T","?","M","E","R","M","T","M","?","M","?","$","R","B",null,"M","?","M","M","M","E","?","M","T","M","$","M","E","M","R","B",null,"M","M","M","$","M","E","?","M","T","M","T","?","E","M","R","B",null],"character_chosen":"THE_STARBREAKER","items_purchased":["Moonworks:GoAway"],"campfire_rested":2,"item_purchase_floors":[38],"current_hp_per_floor":[53,53,53,53,47,24,42,44,44,42,42,40,25,25,25,27,60,51,51,47,47,42,44,44,49,49,51,51,45,45,47,47,34,60,49,45,35,35,31,42,61,63,63,59,59,59,46,48,70,40],"gold":278,"neow_bonus":"ONE_RARE_RELIC","is_daily":false,"chose_seed":false,"campfire_upgraded":1,"win_rate":0.0,"timestamp":1613923710,"path_taken":["M","?","?","?","M","E","R","?","T","M","?","M","?","$","R","BOSS","M","?","?","M","M","E","?","M","T","M","$","M","E","?","R","BOSS","M","M","M","$","M","E","?","M","T","M","?","?","E","M","R","BOSS"],"items_purchased_type":["Card"],"build_version":"2020-12-22","purchased_purges":1,"victory":true,"max_hp_per_floor":[60,60,60,60,60,60,60,60,60,60,60,60,60,60,60,60,60,60,60,60,60,60,60,60,60,60,60,60,60,60,60,60,60,60,60,60,60,60,60,74,74,74,74,74,74,74,74,74,74,74],"card_choices":[{"not_picked":["Moonworks:Assault","Moonworks:RagingMadness"],"picked":"Moonworks:MiracleWalker","floor":1.0},{"not_picked":["Moonworks:Assault","Moonworks:SakisCookie"],"picked":"Moonworks:DeployBits","floor":2.0},{"not_picked":["Moonworks:BigMagnum","Moonworks:LuckyCharm"],"picked":"Moonworks:BindingChains","floor":2.0},{"not_picked":["Moonworks:SealedMemories","Moonworks:LulusLuckyEgg"],"picked":"Moonworks:Bloodlust","floor":2.0},{"not_picked":["Moonworks:BigMagnum","Moonworks:ReproductionOfRecords"],"picked":"Moonworks:NicePresent","floor":5.0},{"not_picked":["Moonworks:LulusLuckyEgg","Moonworks:ImOnFire"],"picked":"Moonworks:AngelHand","floor":6.0},{"not_picked":["Moonworks:TacticalRetreat","Moonworks:IndiscriminateFireSupport"],"picked":"Moonworks:MiracleWalker","floor":8.0},{"not_picked":["Moonworks:NicePresent","Moonworks:ImOnFire"],"picked":"Moonworks:IndiscriminateFireSupport","floor":10.0},{"not_picked":["Moonworks:EvilSpyWorkPreparation","Moonworks:BigBangBell"],"picked":"Moonworks:GoAway","floor":12.0},{"not_picked":["Moonworks:RocketCannon","Moonworks:MetallicMonocoque"],"picked":"Moonworks:AccelHyper","floor":16.0},{"not_picked":["Moonworks:BigMagnum","Moonworks:SakisCookie","Moonworks:ReproductionOfRecords"],"picked":"SKIP","floor":18.0},{"not_picked":["Moonworks:Bloodlust","Moonworks:RagingMadness","Moonworks:DevilHand"],"picked":"SKIP","floor":20},{"not_picked":["Moonworks:Poppoformation","Moonworks:LuckyCharm"],"picked":"Moonworks:MiracleWalker","floor":21},{"not_picked":["Moonworks:BigMagnum+1","Moonworks:Dash"],"picked":"Moonworks:NicePresent","floor":22},{"not_picked":["Moonworks:BigBangBell","Moonworks:ImOnFire","Moonworks:x16BigRocket+1"],"picked":"SKIP","floor":23},{"not_picked":["Moonworks:CloudOfSeagulls+1","Moonworks:TacticalRetreat+1"],"picked":"Moonworks:EvilSpyWorkPreparation","floor":25},{"not_picked":["Moonworks:DeployBits","Moonworks:ImmovableObject"],"picked":"Moonworks:UnpaidWork+1","floor":27},{"not_picked":["Moonworks:EvilSpyWorkPreparation+1","Moonworks:HolyNight","Moonworks:x16BigRocket"],"picked":"SKIP","floor":29},{"not_picked":["Moonworks:DevilHand+1","Moonworks:Heat300Percent","Moonworks:ImmovableObject"],"picked":"SKIP","floor":30},{"not_picked":["Moonworks:TreasureThief","Moonworks:EvilSpyWorkPreparation","Moonworks:DeployBits+1"],"picked":"SKIP","floor":31},{"not_picked":["Moonworks:SubspaceTunnel","Moonworks:MetallicMonocoque"],"picked":"Moonworks:Encore","floor":33},{"not_picked":["Moonworks:ScrambledEve","Moonworks:SakisCookie","Moonworks:DeployBits+1"],"picked":"SKIP","floor":35},{"not_picked":["Moonworks:BindingChains+1","Moonworks:ReproductionOfRecords","Moonworks:LulusLuckyEgg"],"picked":"SKIP","floor":36},{"not_picked":["Moonworks:SakisCookie+1","Moonworks:LulusLuckyEgg+1","Moonworks:JonathanRush"],"picked":"SKIP","floor":37},{"not_picked":["Moonworks:Assault","Moonworks:LulusLuckyEgg","Moonworks:NicePresent+1"],"picked":"SKIP","floor":39},{"not_picked":["Moonworks:DeployBits","Moonworks:TacticalRetreat+1","Moonworks:ImOnFire+1"],"picked":"SKIP","floor":40},{"not_picked":["Moonworks:Blazing","Moonworks:Assault","Moonworks:DeployBits+1"],"picked":"SKIP","floor":42},{"not_picked":["Moonworks:DeployBits+1","Moonworks:SelfDestruct+1","Moonworks:ImOnFire+1"],"picked":"SKIP","floor":44},{"not_picked":["Moonworks:IntelligenceOfficer+1","Moonworks:WindyEnchantment","Moonworks:SweetBattle"],"picked":"SKIP","floor":47},{"not_picked":["Moonworks:Assault","Moonworks:ImOnFire","Moonworks:LulusLuckyEgg+1"],"picked":"SKIP","floor":48}],"player_experience":50828,"relics_obtained":[{"floor":3.0,"key":"reliquary:Buckler"},{"floor":6.0,"key":"Vajra"},{"floor":9.0,"key":"reliquary:NewFriend"},{"floor":15.0,"key":"Omamori"},{"floor":18.0,"key":"reliquary:Buckler"},{"floor":23,"key":"StoneCalendar"},{"floor":26,"key":"Pen Nib"},{"floor":30,"key":"Bag of Preparation"},{"floor":30,"key":"AT_ATBox"},{"floor":33,"key":"Omamori"},{"floor":34,"key":"AT_BladeRuinedKing"},{"floor":34,"key":"Meat on the Bone"},{"floor":34,"key":"Pocketwatch"},{"floor":40,"key":"AT_ATBox"},{"floor":40,"key":"Mango"},{"floor":43,"key":"REME_HandOfSuture"},{"floor":45,"key":"ChaoDraw"},{"floor":47,"key":"REME_ArchaeologicalTools"}],"event_choices":[{"cards_removed":["Defend_purpleEX"],"damage_healed":0.0,"max_hp_gain":0.0,"max_hp_loss":0.0,"gold_gain":0.0,"event_name":"Bonfire Elementals","player_choice":"Offered Basic","floor":4.0,"gold_loss":0.0,"damage_taken":0.0},{"damage_healed":0.0,"max_hp_gain":0.0,"max_hp_loss":0.0,"gold_gain":0.0,"event_name":"Big Fish","player_choice":"Box","floor":11.0,"gold_loss":0.0,"damage_taken":0.0,"relics_obtained":["REME_HourglassOfDeath"],"cards_obtained":["Regret"]},{"damage_healed":0.0,"max_hp_gain":0.0,"max_hp_loss":0.0,"gold_gain":0.0,"event_name":"Golden Idol","player_choice":"Take Damage","floor":13.0,"gold_loss":0.0,"damage_taken":15.0,"relics_obtained":["Golden Idol"]},{"damage_healed":0.0,"max_hp_gain":0.0,"max_hp_loss":0.0,"gold_gain":0.0,"event_name":"WeMeetAgain","player_choice":"Paid Gold","floor":19.0,"gold_loss":57.0,"damage_taken":0.0,"relics_obtained":["Ginger"]},{"damage_healed":0,"gold_gain":0,"player_choice":"Copied","damage_taken":0,"max_hp_gain":0,"max_hp_loss":0,"event_name":"Duplicator","floor":24,"gold_loss":0,"cards_obtained":["Moonworks:GoAway"]},{"damage_healed":19,"gold_gain":0,"player_choice":"Writhe","damage_taken":0,"max_hp_gain":0,"max_hp_loss":0,"event_name":"Winding Halls","floor":41,"gold_loss":0,"cards_obtained":["Writhe"]}],"is_beta":false,"boss_relics":[{"not_picked":["Coffee Dripper","Ectoplasm"],"picked":"AddBug"},{"not_picked":["Runic Pyramid","Cursed Key"],"picked":"Calling Bell"}],"items_purged_floors":[14],"is_endless":false,"potions_floor_spawned":[1,8,10,22,23,25,27,30,35,39,40],"ascension_level":0}}