{"host":"gm50ke85n5jz306u","time":1613866252,"event":{"mods":["AchievementEnabler","AlwaysNeverKeys","Aspiration","BaseMod","Bestiary","Better Altar","Better Match","Better Note","Better Sensory Stone","Better Skull","Better Third Choice","Better Vampires","Better-Laid Plans","BetterRewards","Colored Powertips","Curses Come First","DNKmod","Decade(???)","Defuse TimeMaze Blight","Disable Question Mark Monsters","Displayed Cursed Tome","Downfall","Emptier Cage","Extra Virgin Snecko Oil","Filter the Spire","Friendly Minions","Gremlin Skip","Hermit","Hubris","Hyrulean Relics","Ironclad Rager","Jorbs\u0027s Wanderer Trilogy","KinomotoSakuraMod(????)","Koishi","Lobotomy","Marisa????????","Marked Mod","Minty Spire (QoL Compilation)","Permanent Neow","Poor People Problems","Quick Restart","Reimu??????","Relic Filter Mod","Relic Sorter","Remilia??????","Remove Card Discount Mod","Reorder Act Four","Replay The Spire","Shop Mod","StSLib","Synergy Search","Td1madao Mod","The Administrix","The Animator","The Blue Laboratory","The Bug Knight","The Construct","The Cursed","The Disciple","The Hierophant","The Necromancer","The Poker Player","The Runesmith","The Senshi","The Servant 0.9.4","Thieving Mod","Transform Curses","WarShipGirlsR/????R mod","Youmu??????"],"gold_per_floor":[10019,10034,9104,9123,9143,9143,9155,9155,9155,9155,9174,8446,8446,8464,8464,8563,8563,8578,8578,8578,8084,8106,8106,7396,7017,7017,7017,7017,7044,7065,7065,7065,7175,7175,7204,7223,7166,6834,6861,6889,6889,6908,6959,6959,6959,6919,6290,6303,6303,6303,6303,5661,5661,5700,5700],"floor_reached":56,"language":"ENG","playtime":5739,"items_purged":["Koishi:UnconsciousUprising","Koishi:Provoke","Koishi:BasicStrike","Koishi:BasicStrike","Koishi:BasicStrike","Koishi:BasicDefend","Koishi:BasicDefend","Koishi:HeartfeltFancy+1","Finesse","Koishi:BasicStrike","Koishi:BasicDefend","Koishi:BasicDefend","Koishi:JumpScare","Koishi:PhantomStrike","Koishi:PhantomStrike","Koishi:LastRemote","Koishi:SubterraneanRose","Koishi:SubterraneanRose","Koishi:SubterraneanRose"],"score":1242,"play_id":"be179280-237c-4ceb-91d4-f6f9f4ad9fbb","local_time":"20210221011052","is_ascension_mode":false,"campfire_choices":[{"data":"Koishi:YoukaiPolygraph","floor":6.0,"key":"SMITH"},{"data":"Koishi:RacingHeart","floor":10.0,"key":"SMITH"},{"data":"Koishi:MassHysteria","floor":13.0,"key":"SMITH"},{"data":"Koishi:FidgetySnatcher","floor":15,"key":"SMITH"},{"data":"Koishi:Ego","floor":23,"key":"SMITH"},{"data":"Koishi:PredatoryInstincts","floor":27,"key":"SMITH"},{"data":"Sadistic Nature","floor":28,"key":"SMITH"},{"data":"Koishi:YoukaiPolygraph","floor":32,"key":"SMITH"},{"data":"Koishi:ConfinedInnocent","floor":44,"key":"SMITH"},{"data":"Koishi:EmbersOfLove","floor":49,"key":"SMITH"},{"data":"Koishi:Catatonia","floor":53,"key":"SMITH"}],"circlet_count":0,"master_deck":["Koishi:HauntingSlash+1","Koishi:YoukaiPolygraph+1","Koishi:RacingHeart+1","Koishi:MassHysteria+1","Koishi:FidgetySnatcher+1","Koishi:Ego+1","Koishi:SubconsciousSweep","Koishi:PhantomBarrier","Koishi:FreudianInstinct","Koishi:PhantomBarrier","Koishi:PredatoryInstincts+1","Sadistic Nature+1","Koishi:FreudianInstinct","Koishi:PhantomBarrier","Koishi:YoukaiPolygraph+1","Koishi:DreadfulBlow","Koishi:ConfinedInnocent+1","Koishi:DreadfulBlow+1","Koishi:SubconsciousSweep+1","Koishi:RuptureMind","Koishi:SprinkleStarAndHeart","Koishi:UnconsciousUrges","Koishi:PhantomBarrier","Koishi:EmbersOfLove+1","Koishi:Heartbroken","Koishi:DanmakuParanoia","Koishi:Catatonia+1","Koishi:TremblingHands+1"],"relics":["Koishi:ImaginaryFriend","Happy Flower","HollowMod:LifeEnderRelic","RedLine:ReiMu","MerchantsRug","aspiration:FetidBarrel","WingedGreaves","Unceasing Top","Lantern","Koishi:TeethAndClaws","Lee\u0027s Waffle","CeramicFish","Strange Spoon","Mastiff:ReiMu","Centennial Puzzle","hubris:SlimyHat","Regal Pillow","Blood Vial","Eternal Feather","Replay:Baseball","Medical Kit","TungstenRod","TheAbacus","Bottled Flame","Art of War"],"acts_visited":["Exordium","TheCity","TheBeyond","TheEnding"],"potions_floor_usage":[54,55,55],"damage_taken":[{"damage":7.0,"enemies":"Small Slimes","floor":1.0,"turns":4.0},{"damage":6.0,"enemies":"Jaw Worm","floor":2.0,"turns":4.0},{"damage":6.0,"enemies":"Cultist","floor":4.0,"turns":5.0},{"damage":2.0,"enemies":"3 Louse","floor":5.0,"turns":3.0},{"damage":8.0,"enemies":"Lots of Slimes","floor":7.0,"turns":4.0},{"damage":5.0,"enemies":"Looter","floor":11.0,"turns":3.0},{"damage":0,"enemies":"Large Slime","floor":14,"turns":4},{"damage":5,"enemies":"Slime Boss","floor":16,"turns":9},{"damage":7,"enemies":"Spheric Guardian","floor":18,"turns":5},{"damage":15,"enemies":"2 Thieves","floor":22,"turns":3},{"damage":18,"enemies":"Centurion and Healer","floor":29,"turns":3},{"damage":8,"enemies":"Snecko","floor":30,"turns":5},{"damage":5,"enemies":"Champ","floor":33,"turns":10},{"damage":1,"enemies":"3 Shapes","floor":35,"turns":2},{"damage":2,"enemies":"Orb Walker","floor":36,"turns":3},{"damage":0,"enemies":"3 Darklings","floor":39,"turns":2},{"damage":0,"enemies":"Nemesis","floor":40,"turns":4},{"damage":2,"enemies":"Transient","floor":42,"turns":5},{"damage":27,"enemies":"HollowMod:SlobberingHusk","floor":48,"turns":7},{"damage":25,"enemies":"hubris:GrandSnecko","floor":50,"turns":10},{"damage":0,"enemies":"Shield and Spear","floor":54,"turns":3},{"damage":25,"enemies":"The Heart","floor":55,"turns":10}],"seed_played":"4328432660667947848","potions_obtained":[{"floor":4.0,"key":"Venom Potion"},{"floor":11.0,"key":"Elixir"},{"floor":40,"key":"Fire Potion"}],"is_trial":false,"path_per_floor":["M","M","$","M","M","R","M","?","T","R","M","$","R","M","R","B",null,"M","?","?","$","M","R","$","$","T","R","R","M","M","?","R","B",null,"M","M","?","$","M","E","R","M","T","R","?","?","$","M","R","B",null,"$","R","E","B",null],"character_chosen":"KOISHI","items_purchased":["MerchantsRug","aspiration:FetidBarrel","WingedGreaves","Koishi:JumpScare","Flashbang","blueLaboratory:CorrosionFlask","Lantern","Koishi:TeethAndClaws","Lee\u0027s Waffle","Koishi:FidgetySnatcher","Finesse","Koishi:SubconsciousSweep","Koishi:PhantomBarrier","Koishi:SubterraneanRose","Koishi:FreudianInstinct","CeramicFish","Strange Spoon","Koishi:PredatoryInstincts","Koishi:LastRemote","Koishi:PhantomStrike","Mastiff:ReiMu","Centennial Puzzle","Sadistic Nature","Koishi:FreudianInstinct","hubris:SlimyHat","Regal Pillow","Koishi:PhantomBarrier","Koishi:PhantomStrike","Eternal Feather","Koishi:UnconsciousUrges","Medical Kit","TungstenRod","Koishi:SubterraneanRose","Koishi:Heartbroken","Koishi:DanmakuParanoia","Koishi:Catatonia","Happy Flower","TheAbacus","Bottled Flame"],"campfire_rested":0,"item_purchase_floors":[3,3,3,3,3,3,12,12,12,12,12,21,21,21,21,21,21,24,24,24,24,24,24,24,25,25,25,25,38,38,47,47,47,47,52,52,52,52,52],"current_hp_per_floor":[57,55,55,55,58,58,56,56,56,56,60,67,67,67,67,62,67,65,65,67,67,59,59,59,59,59,59,59,60,67,67,67,67,67,67,67,67,67,67,67,67,67,67,67,67,67,67,67,67,67,67,67,67,67,64],"gold":5700,"neow_bonus":"UPGRADE_CARD","is_daily":false,"chose_seed":false,"campfire_upgraded":11,"win_rate":0.0,"timestamp":1613866252,"path_taken":["M","M","$","M","M","R","M","?","T","R","M","$","R","M","R","BOSS","M","?","?","$","?","R","$","$","T","R","R","M","M","?","R","BOSS","M","M","?","$","M","E","R","?","T","R","?","?","$","M","R","BOSS","$","R","E","BOSS"],"items_purchased_type":["Relic","Relic","Relic","Card","Potion","Potion","Card","Relic","Relic","Card","Card","Card","Card","Card","Card","Relic","Relic","Card","Card","Card","Relic","Relic","Card","Card","Relic","Relic","Card","Card","Relic","Card","Relic","Relic","Card","Card","Card","Card","Relic","Relic","Relic"],"build_version":"2020-12-22","purchased_purges":19,"victory":true,"max_hp_per_floor":[60,60,60,60,60,60,60,60,60,60,60,67,67,67,67,67,67,67,67,67,67,67,67,67,67,67,67,67,67,67,67,67,67,67,67,67,67,67,67,67,67,67,67,67,67,67,67,67,67,67,67,67,67,67,67],"card_choices":[{"not_picked":["Koishi:PhantomBarrier","Koishi:ReflexRadar"],"picked":"Koishi:UnconsciousUprising","floor":1.0},{"not_picked":["Koishi:Prune","Koishi:ApparitionsStalkTheNight"],"picked":"Koishi:YoukaiPolygraph","floor":2.0},{"not_picked":["Koishi:StrangeCloudFist","Koishi:IdleWhim"],"picked":"Koishi:JumpScare","floor":4.0},{"not_picked":["Koishi:SpiritedAway","Koishi:TraumaticStroke"],"picked":"Koishi:RacingHeart","floor":5.0},{"not_picked":["Koishi:Prune","Koishi:ReleaseOfTheId"],"picked":"Koishi:HeartfeltFancy","floor":7.0},{"not_picked":["Koishi:PredatoryInstincts","Koishi:StingingMind"],"picked":"Koishi:MassHysteria","floor":11.0},{"not_picked":["Koishi:Bloodlust","Koishi:FleetingPhantom","Koishi:ReleaseOfTheId"],"picked":"SKIP","floor":14},{"not_picked":["Koishi:PerfectMindControl","Koishi:RollingInRichesHeart"],"picked":"Koishi:Ego","floor":16},{"not_picked":["Koishi:StingingMind","Koishi:SpiritedAway+1","Koishi:Bloodlust+1"],"picked":"SKIP","floor":18},{"not_picked":["Koishi:VengefulSpirit+1","Koishi:HeartfeltFancy"],"picked":"Koishi:PhantomBarrier","floor":22},{"not_picked":["Koishi:GeneticsOfTheUnconscious","Koishi:SubterraneanRose+1"],"picked":"Koishi:YoukaiPolygraph","floor":29},{"not_picked":["Koishi:RorschachInDanmaku","Koishi:StrangeCloudFist+1"],"picked":"Koishi:DreadfulBlow","floor":30},{"not_picked":["Koishi:SuperEgo","Koishi:SilentAndRestless"],"picked":"Koishi:ConfinedInnocent","floor":33},{"not_picked":["Koishi:CatchAndRose","Koishi:FleetingPhantom"],"picked":"Koishi:DreadfulBlow+1","floor":35},{"not_picked":["Koishi:DNAsFlaw","Koishi:Possession"],"picked":"Koishi:SubconsciousSweep+1","floor":36},{"not_picked":["Koishi:Heartbroken","Koishi:MindStellarRelief"],"picked":"Koishi:RuptureMind","floor":37},{"not_picked":["Koishi:HeartAttack","Koishi:Untouchable"],"picked":"Koishi:SprinkleStarAndHeart","floor":37},{"not_picked":["Koishi:SpiritedAway+1","Koishi:Prune+1"],"picked":"Koishi:PhantomBarrier","floor":39},{"not_picked":["Koishi:JumpScare","Koishi:Untouchable","Koishi:YoukaiPolygraph+1"],"picked":"SKIP","floor":40},{"not_picked":["Koishi:FleetingPhantom","Koishi:JumpScare"],"picked":"Koishi:EmbersOfLove","floor":42},{"not_picked":["Koishi:UnconsciousUprising","Koishi:FleetingPhantom+1","Koishi:Untouchable"],"picked":"SKIP","floor":48},{"not_picked":["Koishi:UnconsciousUrges+1","Koishi:PhantomStrike+1"],"picked":"Koishi:TremblingHands+1","floor":54}],"player_experience":342312,"relics_obtained":[{"floor":9.0,"key":"Unceasing Top"},{"floor":26,"key":"Blood Vial"},{"floor":40,"key":"HollowMod:LifeEnderRelic"},{"floor":43,"key":"Replay:Baseball"},{"floor":54,"key":"Art of War"}],"event_choices":[{"damage_healed":0,"gold_gain":0,"player_choice":"Ignored","damage_taken":0,"max_hp_gain":0,"max_hp_loss":0,"event_name":"betterNote:BetterNote","floor":19,"gold_loss":0,"cards_obtained":["Mayhem"]},{"cards_removed":["Koishi:JumpScare"],"damage_healed":5,"gold_gain":0,"player_choice":"Offered Common","damage_taken":0,"max_hp_gain":0,"max_hp_loss":0,"event_name":"Bonfire Elementals","floor":20,"gold_loss":0},{"cards_removed":["Koishi:JumpScare"],"damage_healed":5,"gold_gain":0,"player_choice":"Offered Special","damage_taken":0,"max_hp_gain":0,"max_hp_loss":0,"event_name":"Bonfire Elementals","floor":20,"gold_loss":0},{"damage_healed":0,"gold_gain":0,"player_choice":"Simplicity","damage_taken":0,"max_hp_gain":0,"max_hp_loss":0,"event_name":"betterThird:BetterWriting","floor":31,"gold_loss":0},{"damage_healed":0,"gold_gain":0,"player_choice":"1","damage_taken":0,"max_hp_gain":0,"max_hp_loss":0,"event_name":"betterMatch:BetterMatch","floor":37,"gold_loss":0,"cards_obtained":["betterMatch:UncommonCard","betterMatch:RareCard"]}],"is_beta":false,"boss_relics":[{"not_picked":["Busted Crown","aspiration:PoetsPen_weak","Abe\u0027s Treasure"]},{"not_picked":["aspiration:ServantSkillbook","aspiration:FutureDiary"],"picked":"RedLine:ReiMu"}],"items_purged_floors":[3,3,3,21,21,21,21,24,24,24,24,24,25,38,38,38,47,47,47],"is_endless":false,"potions_floor_spawned":[4,11,14,22,33,36,40,42],"ascension_level":0}}