{"host":"py7qdianp3jrm8dm","time":1613921422,"event":{"mods":["AchievementEnabler","BaseMod","Bestiary","Downfall","Highlight Path","Minty Spire (QoL Compilation)","StSLib"],"gold_per_floor":[112,127,5,19,37,37,52,52,52,52,84,95,95,106,106,203,203,223,223,41,56,56,56,70,70,70,70,270,283,283,297,297,401,401,414,432,447,462,462,462,462,462],"floor_reached":41,"language":"ENG","playtime":2013,"items_purged":["Strike_R"],"score":497,"play_id":"8b33783b-50c0-4e4d-9291-8b4d2d808d3e","local_time":"20210221153022","is_ascension_mode":false,"campfire_choices":[{"data":"Limit Break","floor":6,"key":"SMITH"},{"data":"Inflame","floor":8,"key":"SMITH"},{"data":"Demon Form","floor":13,"key":"SMITH"},{"floor":15,"key":"REST"},{"data":"Double Tap","floor":23,"key":"SMITH"},{"data":"Heavy Blade","floor":25,"key":"SMITH"},{"data":"Inflame","floor":27,"key":"SMITH"},{"data":"Flex","floor":30,"key":"SMITH"},{"floor":32,"key":"REST"},{"floor":40,"key":"REST"}],"circlet_count":0,"master_deck":["Strike_R","Strike_R","Strike_R","Defend_R","Defend_R","Defend_R","Defend_R","Bash","Limit Break+1","Headbutt","Heavy Blade+1","Inflame+1","Flex","Flex+1","Inflame+1","Twin Strike","Cleave","Demon Form+1","Rampage","Double Tap+1","Clash","Flex","Thunderclap","Flex","Battle Trance","Twin Strike","Offering","Heavy Blade+1","Sword Boomerang"],"relics":["Burning Blood"],"acts_visited":["Exordium","TheCity","TheBeyond"],"potions_floor_usage":[7,11,18,41,41,41],"damage_taken":[{"damage":0,"enemies":"Small Slimes","floor":1,"turns":5},{"damage":2,"enemies":"2 Louse","floor":2,"turns":3},{"damage":1,"enemies":"Cultist","floor":4,"turns":3},{"damage":15,"enemies":"Gremlin Gang","floor":5,"turns":4},{"damage":8,"enemies":"Large Slime","floor":7,"turns":4},{"damage":21,"enemies":"3 Sentries","floor":11,"turns":8},{"damage":15,"enemies":"Looter","floor":12,"turns":3},{"damage":1,"enemies":"2 Fungi Beasts","floor":14,"turns":2},{"damage":0,"enemies":"Slime Boss","floor":16,"turns":5},{"damage":10,"enemies":"3 Byrds","floor":18,"turns":3},{"damage":5,"enemies":"Chosen","floor":21,"turns":4},{"damage":39,"enemies":"Sentry and Sphere","floor":24,"turns":4},{"damage":16,"enemies":"Cultist and Chosen","floor":29,"turns":4},{"damage":8,"enemies":"Centurion and Healer","floor":31,"turns":4},{"damage":45,"enemies":"Champ","floor":33,"turns":9},{"damage":0,"enemies":"3 Shapes","floor":35,"turns":3},{"damage":28,"enemies":"3 Darklings","floor":36,"turns":4},{"damage":1,"enemies":"Transient","floor":37,"turns":5},{"damage":30,"enemies":"Maw","floor":38,"turns":5},{"damage":68,"enemies":"Nemesis","floor":41,"turns":5}],"seed_played":"-7154499427457075792","potions_obtained":[{"floor":4,"key":"FearPotion"},{"floor":5,"key":"SkillPotion"},{"floor":12,"key":"LiquidBronze"},{"floor":21,"key":"Fire Potion"},{"floor":24,"key":"ElixirPotion"},{"floor":35,"key":"Strength Potion"},{"floor":38,"key":"Block Potion"}],"is_trial":false,"path_per_floor":["M","M","$","M","M","R","M","R","T","?","E","M","R","M","R","B",null,"M","?","$","M","?","R","M","R","T","R","?","M","R","M","R","B",null,"M","M","M","M","?","R","E"],"character_chosen":"IRONCLAD","items_purchased":["Inflame","Flex","Flex","Thunderclap"],"campfire_rested":3,"item_purchase_floors":[3,3,20,20],"current_hp_per_floor":[62,66,66,71,62,62,60,60,60,53,38,29,29,34,58,64,80,76,76,76,77,77,77,44,44,44,44,44,34,34,32,56,17,80,80,58,63,39,39,63,0,0],"gold":462,"neow_bonus":"THREE_RARE_CARDS","is_daily":false,"chose_seed":false,"campfire_upgraded":7,"win_rate":0.0,"timestamp":1613921422,"path_taken":["M","M","$","M","M","R","M","R","T","?","E","M","R","M","R","BOSS","M","?","$","M","?","R","M","R","T","R","?","M","R","?","R","BOSS","M","M","?","M","?","R","E"],"items_purchased_type":["Card","Card","Card","Card"],"build_version":"2020-12-22","purchased_purges":1,"victory":false,"max_hp_per_floor":[80,80,80,80,80,80,80,80,80,80,80,80,80,80,80,80,80,80,80,80,80,80,80,80,80,80,80,80,80,80,80,80,80,80,80,80,80,80,80,80,80,80],"card_choices":[{"not_picked":["Bludgeon","Feed"],"picked":"Limit Break","floor":0},{"not_picked":["Iron Wave","Pommel Strike"],"picked":"Headbutt","floor":1},{"not_picked":["Blood for Blood","Disarm"],"picked":"Heavy Blade","floor":2},{"not_picked":["Pommel Strike","Rupture"],"picked":"Flex","floor":4},{"not_picked":["Dark Embrace","Evolve"],"picked":"Inflame","floor":5},{"not_picked":["Wild Strike","Shrug It Off"],"picked":"Twin Strike","floor":7},{"not_picked":["Dark Embrace","Warcry"],"picked":"Cleave","floor":11},{"not_picked":["Warcry","Dual Wield"],"picked":"Demon Form","floor":12},{"not_picked":["True Grit","Metallicize"],"picked":"Rampage","floor":14},{"not_picked":["Fiend Fire","Feed"],"picked":"Double Tap","floor":16},{"not_picked":["True Grit+1","Shockwave"],"picked":"Clash","floor":18},{"not_picked":["True Grit","Cleave"],"picked":"Flex","floor":21},{"not_picked":["Warcry+1","Clash"],"picked":"Battle Trance","floor":24},{"not_picked":["Perfected Strike","Anger","Disarm+1"],"picked":"SKIP","floor":29},{"not_picked":["Flex","Pommel Strike+1"],"picked":"Twin Strike","floor":31},{"not_picked":["Demon Form","Brutality"],"picked":"Offering","floor":33},{"not_picked":["Clash","Armaments"],"picked":"Heavy Blade+1","floor":35},{"not_picked":["Shrug It Off","Evolve+1","Searing Blow"],"picked":"SKIP","floor":36},{"not_picked":["Wild Strike","Thunderclap+1"],"picked":"Sword Boomerang","floor":37},{"not_picked":["Heavy Blade","Metallicize","Battle Trance+1"],"picked":"SKIP","floor":38}],"player_experience":636560,"relics_obtained":[],"event_choices":[{"cards_removed":["Strike_R"],"damage_healed":0,"gold_gain":0,"player_choice":"Card Removal","damage_taken":7,"max_hp_gain":0,"max_hp_loss":0,"event_name":"Golden Wing","floor":10,"gold_loss":0},{"damage_healed":0,"gold_gain":0,"player_choice":"Ignored","damage_taken":0,"max_hp_gain":0,"max_hp_loss":0,"event_name":"The Mausoleum","floor":19,"gold_loss":0},{"damage_healed":0,"gold_gain":0,"player_choice":"Ignored","damage_taken":0,"max_hp_gain":0,"max_hp_loss":0,"event_name":"Ghosts","floor":22,"gold_loss":0},{"damage_healed":0,"gold_gain":250,"player_choice":"Bet on Owner","damage_taken":0,"max_hp_gain":0,"max_hp_loss":0,"event_name":"The Joust","floor":28,"gold_loss":50},{"damage_healed":0,"gold_gain":0,"player_choice":"Ignored","damage_taken":0,"max_hp_gain":0,"max_hp_loss":0,"event_name":"Tomb of Lord Red Mask","floor":39,"gold_loss":0}],"is_beta":false,"boss_relics":[{"not_picked":[]},{"not_picked":[]}],"items_purged_floors":[20],"is_endless":false,"potions_floor_spawned":[4,5,12,21,24,35,38],"killed_by":"Nemesis","ascension_level":0}}