{"host":"bf5upntvbdompq33","time":1613888826,"event":{"mods":["BaseMod","Bestiary","Colored Map","Colored Powertips","Curses Come First","Highlight Path","Minty Spire (QoL Compilation)","StSLib","ojb\u0027s Info Mod"],"gold_per_floor":[109,29,29,43,53,53,83,83,109,384,384,115,141,216,216,294,294,307,19,19,32,32,66,66,97,123,137,153,153,173,191,191,268,268,280,280,280,280],"floor_reached":37,"language":"ENG","playtime":2214,"items_purged":["Regret","Strike_R"],"score":731,"play_id":"95b78495-9c06-401d-8673-e4a486a42cec","local_time":"20210220232706","is_ascension_mode":true,"campfire_choices":[{"data":"Searing Blow","floor":6,"key":"SMITH"},{"data":"Searing Blow+1","floor":8,"key":"SMITH"},{"data":"Searing Blow+2","floor":11,"key":"SMITH"},{"floor":15,"key":"REST"},{"floor":24,"key":"REST"},{"floor":32,"key":"REST"}],"circlet_count":0,"master_deck":["AscendersBane","Strike_R","Defend_R","Defend_R","Defend_R","Defend_R","Bash","Searing Blow+3","Power Through","Anger","Rampage","Evolve","Power Through","Feed","Disarm","Impervious","Pommel Strike","Battle Trance","Entrench","Immolate","Carnage+1","Reaper"],"relics":["Burning Blood","NeowsBlessing","Bag of Marbles","Regal Pillow","Membership Card","Vajra","SlaversCollar","Lee\u0027s Waffle","Singing Bowl","Blood Vial","Shuriken","Bag of Preparation","Pantograph","Runic Pyramid"],"acts_visited":["Exordium","TheCity","TheBeyond"],"potions_floor_usage":[13,16,16,23,28,28,33],"damage_taken":[{"damage":0,"enemies":"Jaw Worm","floor":1,"turns":1},{"damage":0,"enemies":"Cultist","floor":4,"turns":1},{"damage":0,"enemies":"Small Slimes","floor":5,"turns":1},{"damage":31,"enemies":"Gremlin Nob","floor":7,"turns":5},{"damage":17,"enemies":"Lagavulin","floor":13,"turns":6},{"damage":22,"enemies":"The Guardian","floor":16,"turns":11},{"damage":34,"enemies":"Shell Parasite","floor":18,"turns":8},{"damage":37,"enemies":"3 Byrds","floor":21,"turns":8},{"damage":45,"enemies":"Slavers","floor":23,"turns":7},{"damage":33,"enemies":"Book of Stabbing","floor":25,"turns":5},{"damage":39,"enemies":"Centurion and Healer","floor":27,"turns":9},{"damage":4,"enemies":"Shelled Parasite and Fungi","floor":28,"turns":5},{"damage":18,"enemies":"Snake Plant","floor":30,"turns":3},{"damage":26,"enemies":"Centurion and Healer","floor":31,"turns":5},{"damage":56,"enemies":"Automaton","floor":33,"turns":9},{"damage":4,"enemies":"3 Shapes","floor":35,"turns":3},{"damage":103,"enemies":"3 Darklings","floor":37,"turns":13}],"seed_played":"6348244408856361292","potions_obtained":[{"floor":1,"key":"FearPotion"},{"floor":7,"key":"LiquidMemories"},{"floor":13,"key":"SkillPotion"},{"floor":18,"key":"BloodPotion"},{"floor":25,"key":"Swift Potion"},{"floor":27,"key":"PowerPotion"},{"floor":31,"key":"Block Potion"}],"is_trial":false,"path_per_floor":["M","$","?","M","M","R","E","R","T","?","R","$","E","?","R","B",null,"M","$","?","M","?","E","R","E","T","M","M","T","M","M","R","B",null,"M","?","M"],"character_chosen":"IRONCLAD","items_purchased":["Power Through","Membership Card","Feed","Lee\u0027s Waffle","Singing Bowl","Battle Trance"],"campfire_rested":3,"item_purchase_floors":[2,12,12,19,19,19],"current_hp_per_floor":[74,74,74,75,75,75,50,50,50,50,50,50,39,32,69,53,70,42,82,82,54,54,34,75,50,50,21,30,30,25,7,51,28,81,87,87,0,0],"gold":280,"neow_bonus":"THREE_ENEMY_KILL","is_daily":false,"chose_seed":false,"campfire_upgraded":3,"win_rate":0.0,"timestamp":1613888826,"path_taken":["M","$","?","M","?","R","E","R","T","?","R","?","E","?","R","BOSS","M","$","?","M","?","E","R","E","T","M","?","?","M","M","R","BOSS","M","?","M"],"items_purchased_type":["Card","Relic","Card","Relic","Relic","Card"],"build_version":"2020-12-22","purchased_purges":2,"victory":false,"max_hp_per_floor":[75,75,75,75,75,75,75,75,75,75,75,75,75,75,75,75,75,75,82,82,85,85,87,87,87,87,89,94,94,99,99,99,99,99,101,101,101,101],"card_choices":[{"not_picked":["Spot Weakness","Metallicize"],"picked":"Searing Blow","floor":1},{"not_picked":["Clothesline","Warcry","Sword Boomerang"],"picked":"SKIP","floor":4},{"not_picked":["Searing Blow","Clothesline"],"picked":"Evolve","floor":5},{"not_picked":["Blood for Blood","Armaments"],"picked":"Power Through","floor":7},{"not_picked":["Headbutt","True Grit"],"picked":"Disarm","floor":13},{"not_picked":["Brutality","Exhume"],"picked":"Impervious","floor":16},{"not_picked":["Blood for Blood","Headbutt"],"picked":"Pommel Strike","floor":18},{"not_picked":["Reckless Charge","Perfected Strike"],"picked":"Entrench","floor":21},{"not_picked":["Heavy Blade","Perfected Strike","Cleave"],"picked":"Singing Bowl","floor":23},{"not_picked":["Iron Wave","Disarm"],"picked":"Immolate","floor":25},{"not_picked":["Shrug It Off","Metallicize","Thunderclap"],"picked":"Singing Bowl","floor":27},{"not_picked":["Warcry","Havoc","True Grit"],"picked":"Singing Bowl","floor":28},{"not_picked":["Warcry","Feel No Pain","Reckless Charge"],"picked":"Singing Bowl","floor":30},{"not_picked":["Bloodletting+1","True Grit"],"picked":"Carnage+1","floor":31},{"not_picked":["Offering","Berserk"],"picked":"Reaper","floor":33},{"not_picked":["Feel No Pain","Thunderclap","Twin Strike+1"],"picked":"Singing Bowl","floor":35}],"player_experience":1683885,"relics_obtained":[{"floor":7,"key":"Bag of Marbles"},{"floor":9,"key":"Regal Pillow"},{"floor":13,"key":"Vajra"},{"floor":23,"key":"Blood Vial"},{"floor":25,"key":"Shuriken"},{"floor":26,"key":"Bag of Preparation"},{"floor":29,"key":"Pantograph"}],"event_choices":[{"damage_healed":0,"gold_gain":0,"player_choice":"2 cards matched","damage_taken":0,"max_hp_gain":0,"max_hp_loss":0,"event_name":"Match and Keep!","floor":3,"gold_loss":0,"cards_obtained":["Anger","Rampage"]},{"damage_healed":0,"gold_gain":275,"player_choice":"Desecrate","damage_taken":0,"max_hp_gain":0,"max_hp_loss":0,"event_name":"Golden Shrine","floor":10,"gold_loss":0,"cards_obtained":["Regret"]},{"damage_healed":0,"gold_gain":75,"player_choice":"Touch","damage_taken":7,"max_hp_gain":0,"max_hp_loss":0,"event_name":"FaceTrader","floor":14,"gold_loss":0},{"cards_removed":["Strike_R"],"damage_healed":0,"gold_gain":0,"player_choice":"Elegance","damage_taken":0,"max_hp_gain":0,"max_hp_loss":0,"event_name":"Back to Basics","floor":20,"gold_loss":0},{"cards_removed":["Strike_R"],"damage_healed":0,"gold_gain":0,"player_choice":"Purged","damage_taken":0,"max_hp_gain":0,"max_hp_loss":0,"event_name":"Purifier","floor":22,"gold_loss":0},{"cards_removed":["Strike_R"],"damage_healed":0,"gold_gain":0,"player_choice":"Purged","damage_taken":0,"max_hp_gain":0,"max_hp_loss":0,"event_name":"Purifier","floor":36,"gold_loss":0}],"is_beta":false,"boss_relics":[{"not_picked":["Sozu","Busted Crown"],"picked":"SlaversCollar"},{"not_picked":["Runic Cube","Black Blood"],"picked":"Runic Pyramid"}],"items_purged_floors":[12,19],"is_endless":false,"potions_floor_spawned":[1,7,13,18,25,27,31],"killed_by":"3 Darklings","ascension_level":14}}