{"host":"ymw71f7rc9ndansy","time":1613871194,"event":{"mods":["100% Spire Juice","ATMod(阿瑾Mod)","Act Like it!","Aspiration","BaseMod","DeckTracker","Energized Spire","Gensokyo","Hubris","Koishi","Library of Ruina","Library of Ruina Extra","Minty Spire (QoL Compilation)","MostiFishMod","Relic Filter Mod","Reliquary","Remove Card Discount Mod","Replay The Spire","RumiaBox-露米娅的神秘盒子","StSLib","TestMod","The Blackbeard","【功能Mod】精心准备","【遗物卡牌】REMEMod"],"gold_per_floor":[116,116,116,132,97,97,160,24,24,51,51,69,69,98,98,176,176,187,187,187,187,187,187,202,196,196,213,241,258,258,291,291,369,369,380,380,380,380,380],"floor_reached":38,"language":"ZHS","playtime":1184,"items_purged":["Clumsy","Dodge","LightDefense","LightAttack","LightAttack","ChargeAndCover","LightAttack"],"score":1082,"play_id":"f416afaa-6cd3-4dd5-8f80-026dbfb90046","local_time":"20210221093314","is_ascension_mode":true,"campfire_choices":[{"data":"testmod-AssimilatedRune","floor":6,"key":"SMITH"},{"data":"AT_FamilyPortrait","floor":11,"key":"SMITH"},{"data":"Eliminate","floor":13,"key":"SMITH"},{"data":"BiAn","floor":15,"key":"SMITH"},{"data":"UnforgettableMelody","floor":23,"key":"SMITH"},{"data":"MostiFishMod:Awakening","floor":30,"key":"SMITH"},{"data":"FlashingStrike","floor":32,"key":"SMITH"}],"circlet_count":0,"master_deck":["AscendersBane","LightDefense","LightDefense","LightDefense","FocusedStrikes","AT_FamilyPortrait+1","testmod-AssimilatedRune+1","Standoff","BiAn+1","Multislash","Eliminate+1","QuickAttack","UnforgettableMelody+1","PreparedMind","RulesOfTheBackstreets","CoordinatedAssault","MostiFishMod:Awakening+1","FlashingStrike+1","Gensokyo:ShootingStar","CleanUp+1"],"relics":["PageOfLibrarian","testmod-TestBox","DaveBox","REME_ComplimentaryCards","AT_ATBox","Membership Card","testmod-TimeTraveler","NeowsBlessing","SynthV:TestCard","Gensokyo:NagashiBinaDoll","DiscerningMonocle","PageOfForsakenMurderer","hubris:SlimyHat","PageOfHappyTeddyBear","Runic Dome","Gensokyo:RedStar","Replay:Accelerometer","Strawberry","Akabeko","REME_CardOfGreed","AT_SpeedBoots","MagicDraw1","Philosopher\u0027s Stone","hubris:Towel"],"acts_visited":["Exordium","Gensokyo:Gensokyo","Gensokyo:Gensokyoer"],"potions_floor_usage":[7,16,24,28,28,35],"damage_taken":[{"damage":0,"enemies":"Gensokyo:3_Fairies","floor":1,"turns":1},{"damage":0,"enemies":"Gensokyo:Python","floor":4,"turns":1},{"damage":0,"enemies":"Gensokyo:Mamizou","floor":7,"turns":2},{"damage":4,"enemies":"Gensokyo:Cirno","floor":10,"turns":5},{"damage":15,"enemies":"Gensokyo:Gryphon","floor":12,"turns":3},{"damage":5,"enemies":"Gensokyo:Aya","floor":14,"turns":5},{"damage":0,"enemies":"Gensokyo:Yukari","floor":16,"turns":2},{"damage":2,"enemies":"Gensokyo:2_Gloops","floor":18,"turns":4},{"damage":18,"enemies":"Gensokyo:Chomper","floor":24,"turns":5},{"damage":0,"enemies":"Gensokyo:3_Gloops","floor":27,"turns":3},{"damage":38,"enemies":"Gensokyo:Koishi","floor":28,"turns":4},{"damage":0,"enemies":"Gensokyo:Wraith","floor":29,"turns":2},{"damage":19,"enemies":"Gensokyo:Tenshi","floor":31,"turns":2},{"damage":0,"enemies":"Gensokyo:Eternal_Rivals","floor":33,"turns":6},{"damage":0,"enemies":"Gensokyo:AncientGuardian","floor":35,"turns":1},{"damage":0,"enemies":"Gensokyo:3_Boulders","floor":38,"turns":1}],"seed_played":"-1585615286559637071","potions_obtained":[{"floor":4,"key":"REME_GoldPotion"},{"floor":7,"key":"Fire Potion"},{"floor":18,"key":"ColorlessPotion"},{"floor":33,"key":"testmod-SpacePotion"},{"floor":35,"key":"ColorlessPotion"}],"is_trial":false,"path_per_floor":["M","?","?","M","$","R","E","COS","T","E","R","M","R","E","R","B",null,"M","?","?","?","?","R","M","$","T","M","E","M","R","E","R","B",null,"M","?","?","M"],"character_chosen":"Librarian","items_purchased":["BiAn","Strawberry","Akabeko","REME_CardOfGreed","CoordinatedAssault","MostiFishMod:Awakening"],"campfire_rested":0,"item_purchase_floors":[5,25,25,25,25,25],"current_hp_per_floor":[54,54,57,57,57,57,57,57,57,53,53,38,38,33,33,33,65,66,66,66,66,70,70,52,59,59,59,21,21,21,2,2,49,84,84,84,84,84,84],"gold":380,"neow_bonus":"THREE_ENEMY_KILL","is_daily":false,"chose_seed":false,"campfire_upgraded":7,"win_rate":0.0,"timestamp":1613871194,"path_taken":["M","?","?","M","$","R","E","COS","T","E","R","?","R","E","R","BOSS","M","?","?","?","?","R","M","$","T","M","E","?","R","E","R","BOSS","M","?","?","M"],"items_purchased_type":["Card","Relic","Relic","Relic","Card","Card"],"build_version":"2020-12-22","purchased_purges":7,"victory":false,"max_hp_per_floor":[60,60,60,68,68,68,68,68,68,68,68,75,75,75,75,75,75,85,85,85,77,77,77,77,84,84,84,95,95,95,95,95,95,95,95,95,95,95,95],"card_choices":[{"not_picked":["UncannyStrike","DarkCloud","ExtractFuel","DestructiveImpact","Brawl","Unlock1","UnavoidableGaze","RepressedFlesh"],"picked":"Standoff","floor":1},{"not_picked":["SinglePointStab","BackstreetsDash","GuidanceOfTheGears","Faith","Deflect_lor","DriedUp","ClassAndRespect","ExtractFuel","CumulusWall","Unlock1","Zzzzzap"],"picked":"SKIP","floor":4},{"not_picked":["HiddenBlade","SmokingPipe","Guardian_lor","Gigigig","EnergyShield","BindingChains","Parry","Outburst","ScratchThat","ExtremeEdge"],"picked":"Multislash","floor":7},{"not_picked":["StructuralAnalysis","WaitUp","EnergyShield","DefenseOrder","StrikeDown","MindPrepared","Guardian_lor","HighSpeedStabbing","TieShanKao","BackAttack","ExtremeEdge"],"picked":"SKIP","floor":10},{"not_picked":["HandleRequest","Rewind","UnavoidableGaze","Faith","SturdyDefense","Standoff","ViolentFlame","Unlock1","Outburst","InnerArdor"],"picked":"Eliminate","floor":12},{"not_picked":["BiAn","Standoff","BackAttack","UndertakePrescript","Rewind","ForcefulGesture","Execute_lor","SavageMode","ToWhereThePrescriptPoints","Parry"],"picked":"QuickAttack","floor":14},{"not_picked":["ScratchThat","GoinFirst","SavageMode","SenseQuarry"],"picked":"UnforgettableMelody","floor":16},{"not_picked":["Faith","FlyingSword","SinglePointStab","Parry","SpearedSweep","TendonChords","PinpointShot","Suppress","Guardian_lor","GuardingStance","Diversion"],"picked":"SKIP","floor":18},{"not_picked":["NonstopAssault","FendThisOffIfYouCan","BlowItUp","EndlessBattle","CookingPrep+1","Wallop_lor","NightInTheBackstreets","StrongStrike","RapidGashes","LossOfSenses"],"picked":"RulesOfTheBackstreets","floor":24},{"not_picked":["ICanCookAnything","ShockingBlow","SinglePointStab","FleetEdge","Marionette+1","WillOfThePrescript","Parry2","MultiHit","Outburst","TimeForALittleTest","UnavoidableGaze"],"picked":"SKIP","floor":27},{"not_picked":["RapidGashes","Leap_lor","Struggle","YourShield+1","Collision","GreatSerpentsImpact","WillProduceFineSilk","EnergyCycle","WrathOfTorment","MultiHit"],"picked":"FlashingStrike","floor":28},{"not_picked":["Brawl","EnergyCycle","StrongStrike","UpbeatPerformance","Rewind","NightInTheBackstreets","HiddenBlade+1","TheArtOfRapidSteps","ElectricShock","Bvapour","HighKick"],"picked":"SKIP","floor":29},{"not_picked":["SuppressingShot","Reload","LoosenUp+1","DestructiveImpact","Deflect_lor","FlashOfSunup","QuickAttack+1","GrazeTheGrass","Faith","ShockRound+1","FleetFootsteps"],"picked":"SKIP","floor":31},{"not_picked":[],"picked":"Gensokyo:ShootingStar","floor":33},{"not_picked":["Transpierce","TieShanKao","Eradication","EnergyBeam"],"picked":"CleanUp","floor":33},{"not_picked":["LawAndOrder","Unlock1","QuickSuppression","ShockRound","Parry2","CoordinatedAssault","Overpower+1","Slice_lor","StructuralAnalysis","StrongStrike","EnergyConversion"],"picked":"SKIP","floor":35}],"player_experience":1106579,"relics_obtained":[{"floor":1,"key":"SynthV:TestCard"},{"floor":9,"key":"PageOfForsakenMurderer"},{"floor":10,"key":"hubris:SlimyHat"},{"floor":14,"key":"PageOfHappyTeddyBear"},{"floor":28,"key":"AT_SpeedBoots"},{"floor":31,"key":"MagicDraw1"}],"event_choices":[],"is_beta":false,"boss_relics":[{"not_picked":["Fusion Hammer","SoulBox"],"picked":"Runic Dome"},{"not_picked":["RhineCircuit","testmod-KeyOfTheVoid"],"picked":"Philosopher\u0027s Stone"}],"items_purged_floors":[5,5,5,5,25,25,25],"is_endless":false,"potions_floor_spawned":[4,7,12,14,18,24,27,33,35],"killed_by":"Gensokyo:3_Boulders","ascension_level":20}}