{"host":"9czo1ewqehy3yunx","time":1613870656,"event":{"mods":["AchievementEnabler","Act Like it!","BaseMod","CapriCore","Colored Powertips","DeckTracker","GifTheSpireLib","GungeonMod","Hermit","Keyboard Shortcuts","Koishi","Lobotomy","Marisa£¨Ùöéë¡¡Øª×âÞÞ£©","Minty Spire (QoL Compilation)","Permanent Neow","Quick Restart","StSLib","SuperFastMode","Td1madao Mod","The Bug Knight","The Cursed","The Hierophant","The Immortal","The Jungle","The Poker Player","The Runesmith"],"gold_per_floor":[117,117,117,117,136,136,23,23,99,124,124,140,155,170,170,290,290,280,280,304,304,304],"floor_reached":21,"language":"KOR","playtime":800,"items_purged":[],"score":171,"play_id":"2f7ad8a9-5a47-4b74-af5d-c8b6978d5ec4","local_time":"20210221102416","is_ascension_mode":false,"campfire_choices":[{"floor":6,"key":"REST"},{"data":"DemoMod:ShadowBullets","floor":8,"key":"SMITH"},{"data":"DemoMod:Roll","floor":11,"key":"SMITH"},{"data":"DemoMod:HungryBullets","floor":15,"key":"SMITH"}],"circlet_count":0,"master_deck":["DemoMod:Roll+1","DemoMod:ManualReload+1","DemoMod:RustySidearm","DemoMod:CrossBow","DemoMod:BoxingGlove","DemoMod:TeaPot","DemoMod:TripleGun","DemoMod:ShadowBullets+1","DemoMod:HighKaliber","DemoMod:Gungine","DemoMod:HuntsMan","DemoMod:HungryBullets+1","DemoMod:BSG","DemoMod:SkilledReload","DemoMod:BattleInHaste","DemoMod:ShadowBullets","DemoMod:FortunesFavor","DemoMod:Gungine","DemoMod:Eureka","DemoMod:BoxingGlove","DemoMod:HuntsMan","DemoMod:ManualReload","DemoMod:Eureka","DemoMod:HuntsMan"],"relics":["DemoMod:Dog","Golden Idol","DemoMod:MeltedRock","Pandora\u0027s Box"],"acts_visited":["Exordium","TheCity"],"potions_floor_usage":[16,16,20],"damage_taken":[{"damage":3,"enemies":"Small Slimes","floor":1,"turns":3},{"damage":6,"enemies":"2 Louse","floor":5,"turns":2},{"damage":0,"enemies":"Cultist","floor":10,"turns":3},{"damage":0,"enemies":"Large Slime","floor":12,"turns":4},{"damage":12,"enemies":"2 Fungi Beasts","floor":13,"turns":3},{"damage":15,"enemies":"Looter","floor":14,"turns":3},{"damage":30,"enemies":"Slime Boss","floor":16,"turns":9},{"damage":30,"enemies":"2 Thieves","floor":18,"turns":4},{"damage":27,"enemies":"Shell Parasite","floor":20,"turns":4},{"damage":15,"enemies":"Cultist and Chosen","floor":21,"turns":2}],"seed_played":"265140596077595174","potions_obtained":[{"floor":1,"key":"LiquidMemories"},{"floor":10,"key":"Energy Potion"},{"floor":12,"key":"Regen Potion"},{"floor":20,"key":"Ancient Potion"}],"is_trial":false,"path_per_floor":["M","?","?","?","M","R","$","R","T","M","R","M","M","M","R","B",null,"M","?","M","M"],"character_chosen":"HUNTRESS","items_purchased":["DemoMod:ShadowBullets","DemoMod:HighKaliber"],"campfire_rested":1,"item_purchase_floors":[7,7],"current_hp_per_floor":[67,67,50,50,44,65,65,65,65,65,65,65,53,38,38,23,70,40,40,13,0,0],"gold":304,"neow_bonus":"","is_daily":false,"chose_seed":false,"campfire_upgraded":3,"win_rate":0.0,"timestamp":1613870656,"path_taken":["M","?","?","?","M","R","$","R","T","M","R","M","M","M","R","BOSS","M","?","M","M"],"items_purchased_type":["Card","Card"],"build_version":"2020-12-22","purchased_purges":0,"victory":false,"max_hp_per_floor":[70,70,70,70,70,70,70,70,70,70,70,70,70,70,70,70,70,70,70,70,70,70],"card_choices":[{"not_picked":["DemoMod:FortunesFavor","DemoMod:EasyReloadBullets"],"picked":"DemoMod:BoxingGlove","floor":1},{"not_picked":["DemoMod:SAA","DemoMod:MachoBrace"],"picked":"DemoMod:TeaPot","floor":5},{"not_picked":["DemoMod:ZorGun","DemoMod:DirectionalPad"],"picked":"DemoMod:TripleGun","floor":5},{"not_picked":["DemoMod:HungryBullets","DemoMod:TeaPot"],"picked":"DemoMod:Gungine","floor":10},{"not_picked":["DemoMod:MachoBrace","DemoMod:PracticeMakesPerfect"],"picked":"DemoMod:HuntsMan","floor":12},{"not_picked":["DemoMod:JK47","DemoMod:AWP"],"picked":"DemoMod:HungryBullets","floor":13},{"not_picked":["DemoMod:FastSwitch","DemoMod:Unmoved","DemoMod:BattleInHaste"],"picked":"SKIP","floor":14},{"not_picked":["DemoMod:FightSabre","DemoMod:SuppressiveFire"],"picked":"DemoMod:BSG","floor":16},{"not_picked":["DemoMod:FastSwitch","DemoMod:DoubleSwitch"],"picked":"DemoMod:BoxingGlove","floor":18},{"not_picked":["DemoMod:TeaPot","DemoMod:SkilledReload+1"],"picked":"DemoMod:HuntsMan","floor":18},{"not_picked":["DemoMod:ProbeStrike","DemoMod:DirectionalPad"],"picked":"DemoMod:HuntsMan","floor":20}],"player_experience":252059,"relics_obtained":[{"floor":9,"key":"DemoMod:MeltedRock"}],"event_choices":[{"damage_healed":0,"gold_gain":0,"player_choice":"Grow","damage_taken":0,"max_hp_gain":0,"max_hp_loss":0,"event_name":"Living Wall","floor":2,"gold_loss":0,"cards_upgraded":["DemoMod:ManualReload"]},{"damage_healed":0,"gold_gain":0,"player_choice":"Take Damage","damage_taken":17,"relics_obtained":["Golden Idol"],"max_hp_gain":0,"max_hp_loss":0,"event_name":"Golden Idol","floor":3,"gold_loss":0},{"damage_healed":0,"gold_gain":0,"player_choice":"2 cards matched","damage_taken":0,"max_hp_gain":0,"max_hp_loss":0,"event_name":"Match and Keep!","floor":19,"gold_loss":0,"cards_obtained":["DemoMod:ManualReload","DemoMod:Eureka"]}],"is_beta":false,"boss_relics":[{"not_picked":["Runic Dome","Busted Crown"],"picked":"Pandora\u0027s Box"}],"items_purged_floors":[],"is_endless":false,"potions_floor_spawned":[1,10,12,13,20],"killed_by":"Cultist and Chosen","ascension_level":0}}