{"host":"c1h8o8aodufyrxir","time":1613949773,"event":{"mods":["AchievementEnabler","BaseMod","Block Reminder","Downfall","Minty Spire (QoL Compilation)","Rare Cards Sparkle","Relic Stats","StSLib"],"gold_per_floor":[99,111,211,271,284,302,302,202,230,230,85,235,254,8,18,18,18,18],"floor_reached":16,"language":"ENG","playtime":1274,"items_purged":[],"score":125,"play_id":"6f1e0275-9882-454b-84be-ac7574c33fc8","local_time":"20210221162253","is_ascension_mode":false,"campfire_choices":[{"data":"champ:Taunt","floor":1,"key":"SMITH"},{"data":"champ:Execute","floor":8,"key":"SMITH"}],"circlet_count":0,"master_deck":["champ:Strike","champ:Strike","champ:Strike","champ:Strike","champ:Defend","champ:Defend","champ:Defend","champ:Defend+1","champ:Execute+1","champ:Taunt+1","champ:FanOfKnives","champ:BerserkersShout+1","champ:Haymaker","champ:Backstep","champ:Improvising","champ:PerfectedStrike","champ:ShieldWall","champ:PreciseThrust","downfall:Icky","champ:CalledShot","champ:CrownThrow","champ:StrikeOfGenius","champ:FlashCut"],"relics":["champ:ChampionCrown","StrikeDummy","downfall:HeartBlessingBlue","Anchor","War Paint","champ:DefensiveTrainingManual"],"acts_visited":["Exordium"],"potions_floor_usage":[13,14,15],"damage_taken":[{"damage":21,"enemies":"Jaw Worm","floor":2,"turns":3},{"damage":48,"enemies":"Gremlin Nob","floor":4,"turns":4},{"damage":29,"enemies":"Small Slimes","floor":5,"turns":3},{"damage":37,"enemies":"Cultist","floor":6,"turns":4},{"damage":46,"enemies":"Lagavulin","floor":9,"turns":5},{"damage":30,"enemies":"downfall:FleeingMerchant","floor":11,"turns":4},{"damage":8,"enemies":"Gremlin Gang","floor":13,"turns":4},{"damage":25,"enemies":"downfall:FleeingMerchant","floor":14,"turns":4},{"damage":9,"enemies":"Large Slime","floor":15,"turns":6},{"damage":18,"enemies":"WA_ARCHETYPE_RETAIN","floor":16,"turns":4}],"seed_played":"-5055634459208573472","potions_obtained":[{"floor":4,"key":"ColorlessPotion"},{"floor":5,"key":"Ancient Potion"},{"floor":6,"key":"LiquidBronze"},{"floor":15,"key":"Fruit Juice"}],"is_trial":false,"path_per_floor":["R","M","?","?","M","M","T","R","E","T","$","?","M","$","M","B"],"character_chosen":"THE_CHAMP","items_purchased":["champ:ShieldWall","champ:PreciseThrust","champ:StrikeOfGenius","champ:DefensiveTrainingManual"],"campfire_rested":0,"item_purchase_floors":[11,11,14,14],"current_hp_per_floor":[99,98,98,70,66,59,59,69,43,43,33,33,25,10,15,0,0,0],"gold":18,"neow_bonus":"TEN_PERCENT_HP_BONUS","is_daily":false,"chose_seed":false,"campfire_upgraded":2,"win_rate":0.0,"timestamp":1613949773,"path_taken":["R","M","?","?","M","M","T","R","E","?","$","?","?","$","M","BOSS"],"items_purchased_type":["Card","Card","Card","Relic"],"build_version":"2020-12-22","purchased_purges":0,"victory":false,"max_hp_per_floor":[99,99,99,99,99,99,99,109,109,109,109,109,109,109,114,114,114,114],"relic_stats":{"counters":[10,41],"War Paint":["champ:BerserkersShout","champ:Defend"],"obtain_stats":[{"Anchor":9,"downfall:HeartBlessingBlue":8,"champ:DefensiveTrainingManual":14,"champ:ChampionCrown":0,"War Paint":10,"StrikeDummy":4},{"Anchor":5,"downfall:HeartBlessingBlue":4,"champ:DefensiveTrainingManual":8,"champ:ChampionCrown":0,"War Paint":5,"StrikeDummy":1},{"Anchor":19,"downfall:HeartBlessingBlue":14,"champ:DefensiveTrainingManual":31,"champ:ChampionCrown":0,"War Paint":19,"StrikeDummy":3}]},"card_choices":[{"not_picked":["champ:StanceDance","champ:Circumvent"],"picked":"champ:FanOfKnives","floor":2},{"not_picked":["champ:PreemptiveStrike","champ:FocusedBerserking"],"picked":"champ:BerserkersShout","floor":4},{"not_picked":["champ:FalseCounter","champ:DefensiveShout"],"picked":"champ:Haymaker","floor":5},{"not_picked":["champ:CrownThrow","champ:EnGarde"],"picked":"champ:Backstep","floor":6},{"not_picked":["champ:TornadoPunch","champ:PreemptiveStrike"],"picked":"champ:Improvising","floor":9},{"not_picked":["champ:DefensiveShout","champ:SetATrap"],"picked":"champ:PerfectedStrike","floor":11},{"not_picked":["champ:BerserkersShout","champ:FalseCounter"],"picked":"champ:CalledShot","floor":13},{"not_picked":["champ:Backstep","champ:Haymaker"],"picked":"champ:CrownThrow","floor":14},{"not_picked":["champ:CheapShot","champ:EndlessRage"],"picked":"champ:FlashCut","floor":15}],"player_experience":188509,"relics_obtained":[{"floor":9,"key":"Anchor"},{"floor":10,"key":"War Paint"}],"event_choices":[],"is_beta":false,"boss_relics":[],"items_purged_floors":[],"is_endless":false,"potions_floor_spawned":[4,5,6,9,15],"killed_by":"WA_ARCHETYPE_RETAIN","ascension_level":0}}