{"host":"cfv8orgc8997ql4r","time":1613899908,"event":{"mods":["AchievementEnabler","BaseMod","DeckTracker","Keyboard Shortcuts","Minty Spire (QoL Compilation)"],"gold_per_floor":[113,126,24,24,24,59,69,29,44,44,56,56,74,103,115,115,213,213,223,69,84,96,21,21,21,21,21],"floor_reached":26,"language":"KOR","playtime":820,"items_purged":["Turbo"],"score":307,"play_id":"7087bac9-1b02-4fad-bcbf-f484c2b0b98c","local_time":"20210221183147","is_ascension_mode":true,"campfire_choices":[{"data":"Loop","floor":16,"key":"SMITH"},{"data":"Echo Form","floor":24,"key":"SMITH"}],"circlet_count":0,"master_deck":["Strike_B","Strike_B","Strike_B","Strike_B","Defend_B","Defend_B","Defend_B","Defend_B","Zap","Dualcast","Doom and Gloom","Ball Lightning","Self Repair","Glacier","Loop+1","Doom and Gloom","Cold Snap","Stack","Glacier","Cold Snap","Echo Form+1","Capacitor","Turbo+1","Cold Snap+1"],"relics":["Cracked Core","NeowsBlessing","Matryoshka","Bag of Marbles","Omamori","Pantograph","Pear","SacredBark","Blood Vial"],"acts_visited":["Exordium","TheCity"],"potions_floor_usage":[17,21,22,22,22],"damage_taken":[{"damage":0.0,"enemies":"Jaw Worm","floor":1.0,"turns":1.0},{"damage":0.0,"enemies":"Cultist","floor":2.0,"turns":1.0},{"damage":0.0,"enemies":"3 Sentries","floor":6.0,"turns":1.0},{"damage":3.0,"enemies":"Small Slimes","floor":7.0,"turns":2.0},{"damage":13,"enemies":"2 Fungi Beasts","floor":9,"turns":4},{"damage":13,"enemies":"Blue Slaver","floor":11,"turns":3},{"damage":13,"enemies":"Exordium Thugs","floor":13,"turns":3},{"damage":38,"enemies":"Lagavulin","floor":14,"turns":6},{"damage":0,"enemies":"3 Louse","floor":15,"turns":1},{"damage":34,"enemies":"Hexaghost","floor":17,"turns":9},{"damage":14,"enemies":"Spheric Guardian","floor":19,"turns":5},{"damage":26,"enemies":"2 Thieves","floor":21,"turns":4},{"damage":34,"enemies":"Cultist and Chosen","floor":22,"turns":7},{"damage":34,"enemies":"Shelled Parasite and Fungi","floor":26,"turns":5}],"seed_played":"-8793280707000890569","potions_obtained":[{"floor":1.0,"key":"GamblersBrew"},{"floor":6.0,"key":"SkillPotion"},{"floor":9,"key":"EntropicBrew"},{"floor":11,"key":"Swift Potion"},{"floor":17,"key":"Explosive Potion"},{"floor":19,"key":"Swift Potion"}],"is_trial":false,"path_per_floor":["M","M","$","?","?","E","M","$","M","T","M","?","M","E","M","R","B",null,"M","$","M","M","$","R","?","M"],"character_chosen":"DEFECT","items_purchased":["Ball Lightning","Self Repair","Loop","Blood Vial"],"campfire_rested":0,"item_purchase_floors":[3,3,8,20],"current_hp_per_floor":[75,75,75,80,77,77,74,74,68,68,62,62,56,35,35,35,33,90,83,83,66,34,34,34,34,2,2],"gold":21,"neow_bonus":"THREE_ENEMY_KILL","is_daily":false,"chose_seed":false,"campfire_upgraded":2,"win_rate":0.0,"timestamp":1613899907,"path_taken":["M","M","$","?","?","E","M","$","M","T","M","?","M","E","M","R","BOSS","M","$","M","?","$","R","?","M"],"items_purchased_type":["Card","Card","Card","Relic"],"build_version":"2020-12-22","purchased_purges":1,"victory":false,"max_hp_per_floor":[75,75,75,80,80,80,80,80,80,80,80,80,80,90,90,90,90,90,90,90,90,90,90,90,90,90,90],"card_choices":[{"not_picked":["Chaos","Gash"],"picked":"Tempest","floor":1.0},{"not_picked":["Static Discharge","Go for the Eyes"],"picked":"Doom and Gloom","floor":2.0},{"not_picked":["Hyperbeam","Steam"],"picked":"Glacier","floor":6.0},{"not_picked":["Redo","Undo"],"picked":"Turbo","floor":7.0},{"not_picked":["Hologram","Self Repair"],"picked":"Doom and Gloom","floor":9},{"not_picked":["Reprogram","Leap"],"picked":"Cold Snap","floor":11},{"not_picked":["Streamline","Beam Cell"],"picked":"Stack","floor":13},{"not_picked":["Hologram","Sweeping Beam"],"picked":"Glacier","floor":14},{"not_picked":["Storm","Leap"],"picked":"Cold Snap","floor":15},{"not_picked":["Seek","Creative AI"],"picked":"Echo Form","floor":17},{"not_picked":["Go for the Eyes+1","Conserve Battery"],"picked":"Capacitor","floor":19},{"not_picked":["Glacier","Conserve Battery"],"picked":"Turbo+1","floor":21},{"not_picked":["Leap","Streamline"],"picked":"Cold Snap+1","floor":22}],"player_experience":205739,"relics_obtained":[{"floor":6.0,"key":"Bag of Marbles"},{"floor":10,"key":"Omamori"},{"floor":10,"key":"Pantograph"},{"floor":14,"key":"Pear"}],"event_choices":[{"damage_healed":0.0,"max_hp_gain":5.0,"max_hp_loss":0.0,"gold_gain":0.0,"event_name":"Big Fish","player_choice":"Donut","floor":4.0,"gold_loss":0.0,"damage_taken":0.0},{"damage_healed":0.0,"max_hp_gain":0.0,"max_hp_loss":0.0,"gold_gain":0.0,"event_name":"Scrap Ooze","player_choice":"Success","floor":5.0,"gold_loss":0.0,"damage_taken":3.0,"relics_obtained":["Matryoshka"]},{"cards_removed":["Tempest"],"damage_healed":0,"gold_gain":0,"player_choice":"Purged","damage_taken":0,"max_hp_gain":0,"max_hp_loss":0,"event_name":"Purifier","floor":12,"gold_loss":0},{"damage_healed":0,"gold_gain":0,"player_choice":"Ignored","damage_taken":0,"max_hp_gain":0,"max_hp_loss":0,"event_name":"Ghosts","floor":25,"gold_loss":0}],"is_beta":false,"boss_relics":[{"not_picked":["Snecko Eye","Fusion Hammer"],"picked":"SacredBark"}],"items_purged_floors":[23],"is_endless":false,"potions_floor_spawned":[1,6,9,11,17,19],"killed_by":"Shelled Parasite and Fungi","ascension_level":3}}