{"host":"mnpd8gh7cwxsn5kh","time":1613926435,"event":{"mods":["BaseMod","Bestiary","Block Reminder","Colored Map","Colored Powertips","Highlight Path","Minty Spire (QoL Compilation)","Relic Sorter","Relic Stats"],"gold_per_floor":[109,121,196,207,207,207,227,245,245,245,245,245],"floor_reached":11,"language":"ENG","playtime":305,"items_purged":[],"score":130,"play_id":"696b63e6-058d-49a0-bbd7-445e37e2e463","local_time":"20210221175355","is_ascension_mode":true,"campfire_choices":[{"data":"Melter","floor":6.0,"key":"SMITH"}],"circlet_count":0,"master_deck":["AscendersBane","Strike_B","Strike_B","Strike_B","Strike_B","Defend_B","Defend_B","Defend_B","Defend_B","Zap","Dualcast","Melter+1","FTL","Sweeping Beam","Reinforced Body"],"relics":["Cracked Core","NeowsBlessing","Golden Idol","Dead Branch"],"acts_visited":["Exordium"],"potions_floor_usage":[],"damage_taken":[{"damage":0.0,"enemies":"Jaw Worm","floor":1.0,"turns":1.0},{"damage":0.0,"enemies":"2 Louse","floor":2.0,"turns":1.0},{"damage":0.0,"enemies":"Small Slimes","floor":4.0,"turns":1.0},{"damage":21.0,"enemies":"Exordium Thugs","floor":7.0,"turns":6.0},{"damage":8.0,"enemies":"Blue Slaver","floor":8.0,"turns":3.0},{"damage":40,"enemies":"Lagavulin","floor":11,"turns":7}],"seed_played":"-4437595386204167979","potions_obtained":[{"floor":1.0,"key":"PotionOfCapacity"}],"is_trial":false,"path_per_floor":["M","M","?","M","?","R","M","M","T","?","E"],"character_chosen":"DEFECT","items_purchased":[],"campfire_rested":0,"item_purchase_floors":[],"current_hp_per_floor":[64,64,53,53,53,53,32,24,24,24,0,0],"gold":245,"neow_bonus":"THREE_ENEMY_KILL","is_daily":false,"chose_seed":false,"campfire_upgraded":1,"win_rate":0.0,"timestamp":1613926435,"path_taken":["M","M","?","M","?","R","M","M","T","?","E"],"items_purchased_type":[],"build_version":"2020-12-22","purchased_purges":0,"victory":false,"max_hp_per_floor":[71,71,71,71,64,64,64,64,64,64,64,64],"relic_stats":{"counters":[6,19],"Golden Idol":8,"Dead Branch":[1],"obtain_stats":[{"NeowsBlessing":0,"Golden Idol":5,"Dead Branch":9,"Cracked Core":0},{"NeowsBlessing":0,"Golden Idol":3,"Dead Branch":5,"Cracked Core":0},{"NeowsBlessing":0,"Golden Idol":3,"Dead Branch":12,"Cracked Core":0}]},"card_choices":[{"not_picked":["Go for the Eyes","Rebound"],"picked":"Melter","floor":1.0},{"not_picked":["Leap","Go for the Eyes"],"picked":"FTL","floor":2.0},{"not_picked":["Coolheaded","Aggregate","Consume"],"picked":"SKIP","floor":4.0},{"not_picked":["Rebound","Meteor Strike"],"picked":"Sweeping Beam","floor":7.0},{"not_picked":["Ball Lightning","Darkness"],"picked":"Reinforced Body","floor":8.0}],"player_experience":657954,"relics_obtained":[{"floor":9.0,"key":"Dead Branch"}],"event_choices":[{"damage_healed":0.0,"max_hp_gain":0.0,"max_hp_loss":0.0,"gold_gain":75.0,"event_name":"World of Goop","player_choice":"Gather Gold","floor":3.0,"gold_loss":0.0,"damage_taken":11.0},{"damage_healed":0.0,"max_hp_gain":0.0,"max_hp_loss":7.0,"gold_gain":0.0,"event_name":"Golden Idol","player_choice":"Lose Max HP","floor":5.0,"gold_loss":0.0,"damage_taken":0.0,"relics_obtained":["Golden Idol"]},{"damage_healed":0.0,"max_hp_gain":0.0,"max_hp_loss":0.0,"gold_gain":0.0,"event_name":"Scrap Ooze","player_choice":"Fled","floor":10.0,"gold_loss":0.0,"damage_taken":0.0}],"is_beta":false,"boss_relics":[],"items_purged_floors":[],"is_endless":false,"potions_floor_spawned":[1],"killed_by":"Lagavulin","ascension_level":20}}