{"host":"sim2kxx81cjsn49b","time":1613929964,"event":{"mods":["ATMod(°¢èªMod)","BaseMod","Minty Spire (QoL Compilation)","StSLib","TestMod"],"gold_per_floor":[109,109,109,109,109,137,137,137,137],"floor_reached":8,"language":"ZHS","playtime":203,"items_purged":[],"score":158,"play_id":"8f4753c0-df28-4aef-b7c8-0919938afa31","local_time":"20210222015244","is_ascension_mode":true,"campfire_choices":[{"data":"Eruption","floor":3.0,"key":"SMITH"},{"data":"Strike_P","floor":7.0,"key":"SMITH"}],"circlet_count":0,"master_deck":["AscendersBane","Strike_P","Strike_P","Strike_P","Strike_P+1","Defend_P","Defend_P","Defend_P","Eruption+1","Vigilance"],"relics":["PureWater","AT_ATBox","testmod-TestBox","testmod-Faith","NeowsBlessing","AT_SilvercatRing","AT_ArchangelStaff"],"acts_visited":["Exordium"],"potions_floor_usage":[],"damage_taken":[{"damage":0.0,"enemies":"Jaw Worm","floor":1.0,"turns":1.0},{"damage":0.0,"enemies":"Small Slimes","floor":2.0,"turns":1.0},{"damage":0.0,"enemies":"Gremlin Nob","floor":6.0,"turns":1.0},{"damage":61,"enemies":"3 Sentries","floor":8,"turns":7}],"seed_played":"5237429847529535917","potions_obtained":[{"floor":6.0,"key":"Weak Potion"}],"is_trial":false,"path_per_floor":["M","M","R","?","?","E","R","E"],"character_chosen":"WATCHER","items_purchased":[],"campfire_rested":0,"item_purchase_floors":[],"current_hp_per_floor":[61,61,61,54,49,49,49,0,0],"gold":137,"neow_bonus":"THREE_ENEMY_KILL","is_daily":false,"chose_seed":false,"campfire_upgraded":2,"win_rate":0.0,"timestamp":1613929964,"path_taken":["M","M","?","?","?","E","R","E"],"items_purchased_type":[],"build_version":"2020-12-22","purchased_purges":0,"victory":false,"max_hp_per_floor":[68,68,68,68,68,68,68,68,68],"card_choices":[{"not_picked":["EmptyBody","SashWhip","Wireheading"],"picked":"SKIP","floor":1.0},{"not_picked":["Sanctity","AT_RealFormLess","PathToVictory"],"picked":"SKIP","floor":6.0}],"player_experience":621340,"relics_obtained":[{"floor":6.0,"key":"AT_ArchangelStaff"}],"event_choices":[{"cards_removed":["Defend_P"],"damage_healed":0.0,"max_hp_gain":0.0,"max_hp_loss":0.0,"gold_gain":0.0,"event_name":"Golden Wing","player_choice":"Card Removal","floor":4.0,"gold_loss":0.0,"damage_taken":7.0},{"damage_healed":0.0,"max_hp_gain":0.0,"max_hp_loss":0.0,"gold_gain":0.0,"event_name":"Scrap Ooze","player_choice":"Success","floor":5.0,"gold_loss":0.0,"damage_taken":5.0,"relics_obtained":["AT_SilvercatRing"]}],"is_beta":false,"boss_relics":[],"items_purged_floors":[],"is_endless":false,"potions_floor_spawned":[2,6],"killed_by":"3 Sentries","ascension_level":20}}