{"host":"onmzcmq5a68cxj3d","time":1613865815,"event":{"mods":["BaseMod","Colored Map","Minty Spire (QoL Compilation)","Remove Card Discount Mod"],"gold_per_floor":[117,117,113,113,132,132,132,132,132,166,166,166,166,186,186,283,283,294,59,59,43,43,43,43,43,90,90,100,100,100,117,117,117,117],"floor_reached":33,"language":"ENG","playtime":1445,"items_purged":["Dualcast","Defend_B","Defend_B"],"score":239,"play_id":"b6e68767-ffd5-431d-92b1-8db32cbb15df","local_time":"20210220170335","daily_mods":["Heirloom","Time Dilation","Flight"],"is_ascension_mode":false,"campfire_choices":[{"data":"DevaForm","floor":6,"key":"SMITH"},{"data":"Echo Form","floor":7,"key":"SMITH"},{"data":"Demon Form","floor":8,"key":"SMITH"},{"data":"Defragment","floor":11,"key":"SMITH"},{"data":"Conserve Battery","floor":13,"key":"SMITH"},{"floor":15,"key":"REST"},{"data":"Self Repair","floor":23,"key":"SMITH"},{"data":"Leap","floor":24,"key":"SMITH"},{"floor":25,"key":"REST"},{"data":"Strike_B","floor":30,"key":"SMITH"},{"floor":32,"key":"REST"}],"circlet_count":0,"master_deck":["Demon Form+1","Echo Form+1","DevaForm+1","Strike_B","Strike_B","Strike_B","Strike_B+1","Defend_B","Zap+1","Conserve Battery+1","Defragment+1","Leap+1","Self Repair+1","Defragment+1","Sweeping Beam+1","Electrodynamics"],"relics":["Unceasing Top","Ice Cream","Darkstone Periapt","Blue Candle","Mercury Hourglass","Incense Burner","Black Star","DollysMirror","DataDisk"],"acts_visited":["Exordium","TheCity"],"potions_floor_usage":[21,31,33],"damage_taken":[{"damage":5,"enemies":"Cultist","floor":1,"turns":4},{"damage":8,"enemies":"Small Slimes","floor":5,"turns":4},{"damage":13,"enemies":"Lagavulin","floor":10,"turns":6},{"damage":0,"enemies":"Jaw Worm","floor":14,"turns":5},{"damage":14,"enemies":"The Guardian","floor":16,"turns":10},{"damage":28,"enemies":"Chosen","floor":18,"turns":6},{"damage":13,"enemies":"2 Thieves","floor":21,"turns":5},{"damage":0,"enemies":"Snecko","floor":28,"turns":5},{"damage":35,"enemies":"Snake Plant","floor":31,"turns":6},{"damage":81,"enemies":"Collector","floor":33,"turns":6}],"seed_played":"9085790000706140676","potions_obtained":[{"floor":1,"key":"GamblersBrew"},{"floor":16,"key":"Dexterity Potion"},{"floor":18,"key":"Dexterity Potion"},{"floor":21,"key":"Dexterity Potion"}],"is_trial":true,"path_per_floor":["M","?","$","T","M","R","R","R","T","E","R","?","R","M","R","B",null,"M","$","?","M","?","R","R","R","T","?","M","$","R","M","R","B"],"character_chosen":"DEFECT","items_purchased":["Self Repair","DollysMirror"],"campfire_rested":3,"item_purchase_floors":[19,19],"current_hp_per_floor":[70,70,70,70,62,62,62,62,62,49,49,49,49,49,71,57,75,47,47,47,48,48,48,48,70,70,70,75,75,75,40,62,0,0],"gold":117,"neow_bonus":"","is_daily":false,"chose_seed":false,"campfire_upgraded":8,"win_rate":0.0,"timestamp":1613865815,"path_taken":["M","?","$","?","M","R","R","R","T","E","R","?","R","M","R","BOSS","M","$","?","?","?","R","R","R","T","?","?","$","R","?","R","BOSS"],"items_purchased_type":["Card","Relic"],"build_version":"2020-12-22","purchased_purges":3,"victory":false,"max_hp_per_floor":[75,75,75,75,75,75,75,75,75,75,75,75,75,75,75,75,75,75,75,75,75,75,75,75,75,75,75,75,75,75,75,75,75,75],"card_choices":[{"not_picked":["Doom and Gloom","Rip and Tear"],"picked":"Conserve Battery","floor":1},{"not_picked":["Leap","Consume"],"picked":"Defragment","floor":5},{"not_picked":["Sweeping Beam","Reboot"],"picked":"Leap","floor":10},{"not_picked":["Cold Snap","Undo","Steam"],"picked":"SKIP","floor":14},{"not_picked":["Redo+1","FTL","Coolheaded"],"picked":"SKIP","floor":18},{"not_picked":["Reinforced Body","Go for the Eyes","Coolheaded"],"picked":"SKIP","floor":21},{"not_picked":["Barrage","Steam+1"],"picked":"Sweeping Beam+1","floor":28},{"not_picked":["Compile Driver+1","Streamline"],"picked":"Electrodynamics","floor":31}],"player_experience":458085,"relics_obtained":[{"floor":4,"key":"Darkstone Periapt"},{"floor":9,"key":"Blue Candle"},{"floor":10,"key":"Mercury Hourglass"},{"floor":26,"key":"DataDisk"}],"event_choices":[{"cards_removed":["Wraith Form v2"],"damage_healed":0,"gold_gain":0,"player_choice":"Purged","damage_taken":0,"max_hp_gain":0,"max_hp_loss":0,"event_name":"Purifier","floor":2,"gold_loss":0},{"damage_healed":0,"gold_gain":0,"player_choice":"Gave Potion","damage_taken":0,"relics_obtained":["Incense Burner"],"max_hp_gain":0,"max_hp_loss":0,"event_name":"WeMeetAgain","floor":12,"gold_loss":0},{"damage_healed":0,"gold_gain":0,"player_choice":"Forge","damage_taken":0,"max_hp_gain":0,"max_hp_loss":0,"event_name":"Accursed Blacksmith","floor":20,"gold_loss":0,"cards_upgraded":["Zap"]},{"damage_healed":0,"gold_gain":0,"player_choice":"Ignored","damage_taken":0,"max_hp_gain":0,"max_hp_loss":0,"event_name":"Vampires","floor":22,"gold_loss":0},{"cards_removed":["Defend_B"],"damage_healed":0,"gold_gain":0,"player_choice":"Purged","damage_taken":0,"max_hp_gain":0,"max_hp_loss":0,"event_name":"Purifier","floor":27,"gold_loss":0}],"is_beta":false,"boss_relics":[{"not_picked":["Coffee Dripper","Pandora\u0027s Box"],"picked":"Black Star"}],"items_purged_floors":[3,3,19],"is_endless":false,"potions_floor_spawned":[1,16,18,21],"killed_by":"Collector","ascension_level":0}}