{"host":"zxd2l8an9de7z7b9","time":1613915344,"event":{"mods":["100% Spire Juice","2.2 Compatiblity","AchievementEnabler","BaseMod","CapriCore","Colored Map","Colored Powertips","Marisa£¨Ùöéë¡¡Øª×âÞÞ£©","Minty Spire (QoL Compilation)","Rare Cards Sparkle","StSLib","SuperFastMode","Td1madao Mod","everything is the same but u backflip on backflip"],"gold_per_floor":[118,118,118,118,134,169,5,5,5,30,46,46,46,70,70,198,198,213,237,336,261,261,291,320,344,407,439,366,394,406,4,4,4,4],"floor_reached":33,"language":"KOR","playtime":1053,"items_purged":["Defend_R"],"score":275,"play_id":"a8950368-f145-45bd-b4af-b1ed0d366e03","local_time":"20210221224904","is_ascension_mode":false,"campfire_choices":[{"data":"Rampage","floor":8.0,"key":"SMITH"},{"data":"Spot Weakness","floor":12.0,"key":"SMITH"},{"data":"Spot Weakness","floor":15.0,"key":"SMITH"},{"data":"Berserk","floor":30,"key":"SMITH"},{"data":"Battle Trance","floor":32,"key":"SMITH"}],"circlet_count":0,"master_deck":["Defend_R","Defend_R+1","Defend_R+1","Bash+1","Spot Weakness+1","Headbutt","Rampage+1","Spot Weakness+1","Reaper","Battle Trance+1","Berserk+1","Dual Wield","Dropkick","Shrug It Off","Flex","Finesse+1"],"relics":["Burning Blood","Blue Candle","Vajra","Matryoshka","Bloody Idol","Empty Cage","MawBank","Centennial Puzzle","Pantograph","Toxic Egg 2"],"acts_visited":["Exordium","TheCity"],"potions_floor_usage":[25,25,25,33],"damage_taken":[{"damage":1.0,"enemies":"2 Louse","floor":1.0,"turns":3.0},{"damage":0.0,"enemies":"Small Slimes","floor":5.0,"turns":4.0},{"damage":28.0,"enemies":"Lagavulin","floor":6.0,"turns":5.0},{"damage":22.0,"enemies":"Gremlin Nob","floor":10.0,"turns":4.0},{"damage":3.0,"enemies":"Jaw Worm","floor":11.0,"turns":3.0},{"damage":10.0,"enemies":"Large Slime","floor":14.0,"turns":5.0},{"damage":14.0,"enemies":"Slime Boss","floor":16.0,"turns":8.0},{"damage":10.0,"enemies":"Chosen","floor":18.0,"turns":3.0},{"damage":7.0,"enemies":"Spheric Guardian","floor":19.0,"turns":4.0},{"damage":63.0,"enemies":"Book of Stabbing","floor":23.0,"turns":6.0},{"damage":25.0,"enemies":"Snecko","floor":24.0,"turns":4.0},{"damage":32,"enemies":"Snake Plant","floor":25,"turns":4},{"damage":17,"enemies":"Cultist and Chosen","floor":27,"turns":6},{"damage":33,"enemies":"Chosen and Byrds","floor":29,"turns":6},{"damage":106,"enemies":"Collector","floor":33,"turns":7}],"seed_played":"5697412743014097628","potions_obtained":[{"floor":1.0,"key":"LiquidBronze"},{"floor":5.0,"key":"SpeedPotion"},{"floor":6.0,"key":"SteroidPotion"},{"floor":19.0,"key":"PowerPotion"},{"floor":23.0,"key":"Dexterity Potion"},{"floor":27,"key":"Dexterity Potion"}],"is_trial":false,"path_per_floor":["M","?","?","?","M","E","$","R","T","E","M","R","?","M","R","B",null,"M","M","?","?","?","E","M","M","T","M","?","M","R","$","R","B"],"character_chosen":"IRONCLAD","items_purchased":["Reaper","Toxic Egg 2","Finesse+1"],"campfire_rested":0,"item_purchase_floors":[7,31,31],"current_hp_per_floor":[80,80,73,57,63,41,41,41,41,44,55,55,35,47,47,80,80,76,80,80,80,80,59,69,63,73,80,80,58,63,68,68,0,0],"gold":4,"neow_bonus":"UPGRADE_CARD","is_daily":false,"chose_seed":false,"campfire_upgraded":5,"win_rate":0.0,"timestamp":1613915344,"path_taken":["M","?","?","?","M","E","$","R","T","E","?","R","?","M","R","BOSS","M","M","?","?","?","E","M","M","T","?","?","M","R","$","R","BOSS"],"items_purchased_type":["Card","Relic","Card"],"build_version":"2020-12-22","purchased_purges":1,"victory":false,"max_hp_per_floor":[80,80,80,80,80,80,80,80,80,80,80,80,80,80,80,80,80,80,80,80,80,80,80,80,80,80,80,80,80,80,80,80,80,80],"card_choices":[{"not_picked":["Flex","Heavy Blade"],"picked":"Spot Weakness","floor":1.0},{"not_picked":["Perfected Strike","Body Slam"],"picked":"Rampage","floor":5.0},{"not_picked":["Thunderclap","Clash"],"picked":"Spot Weakness","floor":6.0},{"not_picked":["Rage","Body Slam"],"picked":"Battle Trance","floor":10.0},{"not_picked":["Clash","Infernal Blade","Thunderclap"],"picked":"SKIP","floor":11.0},{"not_picked":["Havoc","Thunderclap","Sword Boomerang"],"picked":"SKIP","floor":14.0},{"not_picked":["Bludgeon","Feed"],"picked":"Berserk","floor":16.0},{"not_picked":["Sword Boomerang","Anger"],"picked":"Dual Wield","floor":18.0},{"not_picked":["Clash","Dark Embrace","Sever Soul+1"],"picked":"SKIP","floor":19.0},{"not_picked":["Armaments+1","Clash"],"picked":"Dropkick","floor":23.0},{"not_picked":["Clothesline","Rampage"],"picked":"Shrug It Off","floor":24.0},{"not_picked":["Rampage","Clash"],"picked":"Flex","floor":25},{"not_picked":["Sever Soul","Cleave+1","Dual Wield+1"],"picked":"SKIP","floor":27},{"not_picked":["Body Slam","Carnage","Anger"],"picked":"SKIP","floor":29}],"player_experience":423298,"relics_obtained":[{"floor":6.0,"key":"Blue Candle"},{"floor":9.0,"key":"Vajra"},{"floor":10.0,"key":"Matryoshka"},{"floor":23.0,"key":"MawBank"},{"floor":26,"key":"Centennial Puzzle"}],"event_choices":[{"damage_healed":0.0,"max_hp_gain":0.0,"max_hp_loss":0.0,"gold_gain":0.0,"cards_transformed":["Strike_R"],"event_name":"Living Wall","player_choice":"Change","floor":2.0,"gold_loss":0.0,"damage_taken":0.0,"cards_obtained":["Headbutt"]},{"cards_removed":["Strike_R"],"damage_healed":0.0,"max_hp_gain":0.0,"max_hp_loss":0.0,"gold_gain":0.0,"event_name":"Golden Wing","player_choice":"Card Removal","floor":3.0,"gold_loss":0.0,"damage_taken":7.0},{"damage_healed":0.0,"max_hp_gain":0.0,"max_hp_loss":0.0,"gold_gain":0.0,"event_name":"Shining Light","player_choice":"Entered Light","floor":4.0,"gold_loss":0.0,"damage_taken":16.0,"cards_upgraded":["Defend_R","Defend_R"]},{"damage_healed":0.0,"max_hp_gain":0.0,"max_hp_loss":0.0,"gold_gain":0.0,"event_name":"Golden Idol","player_choice":"Take Damage","floor":13.0,"gold_loss":0.0,"damage_taken":20.0,"relics_obtained":["Golden Idol"]},{"damage_healed":0.0,"max_hp_gain":0.0,"max_hp_loss":0.0,"gold_gain":99.0,"event_name":"Nest","player_choice":"Stole From Cult","floor":20.0,"gold_loss":0.0,"damage_taken":0.0},{"cards_removed":["Strike_R"],"damage_healed":0.0,"max_hp_gain":0.0,"max_hp_loss":0.0,"gold_gain":0.0,"event_name":"Beggar","player_choice":"Gave Gold","floor":21.0,"gold_loss":75.0,"damage_taken":0.0},{"damage_healed":0.0,"max_hp_gain":0.0,"max_hp_loss":0.0,"gold_gain":0.0,"event_name":"Forgotten Altar","player_choice":"Gave Idol","floor":22.0,"relics_lost":["Golden Idol"],"gold_loss":0.0,"damage_taken":0.0,"relics_obtained":["Bloody Idol"]},{"damage_healed":0,"gold_gain":0,"player_choice":"Obtained Relic","damage_taken":0,"relics_obtained":["Pantograph"],"max_hp_gain":0,"max_hp_loss":0,"event_name":"Addict","floor":28,"gold_loss":85}],"is_beta":false,"boss_relics":[{"not_picked":["Black Star","Black Blood"],"picked":"Empty Cage"}],"items_purged_floors":[31],"is_endless":false,"potions_floor_spawned":[1,5,6,19,23,27],"killed_by":"Collector","ascension_level":0}}