{"host":"j46h1ep9toft11pa","time":1613949430,"event":{"mods":["AchievementEnabler","BaseMod","Colored Powertips","HololiveMod","Minty Spire (QoL Compilation)","Replay The Spire","StSLib"],"gold_per_floor":[88,109,109,33,33,78,78,116,116,149,172,223,253,289,289,420,420,447,476,476,513,540,591,591,646,673,702,702,801,801,821,821,972,972,988,995,995],"floor_reached":36,"language":"ENG","playtime":2836,"items_purged":[],"score":1196,"play_id":"77b123c5-f64b-4a38-a0b3-62cf0df13844","local_time":"20210221181710","is_ascension_mode":true,"campfire_choices":[{"data":"Hololive_CallMurasakiShion","floor":7.0,"key":"SMITH"},{"data":"Hololive_Spy","floor":15,"key":"SMITH"},{"data":"Hololive_CallManoAloe","floor":28,"key":"SMITH"},{"data":"Hololive_CallRoboco","floor":30,"key":"SMITH"},{"data":"Hololive_CallSakuraMiko","floor":32,"key":"SMITH"}],"circlet_count":0,"master_deck":["Hololive_CallMinatoAqua","Hololive_CallUsadaPekora","Hololive_CallMurasakiShion+1","Hololive_CallShiranuiFlare","Hololive_CallSpadeEcho","Hololive_Breathe","Hololive_Strike","Hololive_Defend","Hololive_Defend","ReplayTheSpireMod:Private Reserves","Hololive_CallKiryuuCoco","Hololive_CallManoAloe+1","Hololive_CallSakuraMiko+1","Hololive_CocoNews","Pot Of Greed","Pot Of Greed","Hololive_CallNatsuiroMatsuri","Hololive_LuckPotion","Hololive_Psychosis","Hololive_CallHoushouMarine","Hololive_Spy+1","Hololive_Thief","Hololive_CallYukihanaLamy+1","Hololive_FlyingPonyTail","Pot Of Greed","Hololive_CallRoboco+1","Hololive_FlyingPonyTail","Hololive_Recruit","Hololive_FlyingPonyTail"],"relics":["Hololive_TheStar","Golden Idol","Ring of Fangs","Ring of Searing","Chameleon Ring","Grinning Jar","Gremlin Food","Replay:Rubber Ducky","Empty Cage","FossilizedHelix","Replay:Ringing Soul","Vajra","SlaversCollar"],"acts_visited":["Exordium","TheCity","TheBeyond"],"potions_floor_usage":[19,23,33,36],"damage_taken":[{"damage":0.0,"enemies":"Cultist","floor":1.0,"turns":3.0},{"damage":0.0,"enemies":"2 Louse","floor":2.0,"turns":3.0},{"damage":0.0,"enemies":"Replay:BlueRogue","floor":6.0,"turns":4.0},{"damage":0.0,"enemies":"Small Slimes","floor":8.0,"turns":2.0},{"damage":0.0,"enemies":"Exordium Thugs","floor":10.0,"turns":3.0},{"damage":0.0,"enemies":"Looter","floor":11.0,"turns":3.0},{"damage":0.0,"enemies":"Lagavulin","floor":12.0,"turns":4.0},{"damage":0.0,"enemies":"Red Slaver","floor":13.0,"turns":3.0},{"damage":0,"enemies":"Replay:BlueRogue","floor":14,"turns":4},{"damage":0,"enemies":"Hexaghost","floor":16,"turns":4},{"damage":5,"enemies":"Shell Parasite","floor":18,"turns":3},{"damage":0,"enemies":"2 Thieves","floor":19,"turns":4},{"damage":0,"enemies":"Centurion and Healer","floor":21,"turns":4},{"damage":0,"enemies":"Chosen and Byrds","floor":22,"turns":4},{"damage":0,"enemies":"Book of Stabbing","floor":23,"turns":5},{"damage":0,"enemies":"Replay:Snechameleon","floor":25,"turns":5},{"damage":0,"enemies":"Cultist and Chosen","floor":27,"turns":3},{"damage":0,"enemies":"3 Cultists","floor":31,"turns":3},{"damage":4,"enemies":"Pondfish","floor":33,"turns":7},{"damage":0,"enemies":"Orb Walker","floor":35,"turns":3},{"damage":65,"enemies":"2 Orb Walkers","floor":36,"turns":7}],"seed_played":"1175710808363564989","potions_obtained":[{"floor":8.0,"key":"FearPotion"},{"floor":11.0,"key":"GamblersBrew"},{"floor":12.0,"key":"Weak Potion"},{"floor":18,"key":"SmokeBomb"},{"floor":23,"key":"Weak Potion"},{"floor":24,"key":"Languid Potion"}],"is_trial":false,"path_per_floor":["M","M","?","$","?","E","R","M","T","M","M","E","M","E","R","B",null,"M","M","?","M","M","E","R","E","T","M","R","?","R","M","R","B",null,"M","?"],"character_chosen":"Hololive_HololiveCharacter","items_purchased":["Hololive_CallManoAloe"],"campfire_rested":0,"item_purchase_floors":[4],"current_hp_per_floor":[32,32,24,24,24,24,24,24,24,24,24,24,24,24,24,24,32,27,27,35,35,35,35,35,38,38,38,38,38,38,38,38,37,40,43,0,0],"gold":995,"neow_bonus":"RANDOM_COLORLESS","is_daily":false,"chose_seed":false,"campfire_upgraded":5,"win_rate":0.0,"timestamp":1613949430,"path_taken":["M","?","?","$","?","E","R","M","T","?","M","E","M","E","R","BOSS","M","M","?","?","M","E","R","E","T","M","R","?","R","M","R","BOSS","M","?"],"items_purchased_type":["Card"],"build_version":"2020-12-22","purchased_purges":0,"victory":false,"max_hp_per_floor":[35,35,35,35,35,35,35,35,35,35,35,35,35,35,35,35,35,35,35,35,35,35,35,35,38,38,38,38,38,38,38,38,41,41,44,44,44],"card_choices":[{"not_picked":["Jack Of All Trades","Replay:BasicMightCard"],"picked":"ReplayTheSpireMod:Private Reserves","floor":0.0},{"not_picked":["Hololive_RevenueBasedLive","Hololive_Drill","Hololive_LuckPotion"],"picked":"Hololive_CallKiryuuCoco","floor":1.0},{"not_picked":["Hololive_BringToTrial","Hololive_CocoNews","Hololive_Nanodesu"],"picked":"Hololive_StrengthChampion","floor":2.0},{"not_picked":["Hololive_CallUruhaRushia","Hololive_CallAkiRosenthal","Hololive_BeCareful"],"picked":"Hololive_CallSakuraMiko","floor":6.0},{"not_picked":["Hololive_Breathe","Hololive_HuntDinosaur","Hololive_OvertimeWork"],"picked":"Hololive_CocoNews","floor":8.0},{"not_picked":["Hololive_Drill","Hololive_CallOkamiMio","Hololive_CocoNews"],"picked":"Hololive_CallNatsuiroMatsuri","floor":10.0},{"not_picked":["Hololive_CallUsadaPekora","Hololive_HuntDinosaur","Hololive_Rebound"],"picked":"Hololive_LuckPotion","floor":11.0},{"not_picked":["Hololive_Trident","Hololive_DDD","Hololive_CocoNews"],"picked":"Hololive_Psychosis","floor":12.0},{"not_picked":["Hololive_CallAZKi","Hololive_Sequa","Hololive_LuckPotion"],"picked":"Hololive_CallHoushouMarine","floor":13},{"not_picked":["Hololive_CallTokoyamiTowa","Hololive_StarCraft","Hololive_Drill"],"picked":"Hololive_Spy","floor":14},{"not_picked":["Hololive_Recruit","Hololive_AWSL","Hololive_HighAtkLowDef"],"picked":"Hololive_Thief","floor":16},{"not_picked":["Hololive_LuckPotion","Hololive_HuntDinosaur","Hololive_CallManoAloe"],"picked":"Hololive_CallYukihanaLamy+1","floor":18},{"not_picked":["Hololive_CocoNews","Hololive_CandyCastle","Hololive_Breathe","Hololive_Sequa"],"picked":"SKIP","floor":19},{"not_picked":["Hololive_ManjiGathering","Hololive_CallYozoraMel","Hololive_CallArtia"],"picked":"Hololive_FlyingPonyTail","floor":21},{"not_picked":["Hololive_Trident","Hololive_OvertimeWork","Hololive_CallMomosuzuNene+1"],"picked":"Hololive_CallRoboco","floor":22},{"not_picked":["Hololive_Breathe","Hololive_RevenueBasedLive","Hololive_StrengthChampion","Hololive_HuntDinosaur+1"],"picked":"SKIP","floor":23},{"not_picked":["Hololive_HighAtkLowDef","Hololive_DurableLive","Hololive_Breathe"],"picked":"Hololive_FlyingPonyTail","floor":25},{"not_picked":["Hololive_Psychosis","Hololive_CandyCastle","Hololive_HuntDinosaur","Hololive_ManjiGathering"],"picked":"SKIP","floor":27},{"not_picked":["Hololive_Watashimo+1","Hololive_Drill","Hololive_CallMurasakiShion","Hololive_CallUsadaPekora"],"picked":"SKIP","floor":31},{"not_picked":["Hololive_Nanodesu","Hololive_AWSL","Hololive_FlareMind"],"picked":"Hololive_Recruit","floor":33},{"not_picked":["Hololive_Sequa+1","Hololive_ManjiGathering","Hololive_RevenueBasedLive+1"],"picked":"Hololive_FlyingPonyTail","floor":35}],"player_experience":190301,"relics_obtained":[{"floor":5.0,"key":"Ring of Fangs"},{"floor":5.0,"key":"Ring of Searing"},{"floor":6.0,"key":"Chameleon Ring"},{"floor":9.0,"key":"Grinning Jar"},{"floor":12.0,"key":"Gremlin Food"},{"floor":14,"key":"Replay:Rubber Ducky"},{"floor":23,"key":"FossilizedHelix"},{"floor":25,"key":"Replay:Ringing Soul"},{"floor":26,"key":"Vajra"}],"event_choices":[{"damage_healed":0.0,"max_hp_gain":0.0,"max_hp_loss":0.0,"gold_gain":0.0,"event_name":"Golden Idol","player_choice":"Take Damage","floor":3.0,"gold_loss":0.0,"damage_taken":8.0,"relics_obtained":["Golden Idol"]},{"damage_healed":8,"gold_gain":0,"player_choice":"Full Heal","damage_taken":0,"max_hp_gain":0,"max_hp_loss":0,"event_name":"Wheel of Change","floor":20,"gold_loss":0},{"damage_healed":0,"gold_gain":99,"player_choice":"Stole From Cult","damage_taken":0,"max_hp_gain":0,"max_hp_loss":0,"event_name":"Nest","floor":29,"gold_loss":0},{"damage_healed":0,"gold_gain":0,"player_choice":"Fight","damage_taken":0,"max_hp_gain":0,"max_hp_loss":0,"event_name":"Mysterious Sphere","floor":36,"gold_loss":0}],"is_beta":false,"boss_relics":[{"not_picked":["Snecko Eye","Hololive_ChaosS"],"picked":"Empty Cage"},{"not_picked":["SacredBark","Replay:Ancient Bell"],"picked":"SlaversCollar"}],"items_purged_floors":[],"is_endless":false,"potions_floor_spawned":[8,11,12,14,16,18,23,25,27,35],"killed_by":"2 Orb Walkers","ascension_level":6}}