{"host":"4nqeo0vu1vuav7gg","time":1613929006,"event":{"mods":["AchievementEnabler","BaseMod","Block Reminder","Colored Map","Colored Powertips","Highlight Path","Minty Spire (QoL Compilation)","Quick Restart","Rare Cards Sparkle","Relic Relevance Reorder","StSLib"],"gold_per_floor":[368,380,380,399,32,67,67,67,67,67,96,108,136,148,148,222,222,238,255,94,94,112,125,50,50,50,50,50,50,50,64,64,139,139,149,38,38,38,51,51,77,95,118,131,158,169,181,197,197,197,197,197],"floor_reached":51,"language":"ENG","playtime":2344,"items_purged":["Strike_B"],"score":1408,"play_id":"7fc61717-b1c4-40cd-83df-302b3938b677","local_time":"20210221183646","is_ascension_mode":true,"campfire_choices":[{"floor":7.0,"key":"REST"},{"data":"White Noise","floor":15.0,"key":"SMITH"},{"floor":25.0,"key":"REST"},{"data":"Genetic Algorithm","floor":28.0,"key":"SMITH"},{"floor":32.0,"key":"REST"},{"data":"Loop","floor":40.0,"key":"SMITH"},{"floor":49.0,"key":"REST"}],"circlet_count":0,"master_deck":["AscendersBane","Defend_B","Defend_B","Zap","Dualcast","Ball Lightning","Self Repair","Defragment+1","Melter","Conserve Battery","White Noise+1","Ball Lightning","Genetic Algorithm+1","Hyperbeam","Cold Snap+1","Cold Snap","BootSequence","Electrodynamics","Core Surge+1","Chill+1","Sweeping Beam+1","Loop+1","Ball Lightning","Hologram","Buffer","Conserve Battery+1","BootSequence"],"relics":["Cracked Core","Pen Nib","Incense Burner","HornCleat","StoneCalendar","Sozu","Sundial","Bronze Scales","PreservedInsect","Enchiridion","Singing Bowl","Ancient Tea Set","Omamori","Astrolabe","Strawberry"],"acts_visited":["Exordium","TheCity","TheBeyond"],"potions_floor_usage":[],"damage_taken":[{"damage":0.0,"enemies":"Cultist","floor":1.0,"turns":3.0},{"damage":7.0,"enemies":"Jaw Worm","floor":2.0,"turns":3.0},{"damage":9.0,"enemies":"2 Louse","floor":4.0,"turns":2.0},{"damage":32.0,"enemies":"Gremlin Nob","floor":6.0,"turns":4.0},{"damage":6.0,"enemies":"Lagavulin","floor":11.0,"turns":5.0},{"damage":0.0,"enemies":"Gremlin Gang","floor":12.0,"turns":3.0},{"damage":26.0,"enemies":"Gremlin Nob","floor":13.0,"turns":4.0},{"damage":3.0,"enemies":"Blue Slaver","floor":14.0,"turns":2.0},{"damage":13.0,"enemies":"Hexaghost","floor":16.0,"turns":7.0},{"damage":12.0,"enemies":"2 Thieves","floor":18.0,"turns":4.0},{"damage":18.0,"enemies":"3 Byrds","floor":19.0,"turns":2.0},{"damage":11.0,"enemies":"3 Cultists","floor":22.0,"turns":5.0},{"damage":22.0,"enemies":"Sentry and Sphere","floor":23.0,"turns":4.0},{"damage":10.0,"enemies":"Centurion and Healer","floor":31.0,"turns":5.0},{"damage":25.0,"enemies":"Champ","floor":33.0,"turns":12.0},{"damage":0.0,"enemies":"Orb Walker","floor":35.0,"turns":3.0},{"damage":0.0,"enemies":"3 Shapes","floor":39.0,"turns":4.0},{"damage":0.0,"enemies":"Reptomancer","floor":41.0,"turns":4.0},{"damage":28.0,"enemies":"Spire Growth","floor":42.0,"turns":5.0},{"damage":0.0,"enemies":"Sphere and 2 Shapes","floor":44.0,"turns":3.0},{"damage":59.0,"enemies":"Giant Head","floor":45.0,"turns":7.0},{"damage":0.0,"enemies":"4 Shapes","floor":46.0,"turns":2.0},{"damage":8.0,"enemies":"3 Darklings","floor":47.0,"turns":2.0},{"damage":0.0,"enemies":"Jaw Worm Horde","floor":48.0,"turns":3.0},{"damage":25.0,"enemies":"Time Eater","floor":50.0,"turns":12.0},{"damage":39,"enemies":"Donu and Deca","floor":51,"turns":7}],"seed_played":"8779124369024311546","potions_obtained":[{"floor":4.0,"key":"LiquidBronze"},{"floor":6.0,"key":"Weak Potion"},{"floor":12.0,"key":"LiquidBronze"}],"is_trial":false,"path_per_floor":["M","M","?","M","$","E","R","?","T","?","E","M","E","M","R","B",null,"M","M","$","?","M","M","?","R","T","?","R","?","?","M","R","B",null,"M","$","?","$","M","R","E","M","T","M","E","M","M","M","R","B","B"],"character_chosen":"DEFECT","items_purchased":["Omamori","Defragment","Melter","PreservedInsect","Loop","Ball Lightning"],"campfire_rested":4,"item_purchase_floors":[5,5,5,20,36,36],"current_hp_per_floor":[64,57,57,55,55,30,49,49,49,49,50,57,38,42,42,36,57,52,34,34,34,30,15,15,34,34,34,34,13,13,12,31,13,53,62,62,62,62,70,70,72,53,60,69,17,24,18,25,50,32,0,0],"gold":197,"neow_bonus":"TWO_FIFTY_GOLD","is_daily":false,"chose_seed":false,"campfire_upgraded":3,"win_rate":0.0,"timestamp":1613929006,"path_taken":["M","?","?","?","$","E","R","?","T","?","E","?","E","M","R","BOSS","M","M","$","?","M","M","?","R","T","?","R","?","?","M","R","BOSS","M","$","?","?","M","R","E","M","T","?","E","M","M","M","R","BOSS","BOSS"],"items_purchased_type":["Relic","Card","Card","Relic","Card","Card"],"build_version":"2020-12-22","purchased_purges":1,"victory":false,"max_hp_per_floor":[64,64,64,64,64,64,64,64,64,64,64,64,64,64,64,64,64,64,64,64,64,64,64,64,64,64,64,64,64,64,66,66,66,66,68,68,68,68,70,70,72,74,81,83,83,83,85,85,85,85,85,85],"card_choices":[{"not_picked":["Chaos","Heatsinks"],"picked":"Ball Lightning","floor":1.0},{"not_picked":["Beam Cell","Steam"],"picked":"Self Repair","floor":2.0},{"not_picked":["Reprogram","Heatsinks","Storm"],"picked":"SKIP","floor":4.0},{"not_picked":["Leap","Barrage"],"picked":"Conserve Battery","floor":6.0},{"not_picked":["Aggregate","Steam","Compile Driver"],"picked":"SKIP","floor":11.0},{"not_picked":["Cold Snap","Chill"],"picked":"White Noise","floor":12.0},{"not_picked":["Redo","Lockon"],"picked":"Ball Lightning","floor":13.0},{"not_picked":["Machine Learning","Cold Snap"],"picked":"Genetic Algorithm","floor":14.0},{"not_picked":["Amplify","Reboot"],"picked":"Hyperbeam","floor":16.0},{"not_picked":["Darkness","Streamline"],"picked":"Cold Snap+1","floor":18.0},{"not_picked":["Steam","Barrage"],"picked":"Cold Snap","floor":19.0},{"not_picked":["Turbo","Reprogram"],"picked":"BootSequence","floor":22.0},{"not_picked":["Steam+1","Compile Driver","Meteor Strike"],"picked":"SKIP","floor":23.0},{"not_picked":["Auto Shields","Streamline","Cold Snap"],"picked":"Singing Bowl","floor":31.0},{"not_picked":["All For One","Buffer"],"picked":"Electrodynamics","floor":33.0},{"not_picked":["Go for the Eyes","Melter","Turbo"],"picked":"Singing Bowl","floor":35.0},{"not_picked":["Genetic Algorithm+1","Steam+1","Steam Power+1"],"picked":"Singing Bowl","floor":39.0},{"not_picked":["Heatsinks","Redo+1","Leap"],"picked":"Singing Bowl","floor":41.0},{"not_picked":["Streamline","Rebound","Redo"],"picked":"Singing Bowl","floor":42.0},{"not_picked":["Compile Driver+1","Doom and Gloom","Beam Cell"],"picked":"Singing Bowl","floor":44.0},{"not_picked":["BootSequence","Storm+1"],"picked":"Buffer","floor":45.0},{"not_picked":["Rebound+1","Reinforced Body"],"picked":"Conserve Battery+1","floor":46.0},{"not_picked":["Reprogram","Darkness","Barrage"],"picked":"Singing Bowl","floor":47.0},{"not_picked":["FTL","Steam"],"picked":"BootSequence","floor":48.0}],"player_experience":1107447,"relics_obtained":[{"floor":6.0,"key":"Incense Burner"},{"floor":9.0,"key":"HornCleat"},{"floor":11.0,"key":"Bronze Scales"},{"floor":13.0,"key":"StoneCalendar"},{"floor":26.0,"key":"Singing Bowl"},{"floor":29.0,"key":"Enchiridion"},{"floor":41.0,"key":"Pen Nib"},{"floor":43.0,"key":"Strawberry"},{"floor":45.0,"key":"Ancient Tea Set"}],"event_choices":[{"damage_healed":0.0,"max_hp_gain":0.0,"max_hp_loss":0.0,"gold_gain":0.0,"event_name":"WeMeetAgain","player_choice":"Ignored","floor":3.0,"gold_loss":0.0,"damage_taken":0.0},{"damage_healed":0.0,"max_hp_gain":0.0,"max_hp_loss":0.0,"gold_gain":0.0,"event_name":"Shining Light","player_choice":"Ignored","floor":8.0,"gold_loss":0.0,"damage_taken":0.0},{"damage_healed":0.0,"max_hp_gain":0.0,"max_hp_loss":0.0,"gold_gain":0.0,"event_name":"Upgrade Shrine","player_choice":"Upgraded","floor":10.0,"gold_loss":0.0,"damage_taken":0.0,"cards_upgraded":["Defragment"]},{"damage_healed":0.0,"max_hp_gain":0.0,"max_hp_loss":0.0,"gold_gain":0.0,"event_name":"Vampires","player_choice":"Ignored","floor":21.0,"gold_loss":0.0,"damage_taken":0.0},{"cards_removed":["Strike_B"],"damage_healed":0.0,"max_hp_gain":0.0,"max_hp_loss":0.0,"gold_gain":0.0,"event_name":"Beggar","player_choice":"Gave Gold","floor":24.0,"gold_loss":75.0,"damage_taken":0.0},{"damage_healed":0.0,"max_hp_gain":0.0,"max_hp_loss":0.0,"gold_gain":0.0,"event_name":"Ghosts","player_choice":"Ignored","floor":27.0,"gold_loss":0.0,"damage_taken":0.0},{"damage_healed":0.0,"max_hp_gain":0.0,"max_hp_loss":0.0,"gold_gain":0.0,"event_name":"Cursed Tome","player_choice":"Obtained Book","floor":29.0,"gold_loss":0.0,"damage_taken":21.0},{"damage_healed":0.0,"max_hp_gain":0.0,"max_hp_loss":0.0,"gold_gain":0.0,"event_name":"The Mausoleum","player_choice":"Opened","floor":30.0,"gold_loss":0.0,"damage_taken":0.0,"relics_obtained":["Sundial"],"cards_obtained":["Writhe"]},{"damage_healed":0.0,"max_hp_gain":0.0,"max_hp_loss":0.0,"gold_gain":0.0,"cards_transformed":["Defend_B"],"event_name":"Transmorgrifier","player_choice":"Transformed","floor":37.0,"gold_loss":0.0,"damage_taken":0.0,"cards_obtained":["Hologram"]}],"is_beta":false,"boss_relics":[{"not_picked":["Snecko Eye","Philosopher\u0027s Stone"],"picked":"Sozu"},{"not_picked":["Fusion Hammer","SlaversCollar"],"picked":"Astrolabe"}],"items_purged_floors":[5],"is_endless":false,"potions_floor_spawned":[4,6,12,22,23,33,35,42],"killed_by":"Donu and Deca","ascension_level":20}}