{"host":"cpsutu8lprjuipd6","time":1613925635,"event":{"mods":["BaseMod","Colored Map","Minty Spire (QoL Compilation)","Permanent Neow","Quick Restart","StSLib","SuperFastMode","The Bug Knight","Together in Spire"],"gold_per_floor":[115,129,129,129,139,166,166,201,201,220,69,84,84,48,48,143,143,155,155,80,95,95,95,126,140,167,17,46,81,102,130,130,236,236,248,248,257,257,283,312,312,312,312],"floor_reached":42,"language":"KOR","playtime":1920,"items_purged":["Defend_R"],"score":525,"play_id":"82555472-a6f2-4942-ab36-31d4ca6a890a","local_time":"20210222014035","is_ascension_mode":true,"campfire_choices":[{"floor":7,"key":"REST"},{"floor":15,"key":"REST"},{"floor":23,"key":"REST"},{"floor":32,"key":"REST"},{"floor":41,"key":"RECALL"}],"circlet_count":0,"master_deck":["Strike_R","Strike_R","Strike_R","Defend_R","Defend_R","Bash","Brutality","Warcry","Blood for Blood","Hemokinesis","Blood for Blood","Infernal Blade","Thunderclap","Reckless Charge","Combust","Impervious","Warcry+1","Cleave","Shrug It Off","Bloodletting","Iron Wave+1","Headbutt+1","Blood for Blood","Rupture","Impervious","Thinking Ahead+1","Blood for Blood+1"],"relics":["Burning Blood","Orichalcum","Champion Belt","Vajra","Shuriken","Akabeko","Philosopher\u0027s Stone","Nilry\u0027s Codex","Bag of Preparation","Lantern","CeramicFish","StrikeDummy","SlaversCollar","War Paint"],"acts_visited":["Exordium","TheCity","TheBeyond"],"potions_floor_usage":[30],"damage_taken":[{"damage":0,"enemies":"2 Louse","floor":1,"turns":3},{"damage":8,"enemies":"Jaw Worm","floor":2,"turns":4},{"damage":7,"enemies":"Cultist","floor":5,"turns":5},{"damage":33,"enemies":"3 Sentries","floor":6,"turns":8},{"damage":31,"enemies":"Lagavulin","floor":8,"turns":6},{"damage":18,"enemies":"Exordium Thugs","floor":10,"turns":5},{"damage":6,"enemies":"3 Louse","floor":12,"turns":3},{"damage":16,"enemies":"Slime Boss","floor":16,"turns":7},{"damage":18,"enemies":"Shell Parasite","floor":18,"turns":6},{"damage":22,"enemies":"2 Thieves","floor":21,"turns":3},{"damage":24,"enemies":"Gremlin Leader","floor":24,"turns":4},{"damage":12,"enemies":"Shelled Parasite and Fungi","floor":25,"turns":3},{"damage":9,"enemies":"Snake Plant","floor":28,"turns":3},{"damage":22,"enemies":"Slavers","floor":29,"turns":4},{"damage":11,"enemies":"Centurion and Healer","floor":30,"turns":2},{"damage":4,"enemies":"Snecko","floor":31,"turns":2},{"damage":45,"enemies":"Automaton","floor":33,"turns":5},{"damage":12,"enemies":"Orb Walker","floor":35,"turns":3},{"damage":17,"enemies":"3 Shapes","floor":39,"turns":2},{"damage":53,"enemies":"Giant Head","floor":40,"turns":7},{"damage":13,"enemies":"Sphere and 2 Shapes","floor":42,"turns":2}],"seed_played":"-3892103282503022208","potions_obtained":[{"floor":1,"key":"DuplicationPotion"},{"floor":2,"key":"Strength Potion"},{"floor":5,"key":"SpeedPotion"},{"floor":8,"key":"Strength Potion"},{"floor":30,"key":"BloodPotion"},{"floor":31,"key":"BloodPotion"}],"is_trial":false,"path_per_floor":["M","M","?","?","M","E","R","E","T","M","$","M","?","$","R","B",null,"M","?","$","M","?","R","E","M","T","$","M","E","M","M","R","B",null,"M","$","?","?","M","E","R","M"],"character_chosen":"IRONCLAD","items_purchased":["Akabeko","Combust","CeramicFish"],"campfire_rested":4,"item_purchase_floors":[11,14,27],"current_hp_per_floor":[80,78,83,76,75,48,73,48,48,36,36,36,36,36,61,51,85,73,73,73,57,41,66,48,42,42,42,39,23,35,37,62,23,85,79,79,79,71,60,13,13,0,0],"gold":312,"neow_bonus":"TRANSFORM_CARD","is_daily":false,"chose_seed":false,"campfire_upgraded":0,"win_rate":0.0,"timestamp":1613925635,"path_taken":["M","M","?","?","M","E","R","E","T","M","$","M","?","?","R","BOSS","M","?","$","?","?","R","E","M","T","$","M","E","M","M","R","BOSS","M","$","?","?","M","E","R","M"],"items_purchased_type":["Relic","Card","Relic"],"build_version":"2020-12-22","purchased_purges":1,"victory":false,"max_hp_per_floor":[80,80,85,85,85,85,85,85,85,85,85,85,85,85,85,85,85,85,85,85,85,85,85,85,85,85,85,85,85,85,85,85,85,85,85,85,85,85,85,85,85,85,85],"card_choices":[{"not_picked":["Shockwave","Rage"],"picked":"Warcry","floor":1},{"not_picked":["Havoc","Second Wind","Flame Barrier"],"picked":"SKIP","floor":2},{"not_picked":["Battle Trance","Perfected Strike"],"picked":"Blood for Blood","floor":5},{"not_picked":["Shockwave","Whirlwind"],"picked":"Hemokinesis","floor":6},{"not_picked":["Burning Pact","Second Wind"],"picked":"Blood for Blood","floor":8},{"not_picked":["Anger","Rampage"],"picked":"Infernal Blade","floor":10},{"not_picked":["Twin Strike","Intimidate"],"picked":"Thunderclap","floor":12},{"not_picked":["Bludgeon","Corruption"],"picked":"Impervious","floor":16},{"not_picked":["Sword Boomerang+1","Intimidate"],"picked":"Warcry","floor":18},{"not_picked":["Dropkick","Twin Strike"],"picked":"Cleave","floor":21},{"not_picked":["Inflame","Sword Boomerang"],"picked":"Shrug It Off","floor":24},{"not_picked":["Burning Pact","Cleave"],"picked":"Bloodletting","floor":25},{"not_picked":["Feel No Pain+1","Heavy Blade"],"picked":"Iron Wave+1","floor":28},{"not_picked":["Twin Strike","Entrench"],"picked":"Headbutt+1","floor":29},{"not_picked":["Havoc","Ghostly Armor"],"picked":"Blood for Blood","floor":30},{"not_picked":["Iron Wave","Corruption"],"picked":"Rupture","floor":31},{"not_picked":["Exhume","Corruption"],"picked":"Impervious","floor":33},{"not_picked":["Twin Strike+1","Thunderclap","Perfected Strike"],"picked":"SKIP","floor":35},{"not_picked":["Purity","Transmutation"],"picked":"Thinking Ahead","floor":37},{"not_picked":["Infernal Blade","Sword Boomerang+1"],"picked":"Blood for Blood+1","floor":39},{"not_picked":["Iron Wave+1","Sword Boomerang+1","Headbutt+1"],"picked":"SKIP","floor":40}],"player_experience":136215,"relics_obtained":[{"floor":6,"key":"Champion Belt"},{"floor":8,"key":"Vajra"},{"floor":9,"key":"Shuriken"},{"floor":22,"key":"Nilry\u0027s Codex"},{"floor":24,"key":"Bag of Preparation"},{"floor":26,"key":"Lantern"},{"floor":29,"key":"StrikeDummy"},{"floor":40,"key":"War Paint"}],"event_choices":[{"damage_healed":0,"gold_gain":0,"player_choice":"Donut","damage_taken":0,"max_hp_gain":5,"max_hp_loss":0,"event_name":"Big Fish","floor":3,"gold_loss":0},{"damage_healed":0,"gold_gain":0,"player_choice":"Success","damage_taken":7,"relics_obtained":["Orichalcum"],"max_hp_gain":0,"max_hp_loss":0,"event_name":"Scrap Ooze","floor":4,"gold_loss":0},{"damage_healed":0,"gold_gain":0,"cards_transformed":["Strike_R"],"player_choice":"Change","damage_taken":0,"max_hp_gain":0,"max_hp_loss":0,"event_name":"Living Wall","floor":13,"gold_loss":0,"cards_obtained":["Reckless Charge"]},{"cards_removed":["Defend_R"],"damage_healed":0,"gold_gain":0,"player_choice":"Purged","damage_taken":0,"max_hp_gain":0,"max_hp_loss":0,"event_name":"Purifier","floor":19,"gold_loss":0},{"damage_healed":0,"gold_gain":0,"player_choice":"Obtained Book","damage_taken":16,"max_hp_gain":0,"max_hp_loss":0,"event_name":"Cursed Tome","floor":22,"gold_loss":0},{"damage_healed":0,"gold_gain":0,"player_choice":"Memory 1","damage_taken":0,"max_hp_gain":0,"max_hp_loss":0,"event_name":"SensoryStone","floor":37,"gold_loss":0},{"damage_healed":0,"gold_gain":0,"player_choice":"Damaged","damage_taken":8,"max_hp_gain":0,"max_hp_loss":0,"event_name":"Wheel of Change","floor":38,"gold_loss":0}],"is_beta":false,"boss_relics":[{"not_picked":["Snecko Eye","Ectoplasm"],"picked":"Philosopher\u0027s Stone"},{"not_picked":["Coffee Dripper","Busted Crown"],"picked":"SlaversCollar"}],"items_purged_floors":[20],"is_endless":false,"potions_floor_spawned":[1,2,5,8,10,25,29,30,31,33],"killed_by":"Sphere and 2 Shapes","ascension_level":1}}