{"host":"to2s10i0cynxbiqz","time":1613902365,"event":{"mods":["BaseMod","Colored Powertips","Highlight Path","Minty Spire (QoL Compilation)","Quick Restart","StSLib","slay the spire mod where everything is the same but ironclad has a cowboy hat"],"gold_per_floor":[119,44,44,44,58,84,84,117,117,117,135,152,152,168,168,273,273,287,303,303,314,214,227,227,227],"floor_reached":24,"language":"ZHS","playtime":1109,"items_purged":["Strike_B","Dualcast"],"score":256,"play_id":"9185c15a-1886-4cc5-a54b-900cd425dc8f","local_time":"20210221181245","is_ascension_mode":true,"campfire_choices":[{"data":"Genetic Algorithm","floor":7.0,"key":"SMITH"},{"data":"Double Energy","floor":10.0,"key":"SMITH"},{"data":"Gash","floor":13.0,"key":"SMITH"},{"floor":15.0,"key":"RECALL"}],"circlet_count":0,"master_deck":["Strike_B","Strike_B","Defend_B","Defend_B","Zap","Genetic Algorithm+1","Leap","Double Energy+1","Gash+1","Coolheaded","Fission","Streamline","Beam Cell","Fission","Steam Power","Streamline"],"relics":["Cracked Core","NeowsBlessing","HornCleat","InkBottle","Omamori","Empty Cage"],"acts_visited":["Exordium","TheCity"],"potions_floor_usage":[],"damage_taken":[{"damage":0.0,"enemies":"Jaw Worm","floor":1.0,"turns":1.0},{"damage":0.0,"enemies":"Small Slimes","floor":5.0,"turns":1.0},{"damage":0.0,"enemies":"Gremlin Nob","floor":6.0,"turns":1.0},{"damage":12.0,"enemies":"Lagavulin","floor":8.0,"turns":8.0},{"damage":3.0,"enemies":"Cultist","floor":11.0,"turns":5.0},{"damage":0.0,"enemies":"Blue Slaver","floor":12.0,"turns":4.0},{"damage":3.0,"enemies":"Gremlin Gang","floor":14.0,"turns":6.0},{"damage":25.0,"enemies":"Hexaghost","floor":16.0,"turns":12.0},{"damage":25.0,"enemies":"Spheric Guardian","floor":18.0,"turns":10.0},{"damage":3.0,"enemies":"Shell Parasite","floor":19.0,"turns":6.0},{"damage":3.0,"enemies":"Chosen and Byrds","floor":21.0,"turns":5.0},{"damage":0.0,"enemies":"Centurion and Healer","floor":23.0,"turns":5.0},{"damage":35,"enemies":"Gremlin Leader","floor":24,"turns":5}],"seed_played":"-5794516538029134403","potions_obtained":[{"floor":6.0,"key":"Swift Potion"},{"floor":11.0,"key":"Fruit Juice"},{"floor":12.0,"key":"SteroidPotion"},{"floor":14.0,"key":"CultistPotion"},{"floor":18.0,"key":"LiquidBronze"},{"floor":19.0,"key":"AttackPotion"}],"is_trial":false,"path_per_floor":["M","$","?","$","M","E","R","E","T","R","M","M","R","M","R","B",null,"M","M","?","M","$","M","E"],"character_chosen":"DEFECT","items_purchased":[],"campfire_rested":0,"item_purchase_floors":[],"current_hp_per_floor":[75,75,75,75,75,75,75,63,63,63,65,65,65,62,62,37,80,55,52,52,49,49,49,14,14],"gold":227,"neow_bonus":"THREE_ENEMY_KILL","is_daily":false,"chose_seed":false,"campfire_upgraded":3,"win_rate":0.0,"timestamp":1613902365,"path_taken":["M","$","?","$","M","E","R","E","T","R","M","M","R","M","R","BOSS","M","M","?","M","$","M","E"],"items_purchased_type":[],"build_version":"2020-12-22","purchased_purges":2,"victory":false,"max_hp_per_floor":[75,75,75,75,75,75,75,75,75,75,80,80,80,80,80,80,80,80,80,80,80,80,80,80,80],"card_choices":[{"not_picked":["Conserve Battery","Sunder"],"picked":"Genetic Algorithm","floor":1.0},{"not_picked":["Conserve Battery","Sweeping Beam"],"picked":"Cold Snap","floor":5.0},{"not_picked":["Sunder","Go for the Eyes"],"picked":"Leap","floor":6.0},{"not_picked":["Chill","Rip and Tear"],"picked":"Double Energy","floor":8.0},{"not_picked":["Compile Driver","Rip and Tear","Ball Lightning"],"picked":"SKIP","floor":11.0},{"not_picked":["Genetic Algorithm","Barrage"],"picked":"Gash","floor":12.0},{"not_picked":["Reinforced Body","Sweeping Beam"],"picked":"Coolheaded","floor":14.0},{"not_picked":["Amplify","Creative AI"],"picked":"Fission","floor":16.0},{"not_picked":["Steam","Undo+1"],"picked":"Streamline","floor":18.0},{"not_picked":["Sweeping Beam","Consume"],"picked":"Beam Cell","floor":19.0},{"not_picked":["Lockon","Steam"],"picked":"Streamline","floor":21.0},{"not_picked":["Streamline","Chill","Leap"],"picked":"SKIP","floor":23.0}],"player_experience":169211,"relics_obtained":[{"floor":6.0,"key":"HornCleat"},{"floor":8.0,"key":"InkBottle"},{"floor":9.0,"key":"Omamori"}],"event_choices":[{"damage_healed":0.0,"max_hp_gain":0.0,"max_hp_loss":0.0,"gold_gain":0.0,"event_name":"The Cleric","player_choice":"Leave","floor":3.0,"gold_loss":0.0,"damage_taken":0.0},{"damage_healed":0.0,"max_hp_gain":0.0,"max_hp_loss":0.0,"gold_gain":0.0,"cards_transformed":["Cold Snap","Defend_B"],"event_name":"Drug Dealer","player_choice":"Became Test Subject","floor":20.0,"gold_loss":0.0,"damage_taken":0.0,"cards_obtained":["Fission","Steam Power"]}],"is_beta":false,"boss_relics":[{"not_picked":["Snecko Eye","Coffee Dripper"],"picked":"Empty Cage"}],"items_purged_floors":[2,22],"is_endless":false,"potions_floor_spawned":[6,11,12,14,18,19],"killed_by":"Gremlin Leader","ascension_level":2}}