{"host":"we8ay8el3o9pwc2d","time":1613925302,"event":{"mods":["Act Like it!","Aspiration","BaseMod","BetterRewards","Colored Map","Conspire","Downfall","Elementarium","GungeonMod","Minty Spire (QoL Compilation)","Reliquary","Robot Space Explorer","Ruina","Spire Arcade","StSLib","The Jungle","The Marked","Waifu the Spire"],"gold_per_floor":[99,114,127,127,147,165,165,178,192,227,27,12,26,43,61,157,157,57,42,42,142,159,175,226,240,240,240,251,251,263,61,75,173,173,173,189,201,201,213,232,258,258,275,275,92,111,158,378,392,392,392,392,392,392],"floor_reached":52,"language":"ENG","playtime":4834,"items_purged":[],"score":964,"play_id":"7ca1a085-2403-43f1-b74d-9892756e866c","local_time":"20210221093502","is_ascension_mode":false,"campfire_choices":[{"floor":1,"key":"RECALL"},{"floor":11,"key":"REST"},{"data":"Slimebound:LevelUp","floor":18,"key":"SMITH"},{"data":"Slimebound:Darklings","floor":26,"key":"SMITH"},{"floor":29,"key":"REST"},{"data":"expansioncontent:QuickStudy","floor":35,"key":"SMITH"},{"data":"Slimebound:TagTeam","floor":42,"key":"SMITH"},{"floor":44,"key":"DIG"}],"circlet_count":0,"master_deck":["Slimebound:Strike_Slimebound","Slimebound:Strike_Slimebound","Slimebound:Tackle","Slimebound:Defend_Slimebound","Slimebound:Defend_Slimebound","Slimebound:Defend_Slimebound","Slimebound:Defend_Slimebound","Slimebound:Split","Slimebound:CorrosiveSpit","Slimebound:LevelUp+1","Slimebound:DisruptingSlam","Slimebound:Repurpose","Slimebound:SlimeSpikes+1","Slimebound:MegaLick","Slimebound:OozeBath","Slimebound:SplitBruiser","Slimebound:GoopSpray","Slimebound:Darklings+1","Slimebound:SpikyOuterGoop","Slimebound:LeechingTouch","Slimebound:GrowthPunch","downfall:Bewildered","Slimebound:Repurpose+1","expansioncontent:QuickStudy+1","Slimebound:PressTheAttack","Slimebound:TagTeam+1","Slimebound:HauntingLick+1","Slimebound:SlimeSpikes+1","Slimebound:SlimeBarrage","Slimebound:HauntingLick+1","Sadistic Nature+1","Parasite","Slimebound:SelfFormingGoo+1","Slimebound:Equalize"],"relics":["Slimebound:AbsorbEndCombat","Shovel","reliquary:QuartzCube","downfall:HeartBlessingBlue","downfall:HeartBlessingRed","DemoMod:RiddleOfLead","downfall:HeartBlessingGreen","Happy Flower","sneckomod:BabySnecko","reliquary:ThirdArm","War Paint","Frozen Egg 2","DemoMod:Antibody"],"acts_visited":["Exordium","TheCity","TheBeyond","TheEnding"],"potions_floor_usage":[6,10,10,16,25,33,36,46],"damage_taken":[{"damage":3,"enemies":"Cultist","floor":2,"turns":4},{"damage":8,"enemies":"2 Louse","floor":3,"turns":4},{"damage":9,"enemies":"Jaw Worm","floor":5,"turns":4},{"damage":0,"enemies":"3 Louse","floor":6,"turns":3},{"damage":14,"enemies":"Blue Slaver","floor":8,"turns":4},{"damage":14,"enemies":"Large Slime","floor":9,"turns":5},{"damage":23,"enemies":"Lagavulin","floor":10,"turns":7},{"damage":5,"enemies":"downfall:FleeingMerchant","floor":12,"turns":4},{"damage":10,"enemies":"Lots of Slimes","floor":13,"turns":3},{"damage":3,"enemies":"2 Fungi Beasts","floor":14,"turns":3},{"damage":0,"enemies":"Blue Slaver","floor":15,"turns":4},{"damage":12,"enemies":"DF_ARCHETYPE_STREAMLINE","floor":16,"turns":11},{"damage":4,"enemies":"downfall:FleeingMerchant","floor":19,"turns":4},{"damage":13,"enemies":"Shell Parasite","floor":22,"turns":5},{"damage":13,"enemies":"Spheric Guardian","floor":23,"turns":4},{"damage":14,"enemies":"Snake Plant","floor":25,"turns":3},{"damage":0,"enemies":"Chosen and Byrds","floor":28,"turns":4},{"damage":10,"enemies":"Centurion and Healer","floor":30,"turns":6},{"damage":5,"enemies":"downfall:FleeingMerchant","floor":31,"turns":4},{"damage":3,"enemies":"conspire:HollyBat","floor":32,"turns":7},{"damage":46,"enemies":"IC_MUSHROOM_ARCHETYPE","floor":33,"turns":9},{"damage":11,"enemies":"3 Darklings","floor":36,"turns":5},{"damage":5,"enemies":"3 Shapes","floor":37,"turns":4},{"damage":14,"enemies":"Sphere and 2 Shapes","floor":39,"turns":5},{"damage":11,"enemies":"Jaw Worm Horde","floor":40,"turns":4},{"damage":0,"enemies":"3 Darklings","floor":43,"turns":4},{"damage":4,"enemies":"downfall:FleeingMerchant","floor":45,"turns":4},{"damage":47,"enemies":"Writhing Mass","floor":46,"turns":5},{"damage":0,"enemies":"downfall:FleeingMerchant","floor":47,"turns":1},{"damage":4,"enemies":"Jaw Worm Horde","floor":49,"turns":5},{"damage":13,"enemies":"SI_POISON_ARCHETYPE","floor":50,"turns":8},{"damage":99,"enemies":"downfall:CharBossMerchant","floor":52,"turns":5}],"seed_played":"4678030797301258727","potions_obtained":[{"floor":2,"key":"Fire Potion"},{"floor":6,"key":"LiquidMemories"},{"floor":9,"key":"ColorlessPotion"},{"floor":15,"key":"champ:CounterPotion"},{"floor":23,"key":"SkillPotion"},{"floor":28,"key":"SteroidPotion"},{"floor":32,"key":"PowerPotion"},{"floor":33,"key":"ColorlessPotion"},{"floor":36,"key":"bronze:BurnAndBuffPotion"},{"floor":37,"key":"Ancient Potion"},{"floor":46,"key":"GamblersBrew"}],"is_trial":false,"path_per_floor":["R","M","M","?","M","M","T","M","M","E","R","$","M","M","M","B",null,"R","$","?","?","M","M","T","M","R","?","M","R","M","$","M","B",null,"R","M","M","?","M","M","T","R","M","R","$","M","$","?","M","B",null,"E"],"character_chosen":"SLIMEBOUND","items_purchased":["expansioncontent:QuickStudy","Sadistic Nature+1","DemoMod:Antibody"],"campfire_rested":2,"item_purchase_floors":[31,45,47],"current_hp_per_floor":[59,56,48,48,41,45,45,35,25,10,40,41,39,40,42,38,79,79,78,63,63,56,45,45,35,35,35,37,62,60,61,64,26,84,84,79,80,80,72,69,69,69,77,77,79,38,40,40,44,59,84,0,0,0],"gold":392,"neow_bonus":"ONE_RARE_RELIC","is_daily":false,"chose_seed":false,"campfire_upgraded":4,"win_rate":0.0,"timestamp":1613925302,"path_taken":["R","M","M","?","?","M","T","M","M","E","R","?","?","M","M","BOSS","R","$","?","?","M","M","T","M","R","?","M","R","M","?","M","BOSS","R","M","M","?","M","?","T","R","M","R","$","M","$","?","M","BOSS","E"],"items_purchased_type":["Card","Card","Relic"],"build_version":"2020-12-22","purchased_purges":0,"victory":false,"max_hp_per_floor":[59,59,59,59,59,59,59,59,59,59,69,69,69,69,69,69,79,79,79,84,84,84,84,84,84,84,84,84,84,84,84,84,84,84,84,84,84,84,84,84,84,84,84,84,84,84,84,84,84,84,84,84,84,84],"card_choices":[{"not_picked":["Slimebound:SamplingLick","Slimebound:ComboTackle"],"picked":"Slimebound:LevelUp","floor":2},{"not_picked":["Slimebound:DivideAndConquer","Slimebound:Prepare"],"picked":"Slimebound:DisruptingSlam","floor":3},{"not_picked":["Slimebound:SlimeSpikes","Slimebound:SplitBruiser"],"picked":"Slimebound:Repurpose","floor":5},{"not_picked":["Slimebound:PressTheAttack","Slimebound:Recollect"],"picked":"Slimebound:SlimeSpikes","floor":6},{"not_picked":["Slimebound:LivingWall","Slimebound:Grow","Slimebound:Dissolve"],"picked":"SKIP","floor":8},{"not_picked":["Slimebound:FirmFortitude","Slimebound:PressTheAttack"],"picked":"Slimebound:MegaLick","floor":9},{"not_picked":["Slimebound:FinishingTackle","Slimebound:SplitBruiser"],"picked":"Slimebound:OozeBath","floor":10},{"not_picked":["Slimebound:GoopTackle","Slimebound:Equalize"],"picked":"Slimebound:SplitBruiser","floor":12},{"not_picked":["Slimebound:GoopTackle","Slimebound:SplitMire","Slimebound:ServeAndProtect"],"picked":"SKIP","floor":13},{"not_picked":["Slimebound:FinishingTackle","Slimebound:LivingWall"],"picked":"Slimebound:GoopSpray","floor":14},{"not_picked":["Slimebound:Prepare","Slimebound:SlimeSpikes","Slimebound:LivingWall"],"picked":"SKIP","floor":15},{"not_picked":["Slimebound:MinionMaster","Slimebound:Teamwork"],"picked":"Slimebound:Darklings","floor":16},{"not_picked":["Slimebound:TongueLash","Slimebound:GoopSpray"],"picked":"Slimebound:SpikyOuterGoop","floor":19},{"not_picked":["Slimebound:ComboTackle","Slimebound:GoopSpray"],"picked":"Slimebound:LeechingTouch","floor":22},{"not_picked":["Slimebound:LivingWall+1","Slimebound:Prepare","Slimebound:GoopTackle"],"picked":"SKIP","floor":23},{"not_picked":["Slimebound:SplitAcid","Slimebound:LeechingTouch"],"picked":"Slimebound:GrowthPunch","floor":25},{"not_picked":["Slimebound:ViciousTackle","Slimebound:Grow+1","Slimebound:LivingWall"],"picked":"SKIP","floor":28},{"not_picked":["Slimebound:SplitLeeching","Slimebound:ViciousTackle","Slimebound:LeechingTouch"],"picked":"SKIP","floor":30},{"not_picked":["Slimebound:LeechingTouch+1","Slimebound:GrowthPunch"],"picked":"Slimebound:Repurpose+1","floor":31},{"not_picked":["Slimebound:FlameTackle","Slimebound:BestDefense+1"],"picked":"Slimebound:PressTheAttack","floor":32},{"not_picked":["Slimebound:SelfFormingGoo","Slimebound:OozeBath"],"picked":"Slimebound:TagTeam","floor":33},{"not_picked":["Slimebound:GoopSpray","Slimebound:SplitLeeching","Slimebound:LeechingTouch+1"],"picked":"SKIP","floor":36},{"not_picked":["Slimebound:RollThrough","Slimebound:SpikyOuterGoop"],"picked":"Slimebound:HauntingLick","floor":37},{"not_picked":["Slimebound:SplitBruiser+1","Slimebound:BestDefense","Slimebound:GoopSpray+1"],"picked":"SKIP","floor":39},{"not_picked":["Slimebound:AcidTongue","Slimebound:TongueLash"],"picked":"Slimebound:SlimeSpikes+1","floor":40},{"not_picked":["Slimebound:Grow+1","Slimebound:Recollect+1"],"picked":"Slimebound:SlimeBarrage","floor":43},{"not_picked":["Slimebound:ForwardTackle+1","Slimebound:GoopTackle+1"],"picked":"Slimebound:HauntingLick+1","floor":45},{"not_picked":["Slimebound:GoopSpray","Slimebound:SlimeSpikes+1"],"picked":"Slimebound:SelfFormingGoo+1","floor":46},{"not_picked":["Slimebound:ItLooksTasty","Slimebound:LeechingTouch+1","Slimebound:SpikyOuterGoop+1"],"picked":"SKIP","floor":47},{"not_picked":["Slimebound:PressTheAttack","Slimebound:ComboTackle"],"picked":"Slimebound:Equalize","floor":49}],"player_experience":2139903,"relics_obtained":[{"floor":10,"key":"reliquary:QuartzCube"},{"floor":24,"key":"Happy Flower"},{"floor":41,"key":"War Paint"},{"floor":44,"key":"Frozen Egg 2"}],"event_choices":[{"cards_removed":["Slimebound:Strike_Slimebound"],"damage_healed":0,"gold_gain":0,"player_choice":"Offered Basic","damage_taken":0,"max_hp_gain":0,"max_hp_loss":0,"event_name":"Bonfire Elementals","floor":4,"gold_loss":0}],"is_beta":false,"boss_relics":[{"not_picked":["Cursed Key","aspiration:FutureDiary"],"picked":"DemoMod:RiddleOfLead"},{"not_picked":["aspiration:IroncladSkillbook","conspire:SeveredTorchhead"],"picked":"reliquary:ThirdArm"}],"items_purged_floors":[],"is_endless":false,"potions_floor_spawned":[2,6,9,15,23,28,32,33,36,37,46,49],"killed_by":"downfall:CharBossMerchant","ascension_level":0}}