{"host":"ox77rn1xcurm2t5a","time":1613866573,"event":{"mods":["2.2 Compatiblity","AchievementEnabler","Act Like it!","Aspiration","BaseMod","Best Route Mod","Better Match","Better Note","Better Sensory Stone","Block Reminder","Colored Map","Colored Powertips","Conjunction","Conspire","Custom Start","Energized Spire","GifTheSpireLib","Gold Saver","Gremlin Skip","Halation","Highlight Path","Hubris","Infinite Spire","Minty Spire (QoL Compilation)","Pale of the Ancients","Quick Restart","Reliquary","Replay The Spire","Reworked Bosses","ShortenTheSpire","Spire Exporter","StSLib","Stuff the Spire","Wandering Minibosses"],"gold_per_floor":[954,954,954,333,349,384,384,397,397,397,410,437,437,452,452,556,556,570,670,686,698,86,113,113,138,185,185,197,197,211,68,68,173,173,191,206,206,206,224,224,224],"floor_reached":40,"language":"ENG","playtime":1071,"items_purged":["Strike_R","Defend_R","Defend_R"],"score":668,"play_id":"2b5d92a5-ef17-43dd-a860-5c285d03a45e","local_time":"20210221021613","is_ascension_mode":true,"campfire_choices":[{"floor":7,"key":"RECALL"},{"data":"Inflame","floor":10,"key":"SMITH"},{"data":"Spot Weakness","floor":15,"key":"SMITH"},{"data":"Spot Weakness","floor":24,"key":"SMITH"},{"data":"Metallicize","floor":32,"key":"SMITH"}],"circlet_count":0,"master_deck":["Strike_R","Strike_R","Strike_R","Strike_R","Defend_R","Defend_R","Bash+1","Clash+1","Thunderclap","Inflame+1","Pommel Strike","Disarm","Perfected Strike","Spot Weakness+1","Double Tap","Metallicize+1","Cleave+1","Spot Weakness+1","Clash","Anger","Spot Weakness+1","Flex+1","infinitespire:FutureSight"],"relics":["Burning Blood","NeowsBlessing","Centennial Puzzle","Pondfish Scales","Bag of Preparation","ReplayTheSpireMod:Ninjato","Vajra","Iron Hammer","Black Star","halation:Sosunser","conspire:GiftBox","Replay:Accelerometer","hubris:Metronome","Replay:Multitool","infinitespire:FocusingShard","StuffTheSpire:ForceGauntlet","Oddly Smooth Stone","hubris:Backtick","Happy Flower","conspire:SlowCooker","Bottled Flame","wanderingMiniBosses:OtherGremlinHorn"],"acts_visited":["Exordium","TheCity","TheBeyond"],"potions_floor_usage":[14,20,23,23,25,33,33],"damage_taken":[{"damage":0,"enemies":"Small Slimes","floor":1,"turns":1},{"damage":0,"enemies":"2 Louse","floor":5,"turns":1},{"damage":0,"enemies":"Replay:BlueRogue","floor":6,"turns":1},{"damage":2,"enemies":"Jaw Worm","floor":8,"turns":3},{"damage":10,"enemies":"Large Slime","floor":11,"turns":7},{"damage":26,"enemies":"Lagavulin","floor":12,"turns":5},{"damage":2,"enemies":"3 Louse","floor":14,"turns":4},{"damage":2,"enemies":"The Guardian","floor":16,"turns":11},{"damage":2,"enemies":"Chosen","floor":18,"turns":3},{"damage":18,"enemies":"Spheric Guardian","floor":20,"turns":4},{"damage":24,"enemies":"Centurion and Healer","floor":21,"turns":6},{"damage":12,"enemies":"Slavers","floor":23,"turns":3},{"damage":24,"enemies":"Nightmare","floor":25,"turns":8},{"damage":8,"enemies":"Chosen and Byrds","floor":28,"turns":5},{"damage":16,"enemies":"Snake Plant","floor":30,"turns":2},{"damage":37,"enemies":"conspire:MysteriousRune","floor":33,"turns":6},{"damage":16,"enemies":"3 Shapes","floor":35,"turns":2},{"damage":11,"enemies":"3 Darklings","floor":36,"turns":4},{"damage":46,"enemies":"Transient","floor":39,"turns":6},{"damage":22,"enemies":"R_Hoarder","floor":40,"turns":4}],"seed_played":"7673018041344969376","potions_obtained":[{"floor":5,"key":"ElixirPotion"},{"floor":11,"key":"GamblersBrew"},{"floor":16,"key":"GamblersBrew"},{"floor":18,"key":"SpeedPotion"},{"floor":23,"key":"BlessingOfTheForge"},{"floor":28,"key":"BlessingOfTheForge"},{"floor":30,"key":"FearPotion"}],"is_trial":false,"path_per_floor":["M","?","?","$","M","E","R","M","T","R","M","E","T","M","R","B",null,"M","?","M","M","$","E","R","NM","T","T","M","R","M","$","R","B",null,"M","M","?","AVR","M","E"],"character_chosen":"IRONCLAD","items_purchased":["Thunderclap","Centennial Puzzle","Pondfish Scales","Inflame","halation:Sosunser","conspire:GiftBox","Energy Potion","Oddly Smooth Stone"],"campfire_rested":0,"item_purchase_floors":[4,4,4,4,22,22,22,31],"current_hp_per_floor":[78,78,78,78,80,80,80,80,80,80,76,56,56,60,60,64,76,80,80,68,50,50,44,44,26,26,26,24,48,38,38,38,7,62,52,47,47,47,7,0,0],"gold":224,"neow_bonus":"THREE_ENEMY_KILL","is_daily":false,"chose_seed":false,"campfire_upgraded":4,"win_rate":0.0,"timestamp":1613866573,"path_taken":["M","?","?","$","M","E","R","M","T","R","M","E","?","M","R","BOSS","M","?","?","M","?","E","R","NM","T","?","M","R","M","$","R","BOSS","M","M","?","AVR","M","E"],"items_purchased_type":["Card","Relic","Relic","Card","Relic","Relic","Potion","Relic"],"build_version":"2020-12-22","purchased_purges":3,"victory":false,"max_hp_per_floor":[80,80,80,80,80,80,80,80,80,80,80,80,80,80,80,80,80,80,80,80,80,80,80,80,80,80,80,80,80,80,80,80,80,80,80,80,80,80,80,80,80],"card_choices":[{"not_picked":["Disarm","Headbutt"],"picked":"Clash","floor":1},{"not_picked":["Flex","ReplayTheSpireMod:Strike From Hell","Feel No Pain"],"picked":"SKIP","floor":5},{"not_picked":["Sever Soul","Shrug It Off","Run Through"],"picked":"SKIP","floor":6},{"not_picked":["Battle Trance","Wild Strike"],"picked":"Pommel Strike","floor":8},{"not_picked":["Uppercut","Whirlwind"],"picked":"Disarm","floor":11},{"not_picked":["infinitespire:OneForAll","ReplayTheSpireMod:Limb From Limb"],"picked":"Perfected Strike","floor":12},{"not_picked":["Fire Breathing","ReplayTheSpireMod:Strike From Hell"],"picked":"Spot Weakness","floor":14},{"not_picked":["Replay:Many Hands","StuffTheSpire:TitanForm"],"picked":"Double Tap","floor":16},{"not_picked":["Havoc","StuffTheSpire:Incineration"],"picked":"Metallicize","floor":18},{"not_picked":["Uppercut","Iron Wave"],"picked":"Cleave+1","floor":20},{"not_picked":["Intimidate","Heavy Blade"],"picked":"Spot Weakness","floor":21},{"not_picked":["Warcry+1","Hemokinesis"],"picked":"Clash","floor":23},{"not_picked":["StuffTheSpire:Incineration","Warcry","Shrug It Off"],"picked":"SKIP","floor":25},{"not_picked":["Reckless Charge","hubris:StunningStrike","Flex"],"picked":"SKIP","floor":28},{"not_picked":["Body Slam+1","Life Link"],"picked":"Anger","floor":30},{"not_picked":["ReplayTheSpireMod:Muscle Training+1","Headbutt+1"],"picked":"Spot Weakness+1","floor":35},{"not_picked":["StuffTheSpire:Resist+1","Evolve+1"],"picked":"Flex+1","floor":36},{"not_picked":["Feel No Pain","Run Through+1","hubris:ReadiedAction+1"],"picked":"SKIP","floor":39}],"player_experience":3221746,"relics_obtained":[{"floor":6,"key":"Bag of Preparation"},{"floor":9,"key":"ReplayTheSpireMod:Ninjato"},{"floor":12,"key":"Vajra"},{"floor":13,"key":"Iron Hammer"},{"floor":23,"key":"Replay:Accelerometer"},{"floor":23,"key":"hubris:Metronome"},{"floor":25,"key":"Replay:Multitool"},{"floor":25,"key":"infinitespire:FocusingShard"},{"floor":27,"key":"StuffTheSpire:ForceGauntlet"},{"floor":39,"key":"wanderingMiniBosses:OtherGremlinHorn"}],"event_choices":[{"damage_healed":0,"gold_gain":1,"player_choice":"1","damage_taken":0,"max_hp_gain":0,"max_hp_loss":0,"event_name":"betterStone:BetterStone","floor":2,"gold_loss":0},{"damage_healed":0,"gold_gain":100,"player_choice":"Pray","damage_taken":0,"max_hp_gain":0,"max_hp_loss":0,"event_name":"Golden Shrine","floor":19,"gold_loss":0}],"is_beta":false,"boss_relics":[{"not_picked":["Replay:Ancient Bell","reliquary:RustamsPendant"],"picked":"Black Star"},{"not_picked":["Busted Crown","hubris:BlackHole"],"picked":"hubris:Backtick"}],"items_purged_floors":[4,22,38],"is_endless":false,"potions_floor_spawned":[5,11,16,18,23,28,30],"killed_by":"R_Hoarder","ascension_level":9}}