{"host":"xp5rvh2jwe2ejyfm","time":1613928535,"event":{"mods":["2.2 Compatiblity","Aspiration","Bard","BaseMod","Beaked The Cultist","Better Altar","Better Match","Better Note","Better Sensory Stone","Better Skull","BetterRewards","Colored Powertips","Conspire","Downfall","GifTheSpireLib","Gremlin Mod","GungeonMod","Hermit","Hubris","Jorbs\u0027s Wanderer Trilogy","Mad Scientist","Minty Spire (QoL Compilation)","Potionbrewer","Quick Restart","Replay The Spire","Robot Space Explorer","Shade Mod","Somnambulant","StSLib","The Bug Knight","The Clintock","The Construct","The Cursed","The Disciple","The Forsaken","The Hierophant","The Marked","The Mystic","The Necromancer","The Runesmith","The Servant 0.9.4","The Valiant","The Witch","TheFirefly","TheVacant","thorton"],"gold_per_floor":[109,6,6,19,39,39,39,52,78,29,60,78,152,162,162,162,162],"floor_reached":16,"language":"ENG","playtime":613,"items_purged":[],"score":102,"play_id":"ef1e558b-05c2-4e23-a695-6ddcfb3760c1","local_time":"20210221122855","is_ascension_mode":false,"campfire_choices":[{"data":"MadScienceMod:OmniHammer","floor":6,"key":"SMITH"},{"floor":15,"key":"REST"}],"circlet_count":0,"master_deck":["MadScienceMod:Strike_MadScience","MadScienceMod:Strike_MadScience","MadScienceMod:Strike_MadScience","MadScienceMod:Strike_MadScience","MadScienceMod:Defend_MadScience","MadScienceMod:Defend_MadScience","MadScienceMod:Defend_MadScience","MadScienceMod:Defend_MadScience","MadScienceMod:PoweredStrike","MadScienceMod:HideBehindJunk","MadScienceMod:Refuel","MadScienceMod:PowerArmor","MadScienceMod:AntimatterBomb","MadScienceMod:OmniHammer+1","MadScienceMod:Liquify","MadScienceMod:Bombardment","MadScienceMod:FlexibleSpear","MadScienceMod:PowerArmor","MadScienceMod:AntimatterBomb","MadScienceMod:BandageBot"],"relics":["MadScienceMod:FuelTank","NeowsBlessing","Darkstone Periapt"],"acts_visited":["Exordium"],"potions_floor_usage":[8,11,11,12,14,16],"damage_taken":[{"damage":0,"enemies":"2 Louse","floor":1,"turns":1},{"damage":0,"enemies":"Cultist","floor":4,"turns":1},{"damage":0,"enemies":"Jaw Worm","floor":5,"turns":1},{"damage":13,"enemies":"Lots of Slimes","floor":8,"turns":3},{"damage":45,"enemies":"3 Sentries","floor":11,"turns":10},{"damage":2,"enemies":"3 Louse","floor":12,"turns":7},{"damage":11,"enemies":"Exordium Thugs","floor":14,"turns":6},{"damage":57,"enemies":"Hexaghost","floor":16,"turns":16}],"seed_played":"4831528966928213465","potions_obtained":[{"floor":3,"key":"SteroidPotion"},{"floor":3,"key":"Guardian:BlockOnCardUsePotion"},{"floor":3,"key":"Explosive Potion"},{"floor":8,"key":"Fire Potion"},{"floor":11,"key":"PowerPotion"},{"floor":14,"key":"Guardian:BlockOnCardUsePotion"}],"is_trial":false,"path_per_floor":["M","$","?","M","M","R","?","M","T","$","E","M","?","M","R","B"],"character_chosen":"MAD_SCIENTIST","items_purchased":["MadScienceMod:PowerArmor","MadScienceMod:AntimatterBomb","MadScienceMod:FlexibleSpear"],"campfire_rested":1,"item_purchase_floors":[2,2,10],"current_hp_per_floor":[75,75,75,75,75,75,75,62,62,62,17,15,15,4,26,0,0],"gold":162,"neow_bonus":"THREE_ENEMY_KILL","is_daily":false,"chose_seed":false,"campfire_upgraded":1,"win_rate":0.0,"timestamp":1613928535,"path_taken":["M","$","?","M","?","R","?","M","T","$","E","?","?","M","R","BOSS"],"items_purchased_type":["Card","Card","Card"],"build_version":"2020-12-22","purchased_purges":0,"victory":false,"max_hp_per_floor":[75,75,75,75,75,75,75,75,75,75,75,75,75,75,75,75,75],"card_choices":[{"not_picked":["MadScienceMod:FumeBlast","MadScienceMod:MakeOrBreak"],"picked":"MadScienceMod:Refuel","floor":1},{"not_picked":["MadScienceMod:BoxOfScraps","MadScienceMod:FumeBlast"],"picked":"MadScienceMod:OmniHammer","floor":4},{"not_picked":["MadScienceMod:MechanicalClaw","MadScienceMod:LightOnFire"],"picked":"MadScienceMod:Liquify","floor":5},{"not_picked":["MadScienceMod:Strafe","MadScienceMod:Browse"],"picked":"MadScienceMod:Bombardment","floor":8},{"not_picked":["MadScienceMod:ExtractOil","MadScienceMod:ExploreOptions"],"picked":"MadScienceMod:PowerArmor","floor":11},{"not_picked":["MadScienceMod:AcidSpray","MadScienceMod:NowOrNever"],"picked":"MadScienceMod:AntimatterBomb","floor":12},{"not_picked":["MadScienceMod:Browse","MadScienceMod:Virus"],"picked":"MadScienceMod:BandageBot","floor":14}],"player_experience":546238,"relics_obtained":[{"floor":11,"key":"Darkstone Periapt"}],"event_choices":[{"damage_healed":0,"gold_gain":0,"player_choice":"Got Potions","damage_taken":0,"max_hp_gain":0,"max_hp_loss":0,"event_name":"Lab","floor":3,"gold_loss":0},{"damage_healed":0,"gold_gain":0,"player_choice":"Ignored","damage_taken":0,"max_hp_gain":0,"max_hp_loss":0,"event_name":"betterNote:BetterNote","floor":7,"gold_loss":0,"cards_obtained":["hermit:Headshot"]},{"damage_healed":0,"gold_gain":74,"player_choice":"Gained Gold","damage_taken":0,"max_hp_gain":0,"max_hp_loss":0,"event_name":"Golden Wing","floor":13,"gold_loss":0}],"is_beta":false,"boss_relics":[],"items_purged_floors":[],"is_endless":false,"potions_floor_spawned":[8,11,14],"killed_by":"Hexaghost","ascension_level":0}}