{"host":"wq5h7jomr5a1xww7","time":1613875199,"event":{"mods":["BaseMod","Highlight Path","Minty Spire (QoL Compilation)","Monster List Patch","Relic Stats","StSLib"],"gold_per_floor":[119,119,69,69,89,124,137,137,137,137,163,177,202,216,391,406,431,456,456,472,482,482,482,482,482],"floor_reached":24,"language":"ENG","playtime":987,"items_purged":[],"score":222,"play_id":"50a3d758-8dbb-4195-8778-dbbeaa939485","local_time":"20210220203959","is_ascension_mode":true,"campfire_choices":[{"data":"Berserk","floor":8.0,"key":"SMITH"},{"data":"Shockwave","floor":23,"key":"SMITH"}],"circlet_count":0,"master_deck":["Strike_R+1","Strike_R","Strike_R","Defend_R","Defend_R","Defend_R+1","Defend_R","Bash","Sword Boomerang","Heavy Blade","Uppercut","Whirlwind","Berserk+1","Thunderclap","Uppercut","Flame Barrier","Shockwave+1","Searing Blow","Doubt","Sever Soul","Headbutt","Burning Pact","Sever Soul","Armaments","Ghostly Armor"],"relics":["Burning Blood","NeowsBlessing","Darkstone Periapt","WingedGreaves","Potion Belt","Tiny Chest","Paper Frog","Bronze Scales","Frozen Egg 2"],"acts_visited":["Exordium"],"potions_floor_usage":[17,24],"damage_taken":[{"damage":0.0,"enemies":"Jaw Worm","floor":1.0,"turns":1.0},{"damage":0.0,"enemies":"2 Louse","floor":5.0,"turns":1.0},{"damage":0.0,"enemies":"3 Sentries","floor":6.0,"turns":2.0},{"damage":9.0,"enemies":"Cultist","floor":7.0,"turns":3.0},{"damage":12.0,"enemies":"Gremlin Nob","floor":11.0,"turns":4.0},{"damage":5.0,"enemies":"2 Fungi Beasts","floor":12.0,"turns":3.0},{"damage":17.0,"enemies":"Lagavulin","floor":13.0,"turns":7.0},{"damage":1.0,"enemies":"3 Louse","floor":14.0,"turns":2.0},{"damage":14,"enemies":"Red Slaver","floor":16,"turns":4},{"damage":4,"enemies":"Gremlin Nob","floor":17,"turns":3},{"damage":22,"enemies":"3 Sentries","floor":18,"turns":6},{"damage":0,"enemies":"Large Slime","floor":20,"turns":4},{"damage":18,"enemies":"3 Louse","floor":21,"turns":3},{"damage":34,"enemies":"The Guardian","floor":24,"turns":10}],"seed_played":"-8821052299651325695","potions_obtained":[{"floor":5.0,"key":"SpeedPotion"},{"floor":7.0,"key":"GamblersBrew"},{"floor":13.0,"key":"Ancient Potion"},{"floor":14.0,"key":"Explosive Potion"}],"is_trial":false,"path_per_floor":["M","?","$","?","M","E","M","R","?","T","E","M","E","M","?","M","E","E","?","M","M","T","R","B"],"character_chosen":"IRONCLAD","items_purchased":["Heavy Blade"],"campfire_rested":0,"item_purchase_floors":[3],"current_hp_per_floor":[80,85,85,85,85,85,82,82,65,65,59,60,49,54,60,52,54,38,38,44,32,32,32,0,0],"gold":482,"neow_bonus":"THREE_ENEMY_KILL","is_daily":false,"chose_seed":false,"campfire_upgraded":2,"win_rate":0.0,"timestamp":1613875199,"path_taken":["M","?","$","?","?","E","M","R","?","T","E","M","E","M","?","M","E","E","?","M","?","?","R","BOSS"],"items_purchased_type":["Card"],"build_version":"2020-12-22","purchased_purges":0,"victory":false,"max_hp_per_floor":[80,85,85,85,85,85,85,85,85,85,85,85,85,85,91,91,91,91,91,91,91,91,91,91,91],"relic_stats":{"Darkstone Periapt":6,"counters":[14,53],"Bronze Scales":[48],"Tiny Chest":1,"obtain_stats":[{"Darkstone Periapt":6,"Potion Belt":11,"NeowsBlessing":0,"Bronze Scales":18,"Tiny Chest":13,"WingedGreaves":10,"Frozen Egg 2":22,"Burning Blood":0,"Paper Frog":17},{"Darkstone Periapt":3,"Potion Belt":5,"NeowsBlessing":0,"Bronze Scales":11,"Tiny Chest":7,"WingedGreaves":4,"Frozen Egg 2":13,"Burning Blood":0,"Paper Frog":10},{"Darkstone Periapt":4,"Potion Belt":11,"NeowsBlessing":0,"Bronze Scales":36,"Tiny Chest":21,"WingedGreaves":7,"Frozen Egg 2":43,"Burning Blood":0,"Paper Frog":30}],"Burning Blood":60},"card_choices":[{"not_picked":["Warcry","Intimidate"],"picked":"Sword Boomerang","floor":1.0},{"not_picked":["Headbutt","Havoc"],"picked":"Whirlwind","floor":5.0},{"not_picked":["Iron Wave","Ghostly Armor"],"picked":"Berserk","floor":6.0},{"not_picked":["Warcry","Rupture"],"picked":"Thunderclap","floor":7.0},{"not_picked":["Body Slam","Sword Boomerang"],"picked":"Uppercut","floor":11.0},{"not_picked":["Twin Strike","Havoc"],"picked":"Flame Barrier","floor":12.0},{"not_picked":["Clash","Perfected Strike"],"picked":"Shockwave","floor":13.0},{"not_picked":["Shrug It Off","Twin Strike"],"picked":"Searing Blow","floor":14.0},{"not_picked":["Rage","Warcry"],"picked":"Sever Soul","floor":16},{"not_picked":["Wild Strike","Clothesline"],"picked":"Headbutt","floor":17},{"not_picked":["True Grit","Searing Blow"],"picked":"Burning Pact","floor":18},{"not_picked":["Headbutt","Bludgeon"],"picked":"Armaments","floor":20},{"not_picked":["Intimidate","Dropkick"],"picked":"Ghostly Armor","floor":21}],"player_experience":112199,"relics_obtained":[{"floor":6.0,"key":"Darkstone Periapt"},{"floor":10.0,"key":"WingedGreaves"},{"floor":11.0,"key":"Potion Belt"},{"floor":13.0,"key":"Tiny Chest"},{"floor":17,"key":"Paper Frog"},{"floor":18,"key":"Bronze Scales"},{"floor":22,"key":"Frozen Egg 2"}],"event_choices":[{"damage_healed":0.0,"max_hp_gain":5.0,"max_hp_loss":0.0,"gold_gain":0.0,"event_name":"Big Fish","player_choice":"Donut","floor":2.0,"gold_loss":0.0,"damage_taken":0.0},{"damage_healed":0.0,"max_hp_gain":0.0,"max_hp_loss":0.0,"gold_gain":0.0,"cards_transformed":["Strike_R"],"event_name":"Transmorgrifier","player_choice":"Transformed","floor":4.0,"gold_loss":0.0,"damage_taken":0.0,"cards_obtained":["Uppercut"]},{"damage_healed":0.0,"max_hp_gain":0.0,"max_hp_loss":0.0,"gold_gain":0.0,"event_name":"Shining Light","player_choice":"Entered Light","floor":9.0,"gold_loss":0.0,"damage_taken":17.0,"cards_upgraded":["Strike_R","Defend_R"]},{"damage_healed":0.0,"max_hp_gain":0.0,"max_hp_loss":0.0,"gold_gain":175.0,"event_name":"Liars Game","player_choice":"AGREE","floor":15.0,"gold_loss":0.0,"damage_taken":0.0,"cards_obtained":["Doubt"]},{"damage_healed":0,"gold_gain":0,"cards_transformed":["Strike_R"],"player_choice":"Transformed","damage_taken":0,"max_hp_gain":0,"max_hp_loss":0,"event_name":"Transmorgrifier","floor":19,"gold_loss":0,"cards_obtained":["Sever Soul"]}],"is_beta":false,"boss_relics":[],"items_purged_floors":[],"is_endless":false,"potions_floor_spawned":[5,7,13,14],"killed_by":"The Guardian","ascension_level":1}}