{"host":"04hh9gplt9wkfmr1","time":1613901115,"event":{"mods":["AchievementEnabler","BaseMod","Colored Map","KOR Keyword Fix","Minty Spire (QoL Compilation)","Rare Cards Sparkle","SuperFastMode"],"gold_per_floor":[117,132,143,143,162,162,195,195,244,18,36,75,101,129,129,240,312,333,152,175,175,201,201,244,244,271,271,292,333,356,356,356],"floor_reached":31,"language":"KOR","playtime":1034,"items_purged":["Doubt"],"score":462,"play_id":"a241303f-33b3-464d-b0c6-49338b5fba77","local_time":"20210221185155","is_ascension_mode":true,"campfire_choices":[{"data":"Eruption","floor":6.0,"key":"SMITH"},{"data":"Establishment","floor":8,"key":"SMITH"},{"data":"BattleHymn","floor":15,"key":"SMITH"},{"floor":23,"key":"REST"},{"floor":25,"key":"REST"},{"data":"Omniscience","floor":27,"key":"SMITH"}],"circlet_count":0,"master_deck":["Eruption+1","Vigilance","CarveReality","ReachHeaven","SandsOfTime","Establishment+1","InnerPeace","BattleHymn+1","InnerPeace","SashWhip","MasterReality","Scrawl","ForeignInfluence","Vault","Halt","Fasting2","Indignation","FearNoEvil","FearNoEvil","Omniscience+1","Halt+1","Halt","InnerPeace+1","FlyingSleeves+1","FlyingSleeves+1","Halt+1"],"relics":["PureWater","Gambling Chip","FaceOfCleric","TeardropLocket","Regal Pillow","CeramicFish","Toy Ornithopter","Pandora\u0027s Box","Anchor","Boot","Smiling Mask"],"acts_visited":["TheCity"],"potions_floor_usage":[11,24],"damage_taken":[{"damage":0.0,"enemies":"2 Louse","floor":1.0,"turns":2.0},{"damage":0.0,"enemies":"Cultist","floor":2.0,"turns":2.0},{"damage":0.0,"enemies":"Jaw Worm","floor":3.0,"turns":2.0},{"damage":0.0,"enemies":"Blue Slaver","floor":5.0,"turns":2.0},{"damage":27,"enemies":"3 Sentries","floor":7,"turns":5},{"damage":0,"enemies":"Large Slime","floor":11,"turns":2},{"damage":0,"enemies":"Gremlin Nob","floor":12,"turns":2},{"damage":2,"enemies":"Exordium Wildlife","floor":13,"turns":3},{"damage":10,"enemies":"2 Fungi Beasts","floor":14,"turns":3},{"damage":0,"enemies":"Slime Boss","floor":16,"turns":3},{"damage":44,"enemies":"2 Thieves","floor":18,"turns":3},{"damage":9,"enemies":"Chosen","floor":20,"turns":3},{"damage":18,"enemies":"3 Cultists","floor":22,"turns":3},{"damage":46,"enemies":"Slavers","floor":24,"turns":6},{"damage":16,"enemies":"Shelled Parasite and Fungi","floor":28,"turns":3},{"damage":26,"enemies":"Gremlin Leader","floor":29,"turns":6},{"damage":14,"enemies":"Snake Plant","floor":30,"turns":2}],"seed_played":"-1094549131190934619","potions_obtained":[{"floor":2.0,"key":"Regen Potion"},{"floor":5.0,"key":"SteroidPotion"},{"floor":11,"key":"DuplicationPotion"},{"floor":12,"key":"CultistPotion"},{"floor":22,"key":"BlessingOfTheForge"}],"is_trial":false,"path_per_floor":["M","M","M","?","M","R","E","R","T","$","M","E","M","M","R","B",null,"M","$","M","?","M","R","E","R","T","R","M","E","M","$"],"character_chosen":"WATCHER","items_purchased":["CeramicFish","FearNoEvil","Omniscience"],"campfire_rested":2,"item_purchase_floors":[10,19,19],"current_hp_per_floor":[72,72,72,72,73,73,47,47,47,47,48,49,48,39,39,40,79,36,36,28,28,11,50,25,64,64,64,49,24,11,11,11],"gold":356,"neow_bonus":"ONE_RARE_RELIC","is_daily":false,"chose_seed":false,"campfire_upgraded":4,"win_rate":0.0,"timestamp":1613901115,"path_taken":["M","M","M","?","?","R","E","R","T","$","M","E","M","M","R","BOSS","M","$","M","?","M","R","E","R","T","R","M","E","M","$"],"items_purchased_type":["Relic","Card","Card"],"build_version":"2020-12-22","purchased_purges":1,"victory":false,"max_hp_per_floor":[72,72,72,72,73,73,74,74,74,74,75,76,77,78,78,79,79,80,80,81,81,82,82,83,83,83,83,84,85,86,86,86],"card_choices":[{"not_picked":["ReachHeaven","BowlingBash"],"picked":"CarveReality","floor":1.0},{"not_picked":["ThirdEye","Weave"],"picked":"ReachHeaven","floor":2.0},{"not_picked":["Halt","ThirdEye"],"picked":"SandsOfTime","floor":3.0},{"not_picked":["BowlingBash","Indignation","FollowUp"],"picked":"SKIP","floor":5.0},{"not_picked":["PathToVictory","ForeignInfluence"],"picked":"Establishment","floor":7},{"not_picked":["PathToVictory","CutThroughFate","SashWhip"],"picked":"SKIP","floor":11},{"not_picked":["EmptyFist","JustLucky"],"picked":"InnerPeace","floor":12},{"not_picked":["Sanctity","CutThroughFate"],"picked":"BattleHymn","floor":13},{"not_picked":["CutThroughFate","SignatureMove"],"picked":"InnerPeace","floor":14},{"not_picked":["Alpha","Omniscience"],"picked":"MasterReality","floor":16},{"not_picked":["ReachHeaven+1","Protect+1"],"picked":"FearNoEvil","floor":18},{"not_picked":["CutThroughFate","FlurryOfBlows"],"picked":"Halt+1","floor":20},{"not_picked":["ThirdEye","PathToVictory"],"picked":"Halt","floor":22},{"not_picked":["BowlingBash+1","LessonLearned"],"picked":"InnerPeace+1","floor":24},{"not_picked":["CutThroughFate+1","BowlingBash+1"],"picked":"FlyingSleeves+1","floor":28},{"not_picked":["FlyingSleeves+1","Swivel+1","TalkToTheHand"],"picked":"SKIP","floor":29},{"not_picked":["Swivel+1","TalkToTheHand"],"picked":"FlyingSleeves+1","floor":29},{"not_picked":["Prostrate","Study"],"picked":"Halt+1","floor":30}],"player_experience":169714,"relics_obtained":[{"floor":7,"key":"TeardropLocket"},{"floor":9,"key":"Regal Pillow"},{"floor":12,"key":"Toy Ornithopter"},{"floor":24,"key":"Anchor"},{"floor":26,"key":"Boot"},{"floor":29,"key":"Smiling Mask"}],"event_choices":[{"damage_healed":0.0,"max_hp_gain":0.0,"max_hp_loss":0.0,"gold_gain":0.0,"event_name":"FaceTrader","player_choice":"Trade","floor":4.0,"gold_loss":0.0,"damage_taken":0.0,"relics_obtained":["FaceOfCleric"]},{"cards_removed":["MasterReality"],"damage_healed":0,"gold_gain":0,"player_choice":"Elegance","damage_taken":0,"max_hp_gain":0,"max_hp_loss":0,"event_name":"Back to Basics","floor":21,"gold_loss":0}],"is_beta":false,"boss_relics":[{"not_picked":["Runic Pyramid","Empty Cage"],"picked":"Pandora\u0027s Box"}],"items_purged_floors":[10],"is_endless":false,"potions_floor_spawned":[2,5,11,12,13,20,22],"ascension_level":4}}