{"host":"f7915vm1ahl7kex1","time":1613949020,"event":{"mods":["BaseMod","Colored Map","Downfall","Minty Spire (QoL Compilation)","Quick Restart","StSLib"],"gold_per_floor":[99,99,99,99,146,146,194,221,221,239,265,293,193,208,228,329,329,329,342,356,120,120,120,120,120],"floor_reached":23,"language":"ENG","playtime":814,"items_purged":["bronze:Strike"],"score":224,"play_id":"12fe2fe9-0d1e-4b27-aa6d-5840d769baf5","local_time":"20210221171020","is_ascension_mode":true,"campfire_choices":[{"data":"bronze:Goto","floor":1,"key":"SMITH"},{"floor":9,"key":"RECALL"},{"floor":13,"key":"REST"},{"data":"bronze:Verify","floor":18,"key":"SMITH"}],"circlet_count":0,"master_deck":["bronze:Strike","bronze:Strike","bronze:Strike","bronze:Defend","bronze:Defend","bronze:Defend","bronze:Defend","bronze:Replicate","bronze:Goto+1","bronze:Separator","bronze:Constructor","bronze:Overload","bronze:InfiniteBeams","bronze:Verify+1","bronze:CutThrough"],"relics":["bronze:BronzeCore","downfall:HeartsMalice","Nunchaku","Bag of Marbles","Vajra","Odd Mushroom","Orichalcum","downfall:HeartBlessingRed","bronze:ElectromagneticCoil","ClockworkSouvenir","Anchor"],"acts_visited":["Exordium","TheCity"],"potions_floor_usage":[12,16,19,20,21],"damage_taken":[{"damage":0,"enemies":"2 Louse","floor":2,"turns":1},{"damage":0,"enemies":"Jaw Worm","floor":3,"turns":1},{"damage":0,"enemies":"Cultist","floor":6,"turns":1},{"damage":25,"enemies":"3 Sentries","floor":8,"turns":8},{"damage":3,"enemies":"Blue Slaver","floor":10,"turns":3},{"damage":2,"enemies":"The Mushroom Lair","floor":11,"turns":4},{"damage":14,"enemies":"Gremlin Nob","floor":12,"turns":4},{"damage":0,"enemies":"downfall:LooterAlt","floor":14,"turns":2},{"damage":0,"enemies":"Exordium Wildlife","floor":15,"turns":2},{"damage":8,"enemies":"SI_SHIV_ARCHETYPE","floor":16,"turns":6},{"damage":25,"enemies":"3 Byrds","floor":19,"turns":4},{"damage":0,"enemies":"Spheric Guardian","floor":20,"turns":3},{"damage":5,"enemies":"downfall:FleeingMerchant","floor":21,"turns":4},{"damage":50,"enemies":"Gremlin Leader","floor":23,"turns":5}],"seed_played":"-8700284832738605469","potions_obtained":[{"floor":10,"key":"Weak Potion"},{"floor":12,"key":"Swift Potion"},{"floor":14,"key":"Weak Potion"},{"floor":15,"key":"LiquidMemories"},{"floor":16,"key":"hexamod:SoulburnPotion"}],"is_trial":false,"path_per_floor":["R","M","M","?","T","M","T","E","R","M","?","E","R","M","M","B",null,"R","M","M","$","?","E"],"character_chosen":"THE_AUTOMATON","items_purchased":["ClockworkSouvenir"],"campfire_rested":1,"item_purchase_floors":[21],"current_hp_per_floor":[70,70,70,70,70,70,70,45,45,42,40,26,47,47,47,39,70,70,45,45,40,40,0,0,0],"gold":120,"neow_bonus":"THREE_ENEMY_KILL","is_daily":false,"chose_seed":false,"campfire_upgraded":2,"win_rate":0.0,"timestamp":1613949020,"path_taken":["R","M","M","?","?","?","T","E","R","M","?","E","R","M","M","BOSS","R","M","M","$","?","E"],"items_purchased_type":["Relic"],"build_version":"2020-12-22","purchased_purges":1,"victory":false,"max_hp_per_floor":[70,70,70,70,70,70,70,70,70,70,70,70,70,70,70,70,70,70,70,70,70,70,70,70,70],"card_choices":[{"not_picked":["bronze:DelayedSlice","bronze:Allocate"],"picked":"bronze:Separator","floor":2},{"not_picked":["bronze:OilSpill","bronze:Philosophize"],"picked":"bronze:Constructor","floor":3},{"not_picked":["bronze:ClassDefault","bronze:Invalidate"],"picked":"bronze:Overload","floor":6},{"not_picked":["bronze:Philosophize","bronze:CutThrough"],"picked":"bronze:InfiniteBeams","floor":8},{"not_picked":["bronze:BitShift","bronze:Frontload","bronze:Constructor"],"picked":"SKIP","floor":10},{"not_picked":["bronze:DelayedGuard","bronze:ForceShield"],"picked":"bronze:Verify","floor":12},{"not_picked":["bronze:WhirlingStrike","bronze:Deprecate","bronze:WildBeam"],"picked":"SKIP","floor":14},{"not_picked":["bronze:OilSpill","bronze:DelayedGuard"],"picked":"bronze:CutThrough","floor":15},{"not_picked":["bronze:Repair+1","bronze:BugBarrage+1","bronze:Branch"],"picked":"SKIP","floor":19},{"not_picked":["bronze:BugBarrage+1","bronze:BitShift","bronze:NullPointer+1"],"picked":"SKIP","floor":20},{"not_picked":["bronze:Shield","bronze:Optimize+1","bronze:Frontload+1"],"picked":"SKIP","floor":21}],"player_experience":1226236,"relics_obtained":[{"floor":5,"key":"Nunchaku"},{"floor":7,"key":"Bag of Marbles"},{"floor":8,"key":"Vajra"},{"floor":11,"key":"Odd Mushroom"},{"floor":12,"key":"Orichalcum"}],"event_choices":[{"damage_healed":0,"gold_gain":0,"player_choice":"Fought Mushrooms","damage_taken":0,"max_hp_gain":0,"max_hp_loss":0,"event_name":"Mushrooms","floor":11,"gold_loss":0}],"is_beta":false,"boss_relics":[{"not_picked":["Runic Dome","SacredBark"],"picked":"bronze:ElectromagneticCoil"}],"items_purged_floors":[21],"is_endless":false,"potions_floor_spawned":[10,12,14,15,16],"killed_by":"Gremlin Leader","ascension_level":3}}