{"host":"vx488ommchhibo3k","time":1613910792,"event":{"mods":["BaseMod","BetterRewards","Colored Map","Colored Powertips","Highlight Path","Minty Spire (QoL Compilation)","Quick Restart","Rare Cards Sparkle","Shop Mod","StSLib","SuperFastMode"],"gold_per_floor":[113,13,33,51,51,78,78,90,90,110,141,141,67,87,87,186,186,206,53,67,67,77,77,103,119,119,119,119],"floor_reached":27,"language":"JPN","playtime":8671,"items_purged":["Strike_P","Defend_P"],"score":270,"play_id":"df989d89-deab-4974-b734-4acbf31a7834","local_time":"20210221213312","is_ascension_mode":false,"campfire_choices":[{"data":"Apotheosis","floor":7,"key":"SMITH"},{"data":"Eruption","floor":12,"key":"SMITH"},{"floor":15,"key":"REST"},{"data":"LikeWater","floor":23,"key":"SMITH"}],"circlet_count":0,"master_deck":["Strike_P","Strike_P","Defend_P","Defend_P","Defend_P","Eruption+1","Vigilance","Apotheosis+1","Wireheading","ClearTheMind","CrushJoints","LikeWater+1","CarveReality","BowlingBash","ClearTheMind","CarveReality","Establishment","Alpha","Consecrate+1","Crescendo","Consecrate+1","Adaptation+1"],"relics":["HolyWater","Ginger","Torii","Bronze Scales","MerchantsRug","Nloth\u0027s Gift","Bottled Lightning","White Beast Statue"],"acts_visited":["Exordium","TheCity"],"potions_floor_usage":[11,11,16,22,24],"damage_taken":[{"damage":0,"enemies":"Small Slimes","floor":1,"turns":3},{"damage":0,"enemies":"Cultist","floor":3,"turns":3},{"damage":1,"enemies":"2 Louse","floor":4,"turns":3},{"damage":0,"enemies":"Lagavulin","floor":6,"turns":6},{"damage":0,"enemies":"Blue Slaver","floor":8,"turns":4},{"damage":2,"enemies":"Lots of Slimes","floor":10,"turns":3},{"damage":9,"enemies":"Gremlin Nob","floor":11,"turns":3},{"damage":10,"enemies":"Gremlin Gang","floor":14,"turns":4},{"damage":19,"enemies":"Slime Boss","floor":16,"turns":5},{"damage":23,"enemies":"2 Thieves","floor":18,"turns":4},{"damage":3,"enemies":"3 Byrds","floor":20,"turns":4},{"damage":11,"enemies":"Shelled Parasite and Fungi","floor":22,"turns":4},{"damage":23,"enemies":"Book of Stabbing","floor":24,"turns":6},{"damage":1,"enemies":"Cultist and Chosen","floor":25,"turns":4},{"damage":14,"enemies":"Snake Plant","floor":27,"turns":3}],"seed_played":"6968521850687525865","potions_obtained":[{"floor":3,"key":"CultistPotion"},{"floor":8,"key":"AttackPotion"},{"floor":11,"key":"DuplicationPotion"},{"floor":18,"key":"LiquidBronze"},{"floor":22,"key":"Dexterity Potion"},{"floor":25,"key":"Energy Potion"}],"is_trial":false,"path_per_floor":["M","$","M","M","?","E","R","M","T","M","E","R","$","M","R","B",null,"M","$","M","?","M","R","E","M","T","M"],"character_chosen":"WATCHER","items_purchased":["Apotheosis","Ginger","Wireheading","ClearTheMind","Establishment","MerchantsRug"],"campfire_rested":1,"item_purchase_floors":[0,0,0,0,13,19],"current_hp_per_floor":[32,32,32,31,31,31,31,31,31,29,20,20,20,10,31,12,72,49,49,46,46,35,35,12,11,11,0,0],"gold":119,"neow_bonus":"","is_daily":false,"chose_seed":false,"campfire_upgraded":3,"win_rate":0.0,"timestamp":1613910792,"path_taken":["M","$","M","M","?","E","R","M","T","M","E","R","$","M","R","BOSS","M","$","M","?","?","R","E","M","T","M"],"items_purchased_type":["Card","Relic","Card","Card","Card","Relic"],"build_version":"2020-12-22","purchased_purges":2,"victory":false,"max_hp_per_floor":[72,72,72,72,72,72,72,72,72,72,72,72,72,72,72,72,72,72,72,72,72,72,72,72,72,72,72,72],"card_choices":[{"not_picked":["WindmillStrike","SignatureMove","Protect"],"picked":"SKIP","floor":1},{"not_picked":["SashWhip","FlurryOfBlows"],"picked":"CrushJoints","floor":3},{"not_picked":["ClearTheMind","CrushJoints"],"picked":"LikeWater","floor":4},{"not_picked":["PathToVictory","JustLucky"],"picked":"CarveReality","floor":6},{"not_picked":["PathToVictory","Prostrate"],"picked":"BowlingBash","floor":8},{"not_picked":["CrushJoints","MentalFortress"],"picked":"ClearTheMind","floor":10},{"not_picked":["ClearTheMind","EmptyFist"],"picked":"CarveReality","floor":11},{"not_picked":["EmptyMind","PathToVictory","Vengeance"],"picked":"SKIP","floor":14},{"not_picked":["ConjureBlade","Establishment"],"picked":"Alpha","floor":16},{"not_picked":["FlyingSleeves","FollowUp+1"],"picked":"Consecrate+1","floor":18},{"not_picked":["CutThroughFate","Consecrate"],"picked":"Crescendo","floor":20},{"not_picked":["Meditate","ConjureBlade"],"picked":"Consecrate+1","floor":22},{"not_picked":["Wallop","CutThroughFate","Study"],"picked":"SKIP","floor":24},{"not_picked":["ThirdEye","Halt+1"],"picked":"Adaptation+1","floor":25}],"player_experience":155481,"relics_obtained":[{"floor":6,"key":"Bronze Scales"},{"floor":11,"key":"Peace Pipe"},{"floor":24,"key":"Bottled Lightning"},{"floor":26,"key":"White Beast Statue"}],"event_choices":[{"cards_removed":["Strike_P"],"damage_healed":0,"gold_gain":0,"player_choice":"Offered Basic","damage_taken":0,"max_hp_gain":0,"max_hp_loss":0,"event_name":"Bonfire Elementals","floor":5,"gold_loss":0},{"damage_healed":0,"gold_gain":0,"player_choice":"Traded Relic","damage_taken":0,"relics_obtained":["Nloth\u0027s Gift"],"max_hp_gain":0,"max_hp_loss":0,"event_name":"N\u0027loth","floor":21,"relics_lost":["Peace Pipe"],"gold_loss":0}],"is_beta":false,"boss_relics":[{"not_picked":["Runic Dome","SacredBark"],"picked":"HolyWater"}],"items_purged_floors":[0,2],"is_endless":false,"potions_floor_spawned":[3,8,11,18,22,25],"killed_by":"Snake Plant","ascension_level":0}}