{"host":"f7915vm1ahl7kex1","time":1613930336,"event":{"mods":["BaseMod","Colored Map","Downfall","Minty Spire (QoL Compilation)","Quick Restart","StSLib"],"gold_per_floor":[99,113,263,273,29,29,56,67,67,95,95,110,122,7,27,126,126,126,138,151,169,169,69,95,95,121,135,135,152,164,190,202,302,302,102,116,133,257,257,336,363,413,429,462,462,496,514,541,551,551,551,578,9,9,9,9],"floor_reached":57,"language":"ENG","playtime":9074,"items_purged":["downfall:Icky","bronze:Strike","Parasite","downfall:Haunted"],"score":1415,"play_id":"9c4661d0-8984-4a29-aae2-0a3793f2250f","local_time":"20210221115856","is_ascension_mode":true,"campfire_choices":[{"data":"bronze:Goto","floor":1,"key":"SMITH"},{"data":"bronze:ChosenStrike","floor":11,"key":"SMITH"},{"floor":18,"key":"RECALL"},{"data":"bronze:Constructor","floor":23,"key":"SMITH"},{"data":"bronze:RecursiveStrike","floor":35,"key":"SMITH"},{"floor":45,"key":"REST"},{"floor":54,"key":"REST"}],"circlet_count":0,"master_deck":["bronze:Defend","bronze:Defend","bronze:Defend","bronze:Replicate","bronze:Goto+1","bronze:Invalidate","bronze:DelayedSlice+1","bronze:ChosenStrike+1","bronze:RecursiveStrike+1","bronze:Fortify","bronze:Constructor+1","bronze:Separator","bronze:CloningBeam+1","bronze:ForceShield","bronze:Library+1","bronze:MaxOutput+1","bronze:InfiniteLoop+1","bronze:Repulsor","bronze:ClassDefault","expansioncontent:YouAreMine","Writhe","bronze:Shield","bronze:Boost","bronze:ChosenStrike+1","expansioncontent:DashGenerateEvil"],"relics":["bronze:BronzeCore","Bag of Marbles","Pen Nib","Whetstone","Cursed Key","bronze:BottledCode","downfall:HeartBlessingRed","White Beast Statue","PreservedInsect","Astrolabe","downfall:HeartBlessingGreen","downfall:HeartBlessingBlue","HornCleat","Vajra","Dead Branch","Kunai","Toy Ornithopter","bronze:SilverBullet","Lantern","DollysMirror"],"acts_visited":["Exordium","TheCity","TheBeyond","TheEnding"],"potions_floor_usage":[10,26,56,56],"damage_taken":[{"damage":0,"enemies":"Small Slimes","floor":2,"turns":3},{"damage":0,"enemies":"2 Louse","floor":4,"turns":2},{"damage":5,"enemies":"downfall:FleeingMerchant","floor":5,"turns":4},{"damage":0,"enemies":"Cultist","floor":8,"turns":2},{"damage":8,"enemies":"Gremlin Nob","floor":10,"turns":3},{"damage":0,"enemies":"2 Fungi Beasts","floor":12,"turns":2},{"damage":3,"enemies":"Blue Slaver","floor":13,"turns":2},{"damage":15,"enemies":"downfall:FleeingMerchant","floor":14,"turns":4},{"damage":0,"enemies":"Exordium Wildlife","floor":15,"turns":3},{"damage":36,"enemies":"DF_ARCHETYPE_STREAMLINE","floor":16,"turns":6},{"damage":6,"enemies":"downfall:LooterAlt2","floor":19,"turns":3},{"damage":0,"enemies":"Chosen","floor":20,"turns":2},{"damage":0,"enemies":"Centurion and Healer","floor":21,"turns":3},{"damage":2,"enemies":"Slavers","floor":26,"turns":3},{"damage":0,"enemies":"Snake Plant","floor":27,"turns":2},{"damage":0,"enemies":"Snecko","floor":29,"turns":2},{"damage":0,"enemies":"Chosen and Byrds","floor":30,"turns":3},{"damage":18,"enemies":"Book of Stabbing","floor":31,"turns":3},{"damage":0,"enemies":"Centurion and Healer","floor":32,"turns":1},{"damage":31,"enemies":"WA_ARCHETYPE_CALM","floor":33,"turns":7},{"damage":0,"enemies":"Orb Walker","floor":36,"turns":1},{"damage":21,"enemies":"3 Shapes","floor":37,"turns":3},{"damage":0,"enemies":"downfall:FleeingMerchant","floor":38,"turns":2},{"damage":0,"enemies":"downfall:FleeingMerchant","floor":42,"turns":3},{"damage":14,"enemies":"Sphere and 2 Shapes","floor":43,"turns":3},{"damage":13,"enemies":"Reptomancer","floor":44,"turns":3},{"damage":0,"enemies":"Giant Head","floor":46,"turns":4},{"damage":0,"enemies":"Writhing Mass","floor":47,"turns":1},{"damage":0,"enemies":"Nemesis","floor":48,"turns":3},{"damage":0,"enemies":"Spire Growth","floor":49,"turns":3},{"damage":73,"enemies":"IC_BLOCK_ARCHETYPE","floor":50,"turns":7},{"damage":54,"enemies":"downfall:CharBossMerchant","floor":52,"turns":7},{"damage":25,"enemies":"downfall:NeowBoss","floor":55,"turns":9},{"damage":34,"enemies":"downfall:NeowBossFinal","floor":56,"turns":6}],"seed_played":"-4000582113339155098","potions_obtained":[{"floor":2,"key":"LiquidMemories"},{"floor":9,"key":"FairyPotion"},{"floor":9,"key":"LiquidBronze"},{"floor":10,"key":"SpeedPotion"},{"floor":21,"key":"Slimebound:ThreeZeroPotion"},{"floor":26,"key":"Weak Potion"},{"floor":27,"key":"CultistPotion"},{"floor":32,"key":"BlessingOfTheForge"},{"floor":43,"key":"bronze:BurnAndBuffPotion"},{"floor":52,"key":"FairyPotion"}],"is_trial":false,"path_per_floor":["R","M","?","M","$","?","T","M","?","E","R","M","M","$","M","B",null,"R","M","M","M","?","R","T","?","E","M","?","M","M","E","M","B",null,"R","M","M","$","?","?","T","?","M","E","R","E","M","E","M","B",null,"E","$","R","B","B",null],"character_chosen":"THE_AUTOMATON","items_purchased":["Bag of Marbles","bronze:ClassDefault","bronze:Boost","DollysMirror","expansioncontent:DashGenerateEvil"],"campfire_rested":2,"item_purchase_floors":[5,38,53,53,53],"current_hp_per_floor":[70,70,70,70,65,65,65,65,65,57,57,57,54,39,39,3,70,70,64,64,64,60,60,60,60,58,58,58,58,58,40,40,9,60,70,70,49,49,49,49,49,49,35,22,42,42,42,42,42,14,67,13,13,33,8,20],"gold":9,"neow_bonus":"TRANSFORM_CARD","is_daily":false,"chose_seed":false,"campfire_upgraded":4,"win_rate":0.0,"timestamp":1613930336,"path_taken":["R","M","?","M","$","?","T","M","?","E","R","M","M","$","M","BOSS","R","M","M","?","?","R","T","?","E","M","?","M","M","E","M","BOSS","R","M","M","$","?","?","T","?","?","E","R","E","M","E","M","BOSS","E","$","R","BOSS","BOSS"],"items_purchased_type":["Relic","Card","Card","Relic","Card"],"build_version":"2020-12-22","purchased_purges":4,"victory":true,"max_hp_per_floor":[70,70,70,70,70,70,70,70,70,70,70,70,70,70,70,70,70,70,70,70,70,60,60,60,60,60,60,60,60,60,60,60,60,60,70,70,70,67,67,67,67,67,67,67,67,67,67,67,67,67,67,67,67,67,67,67],"card_choices":[{"not_picked":["bronze:Invalidate","bronze:BugBarrage","bronze:WildBeam"],"picked":"SKIP","floor":2},{"not_picked":["bronze:InfiniteBeams","bronze:Optimize"],"picked":"bronze:DelayedSlice","floor":4},{"not_picked":["bronze:DelayedGuard","bronze:WhirlingStrike"],"picked":"bronze:ChosenStrike","floor":5},{"not_picked":["bronze:Shell","bronze:Invalidate","bronze:Frontload"],"picked":"SKIP","floor":8},{"not_picked":["bronze:GetLatest","bronze:Repulsor"],"picked":"bronze:RecursiveStrike","floor":10},{"not_picked":["bronze:CutThrough","bronze:WhirlingStrike"],"picked":"bronze:Fortify","floor":12},{"not_picked":["bronze:OilSpill","bronze:Optimize"],"picked":"bronze:Constructor","floor":13},{"not_picked":["bronze:ForLoop","bronze:ChosenStrike"],"picked":"bronze:Separator","floor":14},{"not_picked":["bronze:GetLatest","bronze:Constructor","bronze:ForceShield"],"picked":"SKIP","floor":15},{"not_picked":["bronze:ChosenStrike","bronze:Separator","bronze:BitShift"],"picked":"SKIP","floor":19},{"not_picked":["bronze:ForceShield","bronze:Flail+1"],"picked":"bronze:CloningBeam+1","floor":20},{"not_picked":["bronze:Constructor","bronze:BugBarrage","bronze:CutThrough"],"picked":"SKIP","floor":21},{"not_picked":["bronze:Constructor+1","bronze:OilSpill","bronze:CloningBeam"],"picked":"SKIP","floor":26},{"not_picked":["bronze:Overload","bronze:ChosenStrike+1","bronze:Optimize"],"picked":"SKIP","floor":27},{"not_picked":["bronze:Constructor+1","bronze:DarkDash","bronze:BuggyMess+1"],"picked":"SKIP","floor":29},{"not_picked":["bronze:Philosophize","bronze:Overload","bronze:Frontload"],"picked":"SKIP","floor":30},{"not_picked":["bronze:FindAndReplace","bronze:ChildClass","bronze:Philosophize+1"],"picked":"SKIP","floor":31},{"not_picked":["bronze:Iterate","bronze:Separator","bronze:Overload"],"picked":"SKIP","floor":32},{"not_picked":["bronze:Iterate","bronze:BuggyMess","bronze:Frontload"],"picked":"SKIP","floor":36},{"not_picked":["bronze:Flail","bronze:DarkDash"],"picked":"bronze:Repulsor","floor":37},{"not_picked":["bronze:OilSpill","bronze:ForLoop","bronze:BugBarrage"],"picked":"SKIP","floor":38},{"not_picked":["expansioncontent:LastStand","expansioncontent:Hexaburn"],"picked":"expansioncontent:YouAreMine","floor":39},{"not_picked":["bronze:FollowUp+1","bronze:ThunderWave","bronze:Optimize"],"picked":"SKIP","floor":43},{"not_picked":["bronze:BronzeArmor+1","bronze:Repulsor","bronze:BitShift"],"picked":"SKIP","floor":44},{"not_picked":["bronze:Repair","bronze:Safeguard+1"],"picked":"bronze:Shield","floor":46},{"not_picked":["bronze:ClassDefault","bronze:InfiniteBeams+1","bronze:OilSpill+1"],"picked":"SKIP","floor":47},{"not_picked":["bronze:InfiniteBeams+1","bronze:Philosophize+1","bronze:Overheat"],"picked":"SKIP","floor":48},{"not_picked":["bronze:DelayedGuard+1","bronze:Deprecate+1","bronze:Invalidate+1"],"picked":"SKIP","floor":49},{"not_picked":["bronze:ChosenStrike","bronze:BronzeOrb","bronze:Invalidate+1"],"picked":"SKIP","floor":52}],"player_experience":1216882,"relics_obtained":[{"floor":7,"key":"Pen Nib"},{"floor":10,"key":"Whetstone"},{"floor":26,"key":"White Beast Statue"},{"floor":31,"key":"PreservedInsect"},{"floor":40,"key":"HornCleat"},{"floor":41,"key":"Vajra"},{"floor":42,"key":"Dead Branch"},{"floor":44,"key":"Kunai"},{"floor":46,"key":"Toy Ornithopter"},{"floor":48,"key":"bronze:SilverBullet"},{"floor":52,"key":"Lantern"}],"event_choices":[{"damage_healed":0,"gold_gain":0,"player_choice":"Got Potions","damage_taken":0,"max_hp_gain":0,"max_hp_loss":0,"event_name":"Lab","floor":9,"gold_loss":0},{"damage_healed":0,"gold_gain":0,"player_choice":"Ignored","damage_taken":0,"max_hp_gain":0,"max_hp_loss":0,"event_name":"Ghosts","floor":25,"gold_loss":0},{"damage_healed":0,"gold_gain":0,"player_choice":"Read","damage_taken":0,"max_hp_gain":0,"max_hp_loss":0,"event_name":"The Library","floor":28,"gold_loss":0,"cards_obtained":["bronze:ForceShield"]}],"is_beta":false,"boss_relics":[{"not_picked":["Sozu","Snecko Eye"],"picked":"Cursed Key"},{"not_picked":["Philosopher\u0027s Stone","Coffee Dripper"],"picked":"Astrolabe"}],"items_purged_floors":[5,14,38,53],"is_endless":false,"potions_floor_spawned":[2,10,12,13,21,26,27,29,30,31,32,33,36,37,38,42,43,44,46,47,48,49,52],"ascension_level":2}}