{"host":"zdcz0a6aak4rnx0s","time":1613883442,"event":{"mods":["AchievementEnabler","BaseMod","Colored Map","Colored Powertips","Minty Spire (QoL Compilation)","StSLib"],"gold_per_floor":[118,118,137,154,79,79,79,79,79,123,137,137,158,172,172,172,172],"floor_reached":16,"language":"ENG","playtime":823,"items_purged":[],"score":194,"play_id":"31601381-3a0d-4120-a908-6e6c7be0e53a","local_time":"20210220225722","is_ascension_mode":true,"campfire_choices":[{"data":"Disarm","floor":6,"key":"SMITH"},{"floor":12,"key":"REST"},{"data":"Metallicize","floor":15,"key":"SMITH"}],"circlet_count":0,"master_deck":["AscendersBane","Strike_R","Strike_R","Strike_R","Defend_R","Defend_R","Defend_R","Defend_R","Bash","Disarm+1","Warcry","Metallicize+1","Feed","Evolve"],"relics":["Burning Blood","NeowsBlessing","Golden Idol","Boot","Mango"],"acts_visited":["Exordium"],"potions_floor_usage":[11,13,16],"damage_taken":[{"damage":0,"enemies":"Cultist","floor":1,"turns":1},{"damage":0,"enemies":"Jaw Worm","floor":3,"turns":1},{"damage":0,"enemies":"2 Louse","floor":4,"turns":1},{"damage":56,"enemies":"Gremlin Nob","floor":10,"turns":5},{"damage":0,"enemies":"Looter","floor":11,"turns":4},{"damage":7,"enemies":"Large Slime","floor":13,"turns":8},{"damage":5,"enemies":"Blue Slaver","floor":14,"turns":8},{"damage":78,"enemies":"Slime Boss","floor":16,"turns":13}],"seed_played":"-5770616882033251348","potions_obtained":[{"floor":1,"key":"EssenceOfSteel"},{"floor":10,"key":"AttackPotion"},{"floor":11,"key":"Dexterity Potion"}],"is_trial":false,"path_per_floor":["M","$","M","M","?","R","?","?","T","E","M","R","M","M","R","B"],"character_chosen":"IRONCLAD","items_purchased":[],"campfire_rested":1,"item_purchase_floors":[],"current_hp_per_floor":[74,74,75,75,75,75,75,68,68,32,38,62,61,65,65,0,0],"gold":172,"neow_bonus":"THREE_ENEMY_KILL","is_daily":false,"chose_seed":false,"campfire_upgraded":2,"win_rate":0.0,"timestamp":1613883442,"path_taken":["M","$","M","?","?","R","?","?","T","E","M","R","M","M","R","BOSS"],"items_purchased_type":[],"build_version":"2020-12-22","purchased_purges":0,"victory":false,"max_hp_per_floor":[75,75,75,75,75,75,75,68,68,82,82,82,82,85,85,85,85],"card_choices":[{"not_picked":["Dropkick","Sword Boomerang","Thunderclap"],"picked":"SKIP","floor":1},{"not_picked":["Twin Strike","Heavy Blade"],"picked":"Disarm","floor":3},{"not_picked":["Iron Wave","Flex","Havoc"],"picked":"SKIP","floor":4},{"not_picked":["Carnage","Second Wind","Dropkick"],"picked":"SKIP","floor":10},{"not_picked":["Sword Boomerang","Thunderclap"],"picked":"Metallicize","floor":11},{"not_picked":["Sever Soul","Headbutt"],"picked":"Feed","floor":13},{"not_picked":["Twin Strike","Sever Soul"],"picked":"Evolve","floor":14}],"player_experience":1052023,"relics_obtained":[{"floor":9,"key":"Boot"},{"floor":10,"key":"Mango"}],"event_choices":[{"cards_removed":["Strike_R"],"damage_healed":0,"gold_gain":0,"player_choice":"Card Removal","damage_taken":0,"max_hp_gain":0,"max_hp_loss":0,"event_name":"The Cleric","floor":5,"gold_loss":75},{"damage_healed":0,"gold_gain":0,"cards_transformed":["Strike_R"],"player_choice":"Change","damage_taken":0,"max_hp_gain":0,"max_hp_loss":0,"event_name":"Living Wall","floor":7,"gold_loss":0,"cards_obtained":["Warcry"]},{"damage_healed":0,"gold_gain":0,"player_choice":"Lose Max HP","damage_taken":0,"relics_obtained":["Golden Idol"],"max_hp_gain":0,"max_hp_loss":7,"event_name":"Golden Idol","floor":8,"gold_loss":0}],"is_beta":false,"boss_relics":[],"items_purged_floors":[],"is_endless":false,"potions_floor_spawned":[1,10,11],"killed_by":"Slime Boss","ascension_level":18}}