{"host":"d2gh6suihlstufn7","time":1613904201,"event":{"mods":["AchievementEnabler","BaseMod","Colored Map","Colored Powertips","Minty Spire (QoL Compilation)","Permanent Neow","Quick Restart"],"gold_per_floor":[116,134,209,262,262,262,281,281,308,328,338,358,358,22,22,124,124,137,153,153,170,185,185,216,71,71,71,71,71,31,130,130,229,229,240,13,26,301,315,315,315,315],"floor_reached":41,"language":"KOR","playtime":1950,"items_purged":["Regret"],"score":451,"play_id":"d9e8bdf5-76e5-4d55-a95a-00e1a650cc51","local_time":"20210221194321","is_ascension_mode":false,"campfire_choices":[{"data":"Immolate","floor":6,"key":"SMITH"},{"data":"Fire Breathing","floor":8,"key":"SMITH"},{"data":"Headbutt","floor":15,"key":"SMITH"},{"floor":23,"key":"REST"},{"data":"Spot Weakness","floor":28,"key":"SMITH"},{"data":"Immolate","floor":32,"key":"SMITH"},{"floor":40,"key":"RECALL"}],"circlet_count":0,"master_deck":["Strike_R","Strike_R","Strike_R","Strike_R","Strike_R","Defend_R","Defend_R","Defend_R","Bash","Immolate+1","Wild Strike","Fire Breathing+1","Feel No Pain","Headbutt+1","Immolate+1","Power Through+1","Wild Strike","Armaments+1","Spot Weakness+1","Fire Breathing","Feed","Regret"],"relics":["Black Blood","Vajra","Pantograph","Pear","Black Star","Orichalcum","Bag of Marbles","PreservedInsect","Oddly Smooth Stone","MealTicket"],"acts_visited":["Exordium","TheCity","TheBeyond"],"potions_floor_usage":[1,18,18,22,22,24,33,39],"damage_taken":[{"damage":0,"enemies":"2 Louse","floor":1,"turns":1},{"damage":5,"enemies":"Jaw Worm","floor":2,"turns":4},{"damage":0,"enemies":"Small Slimes","floor":7,"turns":2},{"damage":0,"enemies":"3 Louse","floor":10,"turns":2},{"damage":1,"enemies":"Exordium Thugs","floor":11,"turns":3},{"damage":10,"enemies":"Large Slime","floor":12,"turns":4},{"damage":0,"enemies":"Slime Boss","floor":16,"turns":5},{"damage":10,"enemies":"3 Byrds","floor":18,"turns":3},{"damage":10,"enemies":"Chosen","floor":19,"turns":4},{"damage":47,"enemies":"Shelled Parasite and Fungi","floor":21,"turns":6},{"damage":12,"enemies":"Centurion and Healer","floor":22,"turns":2},{"damage":2,"enemies":"Gremlin Leader","floor":24,"turns":4},{"damage":88,"enemies":"Champ","floor":33,"turns":11},{"damage":26,"enemies":"3 Darklings","floor":35,"turns":3},{"damage":31,"enemies":"3 Shapes","floor":37,"turns":3},{"damage":37,"enemies":"Jaw Worm Horde","floor":39,"turns":4},{"damage":45,"enemies":"3 Darklings","floor":41,"turns":4}],"seed_played":"-2650727124899374576","potions_obtained":[{"floor":1,"key":"EntropicBrew"},{"floor":2,"key":"FearPotion"},{"floor":21,"key":"FearPotion"},{"floor":22,"key":"SneckoOil"},{"floor":24,"key":"FearPotion"},{"floor":33,"key":"Fire Potion"},{"floor":37,"key":"LiquidBronze"}],"is_trial":false,"path_per_floor":["M","M","?","T","?","R","M","R","T","M","M","M","?","$","R","B",null,"M","M","?","M","M","R","E","$","T","?","R","?","$","?","R","B",null,"M","$","M","?","M","R","M"],"character_chosen":"IRONCLAD","items_purchased":["Pear","PreservedInsect","Fire Breathing","MealTicket","Regen Potion"],"campfire_rested":1,"item_purchase_floors":[14,25,30,36,36],"current_hp_per_floor":[80,80,69,69,69,69,75,75,75,80,80,76,76,86,86,90,90,86,82,82,41,35,62,66,66,66,66,66,66,66,66,66,8,90,76,76,57,57,44,44,0,0],"gold":315,"neow_bonus":"ONE_RANDOM_RARE_CARD","is_daily":false,"chose_seed":false,"campfire_upgraded":5,"win_rate":0.0,"timestamp":1613904201,"path_taken":["M","M","?","?","?","R","?","R","T","M","M","M","?","$","R","BOSS","M","M","?","M","M","R","E","$","T","?","R","?","$","?","R","BOSS","M","$","M","?","?","R","M"],"items_purchased_type":["Relic","Relic","Card","Relic","Potion"],"build_version":"2020-12-22","purchased_purges":1,"victory":false,"max_hp_per_floor":[80,80,80,80,80,80,80,80,80,80,80,80,80,90,90,90,90,90,90,90,90,90,90,90,90,90,90,90,90,90,90,90,90,90,90,90,90,90,90,90,90,90],"card_choices":[{"not_picked":["Battle Trance","Thunderclap"],"picked":"Wild Strike","floor":1},{"not_picked":["Warcry","Iron Wave"],"picked":"Fire Breathing","floor":2},{"not_picked":["Havoc","Warcry","Exhume"],"picked":"SKIP","floor":7},{"not_picked":["Clothesline","Whirlwind","Flex"],"picked":"SKIP","floor":10},{"not_picked":["Heavy Blade","True Grit"],"picked":"Feel No Pain","floor":11},{"not_picked":["Armaments","Fire Breathing"],"picked":"Headbutt","floor":12},{"not_picked":["Feed","Demon Form"],"picked":"Immolate","floor":16},{"not_picked":["Metallicize","Rage"],"picked":"Power Through+1","floor":18},{"not_picked":["Anger","Carnage"],"picked":"Wild Strike","floor":19},{"not_picked":["Flex","Seeing Red","Clothesline+1"],"picked":"SKIP","floor":21},{"not_picked":["Rage","Hemokinesis"],"picked":"Armaments+1","floor":22},{"not_picked":["Rupture","Inflame+1"],"picked":"Spot Weakness","floor":24},{"not_picked":["Corruption","Barricade"],"picked":"Feed","floor":33},{"not_picked":["Second Wind+1","Havoc+1","Blood for Blood"],"picked":"SKIP","floor":35},{"not_picked":["True Grit+1","Sever Soul+1","Perfected Strike"],"picked":"SKIP","floor":37},{"not_picked":["Headbutt+1","Clash+1","Heavy Blade"],"picked":"SKIP","floor":39}],"player_experience":184153,"relics_obtained":[{"floor":4,"key":"Vajra"},{"floor":24,"key":"Orichalcum"},{"floor":24,"key":"Bag of Marbles"},{"floor":26,"key":"Oddly Smooth Stone"}],"event_choices":[{"damage_healed":0,"gold_gain":75,"player_choice":"Gather Gold","damage_taken":11,"max_hp_gain":0,"max_hp_loss":0,"event_name":"World of Goop","floor":3,"gold_loss":0},{"cards_removed":["Defend_R"],"damage_healed":0,"gold_gain":0,"player_choice":"Offered Basic","damage_taken":0,"max_hp_gain":0,"max_hp_loss":0,"event_name":"Bonfire Elementals","floor":5,"gold_loss":0},{"damage_healed":0,"gold_gain":0,"player_choice":"Box","damage_taken":0,"relics_obtained":["Pantograph"],"max_hp_gain":0,"max_hp_loss":0,"event_name":"Big Fish","floor":13,"gold_loss":0,"cards_obtained":["Regret"]},{"damage_healed":0,"gold_gain":0,"player_choice":"Ignored","damage_taken":0,"max_hp_gain":0,"max_hp_loss":0,"event_name":"Ghosts","floor":20,"gold_loss":0},{"damage_healed":0,"gold_gain":0,"player_choice":"Smashed Altar","damage_taken":0,"max_hp_gain":0,"max_hp_loss":0,"event_name":"Forgotten Altar","floor":27,"gold_loss":0,"cards_obtained":["Decay"]},{"cards_removed":["Decay"],"damage_healed":0,"gold_gain":0,"player_choice":"Elegance","damage_taken":0,"max_hp_gain":0,"max_hp_loss":0,"event_name":"Back to Basics","floor":29,"gold_loss":0},{"damage_healed":0,"gold_gain":99,"player_choice":"Stole From Cult","damage_taken":0,"max_hp_gain":0,"max_hp_loss":0,"event_name":"Nest","floor":31,"gold_loss":0},{"damage_healed":0,"gold_gain":275,"player_choice":"Desecrate","damage_taken":0,"max_hp_gain":0,"max_hp_loss":0,"event_name":"Golden Shrine","floor":38,"gold_loss":0,"cards_obtained":["Regret"]}],"is_beta":false,"boss_relics":[{"not_picked":["Tiny House","Runic Pyramid"],"picked":"Black Star"},{"not_picked":["SacredBark","Fusion Hammer"],"picked":"Black Blood"}],"items_purged_floors":[14],"is_endless":false,"potions_floor_spawned":[1,2,7,16,21,22,24,33,37],"killed_by":"3 Darklings","ascension_level":0}}