{"host":"8is2j71l4wmybkoi","time":1613910087,"event":{"mods":["AchievementEnabler","BaseMod","Colored Map","DeckTracker","Minty Spire (QoL Compilation)","Rare Cards Sparkle","Relic Stats","StSLib","SuperFastMode"],"gold_per_floor":[110,110,126,126,126,126,137,137,137,148,163,173,173,190,190,264,264,274,284,334,345,361,361,395,55,78,78,78,78,28,38,38,38,38],"floor_reached":33,"language":"KOR","playtime":1056,"items_purged":["Strike_G","Strike_G"],"score":453,"play_id":"d16de55a-1a4a-42e7-a0c7-1665d03eb59a","local_time":"20210221212127","is_ascension_mode":true,"campfire_choices":[{"data":"Bullet Time","floor":6,"key":"SMITH"},{"data":"Neutralize","floor":8,"key":"SMITH"},{"data":"Blade Dance","floor":13,"key":"SMITH"},{"floor":15,"key":"REST"},{"floor":23,"key":"REST"},{"data":"Defend_G","floor":29,"key":"PURGE"},{"data":"Prepared","floor":32,"key":"SMITH"}],"circlet_count":0,"master_deck":["AscendersBane","Strike_G+1","Defend_G","Defend_G+1","Defend_G","Survivor+1","Neutralize+1","Flying Knee","PiercingWail","Bullet Time+1","Backflip","Blade Dance+1","Well Laid Plans","Leg Sweep","Grand Finale","CurseOfTheBell","Prepared+1","Reflex+1","Dagger Throw"],"relics":["Ring of the Snake","Incense Burner","Calling Bell","Smiling Mask","Mummified Hand","Thread and Needle","Bag of Marbles","Peace Pipe","War Paint"],"acts_visited":["Exordium","TheCity"],"potions_floor_usage":[10,16,18,19,24],"damage_taken":[{"damage":8,"enemies":"Small Slimes","floor":1,"turns":7},{"damage":7,"enemies":"Jaw Worm","floor":3,"turns":4},{"damage":0,"enemies":"2 Louse","floor":7,"turns":3},{"damage":4,"enemies":"Lots of Slimes","floor":10,"turns":5},{"damage":4,"enemies":"Blue Slaver","floor":11,"turns":3},{"damage":0,"enemies":"Exordium Thugs","floor":12,"turns":4},{"damage":0,"enemies":"Large Slime","floor":14,"turns":6},{"damage":28,"enemies":"Slime Boss","floor":16,"turns":14},{"damage":0,"enemies":"Chosen","floor":18,"turns":8},{"damage":1,"enemies":"2 Thieves","floor":19,"turns":3},{"damage":3,"enemies":"Chosen and Byrds","floor":21,"turns":6},{"damage":22,"enemies":"Sentry and Sphere","floor":22,"turns":9},{"damage":7,"enemies":"Gremlin Leader","floor":24,"turns":4},{"damage":0,"enemies":"Snake Plant","floor":31,"turns":4},{"damage":43,"enemies":"Collector","floor":33,"turns":5}],"seed_played":"6201241563599160251","potions_obtained":[{"floor":3,"key":"Energy Potion"},{"floor":7,"key":"FearPotion"},{"floor":14,"key":"Ancient Potion"},{"floor":16,"key":"Poison Potion"},{"floor":22,"key":"LiquidMemories"}],"is_trial":false,"path_per_floor":["M","?","M","?","?","R","M","R","T","M","M","M","R","M","R","B",null,"M","M","?","M","M","R","E","$","T","T","?","R","$","M","R","B"],"character_chosen":"THE_SILENT","items_purchased":["Peace Pipe"],"campfire_rested":2,"item_purchase_floors":[25],"current_hp_per_floor":[36,58,51,31,31,31,31,31,31,27,23,23,23,23,42,14,53,53,52,52,49,27,46,39,39,39,39,39,39,39,39,39,0,0],"gold":38,"neow_bonus":"REMOVE_TWO","is_daily":false,"chose_seed":false,"campfire_upgraded":4,"win_rate":0.0,"timestamp":1613910087,"path_taken":["M","?","M","?","?","R","M","R","T","M","M","M","R","M","R","BOSS","M","?","?","M","?","R","E","$","T","?","?","R","$","M","R","BOSS"],"items_purchased_type":["Relic"],"build_version":"2020-12-22","purchased_purges":2,"victory":false,"max_hp_per_floor":[66,66,66,66,66,66,66,66,66,66,66,66,66,66,66,66,66,66,66,66,66,66,66,66,66,66,66,66,66,66,66,66,66,66],"relic_stats":{"Peace Pipe":1,"counters":[15,85],"Mummified Hand":[5],"War Paint":["Reflex","Defend_G"],"Smiling Mask":75,"obtain_stats":[{"Calling Bell":17,"Peace Pipe":25,"Mummified Hand":17,"Thread and Needle":17,"Incense Burner":9,"Bag of Marbles":24,"War Paint":27,"Smiling Mask":17,"Ring of the Snake":0},{"Calling Bell":8,"Peace Pipe":13,"Mummified Hand":8,"Thread and Needle":8,"Incense Burner":3,"Bag of Marbles":13,"War Paint":13,"Smiling Mask":8,"Ring of the Snake":0},{"Calling Bell":46,"Peace Pipe":76,"Mummified Hand":46,"Thread and Needle":46,"Incense Burner":14,"Bag of Marbles":76,"War Paint":76,"Smiling Mask":46,"Ring of the Snake":0}],"Ring of the Snake":[30]},"card_choices":[{"not_picked":["Poisoned Stab","Acrobatics"],"picked":"Flying Knee","floor":1},{"not_picked":["Outmaneuver","Acrobatics"],"picked":"PiercingWail","floor":3},{"not_picked":["Quick Slash","Poisoned Stab"],"picked":"Backflip","floor":7},{"not_picked":["Bane","Expertise"],"picked":"Blade Dance","floor":10},{"not_picked":["Slice","Flying Knee"],"picked":"Well Laid Plans","floor":11},{"not_picked":["PiercingWail","Well Laid Plans","Outmaneuver"],"picked":"SKIP","floor":12},{"not_picked":["All Out Attack","Deadly Poison"],"picked":"Leg Sweep","floor":14},{"not_picked":["Wraith Form v2","Die Die Die"],"picked":"Grand Finale","floor":16},{"not_picked":["Deflect","Outmaneuver+1","Blade Dance"],"picked":"SKIP","floor":18},{"not_picked":["Dagger Spray","Flying Knee+1"],"picked":"Prepared","floor":19},{"not_picked":["Infinite Blades","Bullet Time","Underhanded Strike+1"],"picked":"SKIP","floor":21},{"not_picked":["Flying Knee","Poisoned Stab"],"picked":"Reflex","floor":22},{"not_picked":["Cloak And Dagger","Deflect"],"picked":"Dagger Throw","floor":24},{"not_picked":["Dagger Throw","Dodge and Roll","Slice"],"picked":"SKIP","floor":31}],"player_experience":1284825,"relics_obtained":[{"floor":9,"key":"Incense Burner"},{"floor":17,"key":"Smiling Mask"},{"floor":17,"key":"Mummified Hand"},{"floor":17,"key":"Thread and Needle"},{"floor":24,"key":"Bag of Marbles"},{"floor":27,"key":"War Paint"}],"event_choices":[{"damage_healed":22,"gold_gain":0,"player_choice":"Banana","damage_taken":0,"max_hp_gain":0,"max_hp_loss":0,"event_name":"Big Fish","floor":2,"gold_loss":0},{"damage_healed":0,"gold_gain":0,"player_choice":"Entered Light","damage_taken":20,"max_hp_gain":0,"max_hp_loss":0,"event_name":"Shining Light","floor":4,"gold_loss":0,"cards_upgraded":["Survivor","Strike_G"]},{"damage_healed":0,"gold_gain":0,"cards_transformed":["Strike_G"],"player_choice":"Transformed","damage_taken":0,"max_hp_gain":0,"max_hp_loss":0,"event_name":"Transmorgrifier","floor":5,"gold_loss":0,"cards_obtained":["Bullet Time"]},{"damage_healed":0,"gold_gain":50,"player_choice":"Pray","damage_taken":0,"max_hp_gain":0,"max_hp_loss":0,"event_name":"Golden Shrine","floor":20,"gold_loss":0},{"damage_healed":0,"gold_gain":0,"player_choice":"Ignored","damage_taken":0,"max_hp_gain":0,"max_hp_loss":0,"event_name":"Cursed Tome","floor":28,"gold_loss":0}],"is_beta":false,"boss_relics":[{"not_picked":["Velvet Choker","Ectoplasm"],"picked":"Calling Bell"}],"items_purged_floors":[25,30],"is_endless":false,"potions_floor_spawned":[3,7,14,16,22],"killed_by":"Collector","ascension_level":15}}