{"host":"sxnl403xm2xmiyj1","time":1613913056,"event":{"mods":["BaseMod","CapriCore","Colored Map","Keyboard Shortcuts","Koishi","Minty Spire (QoL Compilation)","Quick Restart","StSLib","SuperFastMode","The Immortal"],"gold_per_floor":[111,124,135,150,150,150,176,176,176,36,36,64,76,90,90,90,90],"floor_reached":16,"language":"KOR","playtime":421,"items_purged":[],"score":274,"play_id":"ac59b7da-ba66-48a9-9420-b6955ddff3df","local_time":"20210221221056","is_ascension_mode":true,"campfire_choices":[{"data":"Koishi:MentalBreakdown","floor":6,"key":"SMITH"},{"floor":8,"key":"REST"},{"data":"Koishi:FreudianInstinct","floor":11,"key":"SMITH"},{"data":"Koishi:Ego","floor":15,"key":"SMITH"}],"circlet_count":0,"master_deck":["AscendersBane","Koishi:BasicStrike","Koishi:BasicStrike","Koishi:BasicStrike","Koishi:BasicStrike","Koishi:BasicDefend","Koishi:BasicDefend","Koishi:BasicDefend","Koishi:BasicDefend","Koishi:Provoke","Koishi:HauntingSlash","Koishi:Ego+1","Koishi:SubconsciousSweep","Koishi:HeartfeltFancy","Koishi:MentalBreakdown+1","Koishi:GhostParty","Koishi:FreudianInstinct+1","Koishi:UnconsciousUprising","Koishi:UnconsciousUrges","Koishi:SubconsciousSweep","Koishi:SubterraneanRose","Koishi:SubconsciousSweep"],"relics":["Koishi:ImaginaryFriend","Oddly Smooth Stone","Art of War","StrikeDummy"],"acts_visited":["Exordium"],"potions_floor_usage":[16],"damage_taken":[{"damage":2,"enemies":"Cultist","floor":1,"turns":5},{"damage":1,"enemies":"Small Slimes","floor":2,"turns":4},{"damage":11,"enemies":"Jaw Worm","floor":3,"turns":5},{"damage":5,"enemies":"3 Louse","floor":4,"turns":3},{"damage":34,"enemies":"Lagavulin","floor":7,"turns":10},{"damage":0,"enemies":"3 Sentries","floor":12,"turns":10},{"damage":10,"enemies":"Blue Slaver","floor":13,"turns":5},{"damage":5,"enemies":"Looter","floor":14,"turns":3},{"damage":19,"enemies":"Hexaghost","floor":16,"turns":8}],"seed_played":"4432564870541870475","potions_obtained":[{"floor":1,"key":"LiquidBronze"},{"floor":2,"key":"SteroidPotion"},{"floor":12,"key":"SkillPotion"}],"is_trial":false,"path_per_floor":["M","M","M","M","?","R","E","R","T","$","R","E","M","M","R","B"],"character_chosen":"KOISHI","items_purchased":["Koishi:UnconsciousUprising","Koishi:UnconsciousUrges"],"campfire_rested":1,"item_purchase_floors":[10,10],"current_hp_per_floor":[51,51,43,38,43,43,12,30,30,30,30,30,22,18,18,0,0],"gold":90,"neow_bonus":"ONE_RANDOM_RARE_CARD","is_daily":false,"chose_seed":false,"campfire_upgraded":3,"win_rate":0.0,"timestamp":1613913056,"path_taken":["M","M","M","?","?","R","E","R","T","$","R","E","M","M","R","BOSS"],"items_purchased_type":["Card","Card"],"build_version":"2020-12-22","purchased_purges":0,"victory":false,"max_hp_per_floor":[57,57,57,57,62,62,62,62,62,62,62,62,62,62,62,62,62],"card_choices":[{"not_picked":["Koishi:ApparitionsStalkTheNight","Koishi:DanmakuParanoia"],"picked":"Koishi:SubconsciousSweep","floor":1},{"not_picked":["Koishi:ParalyzingFear","Koishi:JumpScare"],"picked":"Koishi:HeartfeltFancy","floor":2},{"not_picked":["Koishi:FourthEye","Koishi:BloodcurdlingScream"],"picked":"Koishi:MentalBreakdown","floor":3},{"not_picked":["Koishi:PhantomBarrier","Koishi:DNAsFlaw"],"picked":"Koishi:GhostParty","floor":4},{"not_picked":["Koishi:BloodcurdlingScream","Koishi:JumpScare"],"picked":"Koishi:FreudianInstinct","floor":7},{"not_picked":["Koishi:DanmakuParanoia","Koishi:StingingMind"],"picked":"Koishi:SubconsciousSweep","floor":12},{"not_picked":["Koishi:SubconsciousSweep","Koishi:SprinkleStarAndHeart"],"picked":"Koishi:SubterraneanRose","floor":13},{"not_picked":["Koishi:Heartbroken","Koishi:ApparitionsStalkTheNight"],"picked":"Koishi:SubconsciousSweep","floor":14}],"player_experience":291320,"relics_obtained":[{"floor":7,"key":"Oddly Smooth Stone"},{"floor":9,"key":"Art of War"},{"floor":12,"key":"StrikeDummy"}],"event_choices":[{"damage_healed":0,"gold_gain":0,"player_choice":"Donut","damage_taken":0,"max_hp_gain":5,"max_hp_loss":0,"event_name":"Big Fish","floor":5,"gold_loss":0}],"is_beta":false,"boss_relics":[],"items_purged_floors":[],"is_endless":false,"potions_floor_spawned":[1,2,4,12,13],"killed_by":"Hexaghost","ascension_level":20}}