{"host":"f8krwbl1oysf3v6f","time":1613891449,"event":{"mods":["AchievementEnabler","BaseMod","Colored Map","DeckTracker","Minty Spire (QoL Compilation)","Permanent Neow","READ ME - Snecko Mod","StSLib","SuperFastMode","Td1madao Mod"],"gold_per_floor":[110,124,134,150,165,165,199,199,225,73,73,91,91,91,91,193,193,208,123,136,148,160,160,160],"floor_reached":23,"language":"KOR","playtime":1024,"items_purged":["Iron Wave"],"score":327,"play_id":"9e7130fc-6479-424f-9a6d-47ad463f1413","local_time":"20210221161049","is_ascension_mode":true,"campfire_choices":[{"data":"Entrench","floor":6.0,"key":"SMITH"},{"data":"Body Slam","floor":8.0,"key":"SMITH"},{"data":"Battle Trance","floor":15.0,"key":"SMITH"}],"circlet_count":0,"master_deck":["AscendersBane","Bash","Iron Wave","Iron Wave","Iron Wave","Iron Wave","Iron Wave","Thunderclap","Entrench+1","Immolate","Body Slam+1","Battle Trance+1","Rage"],"relics":["Burning Blood","Question Card","Oddly Smooth Stone","Black Star","Tiny Chest"],"acts_visited":["Exordium","TheCity"],"potions_floor_usage":[],"damage_taken":[{"damage":0.0,"enemies":"Jaw Worm","floor":1.0,"turns":3.0},{"damage":0.0,"enemies":"2 Louse","floor":2.0,"turns":2.0},{"damage":0.0,"enemies":"Small Slimes","floor":3.0,"turns":4.0},{"damage":1.0,"enemies":"Looter","floor":4.0,"turns":3.0},{"damage":0.0,"enemies":"3 Louse","floor":5.0,"turns":1.0},{"damage":15.0,"enemies":"3 Sentries","floor":7.0,"turns":6.0},{"damage":0.0,"enemies":"Blue Slaver","floor":12.0,"turns":3.0},{"damage":50.0,"enemies":"Hexaghost","floor":16.0,"turns":12.0},{"damage":0.0,"enemies":"Shell Parasite","floor":18.0,"turns":8.0},{"damage":17,"enemies":"3 Byrds","floor":20,"turns":3},{"damage":39,"enemies":"Snecko","floor":21,"turns":5},{"damage":3,"enemies":"Centurion and Healer","floor":22,"turns":5},{"damage":37,"enemies":"Cultist and Chosen","floor":23,"turns":5}],"seed_played":"-7401462788959313350","potions_obtained":[{"floor":3.0,"key":"SteroidPotion"},{"floor":5.0,"key":"Energy Potion"},{"floor":16.0,"key":"SpeedPotion"}],"is_trial":false,"path_per_floor":["M","M","M","M","M","R","E","R","T","$","?","M","?","?","R","B",null,"M","?","M","M","M","M"],"character_chosen":"IRONCLAD","items_purchased":["Battle Trance"],"campfire_rested":0,"item_purchase_floors":[10],"current_hp_per_floor":[78,80,80,80,80,80,71,71,71,71,76,82,75,75,75,31,72,78,78,67,34,37,0,0],"gold":160,"neow_bonus":"THREE_CARDS","is_daily":false,"chose_seed":false,"campfire_upgraded":3,"win_rate":0.0,"timestamp":1613891449,"path_taken":["M","M","M","M","M","R","E","R","T","$","?","M","?","?","R","BOSS","M","?","M","M","M","M"],"items_purchased_type":["Card"],"build_version":"2020-12-22","purchased_purges":1,"victory":false,"max_hp_per_floor":[80,80,80,80,80,80,80,80,80,80,85,85,85,85,85,85,85,85,85,85,85,85,85,85],"card_choices":[{"not_picked":["Havoc","Wild Strike"],"picked":"Iron Wave","floor":0.0},{"not_picked":["Flex","Hemokinesis"],"picked":"Thunderclap","floor":1.0},{"not_picked":["Iron Wave","Power Through","Warcry"],"picked":"SKIP","floor":2.0},{"not_picked":["Warcry","Shrug It Off"],"picked":"Entrench","floor":3.0},{"not_picked":["Bloodletting","True Grit"],"picked":"Immolate","floor":4.0},{"not_picked":["Infernal Blade","Clash","Pommel Strike"],"picked":"SKIP","floor":5.0},{"not_picked":["Anger","Armaments"],"picked":"Body Slam","floor":7.0},{"not_picked":["Flex","True Grit","Sentinel","Cleave"],"picked":"SKIP","floor":12.0},{"not_picked":["Thunderclap+1","Feel No Pain","True Grit+1"],"picked":"Rage","floor":18.0},{"not_picked":["Clash","Clothesline","Wild Strike","Headbutt"],"picked":"SKIP","floor":20},{"not_picked":["Thunderclap","Headbutt","Anger","Spot Weakness"],"picked":"SKIP","floor":21},{"not_picked":["Fire Breathing+1","Thunderclap","Sentinel+1","Infernal Blade"],"picked":"SKIP","floor":22}],"player_experience":251100,"relics_obtained":[{"floor":7.0,"key":"Question Card"},{"floor":9.0,"key":"Oddly Smooth Stone"}],"event_choices":[{"damage_healed":0.0,"max_hp_gain":5.0,"max_hp_loss":0.0,"gold_gain":0.0,"event_name":"Big Fish","player_choice":"Donut","floor":11.0,"gold_loss":0.0,"damage_taken":0.0},{"cards_removed":["Iron Wave"],"damage_healed":0.0,"max_hp_gain":0.0,"max_hp_loss":0.0,"gold_gain":0.0,"event_name":"Golden Wing","player_choice":"Card Removal","floor":13.0,"gold_loss":0.0,"damage_taken":7.0},{"damage_healed":0.0,"max_hp_gain":0.0,"max_hp_loss":0.0,"gold_gain":0.0,"event_name":"Liars Game","player_choice":"Ignored","floor":14.0,"gold_loss":0.0,"damage_taken":0.0},{"damage_healed":0.0,"max_hp_gain":0.0,"max_hp_loss":0.0,"gold_gain":0.0,"event_name":"Addict","player_choice":"Obtained Relic","floor":19.0,"gold_loss":85.0,"damage_taken":0.0,"relics_obtained":["Tiny Chest"]}],"is_beta":false,"boss_relics":[{"not_picked":["Snecko Eye","Coffee Dripper"],"picked":"Black Star"}],"items_purged_floors":[10],"is_endless":false,"potions_floor_spawned":[3,5,7,12,16,22],"killed_by":"Cultist and Chosen","ascension_level":11}}