{"host":"x730sfaw5rd1mxd8","time":1613866323,"event":{"mods":["BaseMod","BetterRewards","Colored Powertips","Downfall","Highlight Path","Minty Spire (QoL Compilation)","Relic Sorter","Relic Stats","Replay The Spire","StSLib"],"gold_per_floor":[99,117,127,139,153,188,188,188,222,222,222,372,49,64,84,84,84,84],"floor_reached":16,"language":"ENG","playtime":840,"items_purged":["Guardian:Strike_Guardian"],"score":118,"play_id":"53031f9a-a234-4317-b42a-db5a719466e2","local_time":"20210220191203","is_ascension_mode":true,"campfire_choices":[{"data":"Guardian:TwinSlam","floor":1,"key":"SMITH"},{"data":"Guardian:BodySlam","floor":10,"key":"SMITH"}],"circlet_count":0,"master_deck":["Guardian:Strike_Guardian","Guardian:Strike_Guardian","Guardian:Defend_Guardian","Guardian:Defend_Guardian","Guardian:Defend_Guardian","Guardian:Defend_Guardian","Guardian:TwinSlam+1","Guardian:Incinerate","Guardian:DonusPower","Guardian:BodySlam+1","Guardian:Recover","downfall:Icky","Guardian:Gem_Cyan","Guardian:StasisStrike","Guardian:Gem_White","Guardian:TimeCapacitor","Guardian:FuturePlans"],"relics":["Empty Cage","Anchor","Slimebound:PreparedRelic","WingedGreaves","downfall:BrokenWingStatue"],"acts_visited":["Exordium"],"potions_floor_usage":[6,16,16],"damage_taken":[{"damage":0,"enemies":"2 Louse","floor":2,"turns":2},{"damage":7,"enemies":"Jaw Worm","floor":3,"turns":4},{"damage":1,"enemies":"Cultist","floor":4,"turns":3},{"damage":1,"enemies":"2 Fungi Beasts","floor":5,"turns":4},{"damage":20,"enemies":"3 Sentries","floor":6,"turns":8},{"damage":24,"enemies":"Lagavulin","floor":9,"turns":8},{"damage":0,"enemies":"downfall:FleeingMerchant","floor":13,"turns":4},{"damage":9,"enemies":"Blue Slaver","floor":14,"turns":4},{"damage":0,"enemies":"Lots of Slimes","floor":15,"turns":5},{"damage":23,"enemies":"IC_STATUS_ARCHETYPE","floor":16,"turns":4}],"seed_played":"-2623868457559148048","potions_obtained":[{"floor":3,"key":"Guardian:DefensiveModePotion"},{"floor":14,"key":"AttackPotion"},{"floor":15,"key":"AttackPotion"}],"is_trial":false,"path_per_floor":["R","M","M","M","M","E","T","?","E","R","?","?","$","M","M","B"],"character_chosen":"GUARDIAN","items_purchased":["Guardian:StasisStrike","Guardian:Gem_White"],"campfire_rested":0,"item_purchase_floors":[13,13],"current_hp_per_floor":[80,80,73,72,71,51,51,56,32,32,32,32,32,23,23,0,0,0],"gold":84,"neow_bonus":"BOSS_RELIC","is_daily":false,"chose_seed":false,"campfire_upgraded":2,"win_rate":0.0,"timestamp":1613866323,"path_taken":["R","M","M","M","M","E","T","?","E","R","?","?","?","?","M","BOSS"],"items_purchased_type":["Card","Card"],"build_version":"2020-12-22","purchased_purges":1,"victory":false,"max_hp_per_floor":[80,80,80,80,80,80,80,85,85,85,85,85,85,85,85,85,85,85],"relic_stats":{"counters":[10,46],"obtain_stats":[{"Anchor":6,"downfall:BrokenWingStatue":11,"Guardian:ModeShifter":0,"Slimebound:PreparedRelic":7,"WingedGreaves":9,"Empty Cage":0},{"Anchor":5,"downfall:BrokenWingStatue":6,"Guardian:ModeShifter":0,"Slimebound:PreparedRelic":5,"WingedGreaves":6,"Empty Cage":0},{"Anchor":21,"downfall:BrokenWingStatue":29,"Guardian:ModeShifter":0,"Slimebound:PreparedRelic":21,"WingedGreaves":29,"Empty Cage":0}]},"card_choices":[{"not_picked":["Guardian:Planning","Guardian:TemporalShield"],"picked":"Guardian:Incinerate","floor":2},{"not_picked":["Guardian:TemporalShield","Guardian:RollAttack","Guardian:PrimingBeam"],"picked":"SKIP","floor":3},{"not_picked":["Guardian:TemporalStrike","Guardian:ArmoredProtocol","Guardian:DecasProtection"],"picked":"SKIP","floor":4},{"not_picked":["Guardian:TemporalShield","Guardian:ShieldSpikes"],"picked":"Guardian:DonusPower","floor":5},{"not_picked":["Guardian:VentSteam","Guardian:RollAttack"],"picked":"Guardian:BodySlam","floor":6},{"not_picked":["Guardian:PrimingBeam","Guardian:VentSteam"],"picked":"Guardian:Recover","floor":9},{"not_picked":["Guardian:PrismaticBarrier","Guardian:ChargeCore"],"picked":"Guardian:Gem_Cyan","floor":13},{"not_picked":["Guardian:ShieldSpikes","Guardian:Incinerate"],"picked":"Guardian:TimeCapacitor","floor":14},{"not_picked":["Guardian:TemporalStrike","Guardian:Harden"],"picked":"Guardian:FuturePlans","floor":15}],"player_experience":4248085,"relics_obtained":[{"floor":6,"key":"Anchor"},{"floor":7,"key":"Slimebound:PreparedRelic"},{"floor":9,"key":"WingedGreaves"}],"event_choices":[{"damage_healed":0,"gold_gain":0,"player_choice":"Donut","damage_taken":0,"max_hp_gain":5,"max_hp_loss":0,"event_name":"Big Fish","floor":8,"gold_loss":0}],"is_beta":false,"boss_relics":[],"items_purged_floors":[13],"is_endless":false,"potions_floor_spawned":[3,14,15],"killed_by":"IC_STATUS_ARCHETYPE","ascension_level":1}}