{"host":"03wg26e59xbt495y","time":1613876101,"event":{"mods":["BaseMod","Minty Spire (QoL Compilation)","StSLib","The Necromancer"],"gold_per_floor":[114,64,64,74,74,100,100,127,181,206,206,233,245,245,245,345,345,357,357,376,445,457,457,527,577,577,627,643,705,705,705,705],"floor_reached":31,"language":"ENG","playtime":1740,"items_purged":[],"score":285,"play_id":"fe6797ea-61cc-42ce-9aad-17aba61f75d2","local_time":"20210220215501","is_ascension_mode":false,"campfire_choices":[{"floor":11.0,"key":"REST"},{"floor":15.0,"key":"RECALL"},{"floor":23.0,"key":"REST"}],"circlet_count":0,"master_deck":["Strike_W","Strike_W","Strike_W","Strike_W+1","Defend_W","Defend_W","Defend_W","Negative_Energy_Arrows","Bone_Wall+1","Scare","Finger_Of_Death","Negative_Energy_Sphere","Death_March_Dance+1","Bone_Spikes","Vampiric_Strike","Summon_Lich","Grasp_Heart","Spectral_Armor","Negative_Energy_Javelin","Bone_Armory+1","Bones_to_Steel+1","Spectral_Armor","Blood_Is_Power","Decay","Bone_Prison+1"],"relics":["Vampire_Amulet","Mercury Hourglass","Pen Nib","The Courier","Blood Vial","Dream Catcher","Sundial","Runic Pyramid","SsserpentHead","Singing Bowl"],"acts_visited":["Exordium","TheCity"],"potions_floor_usage":[],"damage_taken":[{"damage":0.0,"enemies":"2 Louse","floor":1.0,"turns":4.0},{"damage":0.0,"enemies":"Jaw Worm","floor":4.0,"turns":3.0},{"damage":13.0,"enemies":"Gremlin Nob","floor":6.0,"turns":4.0},{"damage":11.0,"enemies":"3 Sentries","floor":8.0,"turns":5.0},{"damage":29.0,"enemies":"Lagavulin","floor":10.0,"turns":5.0},{"damage":19.0,"enemies":"3 Sentries","floor":12.0,"turns":8.0},{"damage":0.0,"enemies":"Cultist","floor":13.0,"turns":2.0},{"damage":45.0,"enemies":"Slime Boss","floor":16.0,"turns":9.0},{"damage":30.0,"enemies":"Spheric Guardian","floor":18.0,"turns":4.0},{"damage":19.0,"enemies":"Shell Parasite","floor":20.0,"turns":3.0},{"damage":20.0,"enemies":"Sentry and Sphere","floor":21.0,"turns":5.0},{"damage":12.0,"enemies":"Snake Plant","floor":22.0,"turns":3.0},{"damage":32.0,"enemies":"Centurion and Healer","floor":24.0,"turns":4.0},{"damage":18.0,"enemies":"3 Cultists","floor":28.0,"turns":5.0},{"damage":2.0,"enemies":"Snecko","floor":29.0,"turns":5.0},{"damage":0.0,"enemies":"Gremlin Leader","floor":30.0,"turns":1.0},{"damage":21,"enemies":"Snake Plant","floor":31,"turns":1}],"seed_played":"787299794058918077","potions_obtained":[{"floor":4.0,"key":"DistilledChaos"},{"floor":6.0,"key":"SmokeBomb"},{"floor":8.0,"key":"SteroidPotion"},{"floor":10.0,"key":"SpeedPotion"},{"floor":18.0,"key":"Fire Potion"},{"floor":22.0,"key":"Strength Potion"}],"is_trial":false,"path_per_floor":["M","?","?","M","$","E","T","E","T","E","R","E","M","?","R","B",null,"M","?","M","M","M","R","M","?","T","?","M","M","E","M"],"character_chosen":"NECROMANCER","items_purchased":[],"campfire_rested":2,"item_purchase_floors":[],"current_hp_per_floor":[82,82,66,68,68,57,57,52,52,27,51,40,46,46,46,16,82,54,54,39,27,19,43,19,19,19,19,11,15,17,0,0],"gold":705,"neow_bonus":"TEN_PERCENT_HP_BONUS","is_daily":false,"chose_seed":false,"campfire_upgraded":0,"win_rate":0.0,"timestamp":1613876101,"path_taken":["M","?","?","M","$","E","?","E","T","E","R","E","?","?","R","BOSS","M","?","M","?","M","R","?","?","T","?","M","?","E","M"],"items_purchased_type":[],"build_version":"2020-12-22","purchased_purges":0,"victory":false,"max_hp_per_floor":[82,82,82,82,82,82,82,82,82,82,82,82,82,82,82,82,82,82,82,82,82,82,82,82,82,82,82,82,84,84,84,84],"card_choices":[{"not_picked":["Negative_Energy_Sphere","Blood_Curse"],"picked":"Scare","floor":1.0},{"not_picked":["Exploit","Bone_Spikes"],"picked":"Finger_Of_Death","floor":4.0},{"not_picked":["Epidemic","Chill_Blood"],"picked":"Negative_Energy_Sphere","floor":6.0},{"not_picked":["Life_Drain","Necromantic_Selection","Bone_Shift"],"picked":"SKIP","floor":8.0},{"not_picked":["Bone_Prison","Epidemic"],"picked":"Death_March_Dance","floor":10.0},{"not_picked":["Scare","Toxic_Smoke_Screen"],"picked":"Bone_Spikes","floor":11.0},{"not_picked":["Slay_Living","Epidemic"],"picked":"Vampiric_Strike","floor":12.0},{"not_picked":["Stop_Heart","Bone_Armor"],"picked":"Summon_Lich","floor":13.0},{"not_picked":["Detonate_Bones","Negative_Energy_Bomb"],"picked":"Grasp_Heart","floor":16.0},{"not_picked":["Blood_Whip","Bone_Spikes"],"picked":"Spectral_Armor","floor":18.0},{"not_picked":["Deaths_Shadow","Life_Drain"],"picked":"Negative_Energy_Javelin","floor":20.0},{"not_picked":["Shackles_Of_Pain","Scare"],"picked":"Bone_Armory+1","floor":21.0},{"not_picked":["Scare","Cloudkill"],"picked":"Bones_to_Steel","floor":22.0},{"not_picked":["Consume_Illness","Negative_Energy_Javelin"],"picked":"Spectral_Armor","floor":23.0},{"not_picked":["Negative_Energy_Sphere","Death_Coil"],"picked":"Blood_Is_Power","floor":24.0},{"not_picked":["Bones_to_Steel","Exploit"],"picked":"Bone_Prison+1","floor":28.0},{"not_picked":["Blood_Curse","Life_Drain","Bones_to_Steel+1"],"picked":"Singing Bowl","floor":29.0}],"player_experience":187747,"relics_obtained":[{"floor":6.0,"key":"Mercury Hourglass"},{"floor":7.0,"key":"Pen Nib"},{"floor":8.0,"key":"The Courier"},{"floor":9.0,"key":"Blood Vial"},{"floor":10.0,"key":"Dream Catcher"},{"floor":12.0,"key":"Sundial"},{"floor":26.0,"key":"Singing Bowl"}],"event_choices":[{"cards_removed":["Defend_W"],"damage_healed":0.0,"max_hp_gain":0.0,"max_hp_loss":0.0,"gold_gain":0.0,"event_name":"The Cleric","player_choice":"Card Removal","floor":2.0,"gold_loss":50.0,"damage_taken":0.0},{"damage_healed":0.0,"max_hp_gain":0.0,"max_hp_loss":0.0,"gold_gain":0.0,"event_name":"Shining Light","player_choice":"Entered Light","floor":3.0,"gold_loss":0.0,"damage_taken":16.0,"cards_upgraded":["Strike_W","Bone_Wall"]},{"damage_healed":0.0,"max_hp_gain":0.0,"max_hp_loss":0.0,"gold_gain":0.0,"event_name":"Living Wall","player_choice":"Grow","floor":14.0,"gold_loss":0.0,"damage_taken":0.0,"cards_upgraded":["Death_March_Dance"]},{"damage_healed":0.0,"max_hp_gain":0.0,"max_hp_loss":0.0,"gold_gain":0.0,"event_name":"FaceTrader","player_choice":"Trade","floor":19.0,"gold_loss":0.0,"damage_taken":0.0,"relics_obtained":["SsserpentHead"]},{"damage_healed":0.0,"max_hp_gain":0.0,"max_hp_loss":0.0,"gold_gain":0.0,"event_name":"Forgotten Altar","player_choice":"Smashed Altar","floor":25.0,"gold_loss":0.0,"damage_taken":0.0,"cards_obtained":["Decay"]},{"damage_healed":0.0,"max_hp_gain":0.0,"max_hp_loss":0.0,"gold_gain":0.0,"event_name":"Upgrade Shrine","player_choice":"Upgraded","floor":27.0,"gold_loss":0.0,"damage_taken":0.0,"cards_upgraded":["Bones_to_Steel"]}],"is_beta":false,"boss_relics":[{"not_picked":["Snecko Eye","SacredBark"],"picked":"Runic Pyramid"}],"items_purged_floors":[],"is_endless":false,"potions_floor_spawned":[4,6,8,10,18,22,30],"killed_by":"Snake Plant","ascension_level":0}}