{"host":"nsc6ozq3atyrdr3m","time":1613931472,"event":{"mods":["BaseMod","Colored Map","Minty Spire (QoL Compilation)"],"gold_per_floor":[116,116,291,291,307,307,317,217,217,231,231,259,259,259,259,259,259],"floor_reached":16,"language":"FRA","playtime":461,"items_purged":["Doubt"],"score":137,"play_id":"79a22f1f-6090-4af2-8a2d-13220a818fb2","local_time":"20210221191752","is_ascension_mode":true,"campfire_choices":[{"data":"PiercingWail","floor":6,"key":"SMITH"},{"data":"Deadly Poison","floor":11,"key":"SMITH"},{"floor":13,"key":"REST"},{"data":"Leg Sweep","floor":15,"key":"SMITH"}],"circlet_count":0,"master_deck":["Strike_G","Strike_G","Strike_G","Strike_G","Strike_G","Defend_G","Defend_G","Defend_G","Defend_G","Defend_G","Survivor","Neutralize+1","PiercingWail","PiercingWail+1","Dash+1","Deadly Poison+1","Prepared","Leg Sweep+1"],"relics":["Ring of the Snake","Juzu Bracelet","Turnip","MealTicket","Lantern"],"acts_visited":["Exordium"],"potions_floor_usage":[12],"damage_taken":[{"damage":0,"enemies":"Small Slimes","floor":1,"turns":3},{"damage":5,"enemies":"2 Louse","floor":5,"turns":5},{"damage":7,"enemies":"Jaw Worm","floor":7,"turns":8},{"damage":3,"enemies":"Looter","floor":10,"turns":4},{"damage":22,"enemies":"3 Sentries","floor":12,"turns":11},{"damage":57,"enemies":"Slime Boss","floor":16,"turns":18}],"seed_played":"7593206854498368013","potions_obtained":[{"floor":10,"key":"AttackPotion"}],"is_trial":false,"path_per_floor":["M","?","?","T","M","R","M","$","T","M","R","E","R","?","R","B"],"character_chosen":"THE_SILENT","items_purchased":["Deadly Poison"],"campfire_rested":1,"item_purchase_floors":[8],"current_hp_per_floor":[63,63,63,63,58,58,51,51,51,48,48,26,47,47,47,0,0],"gold":259,"neow_bonus":"RANDOM_COMMON_RELIC","is_daily":false,"chose_seed":false,"campfire_upgraded":3,"win_rate":0.0,"timestamp":1613931472,"path_taken":["M","?","?","?","M","R","M","$","T","M","R","E","R","?","R","BOSS"],"items_purchased_type":["Card"],"build_version":"2020-12-22","purchased_purges":1,"victory":false,"max_hp_per_floor":[70,70,70,70,70,70,70,70,70,70,70,70,70,70,70,70,70],"card_choices":[{"not_picked":["Acrobatics","Poisoned Stab"],"picked":"PiercingWail","floor":1},{"not_picked":["Calculated Gamble","Underhanded Strike"],"picked":"PiercingWail","floor":5},{"not_picked":["Dodge and Roll","Underhanded Strike"],"picked":"Dash","floor":7},{"not_picked":["Flying Knee","Dagger Throw"],"picked":"Prepared","floor":10},{"not_picked":["Underhanded Strike","PiercingWail"],"picked":"Leg Sweep","floor":12}],"player_experience":441179,"relics_obtained":[{"floor":4,"key":"Turnip"},{"floor":9,"key":"MealTicket"},{"floor":12,"key":"Lantern"}],"event_choices":[{"damage_healed":0,"gold_gain":0,"player_choice":"Grow","damage_taken":0,"max_hp_gain":0,"max_hp_loss":0,"event_name":"Living Wall","floor":2,"gold_loss":0,"cards_upgraded":["Neutralize"]},{"damage_healed":0,"gold_gain":175,"player_choice":"AGREE","damage_taken":0,"max_hp_gain":0,"max_hp_loss":0,"event_name":"Liars Game","floor":3,"gold_loss":0,"cards_obtained":["Doubt"]},{"damage_healed":0,"gold_gain":0,"player_choice":"Upgraded","damage_taken":0,"max_hp_gain":0,"max_hp_loss":0,"event_name":"Upgrade Shrine","floor":14,"gold_loss":0,"cards_upgraded":["Dash"]}],"is_beta":false,"boss_relics":[],"items_purged_floors":[8],"is_endless":false,"potions_floor_spawned":[10],"killed_by":"Slime Boss","ascension_level":8}}