{"host":"4qkvkh7pd9qr2mca","time":1613943703,"event":{"mods":["AchievementEnabler","BaseMod","Colored Map","Colored Powertips","Highlight Path","Minty Spire (QoL Compilation)","Permanent Neow","Quick Restart","Relic Stats","StSLib","SuperFastMode"],"gold_per_floor":[116,126,146,157,177,177,177,177,204,53,53,53,53,80,80,157,157,157],"floor_reached":17,"language":"ENG","playtime":557,"items_purged":["Strike_G"],"score":310,"play_id":"276e3b66-bb0c-42db-a165-645a24084022","local_time":"20210221224143","is_ascension_mode":true,"campfire_choices":[{"floor":6,"key":"DIG"},{"floor":8,"key":"DIG"},{"floor":12,"key":"DIG"},{"floor":15,"key":"REST"}],"circlet_count":0,"master_deck":["AscendersBane","Strike_G","Strike_G+1","Strike_G","Strike_G","Defend_G","Defend_G","Defend_G","Defend_G","Defend_G","Survivor","Neutralize","Sucker Punch","Blur+1","Malaise+1","Infinite Blades","Die Die Die"],"relics":["Ring of the Snake","Shovel","Snake Skull","Bag of Preparation","Akabeko","Du-Vu Doll","Happy Flower","Vajra","Sozu"],"acts_visited":["Exordium","TheCity"],"potions_floor_usage":[5,14],"damage_taken":[{"damage":3,"enemies":"Jaw Worm","floor":1,"turns":5},{"damage":3,"enemies":"Cultist","floor":2,"turns":4},{"damage":0,"enemies":"2 Louse","floor":3,"turns":2},{"damage":4,"enemies":"Blue Slaver","floor":4,"turns":7},{"damage":5,"enemies":"Lots of Slimes","floor":5,"turns":8},{"damage":8,"enemies":"3 Sentries","floor":14,"turns":11},{"damage":15,"enemies":"Hexaghost","floor":16,"turns":13}],"seed_played":"-8276636431757712124","potions_obtained":[{"floor":2,"key":"EssenceOfSteel"},{"floor":4,"key":"Block Potion"},{"floor":16,"key":"GhostInAJar"}],"is_trial":false,"path_per_floor":["M","M","M","M","M","R","?","R","T","$","?","R","T","E","R","B",null],"character_chosen":"THE_SILENT","items_purchased":["Infinite Blades"],"campfire_rested":1,"item_purchase_floors":[10],"current_hp_per_floor":[56,53,53,49,44,44,44,44,44,44,26,26,26,18,36,21,50,50],"gold":157,"neow_bonus":"ONE_RARE_RELIC","is_daily":false,"chose_seed":false,"campfire_upgraded":0,"win_rate":0.0,"timestamp":1613943703,"path_taken":["M","M","M","M","M","R","?","R","T","?","?","R","?","E","R","BOSS"],"items_purchased_type":["Card"],"build_version":"2020-12-22","purchased_purges":1,"victory":false,"max_hp_per_floor":[60,60,60,60,60,60,60,60,60,60,60,60,60,60,60,60,60,60],"relic_stats":{"Sozu":0,"Shovel":3,"Happy Flower":[8],"counters":[7,50],"Snake Skull":[0],"Bag of Preparation":[4],"obtain_stats":[{"Du-Vu Doll":12,"Sozu":17,"Shovel":0,"Happy Flower":13,"Vajra":14,"Snake Skull":6,"Bag of Preparation":8,"Akabeko":9,"Ring of the Snake":0},{"Du-Vu Doll":5,"Sozu":7,"Shovel":0,"Happy Flower":5,"Vajra":6,"Snake Skull":5,"Bag of Preparation":5,"Akabeko":5,"Ring of the Snake":0},{"Du-Vu Doll":26,"Sozu":50,"Shovel":0,"Happy Flower":26,"Vajra":37,"Snake Skull":26,"Bag of Preparation":26,"Akabeko":26,"Ring of the Snake":0}],"Ring of the Snake":[14]},"card_choices":[{"not_picked":["Deflect","PiercingWail"],"picked":"Sucker Punch","floor":1},{"not_picked":["Flying Knee","Bane","Quick Slash"],"picked":"SKIP","floor":2},{"not_picked":["Flying Knee","Underhanded Strike","Dagger Spray"],"picked":"SKIP","floor":3},{"not_picked":["Backflip","Dodge and Roll"],"picked":"Blur","floor":4},{"not_picked":["Skewer","Catalyst"],"picked":"Malaise","floor":5},{"not_picked":["Sucker Punch","Flying Knee","Endless Agony"],"picked":"SKIP","floor":14},{"not_picked":["Grand Finale","Tools of the Trade"],"picked":"Die Die Die","floor":16}],"player_experience":658385,"relics_obtained":[{"floor":6,"key":"Snake Skull"},{"floor":8,"key":"Bag of Preparation"},{"floor":9,"key":"Akabeko"},{"floor":12,"key":"Du-Vu Doll"},{"floor":13,"key":"Happy Flower"},{"floor":14,"key":"Vajra"}],"event_choices":[{"damage_healed":0,"gold_gain":0,"player_choice":"Upgraded","damage_taken":0,"max_hp_gain":0,"max_hp_loss":0,"event_name":"Upgrade Shrine","floor":7,"gold_loss":0,"cards_upgraded":["Malaise"]},{"damage_healed":0,"gold_gain":0,"player_choice":"Entered Light","damage_taken":18,"max_hp_gain":0,"max_hp_loss":0,"event_name":"Shining Light","floor":11,"gold_loss":0,"cards_upgraded":["Strike_G","Blur"]}],"is_beta":false,"boss_relics":[{"not_picked":["Busted Crown","Runic Dome"],"picked":"Sozu"}],"items_purged_floors":[10],"is_endless":false,"potions_floor_spawned":[2,4,16],"ascension_level":20}}