{"host":"xsfbp1yx1f2ea5z7","time":1613903113,"event":{"mods":["100% Spire Juice","AchievementEnabler","Act Like it!","Bard","BaseMod","Beaked The Cultist","Better Altar","Better Match","Better Note","Better Sensory Stone","Better Skull","Better Third Choice","BetterRewards","Block Reminder","ChefMod","Colored Map","Colored Powertips","Conspire","DeckTracker","Downfall","GifTheSpireLib","Halation","Hermit","Hubris","Infinite Spire","Jedi Mod","Jorbs\u0027s Wanderer Trilogy","Marked Mod","Mimic Mod","Minty Spire (QoL Compilation)","Replay The Spire","Robot Space Explorer","Shade Mod","Spicy Shops","StSLib","The Blackbeard","The Hierophant","The Jungle","The Marked","The Mystic","The Runesmith","TheBandit","Unceasing Turn Reminder","Wandering Minibosses","everything is the same but u backflip on backflip"],"gold_per_floor":[99,113,130,142,253,287,332,390,403,445,474,494,194,194,204,304,304,304,304,304],"floor_reached":19,"language":"ENG","playtime":1059,"items_purged":[],"score":277,"play_id":"61656c44-ad50-418d-b090-81e1f7919bf8","local_time":"20210221182513","is_ascension_mode":false,"campfire_choices":[{"floor":1,"key":"RECALL"},{"floor":13,"key":"REST"},{"data":"Guardian:Suspension","floor":18,"key":"SMITH"}],"circlet_count":0,"master_deck":["Guardian:Strike_Guardian","Guardian:Strike_Guardian","Guardian:Strike_Guardian","Guardian:Strike_Guardian","Guardian:Defend_Guardian","Guardian:Defend_Guardian","Guardian:Defend_Guardian","Guardian:Defend_Guardian","Guardian:CurlUp","Guardian:TwinSlam","Guardian:RollAttack","Guardian:TemporalStrike","Guardian:Recover","Guardian:TemporalStrike","Guardian:DonusPower","Guardian:ShieldCharger","Guardian:Reroute","Guardian:Harden","Guardian:Harden","Guardian:Suspension+1","Guardian:ShieldSpikes"],"relics":["Guardian:ModeShifter","MealTicket","jedi:heavyjacket","Vajra","hubris:Spice","downfall:HeartBlessingBlue","downfall:HeartBlessingRed","downfall:HeartBlessingGreen","Replay:Grab Bag","Sozu","ReplayTheSpireMod:DimensionalGlitch","halation:LoveArrow"],"acts_visited":["Exordium","TheCity"],"potions_floor_usage":[6,8,11,12],"damage_taken":[{"damage":12,"enemies":"Small Slimes","floor":2,"turns":4},{"damage":3,"enemies":"conspire:RoseBush","floor":3,"turns":2},{"damage":13,"enemies":"2 Louse","floor":4,"turns":2},{"damage":11,"enemies":"Gremlin Nob","floor":6,"turns":3},{"damage":9,"enemies":"3 Sentries","floor":8,"turns":7},{"damage":0,"enemies":"Large Slime","floor":9,"turns":5},{"damage":37,"enemies":"conspire:MimicChest","floor":10,"turns":8},{"damage":0,"enemies":"3 Sentries","floor":11,"turns":7},{"damage":8,"enemies":"downfall:LooterAlt","floor":12,"turns":2},{"damage":0,"enemies":"2 Fungi Beasts","floor":15,"turns":3},{"damage":0,"enemies":"SI_SHIV_ARCHETYPE","floor":16,"turns":8},{"damage":0,"enemies":"3 Byrds","floor":19,"turns":4}],"seed_played":"5139203182648755733","potions_obtained":[{"floor":3,"key":"FairyPotion"},{"floor":4,"key":"hexamod:SoulburnPotion"},{"floor":6,"key":"SteroidPotion"},{"floor":10,"key":"SteroidPotion"},{"floor":11,"key":"SneckoOil"}],"is_trial":false,"path_per_floor":["R","M","M","M","?","E","T","?","M","?","E","M","R","?","M","B",null,"R","M"],"character_chosen":"GUARDIAN","items_purchased":[],"campfire_rested":1,"item_purchase_floors":[],"current_hp_per_floor":[88,76,73,60,60,49,49,40,40,3,11,3,44,44,44,44,106,106,106,106],"gold":304,"neow_bonus":"TEN_PERCENT_HP_BONUS","is_daily":false,"chose_seed":false,"campfire_upgraded":1,"win_rate":0.0,"timestamp":1613903113,"path_taken":["R","M","M","M","?","E","T","?","M","?","E","M","R","?","M","BOSS","R","M"],"items_purchased_type":[],"build_version":"2020-12-22","purchased_purges":0,"victory":false,"max_hp_per_floor":[88,88,88,88,88,88,88,88,88,88,96,96,106,106,106,106,106,106,106,106],"card_choices":[{"not_picked":["Guardian:Gem_Lightblue","Guardian:SpikerProtocol"],"picked":"Guardian:RollAttack","floor":2},{"not_picked":["Guardian:TemporalShield","Guardian:RollAttack"],"picked":"Guardian:TemporalStrike","floor":3},{"not_picked":["Guardian:ChargeCore","Guardian:Repulse"],"picked":"Guardian:Gem_Yellow","floor":4},{"not_picked":["Guardian:TemporalShield","Guardian:ShieldSpikes"],"picked":"Guardian:Recover","floor":5},{"not_picked":["Guardian:Gem_Lightblue","Guardian:ChargeCore"],"picked":"Guardian:TemporalStrike","floor":5},{"not_picked":["Guardian:VentSteam","Guardian:AncientConstruct"],"picked":"Guardian:DonusPower","floor":5},{"not_picked":["Guardian:Gem_Cyan","Guardian:Gem_Lightblue"],"picked":"Guardian:ShieldCharger","floor":6},{"not_picked":["Guardian:ChargeCore","Guardian:TemporalShield"],"picked":"Guardian:Gem_Red","floor":8},{"not_picked":["Guardian:Clone","Guardian:SpikerProtocol"],"picked":"Guardian:Reroute","floor":9},{"not_picked":["Guardian:Reroute","Guardian:TemporalShield"],"picked":"Guardian:Harden","floor":10},{"not_picked":["Guardian:Gem_Green","Guardian:Gem_Cyan"],"picked":"Guardian:Harden","floor":11},{"not_picked":["Guardian:TimeCapacitor","Guardian:Gem_Yellow"],"picked":"Guardian:Suspension","floor":12},{"not_picked":["Guardian:Gem_Cyan","Guardian:Gem_Lightblue"],"picked":"Guardian:ShieldSpikes","floor":15},{"not_picked":["Guardian:RevengeProtocol","Guardian:StasisField"],"picked":"Guardian:Gem_Synthetic","floor":16}],"player_experience":108781,"relics_obtained":[{"floor":6,"key":"MealTicket"},{"floor":8,"key":"jedi:heavyjacket"},{"floor":10,"key":"Vajra"},{"floor":11,"key":"hubris:Spice"}],"event_choices":[{"damage_healed":0,"gold_gain":0,"player_choice":"Ignored","damage_taken":0,"max_hp_gain":0,"max_hp_loss":0,"event_name":"betterNote:BetterNote","floor":14,"gold_loss":0,"cards_obtained":["Battle Trance"]}],"is_beta":false,"boss_relics":[{"not_picked":["Replay:Fungal Core","beaked:SacredDeck"],"picked":"Replay:Grab Bag"},{"not_picked":["bronze:MakeshiftBattery","Runic Dome"],"picked":"Sozu"},{"not_picked":["halation:CatFaceCupcake","infinitespire:Cupcake"],"picked":"ReplayTheSpireMod:DimensionalGlitch"},{"not_picked":["SacredBark","halation:PlatinumPhoenix"],"picked":"halation:LoveArrow"}],"items_purged_floors":[],"is_endless":false,"potions_floor_spawned":[3,4,6,10,11],"killed_by":"3 Byrds","ascension_level":0}}