{"host":"as7albp2mcgkylj3","time":1613921277,"event":{"mods":["2.2 Compatiblity","AchievementEnabler","BaseMod","Colored Map","DeckTracker","Googly Eyes","Highlight Path","Minty Spire (QoL Compilation)","StSLib","SuperFastMode"],"gold_per_floor":[115,129,129,139,64,64,81,81,155,155,55,55,73,84,84,84,84],"floor_reached":16,"language":"ITA","playtime":187,"items_purged":["Defend_P","Defend_P"],"score":92,"play_id":"bfad3fa0-365d-4df6-9cc0-00957d5ccbad","local_time":"20210221162757","is_ascension_mode":false,"campfire_choices":[{"floor":6,"key":"REST"},{"floor":8,"key":"REST"},{"data":"Strike_P","floor":12,"key":"SMITH"},{"floor":15,"key":"REST"}],"circlet_count":0,"master_deck":["Strike_P+1","Strike_P","Strike_P+1","Strike_P","Defend_P","Defend_P+1"],"relics":["PureWater"],"acts_visited":["Exordium"],"potions_floor_usage":[],"damage_taken":[{"damage":9,"enemies":"2 Louse","floor":1,"turns":3},{"damage":9,"enemies":"Jaw Worm","floor":2,"turns":4},{"damage":10,"enemies":"Small Slimes","floor":4,"turns":4},{"damage":13,"enemies":"Blue Slaver","floor":7,"turns":5},{"damage":10,"enemies":"Large Slime","floor":13,"turns":5},{"damage":0,"enemies":"Exordium Wildlife","floor":14,"turns":3},{"damage":0,"enemies":"Slime Boss","floor":16,"turns":2}],"seed_played":"-8808867461760302632","potions_obtained":[{"floor":4,"key":"SkillPotion"}],"is_trial":false,"path_per_floor":["M","M","?","M","$","R","M","R","T","?","$","R","M","M","R","B"],"character_chosen":"WATCHER","items_purchased":[],"campfire_rested":3,"item_purchase_floors":[],"current_hp_per_floor":[56,47,47,37,37,56,43,62,62,49,49,49,39,39,58,58,58],"gold":84,"neow_bonus":"REMOVE_TWO","is_daily":false,"chose_seed":false,"campfire_upgraded":1,"win_rate":0.0,"timestamp":1613921277,"path_taken":["M","M","?","M","$","R","M","R","T","?","?","R","M","M","R","BOSS"],"items_purchased_type":[],"build_version":"2020-12-22","purchased_purges":2,"victory":false,"max_hp_per_floor":[65,65,65,65,65,65,65,65,65,65,65,65,65,65,65,65,65],"card_choices":[{"not_picked":["SashWhip","EmptyBody","FollowUp"],"picked":"SKIP","floor":1},{"not_picked":["SashWhip","Study","FlyingSleeves"],"picked":"SKIP","floor":2},{"not_picked":["Pray","SashWhip","Consecrate"],"picked":"SKIP","floor":4},{"not_picked":["CrushJoints","Perseverance","EmptyFist"],"picked":"SKIP","floor":7},{"not_picked":["FlurryOfBlows","SignatureMove","Vengeance"],"picked":"SKIP","floor":13},{"not_picked":["FlyingSleeves","SashWhip","MentalFortress"],"picked":"SKIP","floor":14}],"player_experience":484454,"relics_obtained":[],"event_choices":[{"damage_healed":0,"gold_gain":0,"player_choice":"Ignored","damage_taken":0,"max_hp_gain":0,"max_hp_loss":0,"event_name":"Golden Idol","floor":3,"gold_loss":0},{"damage_healed":0,"gold_gain":0,"player_choice":"Entered Light","damage_taken":13,"max_hp_gain":0,"max_hp_loss":0,"event_name":"Shining Light","floor":10,"gold_loss":0,"cards_upgraded":["Defend_P","Strike_P"]}],"is_beta":false,"boss_relics":[],"items_purged_floors":[5,11],"is_endless":false,"potions_floor_spawned":[4],"killed_by":"Slime Boss","ascension_level":0}}