{"host":"ow52dz0ufgwhhffk","time":1613900678,"event":{"mods":["Act Like it!","BaseMod","Conspire","Friendly Minions","Gensokyo","HololiveMod","Kiyohime£®«Âºß£©","Marisa£®ÏF”Í°°ƒß¿Ì…≥£©","Minty Spire (QoL Compilation)","MostiFishMod","Prisma Mod","Quick Restart","Reimu£®≤©¿ˆ¡È√Œ£©","Remilia£®¿Ÿ√◊¿Ú—«£©","StSLib","TestMod","The Servant 0.9.4","WarShipGirlsR/’ΩΩ¢…Ÿ≈ÆR mod","[IsaacMod]“‘»ˆº‚À˛","[JumpMod]ŒË∂Øº‚À˛"],"gold_per_floor":[116,133,95,105,121,171,171,202,202,202,235,235,249,249,249,346,346,361,361,361,224,242,273,302,328,328,55,80,94,125,5,5,128,128,148,160,167,185,185,240,240,292,292,292,292,318,364,395,395,395,395,395,3,57,79],"floor_reached":56,"language":"ZHS","playtime":5278,"items_purged":["PrismaMod:IllyaCommonDefend","PrismaMod:IllyaCommonAttack","PrismaMod:IllyaFriendMaker"],"score":1845,"play_id":"ec679537-01fe-47a1-aa10-badd4265fa99","local_time":"20210221174438","is_ascension_mode":true,"campfire_choices":[{"data":"PrismaMod:IllyaBlindPoisonToss","floor":15,"key":"SMITH"},{"data":"PrismaMod:IllyaUberPoisonBlock","floor":32,"key":"SMITH"},{"data":"PrismaMod:IllyaUberPoisonBlock","floor":41,"key":"SMITH"},{"data":"PrismaMod:IllyaCarnivalPrismaAstolfo","floor":44,"key":"SMITH"},{"floor":49,"key":"RECALL"},{"floor":52,"key":"DIG"}],"circlet_count":0,"master_deck":["PrismaMod:IllyaCommonDefend","PrismaMod:IllyaCommonDefend","PrismaMod:IllyaCommonDefend","PrismaMod:IllyaCommonDefend","PrismaMod:IllyaUncommonDefend","PrismaMod:IllyaBlindPoisonToss+1","PrismaMod:IllyaBride","PrismaMod:IllyaFeed+1","Injury","Clumsy","PrismaMod:IllyaGrail","PrismaMod:IllyaZwei","PrismaMod:IllyaUberAttackChannel","PrismaMod:IllyaBoysLove","PrismaMod:IllyaUberPoisonBlock+1","PrismaMod:IllyaHassanGift+1","PrismaMod:IllyaSaphire","PrismaMod:IllyaBlindPoisonToss+1","PrismaMod:IllyaBoysLove+1","PrismaMod:IllyaUberPoisonChannel","PrismaMod:IllyaUpgradeOrbs+1","PrismaMod:IllyaSaphire","PrismaMod:IllyaInstallAlterEgo","PrismaMod:IllyaBride+1","PrismaMod:IllyaUberPoisonBlock+1","PrismaMod:IllyaAssassinRevenge","PrismaMod:IllyaBoysLove+1","MostiFishMod:Neptune","MostiFishMod:TheEndOfMoonlight","MostiFishMod:SparklingWater","MostiFishMod:FantasySummer","MostiFishMod:NightSea","PrismaMod:IllyaUberPoisonBlock+1","PrismaMod:IllyaAssassinRevenge","PrismaMod:IllyaAssassinRevenge"],"relics":["PrismaMod:PrismaRuby","DaveBox","testmod-TestBox","HushsDoor","HowToJump","Chaos","testmod-Hope","Membership Card","NeowsBlessing","SynthV:TestCard","testmod-D®¶j®§vu","TheBible","testmod-Alchemist","Gensokyo:NagashiBinaDoll","testmod-Nine","Gensokyo:YoukaiFlower","RottenBaby","WingedGreaves","Juzu Bracelet","Frozen Eye","testmod-NegativeEmotionEnhancer","conspire:Boomerang","RhineFirstAidKit","BloodWine","TheBean","InkBottle","Mastiff:ReiMu","conspire:TreasureMap","Whetstone","JudasShadow","SalivaCoin","Gensokyo:MaskOfHope","Hololive_LightStick","testmod-IncinerationGenerator","White Beast Statue","testmod-MagicalMallet","OriginationStaff","Shovel","MoonlightInvasionPlan","PillsDrop","testmod-TheFather","DeadEye","Succubus"],"acts_visited":["Gensokyo:Gensokyo","Gensokyo:Gensokyoer","Gensokyo:Gensokyoest","TheEnding"],"potions_floor_usage":[8,18,46,54,55],"damage_taken":[{"damage":0,"enemies":"Gensokyo:Python","floor":1,"turns":1},{"damage":0,"enemies":"Gensokyo:2_Kodama","floor":2,"turns":1},{"damage":0,"enemies":"Gensokyo:Gryphon","floor":4,"turns":1},{"damage":6,"enemies":"Gensokyo:VengefulSpirit","floor":5,"turns":5},{"damage":6,"enemies":"Gensokyo:Mamizou","floor":6,"turns":8},{"damage":0,"enemies":"Gensokyo:Aya","floor":8,"turns":4},{"damage":0,"enemies":"Gensokyo:Cirno","floor":11,"turns":13},{"damage":0,"enemies":"Gensokyo:LivingMonolith","floor":13,"turns":3},{"damage":10,"enemies":"Gensokyo:Yukari","floor":16,"turns":7},{"damage":0,"enemies":"Gensokyo:AngelMirror","floor":18,"turns":2},{"damage":3,"enemies":"Gensokyo:CosmicMonolith","floor":22,"turns":3},{"damage":16,"enemies":"Gensokyo:Tenshi","floor":23,"turns":3},{"damage":0,"enemies":"Gensokyo:Koishi","floor":24,"turns":3},{"damage":6,"enemies":"Gensokyo:Tenshi","floor":25,"turns":3},{"damage":0,"enemies":"Gensokyo:Koishi","floor":28,"turns":3},{"damage":19,"enemies":"Gensokyo:Slime_Group","floor":29,"turns":2},{"damage":1,"enemies":"Gensokyo:Reisen","floor":30,"turns":1},{"damage":4,"enemies":"Gensokyo:Eternal_Rivals","floor":33,"turns":5},{"damage":10,"enemies":"Gensokyo:AncientGuardian","floor":35,"turns":3},{"damage":0,"enemies":"Gensokyo:3_Boulders","floor":36,"turns":2},{"damage":8,"enemies":"Gensokyo:Dusk_and_Dawn","floor":38,"turns":3},{"damage":9,"enemies":"Gensokyo:Kasen","floor":40,"turns":4},{"damage":0,"enemies":"Gensokyo:Marisa","floor":42,"turns":2},{"damage":0,"enemies":"Gensokyo:Kasen","floor":46,"turns":3},{"damage":0,"enemies":"Gensokyo:AtlasGolem","floor":47,"turns":4},{"damage":0,"enemies":"Gensokyo:Doremy","floor":48,"turns":4},{"damage":0,"enemies":"Gensokyo:Scarlet_Devils","floor":50,"turns":7},{"damage":5,"enemies":"Shield and Spear","floor":54,"turns":3},{"damage":13,"enemies":"The Heart","floor":55,"turns":5}],"seed_played":"-1141101405677047884","potions_obtained":[{"floor":2,"key":"Weak Potion"},{"floor":6,"key":"FairyPotion"},{"floor":13,"key":"Block Potion"},{"floor":16,"key":"PowerPotion"},{"floor":23,"key":"DuplicationPotion"},{"floor":24,"key":"GamblersBrew"},{"floor":28,"key":"PowerPotion"},{"floor":30,"key":"Swift Potion"},{"floor":33,"key":"Regen Potion"},{"floor":35,"key":"Swift Potion"},{"floor":38,"key":"testmod-SpacePotion"},{"floor":42,"key":"ZuzhouPotion:ReiMu"},{"floor":46,"key":"Weak Potion"},{"floor":47,"key":"SteroidPotion"},{"floor":48,"key":"SkillPotion"},{"floor":54,"key":"LiquidBronze"}],"is_trial":false,"path_per_floor":["M","M","$","M","M","E","?","E","T","?","E","?","M","?","R","B",null,"M","?","?","COS","M","E","E","E","T","$","E","M","E","?","R","B",null,"M","M","?","M","?","E","R","E","T","R","?","E","M","E","R","B",null,"R","$","E","B",null],"character_chosen":"ILLYA","items_purchased":["Damocles","PrismaMod:IllyaUberAttackChannel","Mastiff:ReiMu","conspire:TreasureMap","Whetstone","PrismaMod:IllyaInstallAlterEgo","testmod-TheFather","DeadEye","PrismaMod:IllyaAssassinRevenge","ZuzhouPotion:ReiMu"],"campfire_rested":0,"item_purchase_floors":[17,17,27,27,27,34,53,53,53,53],"current_hp_per_floor":[75,75,75,75,72,75,75,75,75,75,75,75,75,45,45,50,62,62,62,62,62,59,43,45,19,19,19,21,20,58,58,58,41,37,38,39,24,42,42,37,37,46,46,46,46,47,51,52,52,53,53,53,53,49,38],"gold":79,"neow_bonus":"THREE_ENEMY_KILL","is_daily":false,"chose_seed":false,"campfire_upgraded":4,"win_rate":0.0,"timestamp":1613900678,"path_taken":["M","M","$","M","M","E","?","E","T","?","E","?","?","?","R","BOSS","M","?","?","COS","M","E","E","E","T","$","E","M","E","?","R","BOSS","M","M","?","M","?","E","R","E","T","R","?","E","M","E","R","BOSS","R","$","E","BOSS"],"items_purchased_type":["Relic","Card","Relic","Relic","Relic","Card","Relic","Relic","Card","Potion"],"build_version":"2020-12-22","purchased_purges":3,"victory":true,"max_hp_per_floor":[75,75,75,75,75,75,75,75,75,75,75,75,75,75,75,75,62,62,62,62,62,62,62,63,64,64,64,65,66,58,58,58,41,37,38,39,39,42,42,45,45,46,46,46,46,47,51,52,52,53,53,53,53,49,50],"card_choices":[{"not_picked":[],"picked":"BettingIsNotGood","floor":0},{"not_picked":["PrismaMod:IllyaGun","PrismaMod:IllyaRussianRoulette"],"picked":"PrismaMod:IllyaBlindPoisonToss","floor":1},{"not_picked":["PrismaMod:IllyaPoisoningPhantasm","PrismaMod:IllyaCheapChannelDefend","PrismaMod:IllyaUncommonAttack","PrismaMod:IllyaTestament"],"picked":"PrismaMod:IllyaBride","floor":2},{"not_picked":["PrismaMod:IllyaUncommonEvoke","PrismaMod:IllyaPoisonTippedWeapons","PrismaMod:IllyaBoysLove","PrismaMod:IllyaRubysPotion"],"picked":"PrismaMod:IllyaFeed","floor":4},{"not_picked":["PrismaMod:IllyaGrailKun","PrismaMod:IllyaAOECommonAttack","PrismaMod:IllyaInstallRuler","PrismaMod:IllyaUberChannel"],"picked":"PrismaMod:IllyaFriendMaker","floor":5},{"not_picked":["PrismaMod:IllyaFeed","PrismaMod:IllyaInstallShielder","PrismaMod:IllyaRussianRoulette","PrismaMod:IllyaCommonEvoke","PrismaMod:IllyaPartialInstallAssassin"],"picked":"SKIP","floor":6},{"not_picked":["PrismaMod:IllyaUncommonEvoke","PrismaMod:IllyaCheapChannelAttack","PrismaMod:IllyaFeed","PrismaMod:IllyaPoisonTippedWeapons","PrismaMod:IllyaAlice"],"picked":"SKIP","floor":8},{"not_picked":["PrismaMod:IllyaGrailKun","PrismaMod:IllyaStunPoison","PrismaMod:IllyaPoisonBomb","PrismaMod:IllyaRussianRoulette"],"picked":"PrismaMod:IllyaGrail","floor":11},{"not_picked":["PrismaMod:IllyaRapidFire","PrismaMod:IllyaCheapChannelAttack","PrismaMod:IllyaDevil","PrismaMod:IllyaMaid","PrismaMod:IllyaCheapDefend"],"picked":"SKIP","floor":13},{"not_picked":["PrismaMod:IllyaInstallAssassin","PrismaMod:IllyaInstallRuler","PrismaMod:IllyaCarnivalAttack","PrismaMod:IllyaInstallLancer"],"picked":"PrismaMod:IllyaZwei","floor":16},{"not_picked":["PrismaMod:IllyaCommonEvoke","PrismaMod:IllyaBride","PrismaMod:IllyaGun+1","PrismaMod:IllyaBerserCAR"],"picked":"PrismaMod:IllyaBoysLove","floor":18},{"not_picked":["PrismaMod:IllyaBride","PrismaMod:IllyaRubysPotion","PrismaMod:IllyaPoisonTippedWeapons+1","PrismaMod:IllyaCheapAttack"],"picked":"PrismaMod:IllyaHassanGift+1","floor":22},{"not_picked":["PrismaMod:IllyaUpgradeOrbs","PrismaMod:IllyaMinorRapidFire","PrismaMod:IllyaCommandSeal","PrismaMod:IllyaGrail"],"picked":"PrismaMod:IllyaSaphire","floor":23},{"not_picked":["PrismaMod:IllyaReinForce","PrismaMod:IllyaInstallLancer","PrismaMod:IllyaUberChannel","PrismaMod:IllyaEvokeAll+1"],"picked":"PrismaMod:IllyaBlindPoisonToss+1","floor":24},{"not_picked":["PrismaMod:IllyaPartialInstallAssassin","PrismaMod:IllyaHassanGift","PrismaMod:IllyaCheapAttack+1","PrismaMod:IllyaMinorRapidFire"],"picked":"PrismaMod:IllyaBoysLove+1","floor":25},{"not_picked":["PrismaMod:IllyaUberAttackChannel","PrismaMod:IllyaAOECommonAttack+1","PrismaMod:IllyaGrailKun","PrismaMod:IllyaUberPoisonBlock"],"picked":"PrismaMod:IllyaUberPoisonChannel","floor":28},{"not_picked":["PrismaMod:IllyaUncommonEvoke+1","PrismaMod:IllyaCheapChannelAttack","PrismaMod:IllyaHassanGift+1","PrismaMod:IllyaSaphire"],"picked":"PrismaMod:IllyaUpgradeOrbs+1","floor":29},{"not_picked":["PrismaMod:IllyaReinForce","PrismaMod:IllyaMinorReinForce","PrismaMod:IllyaRussianRoulette","PrismaMod:IllyaUncommonAttack+1"],"picked":"PrismaMod:IllyaSaphire","floor":30},{"not_picked":["PrismaMod:IllyaInstallCaster","PrismaMod:IllyaCarnivalDefend","PrismaMod:IllyaInstallAlterEgo","PrismaMod:IllyaInstallLancer"],"picked":"PrismaMod:IllyaCarnivalPrismaAstolfo","floor":33},{"not_picked":["PrismaMod:IllyaCheapChannelDefend","PrismaMod:IllyaFeed","PrismaMod:IllyaBride+1","PrismaMod:IllyaRussianRoulette+1","PrismaMod:IllyaCheapChannelAttack"],"picked":"SKIP","floor":35},{"not_picked":["PrismaMod:IllyaCheapChannelDefend","PrismaMod:IllyaFeed","PrismaMod:IllyaRussianRoulette+1","PrismaMod:IllyaCheapChannelAttack"],"picked":"PrismaMod:IllyaBride+1","floor":35},{"not_picked":["PrismaMod:IllyaMinorRapidFire","PrismaMod:IllyaRapidFire+1","PrismaMod:IllyaDualEvoke+1","PrismaMod:IllyaPoisonTippedWeapons+1","PrismaMod:IllyaHassanGift"],"picked":"SKIP","floor":36},{"not_picked":["PrismaMod:IllyaUpgradeOrbs+1","PrismaMod:IllyaHassanGift+1","PrismaMod:IllyaGun","PrismaMod:IllyaInstallBerserker","PrismaMod:IllyaRapidFire+1"],"picked":"SKIP","floor":38},{"not_picked":["PrismaMod:IllyaTestament+1","PrismaMod:IllyaMaid+1","PrismaMod:IllyaFeed+1","PrismaMod:IllyaStunPoison+1"],"picked":"PrismaMod:IllyaUberPoisonBlock","floor":40},{"not_picked":["PrismaMod:IllyaFeed","PrismaMod:IllyaCommonEvoke+1","PrismaMod:IllyaRapidFire+1","PrismaMod:IllyaBride+1","PrismaMod:IllyaInstallMoonCancer"],"picked":"SKIP","floor":42},{"not_picked":["PrismaMod:IllyaUberPoisonBlock+1","PrismaMod:IllyaTestament","PrismaMod:IllyaAlice+1","PrismaMod:IllyaMaid"],"picked":"PrismaMod:IllyaAssassinRevenge","floor":46},{"not_picked":["PrismaMod:IllyaFeed","PrismaMod:IllyaPoisonTippedWeapons","PrismaMod:IllyaAOECommonAttack","PrismaMod:IllyaRubysPotion"],"picked":"PrismaMod:IllyaBoysLove+1","floor":47},{"not_picked":["PrismaMod:IllyaBoysLove","PrismaMod:IllyaGrailKun+1","PrismaMod:IllyaRussianRoulette","PrismaMod:IllyaUpgradeOrbs"],"picked":"PrismaMod:IllyaUberPoisonBlock+1","floor":48},{"not_picked":["PrismaMod:IllyaBerserCAR","PrismaMod:IllyaGrail+1","PrismaMod:IllyaInstallLancer","PrismaMod:IllyaGun"],"picked":"PrismaMod:IllyaAssassinRevenge","floor":54}],"player_experience":555843,"relics_obtained":[{"floor":1,"key":"SynthV:TestCard"},{"floor":6,"key":"testmod-D®¶j®§vu"},{"floor":8,"key":"testmod-Alchemist"},{"floor":11,"key":"testmod-Nine"},{"floor":18,"key":"WingedGreaves"},{"floor":22,"key":"Frozen Eye"},{"floor":23,"key":"testmod-NegativeEmotionEnhancer"},{"floor":23,"key":"conspire:Boomerang"},{"floor":24,"key":"RhineFirstAidKit"},{"floor":24,"key":"BloodWine"},{"floor":25,"key":"TheBean"},{"floor":26,"key":"InkBottle"},{"floor":28,"key":"JudasShadow"},{"floor":30,"key":"SalivaCoin"},{"floor":40,"key":"White Beast Statue"},{"floor":42,"key":"testmod-MagicalMallet"},{"floor":43,"key":"OriginationStaff"},{"floor":46,"key":"Shovel"},{"floor":48,"key":"MoonlightInvasionPlan"},{"floor":52,"key":"PillsDrop"},{"floor":54,"key":"Succubus"}],"event_choices":[],"is_beta":false,"boss_relics":[{"not_picked":["PreservedInsect","MawBank"],"picked":"RottenBaby"},{"not_picked":[]},{"not_picked":["conspire:SlowCooker","testmod-Antiphasic"],"picked":"Hololive_LightStick"},{"not_picked":[]}],"items_purged_floors":[3,27,53],"is_endless":false,"potions_floor_spawned":[2,6,13,16,23,24,28,30,33,35,36,38,42,46,47,48,54],"ascension_level":3}}