{"host":"3c8x8j1h2jyrixpf","time":1613879719,"event":{"mods":["BaseMod","Colored Powertips","Highlight Path","Minty Spire (QoL Compilation)","StSLib"],"gold_per_floor":[116,139,155,173,173,173,189,189,189,200,200,218,40,67,67,138,138,156,38,58,68,85,85,100,130,154,182,198,109,119,134,134,205,205,219,179,197,223,223,223,234,250,250,250,250,126,126,141,141,141,141,141,71,97,97,97],"floor_reached":55,"language":"ENG","playtime":2512,"items_purged":["Regret","Strike_R","Strike_R","Strike_R"],"score":1169,"play_id":"eb3c9ba6-c1fc-426d-84c3-8098215e4fab","local_time":"20210220215519","is_ascension_mode":true,"campfire_choices":[{"data":"Bash","floor":6.0,"key":"SMITH"},{"data":"Clothesline","floor":8.0,"key":"SMITH"},{"data":"Pommel Strike","floor":11.0,"key":"SMITH"},{"floor":15.0,"key":"REST"},{"data":"Uppercut","floor":23.0,"key":"SMITH"},{"floor":32.0,"key":"REST"},{"floor":40.0,"key":"REST"},{"floor":44.0,"key":"RECALL"},{"data":"Demon Form","floor":47.0,"key":"SMITH"},{"data":"Shockwave","floor":49,"key":"SMITH"},{"data":"Armaments","floor":52,"key":"SMITH"}],"circlet_count":0,"master_deck":["AscendersBane","Strike_R","Strike_R","Defend_R","Defend_R","Defend_R","Defend_R","Bash+1","Clothesline+1","Perfected Strike","Pommel Strike+1","Madness","Cleave","Feed","Twin Strike","Inflame","Uppercut+1","Infernal Blade","Immolate","CurseOfTheBell","Perfected Strike","Shockwave","Armaments+1","Whirlwind","Dual Wield","Disarm","Fiend Fire","Spot Weakness","Demon Form+1","Shrug It Off+1","Spot Weakness","Feel No Pain","Clothesline+1","Shockwave+1","Carnage","Heavy Blade"],"relics":["Snecko Eye","Potion Belt","Pantograph","Bottled Tornado","Calling Bell","Smiling Mask","Letter Opener","Mango","MealTicket","Red Skull","Anchor","Philosopher\u0027s Stone","Vajra","Pocketwatch"],"acts_visited":["Exordium","TheCity","TheBeyond","TheEnding"],"potions_floor_usage":[50,55,55],"damage_taken":[{"damage":1.0,"enemies":"Cultist","floor":1.0,"turns":3.0},{"damage":1.0,"enemies":"2 Louse","floor":3.0,"turns":2.0},{"damage":14.0,"enemies":"Small Slimes","floor":4.0,"turns":5.0},{"damage":5.0,"enemies":"Exordium Thugs","floor":7.0,"turns":3.0},{"damage":12.0,"enemies":"Exordium Wildlife","floor":10.0,"turns":3.0},{"damage":8.0,"enemies":"Blue Slaver","floor":12.0,"turns":4.0},{"damage":19.0,"enemies":"Lagavulin","floor":14.0,"turns":5.0},{"damage":19.0,"enemies":"The Guardian","floor":16.0,"turns":12.0},{"damage":6.0,"enemies":"Spheric Guardian","floor":18.0,"turns":3.0},{"damage":0.0,"enemies":"3 Byrds","floor":20.0,"turns":3.0},{"damage":0.0,"enemies":"Snake Plant","floor":21.0,"turns":2.0},{"damage":17.0,"enemies":"3 Cultists","floor":22.0,"turns":4.0},{"damage":14.0,"enemies":"Centurion and Healer","floor":24.0,"turns":3.0},{"damage":40.0,"enemies":"Gremlin Leader","floor":25.0,"turns":6.0},{"damage":26.0,"enemies":"Slavers","floor":27.0,"turns":3.0},{"damage":1.0,"enemies":"Snecko","floor":28.0,"turns":3.0},{"damage":14.0,"enemies":"Snake Plant","floor":30.0,"turns":2.0},{"damage":0.0,"enemies":"Centurion and Healer","floor":31.0,"turns":6.0},{"damage":70.0,"enemies":"Collector","floor":33.0,"turns":7.0},{"damage":10.0,"enemies":"3 Shapes","floor":35.0,"turns":8.0},{"damage":14.0,"enemies":"3 Darklings","floor":37.0,"turns":4.0},{"damage":0.0,"enemies":"4 Shapes","floor":41.0,"turns":5.0},{"damage":9.0,"enemies":"Spire Growth","floor":42.0,"turns":4.0},{"damage":34.0,"enemies":"3 Darklings","floor":48.0,"turns":4.0},{"damage":67,"enemies":"Time Eater","floor":50,"turns":7},{"damage":78,"enemies":"Shield and Spear","floor":54,"turns":5},{"damage":97,"enemies":"The Heart","floor":55,"turns":6}],"seed_played":"4932969792931589847","potions_obtained":[{"floor":3.0,"key":"Dexterity Potion"},{"floor":4.0,"key":"ColorlessPotion"},{"floor":16.0,"key":"ColorlessPotion"},{"floor":18.0,"key":"AttackPotion"},{"floor":21.0,"key":"AttackPotion"},{"floor":25.0,"key":"BloodPotion"},{"floor":27.0,"key":"ColorlessPotion"},{"floor":31.0,"key":"PowerPotion"},{"floor":33.0,"key":"Swift Potion"},{"floor":36.0,"key":"FairyPotion"},{"floor":36.0,"key":"GamblersBrew"},{"floor":36.0,"key":"Weak Potion"},{"floor":37.0,"key":"DuplicationPotion"}],"is_trial":false,"path_per_floor":["M","T","M","M","?","R","M","R","T","M","R","M","$","E","R","B",null,"M","$","M","M","M","R","M","E","T","E","M","$","M","M","R","B",null,"M","?","M","T","?","R","M","M","T","R","?","$","R","M","R","B",null,"R","$","E","B"],"character_chosen":"IRONCLAD","items_purchased":["Inflame","Uppercut","Shockwave","Spot Weakness","Shockwave","Carnage"],"campfire_rested":3,"item_purchase_floors":[13,13,19,29,46,53],"current_hp_per_floor":[71,71,70,56,56,56,51,51,51,39,39,34,34,15,39,48,91,85,85,85,85,68,68,57,20,20,18,17,32,18,21,54,9,86,79,79,65,65,65,97,97,91,91,91,91,106,106,72,72,30,92,92,107,29,0,0],"gold":97,"neow_bonus":"BOSS_RELIC","is_daily":false,"chose_seed":false,"campfire_upgraded":7,"win_rate":0.0,"timestamp":1613879719,"path_taken":["M","?","?","M","?","R","M","R","T","M","R","M","$","E","R","BOSS","M","?","M","M","M","R","M","E","T","E","M","$","?","?","R","BOSS","M","?","?","?","?","R","M","M","T","R","?","$","R","M","R","BOSS","R","$","E","BOSS"],"items_purchased_type":["Card","Card","Card","Card","Card","Card"],"build_version":"2020-12-22","purchased_purges":4,"victory":false,"max_hp_per_floor":[80,80,80,80,80,80,80,80,80,80,80,83,83,83,83,86,100,100,100,100,100,100,100,103,106,106,109,109,109,109,112,112,112,112,115,115,115,115,109,109,109,112,112,112,112,112,112,112,112,112,112,112,112,112,112,112],"card_choices":[{"not_picked":["Seeing Red","Second Wind"],"picked":"Clothesline","floor":1.0},{"not_picked":["Cleave","Fire Breathing"],"picked":"Perfected Strike","floor":3.0},{"not_picked":["Pummel","Warcry"],"picked":"Pommel Strike","floor":4.0},{"not_picked":["Rampage","Iron Wave","Body Slam"],"picked":"SKIP","floor":7.0},{"not_picked":["Body Slam","Shockwave"],"picked":"Feed","floor":10.0},{"not_picked":["Evolve","Perfected Strike"],"picked":"Twin Strike","floor":12.0},{"not_picked":["Flex","Havoc"],"picked":"Infernal Blade","floor":14.0},{"not_picked":["Feed","Brutality"],"picked":"Immolate","floor":16.0},{"not_picked":["Flex","Body Slam"],"picked":"Perfected Strike","floor":18.0},{"not_picked":["Clash","Sword Boomerang"],"picked":"Armaments","floor":20.0},{"not_picked":["Twin Strike","Cleave"],"picked":"Whirlwind","floor":21.0},{"not_picked":["Cleave","Second Wind"],"picked":"Dual Wield","floor":22.0},{"not_picked":["Seeing Red+1","Clothesline"],"picked":"Disarm","floor":24.0},{"not_picked":["Clothesline","Pummel"],"picked":"Fiend Fire","floor":25.0},{"not_picked":["Power Through+1","Cleave","Thunderclap"],"picked":"SKIP","floor":27.0},{"not_picked":["Body Slam","Sword Boomerang","Infernal Blade"],"picked":"SKIP","floor":28.0},{"not_picked":["Infernal Blade","Body Slam","Second Wind+1"],"picked":"SKIP","floor":30.0},{"not_picked":["Brutality","Sentinel","Body Slam+1"],"picked":"SKIP","floor":31.0},{"not_picked":["Feed","Limit Break"],"picked":"Demon Form","floor":33.0},{"not_picked":["Warcry","Reckless Charge+1"],"picked":"Shrug It Off+1","floor":35.0},{"not_picked":["Reckless Charge","Whirlwind+1"],"picked":"Spot Weakness","floor":37.0},{"not_picked":["Headbutt+1","Flex"],"picked":"Feel No Pain","floor":41.0},{"not_picked":["Flex","Sword Boomerang"],"picked":"Clothesline+1","floor":42.0},{"not_picked":["Carnage","Havoc+1","Spot Weakness+1"],"picked":"SKIP","floor":48.0},{"not_picked":["Warcry","Juggernaut"],"picked":"Heavy Blade","floor":54}],"player_experience":289076,"relics_obtained":[{"floor":2.0,"key":"Potion Belt"},{"floor":9.0,"key":"Pantograph"},{"floor":14.0,"key":"Bottled Tornado"},{"floor":17.0,"key":"Smiling Mask"},{"floor":17.0,"key":"Letter Opener"},{"floor":17.0,"key":"Mango"},{"floor":25.0,"key":"MealTicket"},{"floor":26.0,"key":"Red Skull"},{"floor":27.0,"key":"Anchor"},{"floor":38.0,"key":"Vajra"},{"floor":54,"key":"Pocketwatch"}],"event_choices":[{"damage_healed":0.0,"max_hp_gain":0.0,"max_hp_loss":0.0,"gold_gain":0.0,"event_name":"Match and Keep!","player_choice":"3 cards matched","floor":5.0,"gold_loss":0.0,"damage_taken":0.0,"cards_obtained":["Madness","Regret","Cleave"]},{"damage_healed":0.0,"max_hp_gain":0.0,"max_hp_loss":0.0,"gold_gain":0.0,"event_name":"The Woman in Blue","player_choice":"Bought 3 Potions","floor":36.0,"gold_loss":0.0,"damage_taken":0.0},{"damage_healed":0.0,"max_hp_gain":0.0,"max_hp_loss":6.0,"gold_gain":0.0,"event_name":"Winding Halls","player_choice":"Max HP","floor":39.0,"gold_loss":0.0,"damage_taken":0.0},{"damage_healed":0.0,"max_hp_gain":0.0,"max_hp_loss":0.0,"gold_gain":0.0,"event_name":"SensoryStone","player_choice":"Memory 1","floor":45.0,"gold_loss":0.0,"damage_taken":0.0}],"is_beta":false,"boss_relics":[{"not_picked":["SlaversCollar","Sozu"],"picked":"Calling Bell"},{"not_picked":["Runic Pyramid","Black Star"],"picked":"Philosopher\u0027s Stone"}],"items_purged_floors":[13,19,29,46],"is_endless":false,"potions_floor_spawned":[3,4,16,18,21,25,27,31,33,37,48],"killed_by":"The Heart","ascension_level":13}}