{"host":"sav7uxregyirlf69","time":1613896296,"event":{"mods":["AchievementEnabler","BaseMod","Colored Map","DeckTracker","Keyboard Shortcuts","Minty Spire (QoL Compilation)","READ ME - Guardian Mod","StSLib","SuperFastMode"],"gold_per_floor":[118,118,136,149,169,169,199,199,199,245,206,218,230,278,290,302,302],"floor_reached":16,"language":"KOR","playtime":184,"items_purged":[],"score":236,"play_id":"9062f1ff-d03e-496c-b3b5-b206909466a8","local_time":"20210221173136","is_ascension_mode":true,"campfire_choices":[{"data":"Wild Strike","floor":6.0,"key":"SMITH"},{"data":"Carnage","floor":8.0,"key":"SMITH"},{"floor":13.0,"key":"REST"},{"data":"Bash","floor":15.0,"key":"SMITH"}],"circlet_count":0,"master_deck":["AscendersBane","Strike_R","Strike_R","Strike_R","Strike_R","Strike_R","Defend_R","Defend_R","Defend_R","Defend_R","Bash+1","Ghostly Armor","Reckless Charge","Wild Strike+1","Carnage+1","Burning Pact","Shrug It Off"],"relics":["Burning Blood","Turnip","FaceOfCleric","Toy Ornithopter","MawBank","White Beast Statue","Golden Idol","Orichalcum"],"acts_visited":["Exordium"],"potions_floor_usage":[16],"damage_taken":[{"damage":8.0,"enemies":"Small Slimes","floor":1.0,"turns":5.0},{"damage":2.0,"enemies":"Cultist","floor":3.0,"turns":4.0},{"damage":0.0,"enemies":"2 Louse","floor":4.0,"turns":2.0},{"damage":7.0,"enemies":"Looter","floor":5.0,"turns":4.0},{"damage":54.0,"enemies":"Gremlin Nob","floor":7.0,"turns":5.0},{"damage":25.0,"enemies":"Lagavulin","floor":10.0,"turns":5.0},{"damage":20.0,"enemies":"Gremlin Nob","floor":14.0,"turns":4.0},{"damage":26,"enemies":"Slime Boss","floor":16,"turns":6}],"seed_played":"7340301740293538844","potions_obtained":[{"floor":1.0,"key":"PowerPotion"},{"floor":3.0,"key":"Strength Potion"},{"floor":10.0,"key":"Block Potion"},{"floor":14.0,"key":"DuplicationPotion"}],"is_trial":false,"path_per_floor":["M","?","M","M","M","R","E","R","T","E","?","?","R","E","R","B"],"character_chosen":"IRONCLAD","items_purchased":[],"campfire_rested":1,"item_purchase_floors":[],"current_hp_per_floor":[66,66,69,70,70,70,23,23,23,10,10,10,29,21,21,0,0],"gold":302,"neow_bonus":"ONE_RARE_RELIC","is_daily":false,"chose_seed":false,"campfire_upgraded":3,"win_rate":0.0,"timestamp":1613896296,"path_taken":["M","?","M","M","?","R","E","R","T","E","?","?","R","E","R","BOSS"],"items_purchased_type":[],"build_version":"2020-12-22","purchased_purges":0,"victory":false,"max_hp_per_floor":[68,68,69,70,71,71,72,72,72,73,73,66,66,67,67,67,67],"card_choices":[{"not_picked":["Perfected Strike","Flex"],"picked":"Ghostly Armor","floor":1.0},{"not_picked":["Armaments","Spot Weakness"],"picked":"Reckless Charge","floor":3.0},{"not_picked":["Armaments","Anger"],"picked":"Wild Strike","floor":4.0},{"not_picked":["Entrench","Heavy Blade","Headbutt"],"picked":"SKIP","floor":5.0},{"not_picked":["Searing Blow","Sever Soul"],"picked":"Carnage","floor":7.0},{"not_picked":["Twin Strike","Blood for Blood"],"picked":"Burning Pact","floor":10.0},{"not_picked":["Dropkick","Uppercut"],"picked":"Shrug It Off","floor":14.0}],"player_experience":1642538,"relics_obtained":[{"floor":7.0,"key":"Toy Ornithopter"},{"floor":9.0,"key":"MawBank"},{"floor":10.0,"key":"White Beast Statue"},{"floor":14.0,"key":"Orichalcum"}],"event_choices":[{"damage_healed":0.0,"max_hp_gain":0.0,"max_hp_loss":0.0,"gold_gain":0.0,"event_name":"FaceTrader","player_choice":"Trade","floor":2.0,"gold_loss":0.0,"damage_taken":0.0,"relics_obtained":["FaceOfCleric"]},{"damage_healed":0.0,"max_hp_gain":0.0,"max_hp_loss":0.0,"gold_gain":0.0,"event_name":"World of Goop","player_choice":"Left Gold","floor":11.0,"gold_loss":51.0,"damage_taken":0.0},{"damage_healed":0.0,"max_hp_gain":0.0,"max_hp_loss":7.0,"gold_gain":0.0,"event_name":"Golden Idol","player_choice":"Lose Max HP","floor":12.0,"gold_loss":0.0,"damage_taken":0.0,"relics_obtained":["Golden Idol"]}],"is_beta":false,"boss_relics":[],"items_purged_floors":[],"is_endless":false,"potions_floor_spawned":[1,3,5,10,14],"killed_by":"Slime Boss","ascension_level":20}}