{"host":"yx5rao87132cy5xq","time":1613870181,"event":{"mods":["2.2 Compatiblity","AchievementEnabler","BaseMod","Bestiary","Colored Map","Colored Powertips","Minty Spire (QoL Compilation)","Quick Restart","Relic Stats","Slay-I","SuperFastMode"],"gold_per_floor":[118,132,51,51,69,113,113,113,140,163,9,50,50,50,50,134,134,159,169,48,67,67,67,67,67],"floor_reached":24,"language":"ENG","playtime":2245,"items_purged":["Strike_R","Strike_R"],"score":402,"play_id":"53366ae7-5502-4e18-9f73-977c6b3ead99","local_time":"20210221021621","is_ascension_mode":true,"campfire_choices":[{"data":"True Grit","floor":7,"key":"SMITH"},{"data":"Uppercut","floor":15,"key":"SMITH"},{"floor":23,"key":"REST"}],"circlet_count":0,"master_deck":["AscendersBane","Strike_R","Defend_R","Defend_R","Defend_R","Defend_R","Bash","Rampage","Inflame","Metallicize","Iron Wave","Uppercut+1","True Grit+1","Juggernaut","Reckless Charge","Battle Trance","Offering","Sever Soul","Spot Weakness"],"relics":["Burning Blood","CeramicFish","Anchor","Smiling Mask","Mark of Pain"],"acts_visited":["Exordium","TheCity"],"potions_floor_usage":[8,16,16,18,21],"damage_taken":[{"damage":15,"enemies":"Small Slimes","floor":1,"turns":4},{"damage":13,"enemies":"Jaw Worm","floor":2,"turns":6},{"damage":0,"enemies":"2 Louse","floor":5,"turns":2},{"damage":29,"enemies":"Lagavulin","floor":6,"turns":8},{"damage":0,"enemies":"Gremlin Gang","floor":8,"turns":1},{"damage":4,"enemies":"2 Fungi Beasts","floor":10,"turns":4},{"damage":45,"enemies":"3 Sentries","floor":12,"turns":9},{"damage":40,"enemies":"The Guardian","floor":16,"turns":9},{"damage":6,"enemies":"3 Byrds","floor":18,"turns":4},{"damage":31,"enemies":"Spheric Guardian","floor":19,"turns":4},{"damage":21,"enemies":"Shelled Parasite and Fungi","floor":21,"turns":5},{"damage":48,"enemies":"Book of Stabbing","floor":24,"turns":4}],"seed_played":"-6158868483417513245","potions_obtained":[{"floor":1,"key":"SteroidPotion"},{"floor":5,"key":"SmokeBomb"},{"floor":10,"key":"LiquidBronze"},{"floor":12,"key":"Block Potion"},{"floor":16,"key":"Explosive Potion"},{"floor":18,"key":"HeartOfIron"}],"is_trial":false,"path_per_floor":["M","M","$","?","M","E","R","M","T","M","$","E","?","?","R","B",null,"M","M","$","M","?","R","E"],"character_chosen":"IRONCLAD","items_purchased":["Uppercut","Battle Trance","Spot Weakness"],"campfire_rested":1,"item_purchase_floors":[3,11,20],"current_hp_per_floor":[59,52,52,57,63,40,40,46,46,48,48,9,9,73,73,39,65,65,40,40,25,25,46,0,0],"gold":67,"neow_bonus":"TRANSFORM_TWO_CARDS","is_daily":false,"chose_seed":false,"campfire_upgraded":2,"win_rate":0.0,"timestamp":1613870181,"path_taken":["M","M","$","?","M","E","R","M","T","M","$","E","?","?","R","BOSS","M","M","$","?","?","R","E"],"items_purchased_type":["Card","Card","Card"],"build_version":"2020-12-22","purchased_purges":2,"victory":false,"max_hp_per_floor":[68,68,68,73,73,73,73,73,73,73,73,73,73,73,73,73,73,73,73,73,73,73,73,73,73],"relic_stats":{"counters":[12,60],"CeramicFish":63,"Smiling Mask":50,"obtain_stats":[{"Anchor":9,"CeramicFish":6,"Mark of Pain":17,"Smiling Mask":12,"Burning Blood":0},{"Anchor":5,"CeramicFish":4,"Mark of Pain":8,"Smiling Mask":7,"Burning Blood":0},{"Anchor":21,"CeramicFish":20,"Mark of Pain":43,"Smiling Mask":34,"Burning Blood":0}],"Burning Blood":66},"card_choices":[{"not_picked":["Burning Pact","Heavy Blade"],"picked":"Metallicize","floor":1},{"not_picked":["Armaments","Cleave"],"picked":"Iron Wave","floor":2},{"not_picked":["Clash","Sword Boomerang"],"picked":"True Grit","floor":5},{"not_picked":["Anger","Intimidate"],"picked":"Juggernaut","floor":6},{"not_picked":["Uppercut","Seeing Red"],"picked":"Reckless Charge","floor":10},{"not_picked":["Heavy Blade","Sentinel"],"picked":"Dual Wield","floor":12},{"not_picked":["Corruption","Demon Form"],"picked":"Offering","floor":16},{"not_picked":["Thunderclap","Flex"],"picked":"Sever Soul","floor":18},{"not_picked":["Clothesline+1","Anger","Sword Boomerang"],"picked":"SKIP","floor":19},{"not_picked":["Thunderclap+1","Pommel Strike","Anger"],"picked":"SKIP","floor":21}],"player_experience":1083455,"relics_obtained":[{"floor":6,"key":"CeramicFish"},{"floor":9,"key":"Anchor"},{"floor":12,"key":"Smiling Mask"}],"event_choices":[{"damage_healed":0,"gold_gain":0,"player_choice":"Donut","damage_taken":0,"max_hp_gain":5,"max_hp_loss":0,"event_name":"Big Fish","floor":4,"gold_loss":0},{"damage_healed":0,"gold_gain":0,"player_choice":"Ignored","damage_taken":0,"max_hp_gain":0,"max_hp_loss":0,"event_name":"Liars Game","floor":13,"gold_loss":0},{"cards_removed":["Dual Wield"],"damage_healed":64,"gold_gain":0,"player_choice":"Offered Uncommon","damage_taken":0,"max_hp_gain":0,"max_hp_loss":0,"event_name":"Bonfire Elementals","floor":14,"gold_loss":0},{"damage_healed":0,"gold_gain":0,"player_choice":"Ignored","damage_taken":0,"max_hp_gain":0,"max_hp_loss":0,"event_name":"The Mausoleum","floor":22,"gold_loss":0}],"is_beta":false,"boss_relics":[{"not_picked":["Coffee Dripper","Philosopher\u0027s Stone"],"picked":"Mark of Pain"}],"items_purged_floors":[11,20],"is_endless":false,"potions_floor_spawned":[1,5,10,12,16,18],"killed_by":"Book of Stabbing","ascension_level":19}}