{"host":"cfv8orgc8997ql4r","time":1613936207,"event":{"mods":["AchievementEnabler","BaseMod","DeckTracker","Keyboard Shortcuts","Minty Spire (QoL Compilation)"],"gold_per_floor":[113,288,139,139,156,184,184,184,184,134,159,180,180,196,196,322,322,338,359,269,283,298,298,397,397,397,297,297,297,297],"floor_reached":29,"language":"KOR","playtime":597,"items_purged":["Doubt","Judgement+1"],"score":248,"play_id":"ec9bb48a-f64a-4dce-adaa-73a9a661cc37","local_time":"20210222043647","is_ascension_mode":false,"campfire_choices":[{"data":"Adaptation","floor":13,"key":"SMITH"},{"data":"Judgement","floor":15,"key":"SMITH"},{"floor":23,"key":"REST"},{"data":"Scrawl","floor":28,"key":"SMITH"}],"circlet_count":0,"master_deck":["Strike_P","Strike_P","Strike_P","Strike_P","Defend_P","Defend_P","Defend_P","Eruption+1","Vigilance","Adaptation+1","EmptyFist","FlurryOfBlows","Scrawl+1","InnerPeace+1"],"relics":["PureWater","NeowsBlessing","Question Card","Golden Idol","Letter Opener","Black Star","FaceOfCleric","White Beast Statue"],"acts_visited":["Exordium","TheCity"],"potions_floor_usage":[16,16,29],"damage_taken":[{"damage":0,"enemies":"Small Slimes","floor":1,"turns":1},{"damage":0,"enemies":"Cultist","floor":5,"turns":1},{"damage":0,"enemies":"Gremlin Nob","floor":6,"turns":1},{"damage":3,"enemies":"Jaw Worm","floor":11,"turns":2},{"damage":11,"enemies":"Blue Slaver","floor":12,"turns":4},{"damage":20,"enemies":"Large Slime","floor":14,"turns":6},{"damage":12,"enemies":"Hexaghost","floor":16,"turns":7},{"damage":24,"enemies":"Chosen","floor":18,"turns":5},{"damage":0,"enemies":"Spheric Guardian","floor":19,"turns":1},{"damage":30,"enemies":"Centurion and Healer","floor":21,"turns":3},{"damage":17,"enemies":"Shelled Parasite and Fungi","floor":22,"turns":4},{"damage":0,"enemies":"Snecko","floor":29,"turns":2}],"seed_played":"-5076916766243778929","potions_obtained":[{"floor":1,"key":"PowerPotion"},{"floor":11,"key":"GamblersBrew"},{"floor":12,"key":"DuplicationPotion"},{"floor":14,"key":"SteroidPotion"}],"is_trial":false,"path_per_floor":["M","?","$","?","M","E","?","?","T","?","M","M","R","M","R","B",null,"M","M","?","M","M","R","?","?","T","$","R","M"],"character_chosen":"WATCHER","items_purchased":["Adaptation"],"campfire_rested":1,"item_purchase_floors":[3],"current_hp_per_floor":[72,72,72,72,72,72,72,65,65,65,62,51,51,31,31,19,72,48,48,48,18,1,22,22,22,22,22,22,22,22],"gold":297,"neow_bonus":"THREE_ENEMY_KILL","is_daily":false,"chose_seed":false,"campfire_upgraded":3,"win_rate":0.0,"timestamp":1613936207,"path_taken":["M","?","$","?","?","E","?","?","T","?","M","?","R","M","R","BOSS","M","M","?","M","?","R","?","?","T","$","R","?"],"items_purchased_type":["Card"],"build_version":"2020-12-22","purchased_purges":2,"victory":false,"max_hp_per_floor":[72,72,72,72,72,72,72,72,72,72,72,72,72,72,72,72,72,72,72,72,72,72,72,72,72,72,72,72,72,72],"card_choices":[{"not_picked":["Weave","PathToVictory"],"picked":"ForeignInfluence","floor":1},{"not_picked":["PathToVictory","Wireheading"],"picked":"EmptyFist","floor":5},{"not_picked":["Perseverance","EmptyBody"],"picked":"FlurryOfBlows","floor":6},{"not_picked":["FlurryOfBlows","WindmillStrike","Vengeance","Nirvana"],"picked":"SKIP","floor":11},{"not_picked":["EmptyFist","CutThroughFate","Evaluate"],"picked":"Collect","floor":12},{"not_picked":["FlurryOfBlows","CrushJoints","Wireheading"],"picked":"Judgement","floor":14},{"not_picked":["Ragnarok","MasterReality","Brilliance"],"picked":"Scrawl","floor":16},{"not_picked":["CutThroughFate","Nirvana","Collect","LikeWater"],"picked":"SKIP","floor":18},{"not_picked":["Sanctity","PathToVictory","SashWhip"],"picked":"InnerPeace+1","floor":19},{"not_picked":["PathToVictory+1","Worship","Halt","Pray"],"picked":"SKIP","floor":21},{"not_picked":["JustLucky","Halt","Fasting2+1","EmptyFist+1"],"picked":"SKIP","floor":22}],"player_experience":207930,"relics_obtained":[{"floor":6,"key":"Question Card"},{"floor":9,"key":"Letter Opener"},{"floor":26,"key":"White Beast Statue"}],"event_choices":[{"damage_healed":0,"gold_gain":175,"player_choice":"AGREE","damage_taken":0,"max_hp_gain":0,"max_hp_loss":0,"event_name":"Liars Game","floor":2,"gold_loss":0,"cards_obtained":["Doubt"]},{"cards_removed":["ForeignInfluence"],"damage_healed":0,"gold_gain":0,"player_choice":"Offered Uncommon","damage_taken":0,"max_hp_gain":0,"max_hp_loss":0,"event_name":"Bonfire Elementals","floor":4,"gold_loss":0},{"damage_healed":0,"gold_gain":0,"player_choice":"Take Wound","damage_taken":0,"relics_obtained":["Golden Idol"],"max_hp_gain":0,"max_hp_loss":0,"event_name":"Golden Idol","floor":7,"gold_loss":0,"cards_obtained":["Injury"]},{"cards_removed":["Injury"],"damage_healed":0,"gold_gain":0,"player_choice":"Card Removal","damage_taken":7,"max_hp_gain":0,"max_hp_loss":0,"event_name":"Golden Wing","floor":8,"gold_loss":0},{"cards_removed":["Defend_P"],"damage_healed":0,"gold_gain":0,"player_choice":"Card Removal","damage_taken":0,"max_hp_gain":0,"max_hp_loss":0,"event_name":"The Cleric","floor":10,"gold_loss":50},{"cards_removed":["Collect"],"damage_healed":0,"gold_gain":0,"player_choice":"Upgrade and Remove","damage_taken":0,"max_hp_gain":0,"max_hp_loss":0,"event_name":"Designer","floor":20,"gold_loss":90,"cards_upgraded":["Eruption"]},{"damage_healed":0,"gold_gain":99,"player_choice":"Stole From Cult","damage_taken":0,"max_hp_gain":0,"max_hp_loss":0,"event_name":"Nest","floor":24,"gold_loss":0},{"damage_healed":0,"gold_gain":0,"player_choice":"Trade","damage_taken":0,"relics_obtained":["FaceOfCleric"],"max_hp_gain":0,"max_hp_loss":0,"event_name":"FaceTrader","floor":25,"gold_loss":0}],"is_beta":false,"boss_relics":[{"not_picked":["SacredBark","Astrolabe"],"picked":"Black Star"}],"items_purged_floors":[3,27],"is_endless":false,"potions_floor_spawned":[1,11,12,14],"killed_by":"Snecko","ascension_level":0}}