{"host":"ne5hixkhdtkevwwo","time":1613870237,"event":{"mods":["BaseMod","Downfall","Infinite Spire","Minty Spire (QoL Compilation)","Relic Stats","StSLib"],"gold_per_floor":[116,134,309,259,259,291,291,302,327,337,6,33,45,77,77,179,179,194,194,204,215,228,262,262,262,262,262,361,387,399,424,424,524,524,544,553,574,5,114,145,167,167,167,167],"floor_reached":42,"language":"ENG","playtime":2424,"items_purged":["bronze:Strike","bronze:Strike","bronze:Strike"],"score":906,"play_id":"6cf1e73b-e95d-4cec-b584-c527596d5a0f","local_time":"20210221021717","is_ascension_mode":true,"campfire_choices":[{"data":"bronze:OilSpill","floor":7,"key":"SMITH"},{"data":"bronze:MaxOutput","floor":15,"key":"SMITH"},{"floor":24,"key":"REST"},{"floor":27,"key":"RECALL"},{"floor":32,"key":"REST"}],"circlet_count":0,"master_deck":["AscendersBane","bronze:Strike","bronze:Defend","bronze:Defend+1","bronze:Defend","bronze:Replicate","bronze:Goto","bronze:OilSpill+1","bronze:ForLoop","bronze:Turbo","bronze:OilSpill","bronze:Safeguard","bronze:FindAndReplace","bronze:Frontload","bronze:ItsAFeature","bronze:MaxOutput+1","bronze:Verify","bronze:DelayedGuard+1","bronze:Frontload","bronze:Frontload","infinitespire:Starlight","bronze:Terminator+1","bronze:OilSpill+1","bronze:Mutator","bronze:Assembly","infinitespire:Execution","bronze:BugBarrage","infinitespire:UltimateForm","bronze:ClassDefault+1"],"relics":["bronze:BronzeCore","NeowsBlessing","Happy Flower","Omamori","infinitespire:EmpoweringShard","Orichalcum","Kunai","Fusion Hammer","sneckomod:BabySnecko","hexamod:CandleOfCauterizing","champ:Barbells","bronze:PlatinumCore","HornCleat","bronze:CableSpool","infinitespire:FocusingShard","Calling Bell","CeramicFish","Matryoshka","StoneCalendar","MawBank","Vajra","infinitespire:Lucky Rock","TheAbacus","Du-Vu Doll","Tiny Chest"],"acts_visited":["Exordium","TheCity","TheBeyond"],"potions_floor_usage":[12,21,23,23,23,31,39,40],"damage_taken":[{"damage":0,"enemies":"2 Louse","floor":1,"turns":1},{"damage":0,"enemies":"Jaw Worm","floor":2,"turns":1},{"damage":0,"enemies":"3 Sentries","floor":6,"turns":1},{"damage":9,"enemies":"Small Slimes","floor":8,"turns":2},{"damage":16,"enemies":"2 Fungi Beasts","floor":10,"turns":3},{"damage":0,"enemies":"Lagavulin","floor":12,"turns":4},{"damage":1,"enemies":"Looter","floor":13,"turns":2},{"damage":15,"enemies":"Gremlin Nob","floor":14,"turns":3},{"damage":9,"enemies":"The Guardian","floor":16,"turns":9},{"damage":0,"enemies":"Spheric Guardian","floor":18,"turns":4},{"damage":2,"enemies":"Chosen","floor":20,"turns":4},{"damage":0,"enemies":"Centurion and Healer","floor":21,"turns":7},{"damage":0,"enemies":"Snake Plant","floor":22,"turns":4},{"damage":2,"enemies":"Nightmare","floor":23,"turns":6},{"damage":58,"enemies":"Gremlin Leader","floor":29,"turns":5},{"damage":4,"enemies":"Sentry and Sphere","floor":30,"turns":8},{"damage":9,"enemies":"Book of Stabbing","floor":31,"turns":5},{"damage":1,"enemies":"Champ","floor":33,"turns":10},{"damage":0,"enemies":"3 Darklings","floor":35,"turns":5},{"damage":9,"enemies":"infinitespire:Three Voidlings","floor":39,"turns":3},{"damage":44,"enemies":"Nightmare_Alpha","floor":39,"turns":8},{"damage":1,"enemies":"Nightmare","floor":40,"turns":8},{"damage":0,"enemies":"3 Shapes","floor":41,"turns":1},{"damage":43,"enemies":"Reptomancer","floor":42,"turns":3}],"seed_played":"6241800647524388164","potions_obtained":[{"floor":1,"key":"Weak Potion"},{"floor":2,"key":"Energy Potion"},{"floor":13,"key":"Ancient Potion"},{"floor":16,"key":"bronze:BuildAFunctionPotion"},{"floor":20,"key":"EntropicBrew"},{"floor":23,"key":"FearPotion"},{"floor":31,"key":"Weak Potion"},{"floor":33,"key":"Slimebound:ThreeZeroPotion"}],"is_trial":false,"path_per_floor":["M","M","?","?","?","E","R","M","T","M","$","E","M","E","R","B",null,"M","?","M","M","M","NM","R","AVR","T","R","?","E","M","E","R","B",null,"M","AVR","?","$","?","NM","M","E"],"character_chosen":"THE_AUTOMATON","items_purchased":["infinitespire:EmpoweringShard","bronze:FindAndReplace","bronze:BugBarrage","Vajra","infinitespire:Lucky Rock","TheAbacus"],"campfire_rested":2,"item_purchase_floors":[11,11,38,38,38,38],"current_hp_per_floor":[63,63,63,63,63,63,63,54,54,38,38,38,37,22,22,13,56,56,56,54,54,54,52,70,70,70,70,70,22,28,29,50,59,67,70,70,52,52,18,27,27,0,0,0],"gold":167,"neow_bonus":"THREE_ENEMY_KILL","is_daily":false,"chose_seed":false,"campfire_upgraded":2,"win_rate":0.0,"timestamp":1613870237,"path_taken":["M","M","?","?","?","E","R","M","T","?","$","E","M","E","R","BOSS","M","?","M","M","M","NM","R","AVR","T","R","?","E","M","E","R","BOSS","M","AVR","?","$","?","NM","M","E"],"items_purchased_type":["Relic","Card","Card","Relic","Relic","Relic"],"build_version":"2020-12-22","purchased_purges":3,"victory":false,"max_hp_per_floor":[70,70,70,70,70,70,70,70,70,70,70,70,70,70,70,70,70,70,70,70,70,70,70,70,70,70,70,70,70,70,70,70,70,70,70,70,70,70,70,70,70,70,70,70],"relic_stats":{"TheAbacus":[24],"Happy Flower":[34],"counters":[24,107],"CeramicFish":45,"StoneCalendar":[69],"Tiny Chest":0,"Kunai":[24],"Orichalcum":[48],"MawBank":24,"obtain_stats":[{"bronze:PlatinumCore":25,"bronze:BronzeCore":0,"CeramicFish":34,"Vajra":38,"StoneCalendar":34,"bronze:CableSpool":29,"HornCleat":26,"Matryoshka":34,"TheAbacus":38,"Tiny Chest":40,"Fusion Hammer":17,"Kunai":14,"champ:Barbells":25,"hexamod:CandleOfCauterizing":23,"NeowsBlessing":0,"Happy Flower":6,"infinitespire:FocusingShard":31,"Omamori":9,"infinitespire:Lucky Rock":38,"Orichalcum":12,"MawBank":36,"Calling Bell":34,"Du-Vu Doll":39,"sneckomod:BabySnecko":19,"infinitespire:EmpoweringShard":11},{"bronze:PlatinumCore":14,"bronze:BronzeCore":0,"CeramicFish":18,"Vajra":19,"StoneCalendar":18,"bronze:CableSpool":15,"HornCleat":14,"Matryoshka":18,"TheAbacus":19,"Tiny Chest":22,"Fusion Hammer":9,"Kunai":8,"champ:Barbells":14,"hexamod:CandleOfCauterizing":14,"NeowsBlessing":0,"Happy Flower":3,"infinitespire:FocusingShard":17,"Omamori":4,"infinitespire:Lucky Rock":19,"Orichalcum":6,"MawBank":19,"Calling Bell":18,"Du-Vu Doll":21,"sneckomod:BabySnecko":10,"infinitespire:EmpoweringShard":5},{"bronze:PlatinumCore":51,"bronze:BronzeCore":0,"CeramicFish":79,"Vajra":84,"StoneCalendar":79,"bronze:CableSpool":56,"HornCleat":51,"Matryoshka":79,"TheAbacus":84,"Tiny Chest":103,"Fusion Hammer":26,"Kunai":17,"champ:Barbells":51,"hexamod:CandleOfCauterizing":51,"NeowsBlessing":0,"Happy Flower":3,"infinitespire:FocusingShard":69,"Omamori":5,"infinitespire:Lucky Rock":84,"Orichalcum":12,"MawBank":84,"Calling Bell":79,"Du-Vu Doll":95,"sneckomod:BabySnecko":30,"infinitespire:EmpoweringShard":8}]},"card_choices":[{"not_picked":["bronze:Overheat","bronze:ClassDefault"],"picked":"bronze:OilSpill","floor":1},{"not_picked":["bronze:DelayedGuard","bronze:BitShift"],"picked":"bronze:ForLoop","floor":2},{"not_picked":["bronze:ClassDefault","bronze:BugBarrage"],"picked":"bronze:Turbo","floor":6},{"not_picked":["bronze:Iterate","bronze:WhirlingStrike"],"picked":"bronze:OilSpill","floor":8},{"not_picked":["bronze:Invalidate","bronze:Philosophize"],"picked":"bronze:Safeguard","floor":10},{"not_picked":["bronze:GetLatest","bronze:DelayedSlice"],"picked":"bronze:Frontload","floor":12},{"not_picked":["bronze:Turbo","bronze:Separator"],"picked":"bronze:ItsAFeature","floor":13},{"not_picked":["bronze:Branch","bronze:Overload"],"picked":"bronze:MaxOutput","floor":14},{"not_picked":["bronze:CleanCode","bronze:ThunderWave"],"picked":"bronze:Verify","floor":16},{"not_picked":["bronze:ForLoop+1","bronze:DelayedSlice"],"picked":"bronze:DelayedGuard+1","floor":18},{"not_picked":["bronze:ChosenStrike","bronze:Overload","bronze:ClassDefault"],"picked":"SKIP","floor":20},{"not_picked":["bronze:Overheat","bronze:Shell"],"picked":"bronze:Frontload","floor":21},{"not_picked":["bronze:Return","bronze:Allocate"],"picked":"bronze:Frontload","floor":22},{"not_picked":["infinitespire:SevenWalls","infinitespire:Punishment"],"picked":"infinitespire:Starlight","floor":23},{"not_picked":["bronze:TinkerersToolbox","bronze:WhirlingStrike"],"picked":"bronze:Terminator","floor":23},{"not_picked":["bronze:BitShift","bronze:ChosenStrike+1","bronze:OilSpill"],"picked":"SKIP","floor":29},{"not_picked":["bronze:BronzeOrb","bronze:BitShift"],"picked":"bronze:OilSpill+1","floor":30},{"not_picked":["bronze:DelayedGuard+1","bronze:Overheat"],"picked":"bronze:Mutator","floor":31},{"not_picked":["bronze:RecursiveStrike","bronze:TinkerersToolbox"],"picked":"bronze:Assembly","floor":33},{"not_picked":["bronze:Invalidate","bronze:Turbo","bronze:Hardcode"],"picked":"SKIP","floor":35},{"not_picked":["infinitespire:DeathsTouch","infinitespire:SevenWalls"],"picked":"infinitespire:Execution","floor":37},{"not_picked":["infinitespire:Punishment","infinitespire:Execution"],"picked":"infinitespire:UltimateForm","floor":39},{"not_picked":["bronze:FineTuning+1","bronze:Overheat","bronze:ForceShield"],"picked":"SKIP","floor":40},{"not_picked":["bronze:FineTuning","bronze:Library","bronze:ClassDefault+1"],"picked":"SKIP","floor":41},{"not_picked":["bronze:FineTuning","bronze:Library"],"picked":"bronze:ClassDefault+1","floor":41}],"player_experience":1100424,"relics_obtained":[{"floor":6,"key":"Happy Flower"},{"floor":9,"key":"Omamori"},{"floor":12,"key":"Orichalcum"},{"floor":14,"key":"Kunai"},{"floor":23,"key":"hexamod:CandleOfCauterizing"},{"floor":26,"key":"HornCleat"},{"floor":29,"key":"bronze:CableSpool"},{"floor":31,"key":"infinitespire:FocusingShard"},{"floor":34,"key":"CeramicFish"},{"floor":34,"key":"Matryoshka"},{"floor":34,"key":"StoneCalendar"},{"floor":39,"key":"Du-Vu Doll"},{"floor":40,"key":"Tiny Chest"}],"event_choices":[{"damage_healed":0,"gold_gain":175,"player_choice":"AGREE","damage_taken":0,"max_hp_gain":0,"max_hp_loss":0,"event_name":"Liars Game","floor":3,"gold_loss":0,"cards_obtained":["Doubt"]},{"cards_removed":["Doubt"],"damage_healed":0,"gold_gain":0,"player_choice":"Card Removal","damage_taken":0,"max_hp_gain":0,"max_hp_loss":0,"event_name":"The Cleric","floor":4,"gold_loss":50},{"cards_removed":["bronze:Defend"],"damage_healed":0,"gold_gain":0,"player_choice":"Purged","damage_taken":0,"max_hp_gain":0,"max_hp_loss":0,"event_name":"Purifier","floor":5,"gold_loss":0},{"damage_healed":0,"gold_gain":99,"player_choice":"Stole From Cult","damage_taken":0,"max_hp_gain":0,"max_hp_loss":0,"event_name":"Nest","floor":28,"gold_loss":0}],"is_beta":false,"boss_relics":[{"not_picked":["bronze:ElectromagneticCoil","Cursed Key"],"picked":"Fusion Hammer"},{"not_picked":["Runic Pyramid","Busted Crown"],"picked":"Calling Bell"}],"items_purged_floors":[25,36,38],"is_endless":true,"potions_floor_spawned":[1,2,13,16,20,23,29,31,33,39],"killed_by":"Reptomancer","ascension_level":10}}