{"host":"qdazo2n9x18zu9dk","time":1613939124,"event":{"mods":["BaseMod","Hermit","Minty Spire (QoL Compilation)","StSLib"],"gold_per_floor":[117,117,134,150,100,134,134,167,236,236,236,270,326,29,29,133,133,152,152,152,169,186,186,198,198,198],"floor_reached":25,"language":"ENG","playtime":2887,"items_purged":["hermit:Strike_Hermit"],"score":252,"play_id":"bd3c441b-1426-4c51-940d-11345274a7bf","local_time":"20210221212524","is_ascension_mode":true,"campfire_choices":[{"data":"hermit:Malice","floor":7,"key":"SMITH"},{"data":"hermit:Snapshot","floor":10,"key":"SMITH"},{"data":"hermit:ShadowCloak","floor":15,"key":"SMITH"},{"floor":23,"key":"REST"}],"circlet_count":0,"master_deck":["hermit:Strike_Hermit","hermit:Strike_Hermit+1","hermit:Defend_Hermit","hermit:Defend_Hermit","hermit:Defend_Hermit+1","hermit:Defend_Hermit","hermit:Snapshot+1","hermit:Covet","hermit:CalledShot+1","hermit:Ricochet","hermit:Deadeye","hermit:Malice+1","hermit:Horror","hermit:Misfire","hermit:ShadowCloak+1","hermit:EternalForm","hermit:WideOpen+1","hermit:Determination","Necronomicurse","hermit:Scavenge","hermit:Misfire+1","hermit:Reprieve","hermit:Virtue+1","hermit:Roulette"],"relics":["hermit:ClaspedLocket","Prayer Wheel","Art of War","Meat on the Bone","Gambling Chip","MealTicket","Vajra","Necronomicon"],"acts_visited":["Exordium","TheCity"],"potions_floor_usage":[12,16,22,22,22,25],"damage_taken":[{"damage":0,"enemies":"Small Slimes","floor":1,"turns":4},{"damage":0,"enemies":"2 Louse","floor":3,"turns":3},{"damage":2,"enemies":"Jaw Worm","floor":4,"turns":3},{"damage":20,"enemies":"3 Sentries","floor":6,"turns":6},{"damage":20,"enemies":"Lagavulin","floor":8,"turns":6},{"damage":10,"enemies":"Gremlin Nob","floor":12,"turns":3},{"damage":10,"enemies":"Gremlin Nob","floor":13,"turns":3},{"damage":32,"enemies":"The Guardian","floor":16,"turns":9},{"damage":12,"enemies":"Spheric Guardian","floor":18,"turns":4},{"damage":12,"enemies":"Chosen","floor":21,"turns":3},{"damage":39,"enemies":"Snake Plant","floor":22,"turns":3},{"damage":2,"enemies":"Snecko","floor":24,"turns":3},{"damage":62,"enemies":"Gremlin Leader","floor":25,"turns":5}],"seed_played":"4886735672682958964","potions_obtained":[{"floor":3,"key":"AttackPotion"},{"floor":8,"key":"LiquidBronze"},{"floor":13,"key":"SkillPotion"},{"floor":16,"key":"Explosive Potion"},{"floor":21,"key":"GamblersBrew"},{"floor":24,"key":"FearPotion"}],"is_trial":false,"path_per_floor":["M","?","M","M","?","E","R","E","T","R","?","E","?","$","R","B",null,"M","?","?","M","M","R","M","E"],"character_chosen":"HERMIT","items_purchased":["hermit:ShadowCloak","Vajra"],"campfire_rested":1,"item_purchase_floors":[14,14],"current_hp_per_floor":[82,82,82,80,80,60,60,40,40,40,24,26,28,43,43,23,82,70,70,54,42,15,39,49,0,0],"gold":198,"neow_bonus":"TEN_PERCENT_HP_BONUS","is_daily":false,"chose_seed":false,"campfire_upgraded":3,"win_rate":0.0,"timestamp":1613939124,"path_taken":["M","?","M","M","?","E","R","E","T","R","?","E","?","$","R","BOSS","M","?","?","M","M","R","M","E"],"items_purchased_type":["Card","Relic"],"build_version":"2020-12-22","purchased_purges":1,"victory":false,"max_hp_per_floor":[82,82,82,82,82,82,82,82,82,82,82,82,82,82,82,82,82,82,82,82,82,82,82,82,82,82],"card_choices":[{"not_picked":["hermit:FullyLoaded","hermit:LowProfile"],"picked":"hermit:CalledShot","floor":1},{"not_picked":["hermit:Vantage","hermit:FlashPowder"],"picked":"hermit:Ricochet","floor":3},{"not_picked":["hermit:LowProfile","hermit:BigShot"],"picked":"hermit:Deadeye","floor":4},{"not_picked":["hermit:Horror","hermit:Quickdraw"],"picked":"hermit:Malice","floor":6},{"not_picked":["hermit:Dive","hermit:Quickdraw"],"picked":"hermit:Horror","floor":8},{"not_picked":["hermit:BodyArmor","hermit:Roughhouse"],"picked":"hermit:Misfire","floor":12},{"not_picked":["hermit:HeroicBravado","hermit:DeadOrAlive"],"picked":"hermit:EternalForm","floor":16},{"not_picked":["hermit:Quickdraw","hermit:FullyLoaded+1"],"picked":"hermit:WideOpen+1","floor":18},{"not_picked":["hermit:PistolWhip","hermit:Determination","hermit:Desperado+1"],"picked":"SKIP","floor":18},{"not_picked":["hermit:PistolWhip","hermit:Desperado+1"],"picked":"hermit:Determination","floor":18},{"not_picked":["hermit:Maintenance","hermit:Headshot"],"picked":"hermit:Scavenge","floor":21},{"not_picked":["hermit:Headshot","hermit:Coalescence"],"picked":"hermit:Misfire+1","floor":21},{"not_picked":["hermit:Snipe","hermit:Showdown+1"],"picked":"hermit:Reprieve","floor":22},{"not_picked":["hermit:ItchyTrigger","hermit:WideOpen+1","hermit:CalledShot"],"picked":"SKIP","floor":22},{"not_picked":["hermit:WideOpen","hermit:Enervate"],"picked":"hermit:Virtue+1","floor":24},{"not_picked":["hermit:Roulette","hermit:Midnight+1","hermit:Showdown+1"],"picked":"SKIP","floor":24},{"not_picked":["hermit:Midnight+1","hermit:Showdown+1"],"picked":"hermit:Roulette","floor":24}],"player_experience":1265226,"relics_obtained":[{"floor":6,"key":"Prayer Wheel"},{"floor":8,"key":"Art of War"},{"floor":9,"key":"Meat on the Bone"},{"floor":12,"key":"Gambling Chip"},{"floor":13,"key":"MealTicket"},{"floor":20,"key":"Necronomicon"}],"event_choices":[{"damage_healed":0,"gold_gain":0,"player_choice":"Grow","damage_taken":0,"max_hp_gain":0,"max_hp_loss":0,"event_name":"Living Wall","floor":2,"gold_loss":0,"cards_upgraded":["hermit:CalledShot"]},{"cards_removed":["hermit:Strike_Hermit"],"damage_healed":0,"gold_gain":0,"player_choice":"Card Removal","damage_taken":0,"max_hp_gain":0,"max_hp_loss":0,"event_name":"The Cleric","floor":5,"gold_loss":50},{"damage_healed":0,"gold_gain":0,"player_choice":"Entered Light","damage_taken":16,"max_hp_gain":0,"max_hp_loss":0,"event_name":"Shining Light","floor":11,"gold_loss":0,"cards_upgraded":["hermit:Defend_Hermit","hermit:Strike_Hermit"]},{"damage_healed":0,"gold_gain":0,"player_choice":"Searched \u00271\u0027 times","damage_taken":0,"max_hp_gain":0,"max_hp_loss":0,"event_name":"Dead Adventurer","floor":13,"gold_loss":0},{"damage_healed":0,"gold_gain":0,"player_choice":"Ignored","damage_taken":0,"max_hp_gain":0,"max_hp_loss":0,"event_name":"Ghosts","floor":19,"gold_loss":0},{"damage_healed":0,"gold_gain":0,"player_choice":"Obtained Book","damage_taken":16,"max_hp_gain":0,"max_hp_loss":0,"event_name":"Cursed Tome","floor":20,"gold_loss":0}],"is_beta":false,"boss_relics":[{"not_picked":["Tiny House","Sozu"],"picked":"hermit:ClaspedLocket"}],"items_purged_floors":[14],"is_endless":false,"potions_floor_spawned":[3,8,13,16,21,24],"killed_by":"Gremlin Leader","ascension_level":3}}