{"host":"ypphcgdomtfqpc2w","time":1613919803,"event":{"mods":["BaseMod","Minty Spire (QoL Compilation)","StSLib"],"gold_per_floor":[116,130,130,144,164,164,144,159,159,190,190,190,32,45,45,144,144,157,17,30,30,53,94,94,110,110,110,35,35,35,59,59,157,157,176,190,211,232,232,232,232,232],"floor_reached":41,"language":"ENG","playtime":2515,"items_purged":["Strike_P"],"score":907,"play_id":"568b9867-dea5-4410-9c3c-6e2bbcd51489","local_time":"20210222000323","is_ascension_mode":true,"campfire_choices":[{"data":"CrushJoints","floor":6.0,"key":"SMITH"},{"data":"Eruption","floor":11.0,"key":"SMITH"},{"floor":15.0,"key":"REST"},{"floor":24.0,"key":"REST"},{"data":"Scrawl","floor":27.0,"key":"SMITH"},{"data":"DevaForm","floor":30.0,"key":"SMITH"},{"floor":32.0,"key":"REST"},{"data":"Ghostly","floor":40,"key":"SMITH"}],"circlet_count":0,"master_deck":["AscendersBane","Strike_P+1","Defend_P","Defend_P","Defend_P","Eruption+1","Vigilance","DeceiveReality+1","EmptyBody","CrushJoints+1","SignatureMove","CutThroughFate","ClearTheMind","DevaForm+1","Consecrate","ThirdEye","Scrawl+1","Judgement","Vengeance+1","MentalFortress","Nirvana","Ghostly+1","Ghostly+1","Ghostly","InnerPeace","Collect+1","TalkToTheHand","SpiritShield+1","Tantrum","Halt+1","Evaluate+1","WaveOfTheHand+1"],"relics":["PureWater","Golden Idol","Peace Pipe","TeardropLocket","Black Star","GoldenEye","Toxic Egg 2","Turnip","VioletLotus"],"acts_visited":["Exordium","TheCity","TheBeyond"],"potions_floor_usage":[37],"damage_taken":[{"damage":1.0,"enemies":"Small Slimes","floor":1.0,"turns":7.0},{"damage":0.0,"enemies":"Cultist","floor":2.0,"turns":3.0},{"damage":0.0,"enemies":"2 Louse","floor":4.0,"turns":3.0},{"damage":4.0,"enemies":"Large Slime","floor":5.0,"turns":6.0},{"damage":0.0,"enemies":"Blue Slaver","floor":8.0,"turns":5.0},{"damage":13.0,"enemies":"Gremlin Nob","floor":10.0,"turns":4.0},{"damage":0.0,"enemies":"Exordium Thugs","floor":14.0,"turns":2.0},{"damage":0.0,"enemies":"The Guardian","floor":16.0,"turns":6.0},{"damage":6.0,"enemies":"3 Byrds","floor":18.0,"turns":7.0},{"damage":0.0,"enemies":"Spheric Guardian","floor":20.0,"turns":1.0},{"damage":0.0,"enemies":"Shelled Parasite and Fungi","floor":22.0,"turns":3.0},{"damage":26.0,"enemies":"Slavers","floor":23.0,"turns":8.0},{"damage":3.0,"enemies":"Centurion and Healer","floor":25.0,"turns":5.0},{"damage":0.0,"enemies":"Snake Plant","floor":31.0,"turns":1.0},{"damage":8.0,"enemies":"Automaton","floor":33.0,"turns":11.0},{"damage":14.0,"enemies":"3 Shapes","floor":35.0,"turns":7.0},{"damage":1.0,"enemies":"Orb Walker","floor":36.0,"turns":3.0},{"damage":2,"enemies":"Transient","floor":37,"turns":6},{"damage":0,"enemies":"Spire Growth","floor":38,"turns":5},{"damage":16,"enemies":"Nemesis","floor":41,"turns":4}],"seed_played":"-2396267872405484801","potions_obtained":[{"floor":1.0,"key":"SpeedPotion"},{"floor":7.0,"key":"FearPotion"},{"floor":10.0,"key":"BottledMiracle"},{"floor":20.0,"key":"FearPotion"},{"floor":31.0,"key":"Weak Potion"}],"is_trial":false,"path_per_floor":["M","M","?","M","M","R","?","M","T","E","R","?","$","M","R","B",null,"M","$","M","?","M","E","R","M","T","R","?","$","R","M","R","B",null,"M","M","M","M","?","R","E"],"character_chosen":"WATCHER","items_purchased":["ThirdEye","BlessingOfTheForge","MentalFortress","Swift Potion"],"campfire_rested":3,"item_purchase_floors":[13,13,19,19],"current_hp_per_floor":[60,60,39,39,35,35,35,35,35,22,22,3,3,3,21,21,52,46,46,46,31,31,5,14,11,11,11,11,11,11,11,20,12,26,12,11,9,9,9,9,0,0],"gold":232,"neow_bonus":"TRANSFORM_TWO_CARDS","is_daily":false,"chose_seed":false,"campfire_upgraded":5,"win_rate":0.0,"timestamp":1613919803,"path_taken":["M","M","?","M","M","R","?","?","T","E","R","?","$","M","R","BOSS","M","$","M","?","M","E","R","M","T","R","?","?","R","M","R","BOSS","M","M","M","M","?","R","E"],"items_purchased_type":["Card","Potion","Card","Potion"],"build_version":"2020-12-22","purchased_purges":1,"victory":false,"max_hp_per_floor":[62,62,62,62,62,62,62,62,62,62,62,62,62,62,62,62,62,62,62,62,31,31,31,31,31,31,31,31,31,31,31,31,31,31,31,31,31,31,31,31,31,31],"card_choices":[{"not_picked":["Perseverance","EmptyBody"],"picked":"CrushJoints","floor":1.0},{"not_picked":["EmptyFist","WindmillStrike"],"picked":"SignatureMove","floor":2.0},{"not_picked":["PathToVictory","ForeignInfluence"],"picked":"CutThroughFate","floor":4.0},{"not_picked":["FlyingSleeves","SashWhip"],"picked":"ClearTheMind","floor":5.0},{"not_picked":["Crescendo","Evaluate"],"picked":"DevaForm","floor":8.0},{"not_picked":["CutThroughFate","Vengeance"],"picked":"Consecrate","floor":10.0},{"not_picked":["Worship","FollowUp"],"picked":"Scrawl","floor":14.0},{"not_picked":["Scrawl","SpiritShield"],"picked":"Judgement","floor":16.0},{"not_picked":["BowlingBash","ForeignInfluence"],"picked":"Vengeance+1","floor":18.0},{"not_picked":["EmptyBody","EmptyFist"],"picked":"Nirvana","floor":20.0},{"not_picked":["WaveOfTheHand","FlyingSleeves+1"],"picked":"InnerPeace","floor":22.0},{"not_picked":["WaveOfTheHand+1","CarveReality","FollowUp"],"picked":"SKIP","floor":23.0},{"not_picked":["WaveOfTheHand+1","Nirvana+1"],"picked":"Collect+1","floor":25.0},{"not_picked":["CrushJoints+1","PathToVictory+1"],"picked":"TalkToTheHand","floor":31.0},{"not_picked":["Vault+1","Scrawl+1"],"picked":"SpiritShield+1","floor":33.0},{"not_picked":["FollowUp","BowlingBash+1"],"picked":"Tantrum","floor":35.0},{"not_picked":["WaveOfTheHand+1","PathToVictory+1"],"picked":"Halt+1","floor":36.0},{"not_picked":["ForeignInfluence+1","Devotion"],"picked":"Evaluate+1","floor":37},{"not_picked":["SandsOfTime","CarveReality"],"picked":"WaveOfTheHand+1","floor":38}],"player_experience":2211113,"relics_obtained":[{"floor":9.0,"key":"Peace Pipe"},{"floor":10.0,"key":"TeardropLocket"},{"floor":23.0,"key":"GoldenEye"},{"floor":23.0,"key":"Toxic Egg 2"},{"floor":26.0,"key":"Turnip"}],"event_choices":[{"damage_healed":0.0,"max_hp_gain":0.0,"max_hp_loss":0.0,"gold_gain":0.0,"event_name":"Golden Idol","player_choice":"Take Damage","floor":3.0,"gold_loss":0.0,"damage_taken":21.0,"relics_obtained":["Golden Idol"]},{"damage_healed":0.0,"max_hp_gain":0.0,"max_hp_loss":0.0,"gold_gain":0.0,"event_name":"The Woman in Blue","player_choice":"Bought 1 Potion","floor":7.0,"gold_loss":0.0,"damage_taken":0.0},{"damage_healed":0.0,"max_hp_gain":0.0,"max_hp_loss":0.0,"gold_gain":0.0,"event_name":"Shining Light","player_choice":"Entered Light","floor":12.0,"gold_loss":0.0,"damage_taken":19.0,"cards_upgraded":["DeceiveReality","Strike_P"]},{"damage_healed":0.0,"max_hp_gain":0.0,"max_hp_loss":31.0,"gold_gain":0.0,"event_name":"Ghosts","player_choice":"Became a Ghost","floor":21.0,"gold_loss":0.0,"damage_taken":0.0,"cards_obtained":["Ghostly","Ghostly","Ghostly"]},{"cards_removed":["Strike_P"],"damage_healed":0.0,"max_hp_gain":0.0,"max_hp_loss":0.0,"gold_gain":0.0,"event_name":"Beggar","player_choice":"Gave Gold","floor":28.0,"gold_loss":75.0,"damage_taken":0.0},{"damage_healed":0,"gold_gain":0,"player_choice":"Upgraded","damage_taken":0,"max_hp_gain":0,"max_hp_loss":0,"event_name":"Upgrade Shrine","floor":39,"gold_loss":0,"cards_upgraded":["Ghostly"]}],"is_beta":false,"boss_relics":[{"not_picked":["Ectoplasm","Pandora\u0027s Box"],"picked":"Black Star"},{"not_picked":["Philosopher\u0027s Stone","Coffee Dripper"],"picked":"VioletLotus"}],"items_purged_floors":[13],"is_endless":false,"potions_floor_spawned":[1,10,14,20,31],"killed_by":"Nemesis","ascension_level":17}}