{"host":"p4v0hquynnreu717","time":1613936058,"event":{"mods":["BaseMod","DeckTracker","Googly Eyes","Marisa£¨ìFÓê¡¡Ä§ÀíÉ³£©","Minty Spire (QoL Compilation)","MostiFishMod","Quick Restart","RumiaBox-Â¶Ã×æ«µÄÉñÃØºÐ×Ó","StSLib","SuperFastMode","[IsaacMod]ÒÔÈö¼âËþ","¡¾ÒÅÎï¿¨ÅÆ¡¿REMEMod"],"gold_per_floor":[109,152,77,2,27,27,27,27,27,80,146,197,197,97,97,295,295,400,400,485,0,176,249,347,612,612,878,803,1056,1056,623,623,637,127,9,9,309,368,399,399],"floor_reached":24,"language":"ZHS","playtime":1420,"items_purged":["Defend_P","Strike_P","Strike_P","Defend_P","Meteor Strike"],"score":1327,"play_id":"db75da73-ba3d-4d5a-afef-cefee908cc70","local_time":"20210222033418","daily_mods":["Heirloom","Flight"],"is_ascension_mode":true,"campfire_choices":[{"data":"Eruption","floor":6,"key":"SMITH"},{"data":"WitchOfGreed","floor":7,"key":"SMITH"},{"data":"Defend_P","floor":8,"key":"PURGE"},{"data":"EarthLightRay","floor":13,"key":"SMITH"},{"data":"Robbery","floor":15,"key":"SMITH"},{"data":"Strike_P","floor":30,"key":"PURGE"},{"data":"Eruption+1","floor":32,"key":"PURGE"}],"circlet_count":0,"master_deck":["AscendersBane","Vigilance","WitchOfGreed+1","Robbery+1","EarthLightRay+1","UltimateShortwave","Vault","Fasting2","Ghostly","Ghostly","Ghostly","PropBag","MostiFishMod:Dust","InnerPeace","Worship","MostiFishMod:StarHerder","Crescendo","MilkyWay","Ghostly","Ghostly","Ghostly","PowerUp"],"relics":["PureWater","DaveBox","HushsDoor","REME_ComplimentaryCards","BelialBook","BirthdayGift-Tetrahedron","Peace Pipe","SynthV:TestCard","ImprovedEquipment","Pen Nib","Yang","SoulBox","GuppysTail","OrangePellets","AnarchistCookbook","Letter Opener","Calipers","DoctorsRemote","Smiling Mask","Bag of Preparation","ChiLing","Chi","Ling","ClockworkSouvenir","Molten Egg 2","Potion Belt","MagicDraw3","MagicDraw4"],"acts_visited":["Exordium","TheCity"],"potions_floor_usage":[5,11,16,16],"damage_taken":[{"damage":2,"enemies":"2 Louse","floor":1,"turns":2},{"damage":2,"enemies":"Cultist","floor":5,"turns":2},{"damage":2,"enemies":"Gremlin Nob","floor":10,"turns":2},{"damage":2,"enemies":"Small Slimes","floor":11,"turns":2},{"damage":4,"enemies":"3 Sentries","floor":12,"turns":3},{"damage":8,"enemies":"Slime Boss","floor":16,"turns":5},{"damage":6,"enemies":"Chosen","floor":18,"turns":4},{"damage":6,"enemies":"Spheric Guardian","floor":20,"turns":4},{"damage":4,"enemies":"Chosen and Byrds","floor":22,"turns":3},{"damage":0,"enemies":"Slavers","floor":23,"turns":5},{"damage":5,"enemies":"3 Cultists","floor":24,"turns":4},{"damage":8,"enemies":"Gremlin Leader","floor":25,"turns":5},{"damage":5,"enemies":"REME_1_Revenger","floor":27,"turns":5},{"damage":6,"enemies":"Gremlin Leader","floor":29,"turns":4},{"damage":2,"enemies":"3 Byrds","floor":18,"turns":1},{"damage":9,"enemies":"Gremlin Leader","floor":23,"turns":4},{"damage":0,"enemies":"Slavers","floor":24,"turns":2}],"seed_played":"-9051977734803087042","potions_obtained":[{"floor":5,"key":"REME_GoldPotion"},{"floor":5,"key":"BottledMiracle"},{"floor":10,"key":"BlessingOfTheForge"},{"floor":11,"key":"Fruit Juice"},{"floor":12,"key":"Ambrosia"},{"floor":16,"key":"BlessingOfTheForge"},{"floor":16,"key":"Ancient Potion"},{"floor":23,"key":"StancePotion"},{"floor":25,"key":"Strength Potion"},{"floor":27,"key":"SpeedPotion"},{"floor":23,"key":"FearPotion"}],"is_trial":true,"path_per_floor":["M","?","$","?","M","R","R","R","T","E","M","E","R","$","R","B",null,"M","?","M","$","M","E","M","E","T","E","?","E","R","$","R","M","$","?","?","?","E","E"],"character_chosen":"WATCHER","items_purchased":["GuppysTail","OrangePellets","ForgetMeNow","Bag of Preparation","ChiLing","Swift Potion","ClockworkSouvenir","Molten Egg 2","MilkyWay"],"campfire_rested":0,"item_purchase_floors":[17,21,21,31,31,31,19,19,19],"current_hp_per_floor":[59,44,44,44,42,42,42,42,42,40,43,43,43,43,43,41,54,54,29,23,23,25,29,24,22,22,23,23,23,23,23,28,26,26,26,14,14,10,10,10],"gold":399,"neow_bonus":"","is_daily":false,"chose_seed":false,"campfire_upgraded":4,"win_rate":0.0,"timestamp":1613936058,"path_taken":["M","?","$","?","?","R","R","R","T","E","M","E","R","?","R","BOSS","M","?","?","?","?","E","?","E","T","E","?","E","R","$","R","M","$","?","?","?","E","E"],"items_purchased_type":["Relic","Relic","Relic","Relic","Relic","Potion","Relic","Relic","Card"],"build_version":"2020-12-22","purchased_purges":5,"victory":false,"max_hp_per_floor":[68,68,68,68,68,68,68,68,68,68,73,73,73,73,73,73,58,58,29,29,29,29,29,29,29,29,29,29,29,29,29,29,29,29,29,14,14,14,14,14],"card_choices":[{"not_picked":["BowlingBash","Crescendo"],"picked":"WitchOfGreed","floor":1},{"not_picked":["FlyingSleeves","Swivel","Halt","Crescendo","REME_Repentance"],"picked":"SKIP","floor":5},{"not_picked":["Bomb","Evaluate","AlicesGift","Collect"],"picked":"Robbery","floor":10},{"not_picked":["ShootingEcho","Crescendo","EmptyBody","ReachHeaven"],"picked":"EarthLightRay","floor":11},{"not_picked":["MostiFishMod:StarHerder","EventHorizon","ThirdEye","Acceleration"],"picked":"UltimateShortwave","floor":12},{"not_picked":["MostiFishMod:StarLaLaLa","BlazingStar","Ragnarok","Devotion"],"picked":"Vault","floor":16},{"not_picked":["Crescendo","SporeBomb","ClearTheMind+1","DC"],"picked":"Fasting2","floor":18},{"not_picked":["LuminesStrike","MysteriousBeam","SatelliteIllusion","SporeBomb","Consecrate"],"picked":"SKIP","floor":20},{"not_picked":["ClearTheMind","CutThroughFate","EmptyBody","BowlingBash+1"],"picked":"PropBag","floor":22},{"not_picked":["FlyingSleeves","PathToVictory","Nirvana","CrushJoints"],"picked":"MostiFishMod:Dust","floor":23},{"not_picked":["LikeWater","IllusionStar+1","DC","ForeignInfluence"],"picked":"InnerPeace","floor":24},{"not_picked":["DoubleSpark","GalacticHalo","WitchLeyline","MostiFishMod:StarOceanP"],"picked":"Worship","floor":25},{"not_picked":["Consecrate","Halt","Blasphemy","SignatureMove"],"picked":"MostiFishMod:StarHerder","floor":27},{"not_picked":["BowlingBash","ThirdEye","Collect","DeceiveReality"],"picked":"Crescendo","floor":29},{"not_picked":["SashWhip","UnstableBomb","MysteriousBeam","GravityBeat","Study"],"picked":"SKIP","floor":18},{"not_picked":["MysteriousBeam+1","REME_Repentance","AlicesGift+1","GasGiant"],"picked":"PowerUp","floor":23},{"not_picked":["WaveOfTheHand","GravityBeat+1","MostiFishMod:StarOceanP","JA+1","AsteroidBelt+1"],"picked":"SKIP","floor":24}],"player_experience":1167996,"relics_obtained":[{"floor":1,"key":"SynthV:TestCard"},{"floor":9,"key":"ImprovedEquipment"},{"floor":10,"key":"Pen Nib"},{"floor":12,"key":"Yang"},{"floor":23,"key":"AnarchistCookbook"},{"floor":25,"key":"Letter Opener"},{"floor":26,"key":"Calipers"},{"floor":27,"key":"DoctorsRemote"},{"floor":29,"key":"Smiling Mask"},{"floor":23,"key":"MagicDraw3"},{"floor":24,"key":"MagicDraw4"}],"event_choices":[{"cards_removed":["Defend_P"],"damage_healed":0,"gold_gain":0,"player_choice":"Card Removal","damage_taken":0,"max_hp_gain":0,"max_hp_loss":0,"event_name":"The Cleric","floor":4,"gold_loss":75},{"damage_healed":0,"gold_gain":0,"player_choice":"Became a Ghost","damage_taken":0,"max_hp_gain":0,"max_hp_loss":29,"event_name":"Ghosts","floor":19,"gold_loss":0,"cards_obtained":["Ghostly","Ghostly","Ghostly"]},{"cards_removed":["Strike_P"],"damage_healed":0,"gold_gain":0,"player_choice":"Gave Gold","damage_taken":0,"max_hp_gain":0,"max_hp_loss":0,"event_name":"Beggar","floor":28,"gold_loss":75},{"damage_healed":0,"gold_gain":0,"player_choice":"Paid Gold","damage_taken":0,"relics_obtained":["Potion Belt"],"max_hp_gain":0,"max_hp_loss":0,"event_name":"WeMeetAgain","floor":20,"gold_loss":118},{"damage_healed":0,"gold_gain":0,"player_choice":"Became a Ghost","damage_taken":0,"max_hp_gain":0,"max_hp_loss":15,"event_name":"Ghosts","floor":21,"gold_loss":0,"cards_obtained":["Ghostly","Ghostly","Ghostly"]}],"is_beta":false,"boss_relics":[{"not_picked":["EE1DDrone","OneHitWonderSystem"],"picked":"SoulBox"},{"not_picked":[]}],"items_purged_floors":[3,14,17,31,19],"is_endless":false,"potions_floor_spawned":[5,16,22,23,27,18],"killed_by":"Slavers","ascension_level":20}}