{"host":"7cp3z5w0tcrrm8ys","time":1613874359,"event":{"mods":["AchievementEnabler","BaseMod","DeckTracker","Minty Spire (QoL Compilation)","StSLib","SuperFastMode"],"gold_per_floor":[361,375,45,45,59,59,78,78,78,78,3,3,22,47,47,118,118,137,137,137,157,82,82,82,82,82,82,110,110,123,140,140,140,140],"floor_reached":33,"language":"KOR","playtime":809,"items_purged":["Strike_R"],"score":626,"play_id":"57862be6-99ab-45e8-8a85-33ea22743fd1","local_time":"20210221112559","is_ascension_mode":true,"campfire_choices":[{"data":"Combust","floor":6,"key":"SMITH"},{"data":"Immolate","floor":8,"key":"SMITH"},{"data":"Infernal Blade","floor":12,"key":"SMITH"},{"data":"Fire Breathing","floor":15,"key":"SMITH"},{"floor":23,"key":"REST"},{"data":"Pommel Strike","floor":25,"key":"SMITH"},{"data":"1","floor":27,"key":"LIFT"},{"floor":32,"key":"REST"}],"circlet_count":0,"master_deck":["AscendersBane","Defend_R","Defend_R","Defend_R","Defend_R","Bash+1","Armaments+1","Infernal Blade+1","Combust+1","Immolate+1","Anger","Pommel Strike+1","Fire Breathing+1","Feed","Shrug It Off","Pommel Strike+1","Evolve","Disarm","Shrug It Off","Ghostly","Ghostly","Ghostly","Dropkick","Exhume"],"relics":["Burning Blood","TheAbacus","Ancient Tea Set","Incense Burner","Girya","Sozu","Question Card","Bottled Flame"],"acts_visited":["Exordium","TheCity"],"potions_floor_usage":[7,7,16,18,21],"damage_taken":[{"damage":10,"enemies":"Small Slimes","floor":1,"turns":4},{"damage":2,"enemies":"2 Louse","floor":2,"turns":3},{"damage":8,"enemies":"Jaw Worm","floor":5,"turns":4},{"damage":10,"enemies":"Large Slime","floor":7,"turns":4},{"damage":0,"enemies":"3 Louse","floor":13,"turns":1},{"damage":5,"enemies":"3 Sentries","floor":14,"turns":3},{"damage":3,"enemies":"Slime Boss","floor":16,"turns":4},{"damage":34,"enemies":"Shell Parasite","floor":18,"turns":4},{"damage":8,"enemies":"Spheric Guardian","floor":21,"turns":3},{"damage":38,"enemies":"Book of Stabbing","floor":28,"turns":5},{"damage":6,"enemies":"Centurion and Healer","floor":30,"turns":7},{"damage":29,"enemies":"Shelled Parasite and Fungi","floor":31,"turns":4},{"damage":28,"enemies":"Champ","floor":33,"turns":9}],"seed_played":"-3912024375498098709","potions_obtained":[{"floor":1,"key":"SteroidPotion"},{"floor":5,"key":"SkillPotion"},{"floor":7,"key":"BloodPotion"},{"floor":13,"key":"AttackPotion"},{"floor":16,"key":"SkillPotion"}],"is_trial":false,"path_per_floor":["M","M","$","?","M","R","M","R","T","?","?","R","M","E","R","B",null,"M","?","?","M","$","R","?","R","T","R","E","?","M","M","R","B"],"character_chosen":"IRONCLAD","items_purchased":["TheAbacus","Ancient Tea Set"],"campfire_rested":2,"item_purchase_floors":[3,3],"current_hp_per_floor":[46,50,50,27,25,25,36,36,36,36,36,36,42,43,43,46,68,40,40,40,38,38,60,60,60,60,60,28,28,32,12,25,0,0],"gold":140,"neow_bonus":"TWO_FIFTY_GOLD","is_daily":false,"chose_seed":false,"campfire_upgraded":5,"win_rate":0.0,"timestamp":1613874359,"path_taken":["M","M","$","?","M","R","M","R","T","?","?","R","M","E","R","BOSS","M","?","?","M","?","R","?","R","T","R","E","?","M","M","R","BOSS"],"items_purchased_type":["Relic","Relic"],"build_version":"2020-12-22","purchased_purges":1,"victory":false,"max_hp_per_floor":[75,75,75,75,75,75,75,75,75,75,75,75,75,75,75,75,75,75,75,75,75,75,75,75,75,75,75,75,37,41,44,44,44,44],"card_choices":[{"not_picked":["Intimidate","Heavy Blade"],"picked":"Armaments","floor":1},{"not_picked":["Spot Weakness","Heavy Blade"],"picked":"Infernal Blade","floor":2},{"not_picked":["Warcry","Uppercut"],"picked":"Combust","floor":5},{"not_picked":["Whirlwind","Shockwave"],"picked":"Immolate","floor":7},{"not_picked":["Anger","Body Slam"],"picked":"Pommel Strike","floor":13},{"not_picked":["Ghostly Armor","Flex"],"picked":"Fire Breathing","floor":14},{"not_picked":["Brutality","Double Tap"],"picked":"Feed","floor":16},{"not_picked":["Headbutt","Twin Strike","Pommel Strike"],"picked":"SKIP","floor":18},{"not_picked":["Anger","Twin Strike"],"picked":"Pommel Strike+1","floor":21},{"not_picked":["Clothesline","Uppercut","Disarm"],"picked":"Shrug It Off","floor":28},{"not_picked":["Headbutt","Evolve","Dark Embrace+1"],"picked":"Dropkick","floor":30},{"not_picked":["Infernal Blade","Warcry","Flex"],"picked":"Exhume","floor":31}],"player_experience":831940,"relics_obtained":[{"floor":9,"key":"Incense Burner"},{"floor":14,"key":"Girya"},{"floor":26,"key":"Question Card"},{"floor":28,"key":"Bottled Flame"}],"event_choices":[{"damage_healed":0,"gold_gain":0,"player_choice":"Entered Light","damage_taken":23,"max_hp_gain":0,"max_hp_loss":0,"event_name":"Shining Light","floor":4,"gold_loss":0,"cards_upgraded":["Bash","Armaments"]},{"damage_healed":0,"gold_gain":0,"cards_transformed":["Strike_R"],"player_choice":"Change","damage_taken":0,"max_hp_gain":0,"max_hp_loss":0,"event_name":"Living Wall","floor":10,"gold_loss":0,"cards_obtained":["Anger"]},{"cards_removed":["Strike_R"],"damage_healed":0,"gold_gain":0,"player_choice":"Card Removal","damage_taken":0,"max_hp_gain":0,"max_hp_loss":0,"event_name":"The Cleric","floor":11,"gold_loss":75},{"damage_healed":0,"gold_gain":0,"player_choice":"Read","damage_taken":0,"max_hp_gain":0,"max_hp_loss":0,"event_name":"The Library","floor":19,"gold_loss":0,"cards_obtained":["Shrug It Off"]},{"damage_healed":0,"gold_gain":0,"player_choice":"Ignored","damage_taken":0,"max_hp_gain":0,"max_hp_loss":0,"event_name":"The Mausoleum","floor":20,"gold_loss":0},{"damage_healed":0,"gold_gain":0,"cards_transformed":["Strike_R","Strike_R"],"player_choice":"Became Test Subject","damage_taken":0,"max_hp_gain":0,"max_hp_loss":0,"event_name":"Drug Dealer","floor":24,"gold_loss":0,"cards_obtained":["Evolve","Disarm"]},{"damage_healed":0,"gold_gain":0,"player_choice":"Became a Ghost","damage_taken":0,"max_hp_gain":0,"max_hp_loss":38,"event_name":"Ghosts","floor":29,"gold_loss":0,"cards_obtained":["Ghostly","Ghostly","Ghostly"]}],"is_beta":false,"boss_relics":[{"not_picked":["Ectoplasm","Coffee Dripper"],"picked":"Sozu"}],"items_purged_floors":[22],"is_endless":false,"potions_floor_spawned":[1,5,7,13,16,21,31],"killed_by":"Champ","ascension_level":20}}