{"host":"gaqyve1328ta0etl","time":1613904497,"event":{"mods":["BaseMod","Colored Map","Colored Powertips","Duelist Mod","Googly Eyes","Hero for Fun","Minty Spire (QoL Compilation)","Shop Mod","StSLib","SuperFastMode","The Hierophant","The Runesmith"],"gold_per_floor":[136,76,88,13,27,27,27,27,50,50,50,62,62,112,112,189,189,208,221,232,248,268,268,296,296,350,88,100,127,127,2,2,76,76,96,96,116,136,136,136,161,161,161,11,11,36,50,69,69,69,69],"floor_reached":52,"language":"ENG","playtime":1770,"items_purged":["theDuelist:Sparks","theDuelist:CastleWalls","theDuelist:CastleWalls","theDuelist:BeaverWarrior"],"score":2070,"play_id":"05d9dfcf-5607-4ffb-be47-c91cb6ebf66b","local_time":"20210221024817","is_ascension_mode":true,"campfire_choices":[{"data":"theDuelist:WhiteHowling","floor":6,"key":"SMITH"},{"data":"theDuelist:FusionWeapon","floor":8,"key":"SMITH"},{"data":"theDuelist:Eva","floor":10,"key":"SMITH"},{"floor":15,"key":"REST"},{"floor":23,"key":"REST"},{"data":"theDuelist:MillenniumShield","floor":25,"key":"SMITH"},{"data":"theDuelist:RainbowKuriboh","floor":30,"key":"SMITH"},{"data":"theDuelist:HammerShot","floor":32,"key":"SMITH"},{"data":"theDuelist:HappyLover","floor":40,"key":"SMITH"},{"data":"theDuelist:Mudora","floor":42,"key":"SMITH"},{"data":"theDuelist:FinalFlame","floor":45,"key":"SMITH"},{"data":"theDuelist:BeaverWarrior","floor":49,"key":"SMITH"}],"circlet_count":0,"master_deck":["theDuelist:BeaverWarrior+1","theDuelist:WhiteHowling+1","theDuelist:Eva+1","theDuelist:RainbowKuriboh+1","AscendersBane","theDuelist:MillenniumShield+1","theDuelist:ScrapFactory+1","theDuelist:GauntletWarrior+1","theDuelist:FusionWeapon+1","theDuelist:MillenniumShield+1","theDuelist:GiantSoldier","theDuelist:HammerShot+1","theDuelist:FinalFlame+1","theDuelist:HappyLover+1","theDuelist:Mudora+1","theDuelist:GiantSoldier"],"relics":["theDuelist:MillenniumPuzzle","theDuelist:CardPoolRelic","theDuelist:CardPoolBasicRelic","theDuelist:BoosterPackPoolRelic","theDuelist:CardPoolAddRelic","theDuelist:CardPoolMinusRelic","theDuelist:CardPoolSaveRelic","theDuelist:CardPoolOptionsRelic","Bronze Scales","theDuelist:MonsterEggRelic","Eternal Feather","theDuelist:GamblerChip","Du-Vu Doll","War Paint","theDuelist:MillenniumRod","Juzu Bracelet","Mark of Pain","Tough Bandages","theDuelist:TributeEggRelic","Blue Candle"],"acts_visited":["Exordium","TheCity","TheBeyond"],"potions_floor_usage":[16,29,50],"damage_taken":[{"damage":0,"enemies":"Jaw Worm","floor":1,"turns":4},{"damage":0,"enemies":"2 Louse","floor":3,"turns":3},{"damage":0,"enemies":"Cultist","floor":5,"turns":4},{"damage":0,"enemies":"Blue Slaver","floor":12,"turns":2},{"damage":30,"enemies":"Slime Boss","floor":16,"turns":9},{"damage":12,"enemies":"Chosen","floor":18,"turns":6},{"damage":0,"enemies":"Spheric Guardian","floor":19,"turns":3},{"damage":22,"enemies":"Snecko","floor":20,"turns":5},{"damage":1,"enemies":"Snake Plant","floor":21,"turns":3},{"damage":0,"enemies":"Centurion and Healer","floor":22,"turns":7},{"damage":4,"enemies":"theDuelist:KaibaA2","floor":24,"turns":12},{"damage":0,"enemies":"3 Cultists","floor":28,"turns":3},{"damage":3,"enemies":"Slavers","floor":29,"turns":3},{"damage":0,"enemies":"Champ","floor":33,"turns":7},{"damage":0,"enemies":"3 Darklings","floor":35,"turns":1},{"damage":0,"enemies":"Orb Walker","floor":37,"turns":4},{"damage":13,"enemies":"Writhing Mass","floor":38,"turns":5},{"damage":0,"enemies":"Mind Bloom Boss Battle","floor":41,"turns":6},{"damage":0,"enemies":"Nemesis","floor":46,"turns":4},{"damage":13,"enemies":"4 Shapes","floor":47,"turns":3},{"damage":0,"enemies":"Jaw Worm Horde","floor":48,"turns":3},{"damage":17,"enemies":"Time Eater","floor":50,"turns":7},{"damage":0,"enemies":"Awakened One","floor":51,"turns":14}],"seed_played":"-8575572640539733503","potions_obtained":[{"floor":5,"key":"theDuelist:VoidBottle"},{"floor":12,"key":"SteroidPotion"},{"floor":16,"key":"theDuelist:TokenPotion"},{"floor":29,"key":"theDuelist:DestructPotionPotB"},{"floor":41,"key":"theDuelist:OrbBottle"}],"is_trial":false,"path_per_floor":["M","?","M","$","M","R","$","R","T","R","?","M","?","?","R","B",null,"M","M","M","M","M","R","E","R","T","$","M","E","R","$","R","B",null,"M","$","M","M","$","R","?","R","T","$","R","E","M","M","R","B","B",null],"character_chosen":"THE_DUELIST","items_purchased":["theDuelist:MillenniumRod"],"campfire_rested":2,"item_purchase_floors":[27],"current_hp_per_floor":[63,63,63,63,63,63,63,63,63,63,55,55,37,30,57,27,59,47,47,25,24,24,51,47,56,56,56,56,53,62,62,70,70,70,70,70,70,57,57,66,66,70,70,70,70,70,57,57,66,49,49],"gold":69,"neow_bonus":"REMOVE_CARD","is_daily":false,"chose_seed":false,"campfire_upgraded":10,"win_rate":0.0,"timestamp":1613904497,"path_taken":["M","?","M","$","M","R","$","R","T","R","?","?","?","?","R","BOSS","M","M","M","M","M","R","E","R","T","$","M","E","R","$","R","BOSS","M","$","M","M","$","R","?","R","T","$","R","E","M","M","R","BOSS","BOSS"],"items_purchased_type":["Relic"],"build_version":"2020-12-22","purchased_purges":4,"victory":true,"max_hp_per_floor":[70,70,70,70,70,70,70,70,70,70,70,70,70,70,70,70,70,70,70,70,70,70,70,70,70,70,70,70,70,70,70,70,70,70,70,70,70,70,70,70,70,70,70,70,70,70,70,70,70,70,70],"card_choices":[{"not_picked":["theDuelist:AfterTheStorm","theDuelist:Electrowhip","theDuelist:ElectromagneticShield","theDuelist:GravityBlaster"],"picked":"theDuelist:FusionWeapon","floor":1},{"not_picked":["theDuelist:SpellShatteringArrow","theDuelist:SilverApples","theDuelist:Tuningware","theDuelist:VenomShot"],"picked":"theDuelist:Eva","floor":3},{"not_picked":["theDuelist:ImperialOrder","theDuelist:GravityAxe","theDuelist:MiraculousDescent"],"picked":"theDuelist:WhiteHowling","floor":5},{"not_picked":["theDuelist:GilfordLegend","theDuelist:GraniteLoyalist","theDuelist:Sangan","theDuelist:SmashingGround"],"picked":"theDuelist:HammerShot","floor":12},{"not_picked":["theDuelist:Wildfire","theDuelist:SevenCompleted","theDuelist:Raigeki","theDuelist:GridRod"],"picked":"theDuelist:MillenniumShield","floor":16},{"not_picked":["theDuelist:AttackTheMoon","theDuelist:BigFire","theDuelist:HammerShot","theDuelist:Blockman","theDuelist:MudragonSwamp"],"picked":"SKIP","floor":18},{"not_picked":["theDuelist:GauntletWarrior","theDuelist:Sangan","theDuelist:WormWarlord","theDuelist:FuryFire","theDuelist:RainbowOverdragon"],"picked":"SKIP","floor":19},{"not_picked":["theDuelist:Hinotama","theDuelist:CombinationAttack","theDuelist:SpellShatteringArrow","theDuelist:SparkBlaster","theDuelist:CrystalRaigeki"],"picked":"SKIP","floor":20},{"not_picked":["theDuelist:MeteorDestruction","theDuelist:BigFire","theDuelist:ScrapFactory","theDuelist:PowerKaishin","theDuelist:VendreadCharge"],"picked":"SKIP","floor":21},{"not_picked":["theDuelist:MeteorDestruction","theDuelist:DoubleTool","theDuelist:CoreBlaster","theDuelist:BigFire","theDuelist:CrystalRaigeki"],"picked":"SKIP","floor":22},{"not_picked":["theDuelist:SwordsRevealing","theDuelist:SevenCompleted","theDuelist:LightLaser","theDuelist:FeatherShot"],"picked":"theDuelist:MillenniumShield","floor":24},{"not_picked":["theDuelist:GauntletWarrior","theDuelist:HammerShot","theDuelist:PowerGiant","theDuelist:LightningRodLord"],"picked":"theDuelist:Mudora","floor":28},{"not_picked":["theDuelist:RainbowNeos+1","theDuelist:HappyLover","theDuelist:BlueBloodedOni","theDuelist:RainbowOverdragon"],"picked":"theDuelist:RainbowKuriboh","floor":29},{"not_picked":["theDuelist:RainbowNeos","theDuelist:Eva","theDuelist:RainbowKuriboh","theDuelist:RainbowOverdragon"],"picked":"theDuelist:HappyLover","floor":33},{"not_picked":["theDuelist:ImperialOrder+1","theDuelist:GravityAxe+1","theDuelist:Electrowhip+1","theDuelist:MiraculousDescent+1","theDuelist:GridRod+1"],"picked":"SKIP","floor":35},{"not_picked":["theDuelist:CrossAttack","theDuelist:PowerWall","theDuelist:SangaEarth","theDuelist:ChaosSeed+1","theDuelist:AncientGearFist"],"picked":"SKIP","floor":37},{"not_picked":["theDuelist:GaiaMidNightSun+1","theDuelist:GilfordLegend","theDuelist:Sangan","theDuelist:BattleguardKing"],"picked":"theDuelist:GauntletWarrior+1","floor":38},{"not_picked":["theDuelist:Wiretap+1","theDuelist:PsychicShockwave","theDuelist:Graverobber","theDuelist:MiraculousDescent","theDuelist:CrystalRaigeki+1"],"picked":"SKIP","floor":46},{"not_picked":["theDuelist:MeteorDestruction+2","theDuelist:CombinationAttack+1","theDuelist:OnslaughtFireKings","theDuelist:Invigoration","theDuelist:AncientGearFist"],"picked":"SKIP","floor":47},{"not_picked":["theDuelist:SangaEarth","theDuelist:RainbowNeos+1","theDuelist:WhiteMagicalHat","theDuelist:CharcoalInpachi+1","theDuelist:SolarWindJammer"],"picked":"SKIP","floor":48}],"player_experience":2233042,"relics_obtained":[{"floor":9,"key":"Bronze Scales"},{"floor":24,"key":"Du-Vu Doll"},{"floor":26,"key":"War Paint"},{"floor":29,"key":"Juzu Bracelet"},{"floor":41,"key":"Tough Bandages"},{"floor":43,"key":"theDuelist:TributeEggRelic"},{"floor":46,"key":"Blue Candle"}],"event_choices":[{"damage_healed":0,"gold_gain":0,"player_choice":"Left Gold","damage_taken":0,"max_hp_gain":0,"max_hp_loss":0,"event_name":"World of Goop","floor":2,"gold_loss":60},{"damage_healed":0,"gold_gain":0,"player_choice":"Dig - random Duelist relic","duelist":true,"damage_taken":0,"max_hp_gain":0,"max_hp_loss":0,"event_name":"Aknamkanon\u0027s Tomb","floor":11,"gold_loss":0},{"damage_healed":0,"gold_gain":0,"player_choice":"Success","damage_taken":18,"relics_obtained":["Eternal Feather"],"max_hp_gain":0,"max_hp_loss":0,"event_name":"Scrap Ooze","floor":13,"gold_loss":0},{"damage_healed":0,"gold_gain":50,"player_choice":"Touch","damage_taken":7,"max_hp_gain":0,"max_hp_loss":0,"event_name":"FaceTrader","floor":14,"gold_loss":0},{"damage_healed":0,"gold_gain":0,"player_choice":"Fight","damage_taken":0,"max_hp_gain":0,"max_hp_loss":0,"event_name":"MindBloom","floor":41,"gold_loss":0}],"is_beta":false,"boss_relics":[{"not_picked":["Astrolabe","HoveringKite"],"picked":"theDuelist:GamblerChip"},{"not_picked":["Fusion Hammer","SacredBark"],"picked":"Mark of Pain"}],"items_purged_floors":[4,27,31,44],"is_endless":false,"potions_floor_spawned":[5,12,16,22,24,29,33,35,41,46,48],"ascension_level":20}}