{"host":"03wg26e59xbt495y","time":1613927077,"event":{"mods":["BaseMod","Minty Spire (QoL Compilation)","StSLib","The Bug Knight","The Necromancer"],"gold_per_floor":[114,64,64,79,90,121,121,135,159,159,179,179,179,198,198,319,319,344,261,286,286,211,211,255,4,30,30,50,50,91,114,114,238,238,256,256,256,68,93,93,93,93],"floor_reached":41,"language":"ENG","playtime":2621,"items_purged":[],"score":455,"play_id":"d1535d59-2296-4f4e-96ff-026d3978085d","local_time":"20210221120437","is_ascension_mode":false,"campfire_choices":[{"data":"HollowMod:CycloneSlash","floor":7.0,"key":"SMITH"},{"data":"HollowMod:FocusHealStart","floor":10.0,"key":"SMITH"},{"data":"HollowMod:GrimmsGift","floor":15.0,"key":"SMITH"},{"data":"HollowMod:SlysStrikes","floor":23.0,"key":"SMITH"},{"data":"HollowMod:MothsMistake","floor":32,"key":"SMITH"},{"floor":40,"key":"REST"}],"circlet_count":0,"master_deck":["HollowMod:NailStrikeStart","HollowMod:NailStrikeStart","HollowMod:NailStrikeStart","HollowMod:QuickDashStart","HollowMod:QuickDashStart","HollowMod:QuickDashStart+1","HollowMod:FocusHealStart+1","HollowMod:PogoStrike","HollowMod:CrystalDash+1","HollowMod:MidwifesHunger","HollowMod:PureNailStrike","HollowMod:CycloneSlash+1","HollowMod:SoulVessel","HollowMod:GrimmsGift+1","HollowMod:DashSlash","HollowMod:HornetsHelp","HollowMod:SlysStrikes+1","HollowMod:MothsMistake+1","HollowMod:MothsMistake+1","HollowMod:SoulStrike","HollowMod:FastStrike+1","HollowMod:QuirrelsAssistance+1","HollowMod:MothsMistake+1","HollowMod:RecoilStrike","HollowMod:SlysStrikes","CurseOfTheBell","HollowMod:MothsMistake"],"relics":["HollowMod:VesselMask","Ancient Tea Set","Juzu Bracelet","Golden Idol","Velvet Choker","MutagenicStrength","War Paint","Pantograph","Happy Flower","Orichalcum","Red Mask","Calling Bell","Boot","Sundial","Calipers","Dream Catcher","OrangePellets","Toy Ornithopter"],"acts_visited":["Exordium","TheCity","TheBeyond"],"potions_floor_usage":[30,33],"damage_taken":[{"damage":9.0,"enemies":"Cultist","floor":1.0,"turns":4.0},{"damage":10.0,"enemies":"Jaw Worm","floor":4.0,"turns":4.0},{"damage":2.0,"enemies":"2 Louse","floor":5.0,"turns":2.0},{"damage":31.0,"enemies":"3 Sentries","floor":6.0,"turns":7.0},{"damage":0.0,"enemies":"2 Fungi Beasts","floor":8.0,"turns":6.0},{"damage":2.0,"enemies":"Blue Slaver","floor":11.0,"turns":5.0},{"damage":0.0,"enemies":"Exordium Wildlife","floor":14.0,"turns":2.0},{"damage":47.0,"enemies":"The Guardian","floor":16.0,"turns":8.0},{"damage":28.0,"enemies":"3 Byrds","floor":18.0,"turns":6.0},{"damage":25.0,"enemies":"Spheric Guardian","floor":20.0,"turns":4.0},{"damage":28.0,"enemies":"Gremlin Leader","floor":24.0,"turns":6.0},{"damage":11,"enemies":"Centurion and Healer","floor":28,"turns":5},{"damage":0,"enemies":"Masked Bandits","floor":30,"turns":2},{"damage":46,"enemies":"Collector","floor":33,"turns":6},{"damage":40,"enemies":"3 Darklings","floor":35,"turns":5},{"damage":64,"enemies":"Nemesis","floor":41,"turns":6}],"seed_played":"3062812819586307579","potions_obtained":[{"floor":1.0,"key":"EntropicBrew"},{"floor":5.0,"key":"Ancient Potion"},{"floor":6.0,"key":"EntropicBrew"},{"floor":24.0,"key":"Weak Potion"},{"floor":28,"key":"BlessingOfTheForge"},{"floor":30,"key":"AttackPotion"}],"is_trial":false,"path_per_floor":["M","?","?","M","M","E","R","M","T","R","M","?","?","M","R","B",null,"M","$","M","?","?","R","E","$","T","?","M","?","?","T","R","B",null,"M","?","?","$","T","R","E"],"character_chosen":"THE_BUGKNIGHT","items_purchased":["HollowMod:MothsMistake","HollowMod:SoulStrike","Pantograph","OrangePellets","HollowMod:MothsMistake"],"campfire_rested":1,"item_purchase_floors":[19,19,25,38,38],"current_hp_per_floor":[73,73,73,63,61,36,36,46,46,46,54,54,47,53,53,12,76,54,54,35,35,35,35,17,17,17,17,12,12,12,12,12,1,76,36,36,36,36,36,58,0,0],"gold":93,"neow_bonus":"TEN_PERCENT_HP_BONUS","is_daily":false,"chose_seed":false,"campfire_upgraded":5,"win_rate":0.0,"timestamp":1613927077,"path_taken":["M","?","?","M","M","E","R","?","T","R","M","?","?","M","R","BOSS","M","$","M","?","?","R","E","?","T","?","M","?","?","?","R","BOSS","M","?","?","$","?","R","E"],"items_purchased_type":["Card","Card","Relic","Relic","Card"],"build_version":"2020-12-22","purchased_purges":0,"victory":false,"max_hp_per_floor":[82,82,82,82,82,82,82,82,82,82,82,76,76,76,76,76,76,76,76,76,76,76,76,76,76,76,76,76,76,76,76,76,76,76,76,76,76,76,76,76,76,76],"card_choices":[{"not_picked":["HollowMod:AbyssShriek","HollowMod:SharpenedNail"],"picked":"HollowMod:CrystalDash","floor":1.0},{"not_picked":["HollowMod:RecoilStrike","HollowMod:PerfectDash"],"picked":"HollowMod:CycloneSlash","floor":4.0},{"not_picked":["HollowMod:CornifersMapStart","HollowMod:HowlingWraiths"],"picked":"HollowMod:SoulVessel","floor":5.0},{"not_picked":["HollowMod:VengefulVoid","HollowMod:CrystalDash"],"picked":"HollowMod:GrimmsGift","floor":6.0},{"not_picked":["HollowMod:PureNailStrike","HollowMod:VengefulSpirit"],"picked":"HollowMod:DashSlash","floor":8.0},{"not_picked":["HollowMod:SoulSplash","HollowMod:WraithStrike","HollowMod:HeavyBlow"],"picked":"SKIP","floor":11.0},{"not_picked":["HollowMod:MawleksShell","HollowMod:CornifersMapStart"],"picked":"HollowMod:HornetsHelp","floor":14.0},{"not_picked":["HollowMod:MidwifesHunger","HollowMod:AwokenDreamNail"],"picked":"HollowMod:SlysStrikes","floor":16.0},{"not_picked":["HollowMod:VengefulVoid","HollowMod:CycloneSlash"],"picked":"HollowMod:MothsMistake+1","floor":18.0},{"not_picked":["HollowMod:MonarchWings","HollowMod:DashSlash"],"picked":"HollowMod:FastStrike+1","floor":20.0},{"not_picked":["HollowMod:Grubsong","HollowMod:DungDefenderAura"],"picked":"HollowMod:QuirrelsAssistance+1","floor":24.0},{"not_picked":["HollowMod:DesolateDive","HollowMod:SoulEater"],"picked":"HollowMod:MothsMistake+1","floor":28},{"not_picked":["HollowMod:NewLittleFool","HollowMod:CornifersMapStart"],"picked":"HollowMod:RecoilStrike","floor":30},{"not_picked":["HollowMod:HornetsHelp","HollowMod:SoulMaster"],"picked":"HollowMod:SlysStrikes","floor":33},{"not_picked":["HollowMod:SoulStrike","HollowMod:DungDefenderAura+1","HollowMod:MawleksShell"],"picked":"SKIP","floor":35}],"player_experience":189487,"relics_obtained":[{"floor":6.0,"key":"Ancient Tea Set"},{"floor":9.0,"key":"Juzu Bracelet"},{"floor":24.0,"key":"War Paint"},{"floor":26.0,"key":"Happy Flower"},{"floor":30,"key":"Red Mask"},{"floor":34,"key":"Boot"},{"floor":34,"key":"Sundial"},{"floor":34,"key":"Calipers"},{"floor":37,"key":"Dream Catcher"},{"floor":39,"key":"Toy Ornithopter"}],"event_choices":[{"cards_removed":["HollowMod:QuickDashStart"],"damage_healed":0.0,"max_hp_gain":0.0,"max_hp_loss":0.0,"gold_gain":0.0,"event_name":"The Cleric","player_choice":"Card Removal","floor":2.0,"gold_loss":50.0,"damage_taken":0.0},{"damage_healed":0.0,"max_hp_gain":0.0,"max_hp_loss":0.0,"gold_gain":0.0,"event_name":"Match and Keep!","player_choice":"3 cards matched","floor":3.0,"gold_loss":0.0,"damage_taken":0.0,"cards_obtained":["Decay","HollowMod:MidwifesHunger","HollowMod:PureNailStrike"]},{"damage_healed":0.0,"max_hp_gain":0.0,"max_hp_loss":6.0,"gold_gain":0.0,"event_name":"Golden Idol","player_choice":"Lose Max HP","floor":12.0,"gold_loss":0.0,"damage_taken":0.0,"relics_obtained":["Golden Idol"]},{"cards_removed":["Decay"],"damage_healed":0.0,"max_hp_gain":0.0,"max_hp_loss":0.0,"gold_gain":0.0,"event_name":"Golden Wing","player_choice":"Card Removal","floor":13.0,"gold_loss":0.0,"damage_taken":7.0},{"damage_healed":0.0,"max_hp_gain":0.0,"max_hp_loss":0.0,"gold_gain":0.0,"event_name":"Drug Dealer","player_choice":"Inject Mutagens","floor":21.0,"gold_loss":0.0,"damage_taken":0.0,"relics_obtained":["MutagenicStrength"]},{"cards_removed":["HollowMod:NailStrikeStart"],"damage_healed":0.0,"max_hp_gain":0.0,"max_hp_loss":0.0,"gold_gain":0.0,"event_name":"Beggar","player_choice":"Gave Gold","floor":22.0,"gold_loss":75.0,"damage_taken":0.0},{"damage_healed":0.0,"max_hp_gain":0.0,"max_hp_loss":0.0,"gold_gain":0.0,"event_name":"WeMeetAgain","player_choice":"Gave Potion","floor":27.0,"gold_loss":0.0,"damage_taken":0.0,"relics_obtained":["Orichalcum"]},{"damage_healed":0,"gold_gain":0,"player_choice":"Fought Bandits","damage_taken":0,"max_hp_gain":0,"max_hp_loss":0,"event_name":"Masked Bandits","floor":30,"gold_loss":0},{"damage_healed":0,"gold_gain":0,"player_choice":"Ignored","damage_taken":0,"max_hp_gain":0,"max_hp_loss":0,"event_name":"NoteForYourself","floor":36,"gold_loss":0},{"damage_healed":0,"gold_gain":0,"player_choice":"Relic","damage_taken":0,"max_hp_gain":0,"max_hp_loss":0,"event_name":"Wheel of Change","floor":37,"gold_loss":0}],"is_beta":false,"boss_relics":[{"not_picked":["Busted Crown","Ectoplasm"],"picked":"Velvet Choker"},{"not_picked":["Pandora\u0027s Box","Black Star"],"picked":"Calling Bell"}],"items_purged_floors":[],"is_endless":false,"potions_floor_spawned":[1,5,6,24,28,30],"killed_by":"Nemesis","ascension_level":0}}