{"host":"cr9rpoy6dx9riis3","time":1613934700,"event":{"mods":["AchievementEnabler","BaseMod","Better Altar","Better Note","Better Sensory Stone","Better Skull","Better Third Choice","Better-Laid Plans","BetterRewards","Block Reminder","Curses Come First","Displayed Cursed Tome","Emptier Cage","Marked Mod","Minty Spire (QoL Compilation)","Permanent Neow","Relic Sorter","StSLib","The Blue Laboratory","Transform Curses"],"gold_per_floor":[111,111,130,37,2,2,2,32,32,32,67,67,87,134,134,134,134],"floor_reached":16,"language":"ENG","playtime":668,"items_purged":["Defend_G"],"score":198,"play_id":"230691d8-2408-4044-84ff-e1109638a039","local_time":"20210221201140","is_ascension_mode":true,"campfire_choices":[{"data":"Blind","floor":6,"key":"SMITH"},{"data":"Survivor","floor":10,"key":"SMITH"},{"data":"Neutralize","floor":12,"key":"SMITH"},{"floor":15,"key":"REST"}],"circlet_count":0,"master_deck":["Strike_G","Strike_G","Strike_G","Strike_G","Strike_G","Defend_G","Defend_G","Defend_G","Defend_G","Survivor+1","Neutralize+1","Blind+1","Sucker Punch","Heel Hook","Phantasmal Killer"],"relics":["Ring of the Snake","MealTicket","CeramicFish","HandDrill","Thread and Needle","Golden Idol","Molten Egg 2"],"acts_visited":[],"potions_floor_usage":[1,11,13],"damage_taken":[{"damage":7,"enemies":"Jaw Worm","floor":1,"turns":5},{"damage":0,"enemies":"Small Slimes","floor":3,"turns":3},{"damage":0,"enemies":"Cultist","floor":8,"turns":4},{"damage":26,"enemies":"Gremlin Nob","floor":11,"turns":5},{"damage":0,"enemies":"Lots of Slimes","floor":13,"turns":5},{"damage":22,"enemies":"Lagavulin","floor":14,"turns":8},{"damage":29,"enemies":"Slime Boss","floor":16,"turns":7}],"seed_played":"-9163435255443812315","potions_obtained":[{"floor":1,"key":"Energy Potion"},{"floor":8,"key":"blueLaboratory:ArtistsPotion"}],"is_trial":false,"path_per_floor":["M","?","M","$","?","R","$","M","T","R","E","R","M","E","R","B"],"character_chosen":"THE_SILENT","items_purchased":["HandDrill","Blind","CeramicFish","blueLaboratory:FruitPunch","Sucker Punch"],"campfire_rested":1,"item_purchase_floors":[0,0,0,0,4],"current_hp_per_floor":[50,32,32,32,50,50,50,50,50,50,24,24,24,2,23,0,0],"gold":134,"neow_bonus":"","is_daily":false,"chose_seed":false,"campfire_upgraded":3,"win_rate":0.0,"timestamp":1613934700,"path_taken":["M","?","M","$","?","R","$","?","T","R","E","R","M","E","R","BOSS"],"items_purchased_type":["Relic","Card","Relic","Potion","Card"],"build_version":"2020-12-22","purchased_purges":1,"victory":false,"max_hp_per_floor":[72,72,72,72,72,72,72,72,72,72,72,72,72,72,72,72,72],"card_choices":[{"not_picked":["Footwork","Setup","Reflex"],"picked":"SKIP","floor":1},{"not_picked":["Deadly Poison","Prepared","Riddle With Holes"],"picked":"SKIP","floor":3},{"not_picked":["Expertise","Quick Slash"],"picked":"Heel Hook","floor":8},{"not_picked":["Finisher+1","Acrobatics","Dagger Spray+1"],"picked":"SKIP","floor":11},{"not_picked":["Finisher+1","Acrobatics","Dagger Spray+1"],"picked":"SKIP","floor":11},{"not_picked":["Poisoned Stab+1","Deadly Poison","PiercingWail"],"picked":"SKIP","floor":13},{"not_picked":["Sucker Punch+1","Masterful Stab+1"],"picked":"Phantasmal Killer","floor":14}],"player_experience":767644,"relics_obtained":[{"floor":9,"key":"Molten Egg 2"},{"floor":11,"key":"MealTicket"},{"floor":14,"key":"Thread and Needle"}],"event_choices":[{"damage_healed":0,"gold_gain":0,"player_choice":"Take Damage","damage_taken":18,"relics_obtained":["Golden Idol"],"max_hp_gain":0,"max_hp_loss":0,"event_name":"Golden Idol","floor":2,"gold_loss":0},{"damage_healed":18,"gold_gain":0,"player_choice":"Healed","damage_taken":0,"max_hp_gain":0,"max_hp_loss":0,"event_name":"The Cleric","floor":5,"gold_loss":35}],"is_beta":false,"boss_relics":[],"items_purged_floors":[4],"is_endless":false,"potions_floor_spawned":[1,8],"killed_by":"Slime Boss","ascension_level":5}}