{"host":"2ty4h143nj8vwezc","time":1613894756,"event":{"mods":["BaseMod","Colored Map","Googly Eyes","Highlight Path","Minty Spire (QoL Compilation)","Quick Restart","StSLib"],"gold_per_floor":[109,132,307,147,167,197,197,210,286,316,362,373,373,386,386,461,461,472,483,66,81,96,130,130,130,153,153,53,53,31,8,8,86,86,105,105,0,0,0,25,25,54,80,80,96,113,132,150,150,150],"floor_reached":51,"language":"ENG","playtime":2572,"items_purged":["Doubt","Decay"],"score":1304,"play_id":"da52f051-84c5-48e3-b469-b90772dbea0f","local_time":"20210221030556","is_ascension_mode":true,"campfire_choices":[{"data":"Defragment","floor":7.0,"key":"SMITH"},{"data":"Tempest","floor":13.0,"key":"SMITH"},{"data":"Turbo","floor":15.0,"key":"SMITH"},{"data":"Echo Form","floor":29.0,"key":"SMITH"},{"data":"Amplify","floor":32.0,"key":"SMITH"},{"data":"Rainbow","floor":41.0,"key":"SMITH"},{"data":"Consume","floor":44.0,"key":"SMITH"},{"data":"Thunder Strike","floor":49.0,"key":"SMITH"}],"circlet_count":0,"master_deck":["AscendersBane","Strike_B+1","Strike_B+1","Strike_B+1","Strike_B+1","Defend_B+1","Defend_B+1","Defend_B+1","Defend_B+1","Zap","Dualcast","Glacier","Defragment+1","Tempest+1","Self Repair","Tempest","Steam","Amplify+1","Turbo+1","Meteor Strike","Consume+1","Aggregate","Turbo","Steam","Hologram","Echo Form+1","Ghostly","Ghostly","Ghostly","Ghostly","Ghostly","Conserve Battery","Hologram","Rainbow+1","Conserve Battery","Thunder Strike+1","Consume","White Noise+1"],"relics":["Cracked Core","NeowsBlessing","Potion Belt","MealTicket","Question Card","Pen Nib","Orichalcum","Inserter","Meat on the Bone","Strange Spoon","Ginger","DataDisk","SlaversCollar","Red Mask","Juzu Bracelet","Strawberry","Letter Opener","Anchor"],"acts_visited":["Exordium","TheCity","TheBeyond"],"potions_floor_usage":[50,50,50],"damage_taken":[{"damage":0.0,"enemies":"Cultist","floor":1.0,"turns":1.0},{"damage":0.0,"enemies":"2 Louse","floor":5.0,"turns":1.0},{"damage":0.0,"enemies":"3 Sentries","floor":6.0,"turns":1.0},{"damage":10.0,"enemies":"Jaw Worm","floor":8.0,"turns":4.0},{"damage":8.0,"enemies":"Gremlin Nob","floor":10.0,"turns":3.0},{"damage":3.0,"enemies":"Red Slaver","floor":12.0,"turns":4.0},{"damage":11.0,"enemies":"Exordium Thugs","floor":14.0,"turns":4.0},{"damage":48.0,"enemies":"Slime Boss","floor":16.0,"turns":11.0},{"damage":17.0,"enemies":"3 Byrds","floor":18.0,"turns":4.0},{"damage":26.0,"enemies":"Chosen","floor":19.0,"turns":6.0},{"damage":25.0,"enemies":"3 Cultists","floor":21.0,"turns":5.0},{"damage":17.0,"enemies":"Snake Plant","floor":22.0,"turns":5.0},{"damage":33.0,"enemies":"Slavers","floor":23.0,"turns":6.0},{"damage":26.0,"enemies":"Automaton","floor":33.0,"turns":10.0},{"damage":0.0,"enemies":"Orb Walker","floor":35.0,"turns":4.0},{"damage":18.0,"enemies":"Reptomancer","floor":40.0,"turns":6.0},{"damage":10.0,"enemies":"Nemesis","floor":42.0,"turns":7.0},{"damage":4.0,"enemies":"3 Darklings","floor":45.0,"turns":6.0},{"damage":0.0,"enemies":"Transient","floor":46.0,"turns":5.0},{"damage":7.0,"enemies":"Sphere and 2 Shapes","floor":47.0,"turns":5.0},{"damage":0.0,"enemies":"Writhing Mass","floor":48.0,"turns":5.0},{"damage":12,"enemies":"Donu and Deca","floor":50,"turns":15}],"seed_played":"-3542492133734222311","potions_obtained":[{"floor":5.0,"key":"PowerPotion"},{"floor":12.0,"key":"FairyPotion"},{"floor":14.0,"key":"Dexterity Potion"},{"floor":16.0,"key":"BlessingOfTheForge"},{"floor":21.0,"key":"EssenceOfDarkness"},{"floor":22.0,"key":"EssenceOfSteel"},{"floor":23.0,"key":"Ancient Potion"},{"floor":40.0,"key":"AttackPotion"},{"floor":45.0,"key":"Fire Potion"},{"floor":46.0,"key":"DuplicationPotion"},{"floor":48.0,"key":"ColorlessPotion"}],"is_trial":false,"path_per_floor":["M","T","?","$","M","E","R","M","T","E","T","M","R","M","R","B",null,"M","M","$","M","M","E","?","?","T","?","$","R","$","$","R","B",null,"M","?","?","T","?","E","R","E","T","R","M","M","M","M","R","B",null],"character_chosen":"DEFECT","items_purchased":["Defragment","Ball Lightning","Meat on the Bone","Strange Spoon","Turbo","Conserve Battery","Hologram"],"campfire_rested":0,"item_purchase_floors":[4,4,20,20,20,30,31],"current_hp_per_floor":[64,64,64,64,64,64,64,61,61,53,53,57,57,60,60,26,60,43,24,39,26,28,31,31,31,31,31,35,35,35,35,35,21,32,32,32,32,32,32,42,42,39,39,39,35,42,35,35,35,30],"gold":150,"neow_bonus":"THREE_ENEMY_KILL","is_daily":false,"chose_seed":false,"campfire_upgraded":8,"win_rate":0.0,"timestamp":1613894756,"path_taken":["M","?","?","?","?","E","R","M","T","E","?","M","R","M","R","BOSS","M","M","?","M","M","E","?","?","T","?","$","R","?","$","R","BOSS","M","?","?","?","?","E","R","E","T","R","M","M","M","M","R","BOSS"],"items_purchased_type":["Card","Card","Relic","Relic","Card","Card","Card"],"build_version":"2020-12-22","purchased_purges":2,"victory":true,"max_hp_per_floor":[71,71,71,71,71,71,71,71,71,71,71,71,71,71,71,71,71,71,71,71,71,71,71,71,71,71,35,35,35,35,35,35,35,35,35,35,35,35,35,42,42,42,42,42,42,42,42,42,42,42],"card_choices":[{"not_picked":["Stack","Turbo"],"picked":"Glacier","floor":1.0},{"not_picked":["Auto Shields","Steam"],"picked":"Tempest","floor":5.0},{"not_picked":["Reinforced Body","Ball Lightning"],"picked":"Self Repair","floor":6.0},{"not_picked":["Recycle","Redo"],"picked":"Tempest","floor":8.0},{"not_picked":["Hologram","Streamline","Gash"],"picked":"Steam","floor":10.0},{"not_picked":["Rebound","Go for the Eyes","Aggregate"],"picked":"Amplify","floor":12.0},{"not_picked":["Auto Shields","Sweeping Beam","Go for the Eyes"],"picked":"Turbo","floor":14.0},{"not_picked":["Reboot","Multi-Cast","Machine Learning"],"picked":"Meteor Strike","floor":16.0},{"not_picked":["Genetic Algorithm+1","Steam","Hologram"],"picked":"Consume","floor":18.0},{"not_picked":["Beam Cell+1","Compile Driver","Stack"],"picked":"Aggregate","floor":19.0},{"not_picked":["Compile Driver+1","Barrage","Gash+1"],"picked":"Steam","floor":21.0},{"not_picked":["Beam Cell","Steam Power","Coolheaded"],"picked":"Hologram","floor":22.0},{"not_picked":["Barrage","Go for the Eyes","Ball Lightning"],"picked":"Echo Form","floor":23.0},{"not_picked":["Echo Form","All For One","Hyperbeam"],"picked":"Rainbow","floor":33.0},{"not_picked":["Gash","Leap+1","Auto Shields","Cold Snap+1"],"picked":"SKIP","floor":35.0},{"not_picked":["Beam Cell","Static Discharge","Ball Lightning"],"picked":"Conserve Battery","floor":40.0},{"not_picked":["Steam","Gash","Hello World","Coolheaded+1"],"picked":"SKIP","floor":42.0},{"not_picked":["Static Discharge","Barrage+1","Hologram"],"picked":"Thunder Strike","floor":45.0},{"not_picked":["Barrage+1","Redo","Heatsinks"],"picked":"Consume","floor":46.0},{"not_picked":["Gash","Glacier","Hologram","Stack"],"picked":"SKIP","floor":47.0},{"not_picked":["Force Field","Cold Snap","Lockon"],"picked":"White Noise+1","floor":48.0}],"player_experience":468187,"relics_obtained":[{"floor":2.0,"key":"Potion Belt"},{"floor":6.0,"key":"MealTicket"},{"floor":9.0,"key":"Question Card"},{"floor":10.0,"key":"Pen Nib"},{"floor":11.0,"key":"Orichalcum"},{"floor":23.0,"key":"Ginger"},{"floor":26.0,"key":"DataDisk"},{"floor":38.0,"key":"Juzu Bracelet"},{"floor":40.0,"key":"Strawberry"},{"floor":42.0,"key":"Letter Opener"},{"floor":43.0,"key":"Anchor"}],"event_choices":[{"damage_healed":0.0,"max_hp_gain":0.0,"max_hp_loss":0.0,"gold_gain":175.0,"event_name":"Liars Game","player_choice":"AGREE","floor":3.0,"gold_loss":0.0,"damage_taken":0.0,"cards_obtained":["Doubt"]},{"damage_healed":0.0,"max_hp_gain":0.0,"max_hp_loss":0.0,"gold_gain":0.0,"event_name":"Back to Basics","player_choice":"Simplicity","floor":24.0,"gold_loss":0.0,"damage_taken":0.0,"cards_upgraded":["Strike_B","Strike_B","Strike_B","Strike_B","Defend_B","Defend_B","Defend_B","Defend_B"]},{"damage_healed":0.0,"max_hp_gain":0.0,"max_hp_loss":0.0,"gold_gain":0.0,"event_name":"Forgotten Altar","player_choice":"Smashed Altar","floor":25.0,"gold_loss":0.0,"damage_taken":0.0,"cards_obtained":["Decay"]},{"damage_healed":0.0,"max_hp_gain":0.0,"max_hp_loss":36.0,"gold_gain":0.0,"event_name":"Ghosts","player_choice":"Became a Ghost","floor":27.0,"gold_loss":0.0,"damage_taken":0.0,"cards_obtained":["Ghostly","Ghostly","Ghostly","Ghostly","Ghostly"]},{"damage_healed":0.0,"max_hp_gain":0.0,"max_hp_loss":0.0,"gold_gain":0.0,"event_name":"Mysterious Sphere","player_choice":"Ignored","floor":36.0,"gold_loss":0.0,"damage_taken":0.0},{"damage_healed":0.0,"max_hp_gain":0.0,"max_hp_loss":0.0,"gold_gain":0.0,"event_name":"Tomb of Lord Red Mask","player_choice":"Paid","floor":37.0,"gold_loss":105.0,"damage_taken":0.0,"relics_obtained":["Red Mask"]},{"cards_removed":["Ball Lightning"],"damage_healed":0.0,"max_hp_gain":0.0,"max_hp_loss":0.0,"gold_gain":0.0,"event_name":"Falling","player_choice":"Removed Attack","floor":39.0,"gold_loss":0.0,"damage_taken":0.0}],"is_beta":false,"boss_relics":[{"not_picked":["Pandora\u0027s Box","Sozu"],"picked":"Inserter"},{"not_picked":["Velvet Choker","Snecko Eye"],"picked":"SlaversCollar"}],"items_purged_floors":[4,28],"is_endless":false,"potions_floor_spawned":[5,12,14,16,21,22,23,40,45,46,48],"ascension_level":14}}