{"host":"rihxvzvzrfpivboj","time":1613927010,"event":{"mods":["Act Like it!","BaseMod","Better Third Choice","Block Reminder","Colored Map","Colored Powertips","Downfall","Duelist Mod","Gensokyo","GifTheSpireLib","Googly Eyes","Jorbs\u0027s Wanderer Trilogy","Keyboard Shortcuts","Minty Spire (QoL Compilation)","Quick Restart","ReimuÅiîé??öÎÅj","Relic Sorter","StSLib","SuperFastMode","The Bug Knight","Unceasing Turn Reminder","Waifu the Spire"],"gold_per_floor":[139,151,81,95,114,147,147,176,176,193,203,231,231,231,231,331,331,351,52,52,52,52,87,87,104,104,133,133,133,158,158,158,256,256,268,286,486,536,1166,1192,1192,1224,1224,1243,1257,1273,1199,1233,1233,1233,1233,1233,118,145,145],"floor_reached":56,"language":"ENG","playtime":6651,"items_purged":["Clumsy","theDuelist:VampireCurse"],"score":1614,"play_id":"d8440cb4-88fd-42d3-9960-363e7541a1be","local_time":"20210221180330","is_ascension_mode":true,"campfire_choices":[{"data":"theDuelist:ScrapFactory","floor":7.0,"key":"SMITH"},{"data":"theDuelist:BeaverWarrior","floor":15.0,"key":"SMITH"},{"data":"theDuelist:KoakiMeiruIce","floor":24.0,"key":"SMITH"},{"data":"theDuelist:FishborgArcher","floor":29,"key":"SMITH"},{"data":"theDuelist:Eva","floor":32,"key":"SMITH"},{"floor":41,"key":"RECALL"},{"data":"theDuelist:GamecieltheSeaTurtleKaiju+1","floor":49,"key":"SMITH"},{"data":"theDuelist:GamecieltheSeaTurtleKaiju+2","floor":52,"key":"SMITH"}],"circlet_count":0,"master_deck":["theDuelist:BeaverWarrior+1","theDuelist:BeaverWarrior+1","theDuelist:FinalFlame+1","theDuelist:GiantSoldier","theDuelist:GiantSoldier+1","theDuelist:ScrapFactory+1","theDuelist:FishDepthCharge","theDuelist:KoakiMeiruIce+1","theDuelist:GishkiAvance","theDuelist:BreakDraw","theDuelist:GishkiAvance","theDuelist:Eva+1","theDuelist:FusionWeapon+1","theDuelist:FishborgArcher+1","theDuelist:DewlorenTigerKing+1","theDuelist:MermaidKnight+1","theDuelist:GiantRedSeasnake+1","theDuelist:GamecieltheSeaTurtleKaiju+3","theDuelist:LostBlueBreaker+1","theDuelist:FusionFire+1","theDuelist:GravityBlaster+1","theDuelist:WaterHazard+1","Impatience","Panache"],"relics":["theDuelist:MillenniumPuzzle","theDuelist:CardPoolRelic","theDuelist:CardPoolBasicRelic","theDuelist:BoosterPackPoolRelic","theDuelist:CardPoolAddRelic","theDuelist:CardPoolMinusRelic","theDuelist:CardPoolSaveRelic","theDuelist:CardPoolOptionsRelic","Torii","Whetstone","Molten Egg 2","Ice Cream","Gensokyo:NagashiBinaDoll","RedLine:ReiMu","Pen Nib","theDuelist:MillenniumRing","Juzu Bracelet","TungstenRod","Gensokyo:ConquerorOfFear","Inserter","Ginger","theDuelist:DuelistCoin","Gremlin Horn","Smiling Mask","Mummified Hand","theDuelist:NamelessPowerRelicA","War Paint","theDuelist:NaturiaRelic","TwistedFunnel","Blue Candle","theDuelist:AquaRelicB"],"acts_visited":["Exordium","Gensokyo:Gensokyo","TheBeyond","TheEnding"],"potions_floor_usage":[33,40,44,48,48,50,50,55,55,55],"damage_taken":[{"damage":0.0,"enemies":"Gensokyo:Python","floor":1.0,"turns":4.0},{"damage":0.0,"enemies":"Gensokyo:2_Kodama","floor":2.0,"turns":3.0},{"damage":0.0,"enemies":"Gensokyo:3_Fairies","floor":4.0,"turns":2.0},{"damage":0.0,"enemies":"Gensokyo:VengefulSpirit","floor":5.0,"turns":4.0},{"damage":9.0,"enemies":"Gensokyo:Cirno","floor":6.0,"turns":8.0},{"damage":1.0,"enemies":"Gensokyo:Mamizou","floor":8.0,"turns":8.0},{"damage":0.0,"enemies":"Gensokyo:Python_and_Kodama","floor":10.0,"turns":3.0},{"damage":1.0,"enemies":"Gensokyo:Kitsune","floor":11.0,"turns":3.0},{"damage":0.0,"enemies":"Gensokyo:Aya","floor":12.0,"turns":3.0},{"damage":2.0,"enemies":"Gensokyo:Reimu","floor":16.0,"turns":9.0},{"damage":10.0,"enemies":"Gensokyo:AngelMirror","floor":18.0,"turns":2.0},{"damage":0.0,"enemies":"Gensokyo:Tenshi","floor":23.0,"turns":5.0},{"damage":0.0,"enemies":"Gensokyo:CosmicMonolith","floor":25.0,"turns":1.0},{"damage":9.0,"enemies":"Gensokyo:Koishi","floor":27.0,"turns":5.0},{"damage":10,"enemies":"Gensokyo:Tenshi","floor":30,"turns":2},{"damage":11,"enemies":"Gensokyo:Eiki","floor":33,"turns":15},{"damage":0,"enemies":"Orb Walker","floor":35,"turns":2},{"damage":0,"enemies":"3 Darklings","floor":36,"turns":6},{"damage":0,"enemies":"Mind Bloom Boss Battle","floor":38,"turns":7},{"damage":0,"enemies":"HollowMod:StalkingDevout","floor":40,"turns":6},{"damage":1,"enemies":"Nemesis","floor":42,"turns":4},{"damage":0,"enemies":"Sphere and 2 Shapes","floor":44,"turns":6},{"damage":0,"enemies":"4 Shapes","floor":45,"turns":2},{"damage":0,"enemies":"Jaw Worm Horde","floor":46,"turns":2},{"damage":0,"enemies":"Reptomancer","floor":48,"turns":4},{"damage":28,"enemies":"Time Eater","floor":50,"turns":21},{"damage":9,"enemies":"Shield and Spear","floor":54,"turns":6},{"damage":38,"enemies":"The Heart","floor":55,"turns":13}],"seed_played":"7857384841565573799","potions_obtained":[{"floor":5.0,"key":"theDuelist:OrbBottle"},{"floor":8.0,"key":"Guardian:BlockOnCardUsePotion"},{"floor":12.0,"key":"Explosive Potion"},{"floor":18.0,"key":"BlessingOfTheForge"},{"floor":23.0,"key":"theDuelist:OrbBottle"},{"floor":30,"key":"theDuelist:OrbBottle"},{"floor":36,"key":"theDuelist:FireBottle"},{"floor":40,"key":"theDuelist:DestructPotionPot"},{"floor":44,"key":"hexamod:SoulburnPotion"},{"floor":46,"key":"theDuelist:OrbBottle"},{"floor":48,"key":"Ambrosia"}],"is_trial":false,"path_per_floor":["M","M","?","M","M","E","R","E","T","M","M","E","?","?","R","B",null,"M","$","?","?","?","E","R","M","T","E","?","R","E","?","R","B",null,"M","M","?","?","?","E","R","E","T","M","M","M","?","E","R","B",null,"R","$","E","B",null],"character_chosen":"THE_DUELIST","items_purchased":["theDuelist:SeaLordAmulet","Pen Nib","theDuelist:NaturiaRelic","Impatience","TwistedFunnel","theDuelist:BarricadePotion","EssenceOfDarkness","SkillPotion","Panache","Blue Candle"],"campfire_rested":0,"item_purchase_floors":[19,19,53,53,53,53,53,53,53,53],"current_hp_per_floor":[88,88,88,88,88,79,79,78,78,78,77,77,60,60,60,58,88,78,78,78,85,85,85,85,85,85,76,76,76,66,66,66,55,88,88,88,88,88,88,88,88,87,87,99,99,99,99,99,99,71,100,100,100,91,53],"gold":145,"neow_bonus":"TEN_PERCENT_HP_BONUS","is_daily":false,"chose_seed":false,"campfire_upgraded":7,"win_rate":0.0,"timestamp":1613927010,"path_taken":["M","M","?","M","M","E","R","E","T","M","M","E","?","?","R","BOSS","M","$","?","?","?","E","R","M","T","E","?","R","E","?","R","BOSS","M","M","?","?","?","E","R","E","T","M","M","M","?","E","R","BOSS","R","$","E","BOSS"],"items_purchased_type":["Card","Relic","Relic","Card","Relic","Potion","Potion","Potion","Card","Relic"],"build_version":"2020-12-22","purchased_purges":2,"victory":true,"max_hp_per_floor":[88,88,88,88,88,88,88,88,88,88,88,88,88,88,88,88,88,88,88,88,88,88,88,88,88,88,88,88,88,88,88,88,88,88,88,88,88,88,88,88,88,88,88,100,100,100,100,100,100,100,100,100,100,100,100],"card_choices":[{"not_picked":["theDuelist:GishkiEmilia","theDuelist:AbyssDweller"],"picked":"theDuelist:FishDepthCharge","floor":1.0},{"not_picked":["theDuelist:GraydleEagle","theDuelist:BlizzardThunderbird","theDuelist:NaturiaMantis","theDuelist:AtlanteanHeavyInfantry"],"picked":"theDuelist:KoakiMeiruIce","floor":2.0},{"not_picked":["theDuelist:NaturiaHydrangea","theDuelist:FishSwaps","theDuelist:Spore","theDuelist:NaturiaDragonfly","theDuelist:GishkiZielgigas"],"picked":"SKIP","floor":4.0},{"not_picked":["theDuelist:NaturiaBambooShoot","theDuelist:NimbleManta","theDuelist:NaturiaMarron","theDuelist:ExterioFang"],"picked":"theDuelist:GishkiAvance","floor":5.0},{"not_picked":["theDuelist:NaturiaBrambi","theDuelist:NaturiaStrawberry"],"picked":"theDuelist:BreakDraw","floor":6.0},{"not_picked":["theDuelist:BeaverWarrior","theDuelist:GiantSoldier","theDuelist:Anteater"],"picked":"theDuelist:GishkiAvance","floor":8.0},{"not_picked":["theDuelist:AquaSpirit+1","theDuelist:AbyssWarrior+1","theDuelist:NaturiaAntjaw","theDuelist:Uminotaurus"],"picked":"theDuelist:Eva","floor":10.0},{"not_picked":["theDuelist:GishkiAvance+1","theDuelist:ImperialCustom","theDuelist:EagleShark+1","theDuelist:SilverApples"],"picked":"theDuelist:FusionWeapon+1","floor":11.0},{"not_picked":["theDuelist:BeaverWarrior+1","theDuelist:GiantSoldier","theDuelist:GishkiAvance+1","theDuelist:Anteater"],"picked":"SKIP","floor":12.0},{"not_picked":["theDuelist:TorrentialReborn","theDuelist:EvigishkiLevianima","theDuelist:LightLaser","theDuelist:AmuletAmbition"],"picked":"theDuelist:FishborgArcher","floor":16.0},{"not_picked":["theDuelist:SpellShatteringArrow+1","theDuelist:DoubleTool+1","theDuelist:OnslaughtFireKings","theDuelist:MagnumShield+1","theDuelist:PotDuality"],"picked":"SKIP","floor":18.0},{"not_picked":["theDuelist:AbyssDweller+1","theDuelist:NaturiaSpiderfang+1","theDuelist:CitadelWhale","theDuelist:BigWhale"],"picked":"theDuelist:DewlorenTigerKing+1","floor":23.0},{"not_picked":["theDuelist:GraydleEagle+1","theDuelist:NaturiaCliff+1","theDuelist:CoreBlaster+1","theDuelist:EagleShark+1"],"picked":"theDuelist:MermaidKnight+1","floor":25.0},{"not_picked":["theDuelist:RageDeepSea+1","theDuelist:Hinotama+1","theDuelist:FishKicks+1","theDuelist:EagleShark+1"],"picked":"theDuelist:GiantRedSeasnake+1","floor":27.0},{"not_picked":["theDuelist:Hinotama+1","theDuelist:NaturiaStinkbug","theDuelist:LonefireBlossom","theDuelist:Downbeat","theDuelist:CatShark+1"],"picked":"SKIP","floor":30},{"not_picked":["theDuelist:ColdEnchanter","theDuelist:SwordsRevealing","theDuelist:ForbiddenLance+1","theDuelist:MillenniumShield"],"picked":"theDuelist:GamecieltheSeaTurtleKaiju+1","floor":33},{"not_picked":["theDuelist:AquaactressArowana+1","theDuelist:SwordsRevealing","theDuelist:GridRod+1","theDuelist:AmuletAmbition+1"],"picked":"theDuelist:LostBlueBreaker+1","floor":35},{"not_picked":["theDuelist:ArmoredStarfish","theDuelist:NaturiaLandoise+1","theDuelist:HappyLover","theDuelist:Eva","theDuelist:KamionTimelord+1"],"picked":"SKIP","floor":36},{"not_picked":["theDuelist:LightningVortex+1","theDuelist:CrossAttack+1","theDuelist:ColdWave","theDuelist:CircleFireKings"],"picked":"theDuelist:FusionFire","floor":38},{"not_picked":["theDuelist:MermaidKnight+1","theDuelist:EagleShark+1","theDuelist:NaturiaEggplant+1","theDuelist:MeteorDestruction+1","theDuelist:DepthShark+1"],"picked":"SKIP","floor":40},{"not_picked":["theDuelist:MermaidKnight+1","theDuelist:Hinotama+1","theDuelist:AquaSpirit+1","theDuelist:AbyssDweller+1","theDuelist:NaturiaLandoise+1"],"picked":"SKIP","floor":42},{"not_picked":["theDuelist:NaturiaEggplant+1","theDuelist:MeteorDestruction+1","theDuelist:GishkiAvance+1","theDuelist:SparkBlaster+1","theDuelist:LegendarySword+1"],"picked":"SKIP","floor":44},{"not_picked":["theDuelist:DoubleTool+1","theDuelist:CombinationAttack+1","theDuelist:CallAtlanteans","theDuelist:DarkBurningAttack","theDuelist:Wetlands"],"picked":"SKIP","floor":45},{"not_picked":["theDuelist:AncientGearFist+1","theDuelist:SpacetimeTranscendence","theDuelist:EgoBoost","theDuelist:CrystalBlessing"],"picked":"theDuelist:GravityBlaster+1","floor":46},{"not_picked":["theDuelist:ToadallyAwesome+1","theDuelist:AegisOceanDragon","theDuelist:WhiteHowling+1"],"picked":"theDuelist:WaterHazard+1","floor":48},{"not_picked":["theDuelist:RageDeepSea+1","theDuelist:CatShark+1","theDuelist:NaturiaCliff+1","theDuelist:RainbowNeos+1","theDuelist:Boneheimer+1"],"picked":"SKIP","floor":54}],"player_experience":1298603,"relics_obtained":[{"floor":6.0,"key":"Torii"},{"floor":8.0,"key":"Whetstone"},{"floor":9.0,"key":"Molten Egg 2"},{"floor":12.0,"key":"Ice Cream"},{"floor":23.0,"key":"theDuelist:MillenniumRing"},{"floor":27.0,"key":"Juzu Bracelet"},{"floor":30,"key":"TungstenRod"},{"floor":33,"key":"Gensokyo:ConquerorOfFear"},{"floor":38,"key":"Ginger"},{"floor":40,"key":"Gremlin Horn"},{"floor":42,"key":"Smiling Mask"},{"floor":43,"key":"Mummified Hand"},{"floor":48,"key":"War Paint"},{"floor":54,"key":"theDuelist:AquaRelicB"}],"event_choices":[{"damage_healed":0.0,"max_hp_gain":0.0,"max_hp_loss":0.0,"gold_gain":0.0,"event_name":"Relic Duplicator","player_choice":"Leave","duelist":true,"floor":20.0,"gold_loss":0.0,"damage_taken":0.0},{"damage_healed":0,"gold_gain":0,"player_choice":"Took item - Received: Millennium Coin","duelist":true,"damage_taken":0,"max_hp_gain":0,"max_hp_loss":0,"event_name":"Millennium Items","floor":37,"gold_loss":0},{"damage_healed":0,"gold_gain":0,"player_choice":"Fight","damage_taken":0,"max_hp_gain":0,"max_hp_loss":0,"event_name":"MindBloom","floor":38,"gold_loss":0},{"damage_healed":0,"gold_gain":0,"player_choice":"Offering - offered Millennium Coin","duelist":true,"damage_taken":0,"max_hp_gain":0,"max_hp_loss":0,"event_name":"Tomb of the Nameless","floor":39,"gold_loss":0},{"power_reward":2,"total_magic_score":77,"gold_gain":0,"duelist":true,"damage_taken":0,"relics_obtained":["theDuelist:NamelessPowerRelicA"],"points":4,"max_hp_gain":0,"max_hp_loss":0,"spent_points":{"magic":0,"greed":2,"war":0,"power":2,"hunger":0},"event_name":"Nameless Tomb","floor":47,"gold_loss":74,"cards_obtained":[]}],"is_beta":false,"boss_relics":[{"not_picked":["Runic Dome","Runic Cube"],"picked":"RedLine:ReiMu"},{"not_picked":["Fusion Hammer","bronze:MakeshiftBattery"],"picked":"Inserter"}],"items_purged_floors":[19,53],"is_endless":false,"potions_floor_spawned":[5,8,12,18,23,30,36,40,44,46,48],"ascension_level":3}}