{"host":"g3js2eermvvpeiqn","time":1613883854,"event":{"mods":["BaseMod","DeckTracker","Downfall","Minty Spire (QoL Compilation)","Quick Restart","StSLib"],"gold_per_floor":[116,116,136,56,68,103,117,117,117,117,134,134,152,152,152,226,226,239,239,239,239,258,258,258,258],"floor_reached":24,"language":"ENG","playtime":1472,"items_purged":[],"score":392,"play_id":"3e649361-8335-4712-870c-712ea44d1153","local_time":"20210220230414","is_ascension_mode":true,"campfire_choices":[{"floor":8.0,"key":"REST"},{"floor":10.0,"key":"REST"},{"data":"Genetic Algorithm","floor":12.0,"key":"SMITH"},{"data":"Hyperbeam","floor":15.0,"key":"SMITH"},{"floor":23.0,"key":"REST"}],"circlet_count":0,"master_deck":["AscendersBane","Strike_B","Strike_B","Strike_B","Strike_B","Defend_B","Defend_B","Defend_B","Defend_B","Zap","Genetic Algorithm","Undo","Melter","Streamline","Hyperbeam+1","Genetic Algorithm+1","Core Surge+1","Undo"],"relics":["Sozu","Lantern","Molten Egg 2","Black Star"],"acts_visited":["Exordium","TheCity"],"potions_floor_usage":[],"damage_taken":[{"damage":9.0,"enemies":"Jaw Worm","floor":1.0,"turns":4.0},{"damage":1.0,"enemies":"Cultist","floor":3.0,"turns":4.0},{"damage":2.0,"enemies":"2 Louse","floor":5.0,"turns":3.0},{"damage":38.0,"enemies":"Lagavulin","floor":6.0,"turns":7.0},{"damage":1.0,"enemies":"Large Slime","floor":7.0,"turns":3.0},{"damage":1.0,"enemies":"Looter","floor":11.0,"turns":3.0},{"damage":0.0,"enemies":"2 Fungi Beasts","floor":13.0,"turns":2.0},{"damage":36.0,"enemies":"Slime Boss","floor":16.0,"turns":8.0},{"damage":11.0,"enemies":"2 Thieves","floor":18.0,"turns":3.0},{"damage":12.0,"enemies":"3 Byrds","floor":22.0,"turns":4.0},{"damage":37,"enemies":"Slavers","floor":24,"turns":2}],"seed_played":"-7604545857715966639","potions_obtained":[],"is_trial":false,"path_per_floor":["M","?","M","$","M","E","M","R","T","R","M","R","M","?","R","B",null,"M","?","?","?","M","R","E"],"character_chosen":"DEFECT","items_purchased":["Melter"],"campfire_rested":3,"item_purchase_floors":[4],"current_hp_per_floor":[55,55,54,54,52,14,13,34,34,55,54,54,54,47,47,11,56,45,45,45,25,13,35,0,0],"gold":258,"neow_bonus":"BOSS_RELIC","is_daily":false,"chose_seed":false,"campfire_upgraded":2,"win_rate":0.0,"timestamp":1613883854,"path_taken":["M","?","?","$","M","E","M","R","T","R","M","R","M","?","R","BOSS","M","?","?","?","M","R","E"],"items_purchased_type":["Card"],"build_version":"2020-12-22","purchased_purges":0,"victory":false,"max_hp_per_floor":[71,71,71,71,71,71,71,71,71,71,71,71,71,71,71,71,71,71,71,71,76,76,76,76,76],"card_choices":[{"not_picked":["Go for the Eyes","Self Repair"],"picked":"Genetic Algorithm","floor":1.0},{"not_picked":["Loop","Storm"],"picked":"Undo","floor":3.0},{"not_picked":["Rebound","Sweeping Beam"],"picked":"Streamline","floor":5.0},{"not_picked":["Self Repair","Conserve Battery"],"picked":"Hyperbeam","floor":6.0},{"not_picked":["Chill","Chaos","Glacier"],"picked":"SKIP","floor":7.0},{"not_picked":["Undo","Capacitor"],"picked":"Genetic Algorithm","floor":11.0},{"not_picked":["Force Field","Redo","Glacier"],"picked":"SKIP","floor":13.0},{"not_picked":["Thunder Strike+1","Reboot"],"picked":"Core Surge+1","floor":16.0},{"not_picked":["Barrage+1","Redo+1","Ball Lightning+1"],"picked":"SKIP","floor":18.0},{"not_picked":["Ball Lightning+1","Static Discharge"],"picked":"Undo","floor":22.0}],"player_experience":1526426,"relics_obtained":[{"floor":6.0,"key":"Lantern"},{"floor":9.0,"key":"Molten Egg 2"}],"event_choices":[{"damage_healed":0.0,"max_hp_gain":0.0,"max_hp_loss":0.0,"gold_gain":0.0,"event_name":"Lab","player_choice":"Got Potions","floor":2.0,"gold_loss":0.0,"damage_taken":0.0},{"cards_removed":["Dualcast"],"damage_healed":0.0,"max_hp_gain":0.0,"max_hp_loss":0.0,"gold_gain":0.0,"event_name":"Golden Wing","player_choice":"Card Removal","floor":14.0,"gold_loss":0.0,"damage_taken":7.0},{"damage_healed":0.0,"max_hp_gain":0.0,"max_hp_loss":0.0,"gold_gain":0.0,"event_name":"Ghosts","player_choice":"Ignored","floor":19.0,"gold_loss":0.0,"damage_taken":0.0},{"damage_healed":0.0,"max_hp_gain":5.0,"max_hp_loss":0.0,"gold_gain":0.0,"event_name":"Forgotten Altar","player_choice":"Shed Blood","floor":21.0,"gold_loss":0.0,"damage_taken":25.0}],"is_beta":false,"boss_relics":[{"not_picked":["Velvet Choker","Empty Cage"],"picked":"Black Star"}],"items_purged_floors":[],"is_endless":false,"potions_floor_spawned":[1,6,11,13,18],"killed_by":"Slavers","ascension_level":20}}