{"host":"aapp7ew3jk5k1bvd","time":1613894500,"event":{"mods":["AchievementEnabler","BaseMod","Colored Map","Custom Start","Keyboard Shortcuts","Minty Spire (QoL Compilation)","Permanent Neow","Quick Restart","StSLib","SuperFastMode"],"gold_per_floor":[118,135,152,77,77,77,92,109,109,9,28,28,28],"floor_reached":12,"language":"KOR","playtime":259,"items_purged":["Strike_B","Strike_B"],"score":130,"play_id":"a086dd77-422a-4911-b84e-7105a8de37be","local_time":"20210221170140","is_ascension_mode":true,"campfire_choices":[{"data":"Zap","floor":6,"key":"SMITH"}],"circlet_count":0,"master_deck":["AscendersBane","Strike_B","Strike_B","Defend_B","Defend_B","Defend_B","Defend_B","Zap+1","Dualcast","Glacier","Defragment+1","Blizzard","Go for the Eyes","Coolheaded","Coolheaded","Echo Form"],"relics":["Cracked Core","Prayer Wheel","StrikeDummy"],"acts_visited":["Exordium"],"potions_floor_usage":[7,7],"damage_taken":[{"damage":0,"enemies":"Cultist","floor":1,"turns":4},{"damage":7,"enemies":"Small Slimes","floor":2,"turns":4},{"damage":7,"enemies":"Jaw Worm","floor":3,"turns":5},{"damage":4,"enemies":"3 Louse","floor":7,"turns":3},{"damage":9,"enemies":"Red Slaver","floor":8,"turns":4},{"damage":0,"enemies":"Large Slime","floor":11,"turns":5},{"damage":0,"enemies":"Gremlin Nob","floor":12,"turns":2}],"seed_played":"7095633231040188479","potions_obtained":[{"floor":2,"key":"SteroidPotion"},{"floor":3,"key":"DuplicationPotion"},{"floor":7,"key":"FocusPotion"},{"floor":8,"key":"AttackPotion"}],"is_trial":false,"path_per_floor":["M","M","M","$","?","R","M","M","T","$","M","E"],"character_chosen":"DEFECT","items_purchased":[],"campfire_rested":0,"item_purchase_floors":[],"current_hp_per_floor":[46,39,32,32,32,32,28,19,19,19,19,19,19],"gold":28,"neow_bonus":"ONE_RARE_RELIC","is_daily":false,"chose_seed":false,"campfire_upgraded":1,"win_rate":0.0,"timestamp":1613894500,"path_taken":["M","?","M","$","?","R","M","?","T","$","M","E"],"items_purchased_type":[],"build_version":"2020-12-22","purchased_purges":2,"victory":false,"max_hp_per_floor":[71,71,71,71,71,71,71,71,71,71,71,71,71],"card_choices":[{"not_picked":["Melter","Go for the Eyes"],"picked":"Glacier","floor":1},{"not_picked":["Rebound","Turbo","Aggregate"],"picked":"SKIP","floor":1},{"not_picked":["Genetic Algorithm","Darkness"],"picked":"Defragment","floor":2},{"not_picked":["Leap","Scrape"],"picked":"Blizzard","floor":2},{"not_picked":["Streamline","Gash","Compile Driver"],"picked":"SKIP","floor":3},{"not_picked":["Compile Driver","Streamline","Meteor Strike"],"picked":"SKIP","floor":3},{"not_picked":["Rebound","Redo"],"picked":"Go for the Eyes","floor":7},{"not_picked":["Streamline","Stack","Steam"],"picked":"SKIP","floor":7},{"not_picked":["Beam Cell","Chill"],"picked":"Coolheaded","floor":8},{"not_picked":["Turbo","Sweeping Beam","Heatsinks"],"picked":"SKIP","floor":8},{"not_picked":["Hologram","Gash"],"picked":"Coolheaded","floor":11},{"not_picked":["Turbo","Leap"],"picked":"Echo Form","floor":11}],"player_experience":1040181,"relics_obtained":[{"floor":9,"key":"StrikeDummy"}],"event_choices":[{"damage_healed":0,"gold_gain":0,"player_choice":"Upgraded","damage_taken":0,"max_hp_gain":0,"max_hp_loss":0,"event_name":"Upgrade Shrine","floor":5,"gold_loss":0,"cards_upgraded":["Defragment"]}],"is_beta":false,"boss_relics":[],"items_purged_floors":[4,10],"is_endless":false,"potions_floor_spawned":[2,3,7,8],"killed_by":"Gremlin Nob","ascension_level":16}}