{"host":"w4b7hmige5bnqipq","time":1613927841,"event":{"mods":["2.2 Compatiblity","BaseMod","Colored Map","DeckTracker","Keyboard Shortcuts","Minty Spire (QoL Compilation)","Permanent Neow","Rare Cards Sparkle","SuperFastMode","everything is the same but u backflip on backflip","slay the spire mod where everything is the same but ironclad has a cowboy hat"],"gold_per_floor":[109,109,259,278,297,326,337,302,302,282,308,308,321,336,336,407,457,476,495,248,258,173,198,198,230,242,254,266,11,11,11],"floor_reached":30,"language":"KOR","playtime":715,"items_purged":["Doubt","Writhe"],"score":640,"play_id":"d76c5b0c-e5ef-49e2-8f2e-05c9917ae054","local_time":"20210222021721","is_ascension_mode":true,"campfire_choices":[{"data":"Zap","floor":12.0,"key":"SMITH"},{"floor":15.0,"key":"REST"},{"floor":24,"key":"REST"}],"circlet_count":0,"master_deck":["AscendersBane","Strike_B","Strike_B","Strike_B","Defend_B","Defend_B","Defend_B+1","Defend_B","Zap+1","Dualcast","Ball Lightning","Go for the Eyes","Electrodynamics","Genetic Algorithm","All For One","Hologram","Skim","FTL","Amplify","Rebound","Turbo","Conserve Battery","Necronomicurse","Apotheosis"],"relics":["Cracked Core","Gambling Chip","CaptainsWheel","Emotion Chip","Tiny House","Bronze Scales","Orichalcum","Juzu Bracelet","MawBank","Matryoshka","Smiling Mask","Necronomicon"],"acts_visited":["Exordium","TheCity"],"potions_floor_usage":[23,23],"damage_taken":[{"damage":4.0,"enemies":"Small Slimes","floor":1.0,"turns":3.0},{"damage":4.0,"enemies":"2 Louse","floor":4.0,"turns":2.0},{"damage":1.0,"enemies":"Cultist","floor":5.0,"turns":3.0},{"damage":20.0,"enemies":"Lagavulin","floor":6.0,"turns":6.0},{"damage":17.0,"enemies":"Large Slime","floor":7.0,"turns":5.0},{"damage":12.0,"enemies":"3 Sentries","floor":11.0,"turns":5.0},{"damage":6.0,"enemies":"3 Louse","floor":13.0,"turns":2.0},{"damage":12.0,"enemies":"Exordium Wildlife","floor":14.0,"turns":3.0},{"damage":0.0,"enemies":"Slime Boss","floor":16.0,"turns":5.0},{"damage":0.0,"enemies":"Chosen","floor":18.0,"turns":4.0},{"damage":25.0,"enemies":"2 Thieves","floor":19.0,"turns":3.0},{"damage":6.0,"enemies":"Chosen and Byrds","floor":21.0,"turns":4.0},{"damage":18,"enemies":"Gremlin Leader","floor":23,"turns":5},{"damage":12,"enemies":"Book of Stabbing","floor":25,"turns":4},{"damage":11,"enemies":"Snake Plant","floor":30,"turns":1}],"seed_played":"-6575564726098740346","potions_obtained":[{"floor":4.0,"key":"ColorlessPotion"},{"floor":10.0,"key":"PotionOfCapacity"},{"floor":11.0,"key":"FearPotion"},{"floor":14.0,"key":"EssenceOfDarkness"},{"floor":17.0,"key":"Weak Potion"},{"floor":19.0,"key":"Swift Potion"},{"floor":21.0,"key":"EssenceOfSteel"},{"floor":25,"key":"SmokeBomb"}],"is_trial":false,"path_per_floor":["M","?","?","M","M","E","M","?","T","?","E","R","M","M","R","B",null,"M","M","$","M","?","E","R","E","T","?","?","$","M"],"character_chosen":"DEFECT","items_purchased":["Bronze Scales","Apotheosis"],"campfire_rested":2,"item_purchase_floors":[20,29],"current_hp_per_floor":[60,60,60,56,55,35,18,35,35,35,23,23,17,5,26,26,65,65,40,40,34,34,16,38,26,26,26,5,5,0,0],"gold":11,"neow_bonus":"THREE_CARDS","is_daily":false,"chose_seed":false,"campfire_upgraded":1,"win_rate":0.0,"timestamp":1613927841,"path_taken":["M","?","?","M","M","E","M","?","T","?","E","R","M","M","R","BOSS","M","M","$","M","?","E","R","E","T","?","?","$","M"],"items_purchased_type":["Relic","Card"],"build_version":"2020-12-22","purchased_purges":2,"victory":false,"max_hp_per_floor":[71,71,71,71,71,71,71,71,71,71,71,71,71,71,71,71,76,76,76,76,76,76,76,76,76,76,76,76,76,76,76],"card_choices":[{"not_picked":["Conserve Battery","FTL"],"picked":"Ball Lightning","floor":0.0},{"not_picked":["Redo","Hologram"],"picked":"Go for the Eyes","floor":1.0},{"not_picked":["Streamline","Rebound"],"picked":"Genetic Algorithm","floor":4.0},{"not_picked":["Redo","Reprogram","Leap"],"picked":"SKIP","floor":5.0},{"not_picked":["Static Discharge","Hologram"],"picked":"All For One","floor":6.0},{"not_picked":["Barrage","Leap"],"picked":"Hologram","floor":7.0},{"not_picked":["Redo","Barrage"],"picked":"Skim","floor":11.0},{"not_picked":["Doom and Gloom","Turbo","Stack"],"picked":"SKIP","floor":13.0},{"not_picked":["Steam","Electrodynamics"],"picked":"FTL","floor":14.0},{"not_picked":["Hyperbeam","Multi-Cast"],"picked":"Amplify","floor":16.0},{"not_picked":["Sweeping Beam","Streamline+1"],"picked":"Rebound","floor":17.0},{"not_picked":["Go for the Eyes","Scrape"],"picked":"Turbo","floor":18.0},{"not_picked":["Heatsinks","Hologram","Reprogram"],"picked":"SKIP","floor":19.0},{"not_picked":["Doom and Gloom","Static Discharge","Stack"],"picked":"SKIP","floor":21.0},{"not_picked":["Ball Lightning","Chaos+1","Stack"],"picked":"SKIP","floor":23},{"not_picked":["Skim","Steam Power"],"picked":"Conserve Battery","floor":25}],"player_experience":790072,"relics_obtained":[{"floor":6.0,"key":"Gambling Chip"},{"floor":9.0,"key":"CaptainsWheel"},{"floor":11.0,"key":"Emotion Chip"},{"floor":23,"key":"Juzu Bracelet"},{"floor":25,"key":"MawBank"},{"floor":26,"key":"Matryoshka"},{"floor":28,"key":"Necronomicon"}],"event_choices":[{"damage_healed":0.0,"max_hp_gain":0.0,"max_hp_loss":0.0,"gold_gain":0.0,"cards_transformed":["Strike_B"],"event_name":"Living Wall","player_choice":"Change","floor":2.0,"gold_loss":0.0,"damage_taken":0.0,"cards_obtained":["Electrodynamics"]},{"damage_healed":0.0,"max_hp_gain":0.0,"max_hp_loss":0.0,"gold_gain":150.0,"event_name":"Liars Game","player_choice":"AGREE","floor":3.0,"gold_loss":0.0,"damage_taken":0.0,"cards_obtained":["Doubt"]},{"damage_healed":17.0,"max_hp_gain":0.0,"max_hp_loss":0.0,"gold_gain":0.0,"event_name":"The Cleric","player_choice":"Healed","floor":8.0,"gold_loss":35.0,"damage_taken":0.0},{"damage_healed":0.0,"max_hp_gain":0.0,"max_hp_loss":0.0,"gold_gain":0.0,"event_name":"The Woman in Blue","player_choice":"Bought 1 Potion","floor":10.0,"gold_loss":0.0,"damage_taken":0.0},{"damage_healed":0.0,"max_hp_gain":0.0,"max_hp_loss":0.0,"gold_gain":0.0,"event_name":"Addict","player_choice":"Obtained Relic","floor":22.0,"gold_loss":85.0,"damage_taken":0.0,"relics_obtained":["Orichalcum"]},{"damage_healed":0,"gold_gain":0,"player_choice":"Opened","damage_taken":0,"relics_obtained":["Smiling Mask"],"max_hp_gain":0,"max_hp_loss":0,"event_name":"The Mausoleum","floor":27,"gold_loss":0,"cards_obtained":["Writhe"]},{"damage_healed":0,"gold_gain":0,"player_choice":"Obtained Book","damage_taken":21,"max_hp_gain":0,"max_hp_loss":0,"event_name":"Cursed Tome","floor":28,"gold_loss":0}],"is_beta":false,"boss_relics":[{"not_picked":["Coffee Dripper","FrozenCore"],"picked":"Tiny House"}],"items_purged_floors":[20,29],"is_endless":false,"potions_floor_spawned":[4,11,14,19,21,25],"killed_by":"Snake Plant","ascension_level":19}}