{"host":"prxrhpgaxnj4om9r","time":1613910306,"event":{"mods":["AchievementEnabler","BaseMod","Colored Map","DeckTracker","Minty Spire (QoL Compilation)"],"gold_per_floor":[119,119,138,138,158,188,188,263,263,263,273,285,38,66,66,66,66],"floor_reached":16,"language":"KOR","playtime":604,"items_purged":[],"score":128,"play_id":"2d0c782a-7d05-4729-978d-b8003fb41c59","local_time":"20210221212506","is_ascension_mode":true,"campfire_choices":[{"data":"Backflip","floor":7,"key":"SMITH"},{"floor":10,"key":"REST"},{"data":"Discovery","floor":15,"key":"SMITH"}],"circlet_count":0,"master_deck":["Strike_G","Strike_G","Strike_G","Strike_G","Strike_G","Defend_G","Defend_G","Defend_G","Defend_G","Defend_G","Survivor","Neutralize","Deadly Poison","Terror","Backstab","Backflip+1","Slice","Sucker Punch","Deadly Poison","Discovery+1","Masterful Stab"],"relics":["Ring of the Snake","Kunai","Pear","CeramicFish"],"acts_visited":["Exordium"],"potions_floor_usage":[5,6,6,6,16],"damage_taken":[{"damage":5,"enemies":"2 Louse","floor":1,"turns":3},{"damage":0,"enemies":"Cultist","floor":3,"turns":3},{"damage":0,"enemies":"Jaw Worm","floor":5,"turns":1},{"damage":21,"enemies":"3 Sentries","floor":6,"turns":8},{"damage":0,"enemies":"Blue Slaver","floor":11,"turns":4},{"damage":14,"enemies":"Large Slime","floor":12,"turns":5},{"damage":6,"enemies":"Exordium Thugs","floor":14,"turns":3},{"damage":50,"enemies":"Slime Boss","floor":16,"turns":6}],"seed_played":"8252094083524859712","potions_obtained":[{"floor":2,"key":"Swift Potion"},{"floor":2,"key":"LiquidBronze"},{"floor":2,"key":"SteroidPotion"},{"floor":5,"key":"PowerPotion"},{"floor":14,"key":"Dexterity Potion"}],"is_trial":false,"path_per_floor":["M","?","M","$","M","E","R","?","T","R","M","M","$","M","R","B"],"character_chosen":"THE_SILENT","items_purchased":["CeramicFish","Deadly Poison","Discovery"],"campfire_rested":1,"item_purchase_floors":[13,13,13],"current_hp_per_floor":[65,65,65,65,65,44,44,33,43,67,67,53,53,47,47,0,0],"gold":66,"neow_bonus":"THREE_CARDS","is_daily":false,"chose_seed":false,"campfire_upgraded":2,"win_rate":0.0,"timestamp":1613910306,"path_taken":["M","?","M","$","?","E","R","?","T","R","M","M","$","M","R","BOSS"],"items_purchased_type":["Relic","Card","Card"],"build_version":"2020-12-22","purchased_purges":0,"victory":false,"max_hp_per_floor":[70,70,70,70,70,70,70,70,80,80,80,80,80,80,80,80,80],"card_choices":[{"not_picked":["Reflex","Dash"],"picked":"Deadly Poison","floor":0},{"not_picked":["Dagger Throw","Calculated Gamble"],"picked":"Terror","floor":1},{"not_picked":["Reflex","PiercingWail"],"picked":"Backstab","floor":3},{"not_picked":["Skewer","Choke"],"picked":"Backflip","floor":5},{"not_picked":["Deadly Poison","Bane"],"picked":"Slice","floor":6},{"not_picked":["Dodge and Roll","Prepared","Night Terror"],"picked":"SKIP","floor":11},{"not_picked":["Well Laid Plans","Outmaneuver"],"picked":"Sucker Punch","floor":12},{"not_picked":["Dagger Spray","Deflect"],"picked":"Masterful Stab","floor":14}],"player_experience":573502,"relics_obtained":[{"floor":6,"key":"Kunai"},{"floor":9,"key":"Pear"}],"event_choices":[{"damage_healed":0,"gold_gain":0,"player_choice":"Got Potions","damage_taken":0,"max_hp_gain":0,"max_hp_loss":0,"event_name":"Lab","floor":2,"gold_loss":0},{"damage_healed":0,"gold_gain":75,"player_choice":"Gather Gold","damage_taken":11,"max_hp_gain":0,"max_hp_loss":0,"event_name":"World of Goop","floor":8,"gold_loss":0}],"is_beta":false,"boss_relics":[],"items_purged_floors":[],"is_endless":false,"potions_floor_spawned":[3,5,14],"killed_by":"Slime Boss","ascension_level":5}}