{"host":"goda751pbqw5j0wn","time":1613906133,"event":{"mods":["Act Like it!","Arknights","BaseMod","Highlight Path","Minty Spire (QoL Compilation)","READ ME - Guardian Mod","Shop Mod","StSLib","óô»ðÖ¸ÄÏ"],"gold_per_floor":[116,135,150,166,177,177,177],"floor_reached":6,"language":"ZHS","playtime":477,"items_purged":[],"score":42,"play_id":"bb04b216-7152-4b05-be86-49e70bcef727","local_time":"20210221191533","is_ascension_mode":true,"campfire_choices":[],"circlet_count":0,"master_deck":["ats:Strike C","ats:Strike G","ats:Strike S","ats:Strike V","ats:Armor Crushing Shot","ats:Defend","ats:Defend","ats:Defend","ats:Defend","ats:Emotion Absorption","ats:Shell Defense","ats:Hammer On","ats:Hook Shot","ats:Spore Proliferation","ats:Apocalypse"],"relics":["ats:Sanity"],"acts_visited":["Exordium"],"potions_floor_usage":[],"damage_taken":[{"damage":1.0,"enemies":"2 Louse","floor":1.0,"turns":3.0},{"damage":10.0,"enemies":"ats:Genji","floor":2.0,"turns":5.0},{"damage":0.0,"enemies":"Small Slimes","floor":3.0,"turns":3.0},{"damage":32,"enemies":"Exordium Thugs","floor":4,"turns":6},{"damage":2,"enemies":"Exordium Wildlife","floor":5,"turns":7},{"damage":36,"enemies":"3 Sentries","floor":6,"turns":8}],"seed_played":"8203649174133208321","potions_obtained":[{"floor":2.0,"key":"ats:Flame Arts Potion"}],"is_trial":false,"path_per_floor":["M","M","M","M","M","E"],"character_chosen":"DOCTOR_CLASS","items_purchased":[],"campfire_rested":0,"item_purchase_floors":[],"current_hp_per_floor":[64,56,56,26,27,0,0],"gold":177,"neow_bonus":"TWENTY_PERCENT_HP_BONUS","is_daily":false,"chose_seed":false,"campfire_upgraded":0,"win_rate":0.0,"timestamp":1613906133,"path_taken":["M","M","M","M","M","E"],"items_purchased_type":[],"build_version":"2020-12-22","purchased_purges":0,"victory":false,"max_hp_per_floor":[86,86,86,86,86,86,86],"card_choices":[{"not_picked":["ats:Very Hot Blade","ats:Cat Scratch"],"picked":"ats:Shell Defense","floor":1.0},{"not_picked":["ats:Support Order","ats:Demon Strength"],"picked":"ats:Hammer On","floor":2.0},{"not_picked":["ats:Beaten Up","ats:Sunburst"],"picked":"ats:Hook Shot","floor":3.0},{"not_picked":["ats:Serious Mode","ats:Revitalization"],"picked":"ats:Spore Proliferation","floor":4},{"not_picked":["ats:Cat Scratch","ats:Shell Defense"],"picked":"ats:Apocalypse","floor":5}],"player_experience":547207,"relics_obtained":[],"event_choices":[],"is_beta":false,"boss_relics":[],"items_purged_floors":[],"is_endless":false,"potions_floor_spawned":[2],"killed_by":"3 Sentries","ascension_level":1}}