{"host":"c59zqhrgluvxuu0k","time":1613870162,"event":{"mods":["Act Like it!","Arknights","Bartender","BaseMod","Beaked The Cultist","Better Altar","Better Third Choice","BetterRewards","Colored Map","Colored Powertips","Curses Come First","Downfall","Friendly Minions","Hermit","Highlight Path","Minty Spire (QoL Compilation)","Replay The Spire","Ruina","Shop Mod","Somnambulant","Spicy Shops","StSLib","The Blackbeard","The Cursed","The Death Knight","The Disciple","The Druid","The Jungle","The Necromancer","The Runesmith","The Wild Card"],"gold_per_floor":[112,131,147,147,53,87,102,136,136,154,154,164,164,190,190,289,289,260,260,260,22,37,72,72,85,85,85,85,85,85,85,105,140,140,235,235,251,251,264,281,281,281,281,281,304,360,20,47,58,103,103,103,103,103,3,30,55],"floor_reached":58,"language":"ENG","playtime":6369,"items_purged":["Parasite"],"score":1298,"play_id":"39fd4acf-b5c9-4bad-9f85-8e8fcab030d3","local_time":"20210220181602","is_ascension_mode":true,"campfire_choices":[{"floor":11,"key":"REST"},{"data":"theDruid:WildSlash","floor":13,"key":"SMITH"},{"data":"theDruid:BriarArmor","floor":15,"key":"SMITH"},{"data":"theDruid:MysticBarrier","floor":30,"key":"SMITH"},{"data":"theDruid:BriarArmor","floor":34,"key":"SMITH"},{"data":"Apotheosis","floor":42,"key":"SMITH"},{"floor":44,"key":"RECALL"},{"data":"Mayhem","floor":51,"key":"SMITH"},{"data":"theDruid:Fortitude","floor":54,"key":"SMITH"}],"circlet_count":0,"master_deck":["theDruid:Strike_O","theDruid:Strike_O","theDruid:Strike_O","theDruid:Defend_O","theDruid:Defend_O","theDruid:Defend_O","theDruid:BriarArmor+1","theDruid:WildSlash+1","Trip","theDruid:ThickHide","theDruid:AstralShield","theDruid:AstralShield","theDruid:HailofThorns","theDruid:BriarArmor+1","theDruid:Resourcefulness+1","theDruid:WallofRoots","theDruid:PrimalStrength","theDruid:Restoration+1","theDruid:FuriousSlash","theDruid:TwilightsCall","theDruid:TakeShelter","theDruid:TwinStars","theDruid:Resupply+1","theDruid:PrimalStrength+1","theDruid:Stampede+1","theDruid:FelineGrace","Slimebound:Tackle+1","Slimebound:Tackle+1","Slimebound:Tackle+1","theDruid:MysticBarrier+1","theDruid:Eclipse","theDruid:PlagueClaw+1","theDruid:SurvivalInstincts+1","theDruid:Adaptation+1","theDruid:ThickHide+1","theDruid:Starfall+1","HandOfGreed+1","Apotheosis+1","Mayhem+1","theDruid:Fortitude+1","theDruid:PouncingStrike+1","theDruid:Impale+1","theDruid:Eclipse","theDruid:AstralShield+1"],"relics":["theDruid:CrownOfTheWilds","Lantern","Happy Flower","ReplayTheSpireMod:Lightbulb","Molten Egg 2","SlaversCollar","HornCleat","MutagenicStrength","Incense Burner","Snack Pack","Meat on the Bone","Replay:Towering Pillar of Hats","beaked:SacredNecklace","Darkstone Periapt","ReplayTheSpireMod:CursedCoin","Mummified Hand","Replay:PocketPolymizer","TungstenRod"],"acts_visited":["Exordium","TheCity","TheBeyond","TheEnding"],"potions_floor_usage":[6,8,8,10,23,23,46,50,52,57,57],"damage_taken":[{"damage":5,"enemies":"Small Slimes","floor":1,"turns":3},{"damage":2,"enemies":"ats:Genji","floor":2,"turns":4},{"damage":0,"enemies":"2 Louse","floor":3,"turns":4},{"damage":18,"enemies":"Lagavulin","floor":6,"turns":9},{"damage":1,"enemies":"2 Fungi Beasts","floor":7,"turns":4},{"damage":48,"enemies":"Gremlin Nob","floor":8,"turns":6},{"damage":0,"enemies":"Looter","floor":10,"turns":4},{"damage":8,"enemies":"Exordium Wildlife","floor":12,"turns":6},{"damage":5,"enemies":"Replay:BlueRogue","floor":14,"turns":5},{"damage":7,"enemies":"The Guardian","floor":16,"turns":12},{"damage":28,"enemies":"2 Thieves","floor":18,"turns":5},{"damage":3,"enemies":"Chosen","floor":22,"turns":4},{"damage":9,"enemies":"Book of Stabbing","floor":23,"turns":3},{"damage":11,"enemies":"Centurion and Healer","floor":25,"turns":6},{"damage":3,"enemies":"Shelled Parasite and Fungi","floor":32,"turns":6},{"damage":27,"enemies":"Slavers","floor":33,"turns":5},{"damage":5,"enemies":"Automaton","floor":35,"turns":9},{"damage":0,"enemies":"Orb Walker","floor":37,"turns":4},{"damage":9,"enemies":"3 Shapes","floor":39,"turns":7},{"damage":2,"enemies":"Spire Growth","floor":40,"turns":5},{"damage":10,"enemies":"Reptomancer","floor":46,"turns":6},{"damage":23,"enemies":"Nemesis","floor":48,"turns":5},{"damage":0,"enemies":"Maw","floor":49,"turns":6},{"damage":4,"enemies":"Sphere and 2 Shapes","floor":50,"turns":6},{"damage":35,"enemies":"Time Eater","floor":52,"turns":8},{"damage":5,"enemies":"Shield and Spear","floor":56,"turns":6},{"damage":40,"enemies":"The Heart","floor":57,"turns":10}],"seed_played":"9165952774786159702","potions_obtained":[{"floor":1,"key":"Reflective Coating"},{"floor":6,"key":"SteroidPotion"},{"floor":7,"key":"PowerPotion"},{"floor":8,"key":"Adrenaline Potion"},{"floor":18,"key":"ColorlessPotion"},{"floor":22,"key":"AttackPotion"},{"floor":35,"key":"LiquidMemories"},{"floor":40,"key":"GamblersBrew"},{"floor":49,"key":"DistilledChaos"},{"floor":50,"key":"Strength Potion"}],"is_trial":false,"path_per_floor":["M","M","M","?","$","E","M","E","T","M","R","M","R","E","R","B",null,"M","?","?","$","M","E","?","M","T","PTL","PTL","?","R","$","M","E","R","B",null,"M","$","M","M","?","R","?","R","T","E","$","E","M","M","R","B",null,"R","$","E","B",null],"character_chosen":"DRUID","items_purchased":["theDruid:Resourcefulness+1","theDruid:PrimalStrength","theDruid:Stampede+1","Incense Burner","ReplayTheSpireMod:CursedCoin","Mummified Hand","Mayhem","SpeedPotion","SpeedPotion"],"campfire_rested":1,"item_purchase_floors":[5,21,21,21,47,47,47,55,55],"current_hp_per_floor":[70,68,68,68,68,50,49,1,1,1,23,15,15,10,10,12,75,47,40,40,40,37,28,28,20,20,20,20,20,20,20,36,25,25,41,75,75,75,68,70,65,65,43,43,43,39,45,44,50,50,50,38,78,78,78,77,49],"gold":55,"neow_bonus":"RANDOM_COLORLESS","is_daily":false,"chose_seed":false,"campfire_upgraded":7,"win_rate":0.0,"timestamp":1613870162,"path_taken":["M","M","M","?","$","E","M","E","T","M","R","?","R","E","R","BOSS","M","?","?","$","M","E","?","M","T","PTL","PTL","?","R","$","M","E","R","BOSS","M","$","M","M","?","R","?","R","T","E","?","E","M","?","R","BOSS","R","$","E","BOSS"],"items_purchased_type":["Card","Card","Card","Relic","Relic","Relic","Card","Potion","Potion"],"build_version":"2020-12-22","purchased_purges":1,"victory":true,"max_hp_per_floor":[75,75,75,75,75,75,75,75,75,75,75,75,75,75,75,75,75,75,75,75,75,75,75,75,75,75,75,75,75,75,75,75,75,75,75,75,75,75,75,75,75,75,75,75,75,75,78,78,78,78,78,78,78,78,78,78,78],"card_choices":[{"not_picked":["Purity","ReplayTheSpireMod:Trickstab"],"picked":"Trip","floor":0},{"not_picked":["theDruid:Gore","theDruid:FuriousSlash"],"picked":"theDruid:ThickHide","floor":1},{"not_picked":["theDruid:TwilightsCall","theDruid:PlagueClaw"],"picked":"theDruid:AstralShield","floor":2},{"not_picked":["theDruid:FuriousSlash","theDruid:ViralBites"],"picked":"theDruid:AstralShield","floor":3},{"not_picked":["theDruid:Thornburst","theDruid:FelineGrace"],"picked":"theDruid:WallofRoots","floor":6},{"not_picked":["theDruid:Recoil","theDruid:Guidance"],"picked":"theDruid:PrimalStrength","floor":7},{"not_picked":["theDruid:BlessedStrike","theDruid:FaerieFire"],"picked":"theDruid:Restoration","floor":8},{"not_picked":["theDruid:Slingshot","theDruid:Swipe"],"picked":"theDruid:FuriousSlash","floor":10},{"not_picked":["theDruid:IronClaw","theDruid:ThickHide"],"picked":"theDruid:TwilightsCall","floor":12},{"not_picked":["theDruid:Resourcefulness","theDruid:FuriousSlash+1"],"picked":"theDruid:TakeShelter","floor":14},{"not_picked":["theDruid:SerratedFlesh","theDruid:Mutilate+1"],"picked":"theDruid:TwinStars","floor":16},{"not_picked":["theDruid:TakeShelter","theDruid:Slingshot+1"],"picked":"theDruid:Resupply+1","floor":18},{"not_picked":["theDruid:RockSlide+1","theDruid:Impale+1","theDruid:BloodiedFur"],"picked":"SKIP","floor":22},{"not_picked":["theDruid:Thornburst+1","theDruid:Impale+1"],"picked":"theDruid:FelineGrace","floor":23},{"not_picked":["theDruid:BrambleLash+1","theDruid:Moonbeam+1"],"picked":"theDruid:MysticBarrier","floor":25},{"not_picked":["theDruid:ForestsSoul","theDruid:Stampede+1"],"picked":"theDruid:Eclipse","floor":32},{"not_picked":["theDruid:Infestation","theDruid:Rabid"],"picked":"theDruid:PlagueClaw+1","floor":33},{"not_picked":["theDruid:SurvivalCache","theDruid:SpiritCall"],"picked":"theDruid:SurvivalInstincts","floor":35},{"not_picked":["theDruid:Gore+1","theDruid:InsectSwarm+1"],"picked":"theDruid:Adaptation+1","floor":37},{"not_picked":["theDruid:PrimalStrength","theDruid:Resupply+1"],"picked":"theDruid:ThickHide+1","floor":39},{"not_picked":["theDruid:ExposingSlash+1","theDruid:ThornStrike+1"],"picked":"theDruid:Starfall+1","floor":40},{"not_picked":["Impatience","ReplayTheSpireMod:Trickstab+1"],"picked":"HandOfGreed+1","floor":41},{"not_picked":["Dark Shackles","Magnetism"],"picked":"Apotheosis","floor":41},{"not_picked":["theDruid:Resupply","theDruid:BrambleLash+1","theDruid:Impale+1"],"picked":"SKIP","floor":46},{"not_picked":["theDruid:PouncingStrike+1","theDruid:TwilightsCall"],"picked":"theDruid:Fortitude","floor":48},{"not_picked":["theDruid:Recoil","theDruid:FaerieFire+1","theDruid:ThornStrike+1"],"picked":"SKIP","floor":49},{"not_picked":["theDruid:Impale+1","theDruid:AstralShield+1"],"picked":"theDruid:PouncingStrike+1","floor":50},{"not_picked":["theDruid:Forage+1","theDruid:ThornStrike+1"],"picked":"theDruid:AstralShield+1","floor":56}],"player_experience":2474819,"relics_obtained":[{"floor":6,"key":"Lantern"},{"floor":8,"key":"Happy Flower"},{"floor":9,"key":"ReplayTheSpireMod:Lightbulb"},{"floor":14,"key":"Molten Egg 2"},{"floor":23,"key":"Snack Pack"},{"floor":26,"key":"Meat on the Bone"},{"floor":33,"key":"Replay:Towering Pillar of Hats"},{"floor":46,"key":"Darkstone Periapt"},{"floor":48,"key":"Replay:PocketPolymizer"},{"floor":56,"key":"TungstenRod"}],"event_choices":[{"damage_healed":0,"gold_gain":0,"player_choice":"2 cards matched","damage_taken":0,"max_hp_gain":0,"max_hp_loss":0,"event_name":"Match and Keep!","floor":4,"gold_loss":0,"cards_obtained":["theDruid:HailofThorns","theDruid:BriarArmor"]},{"damage_healed":0,"gold_gain":0,"player_choice":"HornCleat","damage_taken":0,"relics_obtained":["HornCleat"],"max_hp_gain":0,"max_hp_loss":0,"event_name":"blackbeard:ShipwreckEvent","floor":19,"gold_loss":0},{"damage_healed":0,"gold_gain":0,"player_choice":"Inject Mutagens","damage_taken":0,"relics_obtained":["MutagenicStrength"],"max_hp_gain":0,"max_hp_loss":0,"event_name":"Drug Dealer","floor":20,"gold_loss":0},{"damage_healed":0,"gold_gain":0,"player_choice":"Ignored","damage_taken":0,"max_hp_gain":0,"max_hp_loss":0,"event_name":"Vampires","floor":29,"gold_loss":0},{"damage_healed":0,"gold_gain":0,"player_choice":"Memory 2","damage_taken":5,"max_hp_gain":0,"max_hp_loss":0,"event_name":"SensoryStone","floor":41,"gold_loss":0}],"is_beta":false,"boss_relics":[{"not_picked":["Runic Pyramid","Replay:Fungal Core"],"picked":"SlaversCollar"},{"not_picked":["Silver_Glasses","Ring of Chaos"],"picked":"beaked:SacredNecklace"}],"items_purged_floors":[47],"is_endless":false,"potions_floor_spawned":[1,6,7,8,18,22,35,40,49,50],"ascension_level":1}}