{"host":"7t8rqoeeopyy0nh0","time":1613885297,"event":{"mods":["AchievementEnabler","Aspiration","BaseMod","Better Third Choice","BetterRewards","Colored Map","Colored Powertips","Conspire","Downfall","Hubris","Minty Spire (QoL Compilation)","Permanent Neow","Quick Restart","Random Character Button","Rare Cards Sparkle","Reliquary","Replay The Spire","StSLib"],"gold_per_floor":[113,125,6,18,18,50,50,79,79,113,113,294,294,294,294,373,373,392,34,34,34,52,87,87,121,144,192,192,72,89,109,109,186,186,204,204,218,228,239,239,274,274,274,303,303,303,332,363,375,387,387],"floor_reached":50,"language":"ENG","playtime":2142,"items_purged":[],"score":1491,"play_id":"7d76c8a5-b229-4d60-ba27-74b36a1b3386","local_time":"20210221002817","is_ascension_mode":true,"campfire_choices":[{"data":"Noxious Fumes","floor":7,"key":"SMITH"},{"data":"Bane","floor":11,"key":"SMITH"},{"floor":13,"key":"REST"},{"data":"Deadly Poison","floor":15,"key":"SMITH"},{"data":"Glass Knife","floor":24,"key":"SMITH"},{"floor":28,"key":"RECALL"},{"data":"Die Die Die","floor":32,"key":"SMITH"},{"data":"Adrenaline","floor":40,"key":"SMITH"},{"data":"Hidden Blade","floor":42,"key":"SMITH"},{"floor":49,"key":"REST"}],"circlet_count":0,"master_deck":["AscendersBane","Defend_G","Defend_G","Defend_G","Defend_G","Defend_G","Survivor","Neutralize+1","Poisoned Stab+1","Footwork+1","Footwork+1","Flying Knee","Deadly Poison+1","Noxious Fumes+1","Bane+1","Backflip","PiercingWail","Deflect","Die Die Die+1","Glass Knife+1","Bite","Bite","Bite","Bite","Dagger Spray","Adrenaline+1","Hidden Blade+1","Cloak And Dagger","Sucker Punch+1","Slice+1","Slice","Slice"],"relics":["Ring of the Snake","conspire:GlowingRock","Bird Faced Urn","reliquary:Buckler","reliquary:IridiumChain","ReplayTheSpireMod:Ring of Collecting","Ring of Fury","reliquary:PartyBalloon","Tingsha","Ring of Misfortune","The Courier","Durian","Black Star","hubris:GlazedTorus","conspire:Dentures","Sundial","hubris:TenFootPole","hubris:SlimyHat","Ring of Panic","Strawberry","reliquary:PorcupineQuills","WristBlade","hubris:Towel","Shuriken","hubris:TinFlute","White Beast Statue","Toy Ornithopter","Blood Vial","MawBank","reliquary:Stiletto"],"acts_visited":["Exordium","TheCity","TheBeyond"],"potions_floor_usage":[6,10,25,33,33,37,38,47,48,50],"damage_taken":[{"damage":10,"enemies":"Jaw Worm","floor":1,"turns":5},{"damage":3,"enemies":"conspire:RoseBush","floor":2,"turns":4},{"damage":7,"enemies":"2 Louse","floor":4,"turns":2},{"damage":0,"enemies":"Gremlin Nob","floor":6,"turns":6},{"damage":0,"enemies":"Lagavulin","floor":8,"turns":7},{"damage":5,"enemies":"Replay:BlueRogue","floor":10,"turns":5},{"damage":18,"enemies":"Hexaghost","floor":16,"turns":9},{"damage":0,"enemies":"conspire:FuzzyDice","floor":18,"turns":5},{"damage":15,"enemies":"Shell Parasite","floor":22,"turns":5},{"damage":8,"enemies":"Replay:Snechameleon","floor":23,"turns":7},{"damage":0,"enemies":"Gremlin Leader","floor":25,"turns":5},{"damage":0,"enemies":"Centurion and Healer","floor":30,"turns":4},{"damage":7,"enemies":"3 Cultists","floor":31,"turns":4},{"damage":39,"enemies":"conspire:MysteriousRune","floor":33,"turns":8},{"damage":32,"enemies":"3 Darklings","floor":35,"turns":4},{"damage":7,"enemies":"Orb Walker","floor":37,"turns":2},{"damage":21,"enemies":"3 Darklings","floor":38,"turns":3},{"damage":0,"enemies":"Maw","floor":39,"turns":8},{"damage":10,"enemies":"Nemesis","floor":41,"turns":7},{"damage":41,"enemies":"Giant Head","floor":44,"turns":7},{"damage":14,"enemies":"Nemesis","floor":47,"turns":7},{"damage":5,"enemies":"Transient","floor":48,"turns":5},{"damage":76,"enemies":"Awakened One","floor":50,"turns":9}],"seed_played":"-9182864340251158160","potions_obtained":[{"floor":4,"key":"ColorlessPotion"},{"floor":8,"key":"Weak Potion"},{"floor":18,"key":"Toxic Potion"},{"floor":23,"key":"bronze:BurnAndBuffPotion"},{"floor":30,"key":"PowerPotion"},{"floor":35,"key":"Regen Potion"},{"floor":37,"key":"Explosive Potion"},{"floor":44,"key":"BlessingOfTheForge"},{"floor":47,"key":"SkillPotion"},{"floor":48,"key":"conspire:TimeTravelPotion"}],"is_trial":false,"path_per_floor":["M","M","$","M","?","E","R","E","T","E","R","?","R","?","R","B",null,"M","$","?","?","M","E","R","E","T","T","R","$","M","M","R","B",null,"M","?","M","M","M","R","E","R","T","E","?","?","E","M","R","B"],"character_chosen":"THE_SILENT","items_purchased":["Poisoned Stab","Footwork+1","Bird Faced Urn","reliquary:Buckler","Footwork","reliquary:IridiumChain","Flying Knee","Noxious Fumes","Bane","hubris:GlazedTorus","Glass Knife","reliquary:PorcupineQuills"],"campfire_rested":2,"item_purchase_floors":[0,0,0,0,0,0,0,3,3,19,19,29],"current_hp_per_floor":[12,13,13,10,10,22,22,30,30,31,31,5,24,24,24,17,58,64,64,49,49,39,39,39,49,56,56,56,56,56,55,55,39,52,34,34,40,35,55,55,56,56,56,19,19,19,28,44,56,0,0],"gold":387,"neow_bonus":"","is_daily":false,"chose_seed":false,"campfire_upgraded":7,"win_rate":0.0,"timestamp":1613885297,"path_taken":["M","M","$","M","?","E","R","E","T","E","R","?","R","?","R","BOSS","M","$","?","?","M","E","R","E","T","?","R","$","M","M","R","BOSS","M","?","M","M","M","R","E","R","T","E","?","?","E","M","R","BOSS"],"items_purchased_type":["Card","Card","Relic","Relic","Card","Relic","Card","Card","Card","Relic","Card","Relic"],"build_version":"2020-12-22","purchased_purges":0,"victory":false,"max_hp_per_floor":[66,66,66,66,66,66,66,66,66,66,66,66,66,66,66,71,71,71,71,49,49,49,49,49,49,56,56,56,56,56,56,56,56,56,56,56,56,56,56,56,56,56,56,56,56,56,56,56,56,56,56],"card_choices":[{"not_picked":["Slice","PiercingWail"],"picked":"Deadly Poison","floor":1},{"not_picked":["Deadly Poison","Acrobatics","Slice"],"picked":"SKIP","floor":2},{"not_picked":["conspire:PoisonWeapons","Catalyst"],"picked":"Backflip","floor":4},{"not_picked":["Sucker Punch","A Thousand Cuts","Backflip"],"picked":"SKIP","floor":6},{"not_picked":["Blur","Acrobatics"],"picked":"PiercingWail","floor":8},{"not_picked":["Well Laid Plans","Sucker Punch","Cloak And Dagger"],"picked":"SKIP","floor":10},{"not_picked":["Accuracy","conspire:PoisonWeapons"],"picked":"Deflect","floor":12},{"not_picked":["ReplayTheSpireMod:Necrosis","Wraith Form v2"],"picked":"Die Die Die","floor":16},{"not_picked":["Slice","Setup","Dagger Throw"],"picked":"SKIP","floor":18},{"not_picked":["Slice","Flechettes+1","Night Terror"],"picked":"SKIP","floor":22},{"not_picked":["Slice","Poisoned Stab","conspire:DoublingDagger"],"picked":"SKIP","floor":23},{"not_picked":["Flying Knee","hubris:TrickCloak"],"picked":"Dagger Spray","floor":25},{"not_picked":["Outmaneuver","Acrobatics","Poisoned Stab"],"picked":"SKIP","floor":30},{"not_picked":["ReplayTheSpireMod:Tripwire","Backflip","Deflect"],"picked":"SKIP","floor":31},{"not_picked":["ReplayTheSpireMod:From All Sides","Venomology"],"picked":"Adrenaline","floor":33},{"not_picked":["PiercingWail+1","Deadly Poison"],"picked":"Hidden Blade","floor":35},{"not_picked":["Dagger Spray","Deflect"],"picked":"Cloak And Dagger","floor":37},{"not_picked":["PiercingWail","Terror","Outmaneuver+1"],"picked":"SKIP","floor":38},{"not_picked":["Backflip","Masterful Stab"],"picked":"Sucker Punch+1","floor":39},{"not_picked":["Dagger Spray+1","Backflip","Bane"],"picked":"SKIP","floor":41},{"not_picked":["Draining Mist","Dagger Throw+1"],"picked":"Slice+1","floor":44},{"not_picked":["ReplayTheSpireMod:Shiv Toss","Outmaneuver","Distraction"],"picked":"SKIP","floor":47},{"not_picked":["Dagger Throw","Acrobatics"],"picked":"Slice","floor":48}],"player_experience":445375,"relics_obtained":[{"floor":5,"key":"ReplayTheSpireMod:Ring of Collecting"},{"floor":5,"key":"Ring of Fury"},{"floor":6,"key":"reliquary:PartyBalloon"},{"floor":8,"key":"Tingsha"},{"floor":9,"key":"Ring of Misfortune"},{"floor":9,"key":"reliquary:FerryPass"},{"floor":10,"key":"The Courier"},{"floor":16,"key":"Durian"},{"floor":23,"key":"conspire:Dentures"},{"floor":23,"key":"Sundial"},{"floor":25,"key":"hubris:TenFootPole"},{"floor":25,"key":"hubris:SlimyHat"},{"floor":26,"key":"Ring of Panic"},{"floor":26,"key":"Strawberry"},{"floor":41,"key":"Shuriken"},{"floor":41,"key":"hubris:TinFlute"},{"floor":43,"key":"White Beast Statue"},{"floor":44,"key":"Toy Ornithopter"},{"floor":44,"key":"Blood Vial"},{"floor":47,"key":"MawBank"},{"floor":47,"key":"reliquary:Stiletto"}],"event_choices":[{"damage_healed":0,"gold_gain":0,"player_choice":"Grow","damage_taken":0,"max_hp_gain":0,"max_hp_loss":0,"event_name":"Living Wall","floor":14,"gold_loss":0,"cards_upgraded":["Poisoned Stab"]},{"damage_healed":0,"gold_gain":0,"player_choice":"Became a vampire","damage_taken":0,"max_hp_gain":0,"max_hp_loss":22,"event_name":"Vampires","floor":20,"gold_loss":0,"cards_obtained":["Bite","Bite","Bite","Bite","Bite"]},{"cards_removed":["Normality"],"damage_healed":0,"gold_gain":0,"player_choice":"Elegance","damage_taken":0,"max_hp_gain":0,"max_hp_loss":0,"event_name":"betterThird:BetterWriting","floor":21,"gold_loss":0},{"cards_removed":["Bite"],"damage_healed":0,"gold_gain":0,"player_choice":"Removed Attack","damage_taken":0,"max_hp_gain":0,"max_hp_loss":0,"event_name":"Falling","floor":46,"gold_loss":0}],"is_beta":false,"boss_relics":[{"not_picked":["Ectoplasm","Replay:Drink Me"],"picked":"Black Star"},{"not_picked":["Painkiller Herb","conspire:RunicOctahedron"],"picked":"WristBlade"}],"items_purged_floors":[],"is_endless":false,"potions_floor_spawned":[4,8,18,23,30,35,37,44,47,48],"killed_by":"Awakened One","ascension_level":15}}