{"host":"nomlpa5ttaaqphus","time":1613950831,"event":{"mods":["100% Spire Juice","AchievementEnabler","BaseMod","Colored Powertips","Minty Spire (QoL Compilation)","StSLib"],"gold_per_floor":[119,138,138,151,161,161,188,188,188,199,199,199,199,216,216,311,311,325,85,98,112,112,112,127,127,150,179,179,179],"floor_reached":28,"language":"ENG","playtime":1117,"items_purged":[],"score":240,"play_id":"3c1f6393-913f-4436-828e-8c33116a5109","local_time":"20210221194031","is_ascension_mode":false,"campfire_choices":[{"data":"Moonworks:Ambush","floor":6.0,"key":"SMITH"},{"data":"Moonworks:FinalSurgery","floor":8.0,"key":"SMITH"},{"floor":12.0,"key":"REST"},{"data":"Moonworks:NicePresent","floor":15.0,"key":"SMITH"},{"data":"Moonworks:LulusLuckyEgg","floor":23.0,"key":"SMITH"},{"data":"Moonworks:LeapThroughSpacetime","floor":25.0,"key":"SMITH"}],"circlet_count":0,"master_deck":["Moonworks:Strike","Moonworks:Strike","Moonworks:Strike","Moonworks:Strike","Moonworks:Defend","Moonworks:Defend","Moonworks:Defend","Moonworks:Defend","Moonworks:Ambush+1","Moonworks:LongDistanceShot","Moonworks:FinalSurgery+1","Moonworks:NicePresent+1","Moonworks:WhiteChristsmasher","Moonworks:BlueCrowTheSecond","Moonworks:Flamethrower","Moonworks:BindingChains","Moonworks:LeapThroughSpacetime+1","Moonworks:LulusLuckyEgg+1","Moonworks:NicePresent","Moonworks:NicePresent","Moonworks:DeployBits","Moonworks:DeployBits"],"relics":["Moonworks:BrokenBomb","Moonworks:Homemark","Moonworks:Searchlight","Moonworks:ScorchingSun","Bag of Marbles","InkBottle","Moonworks:TrulyGoldenEgg","Moonworks:StrangePresent","Busted Crown","Lantern","Incense Burner","Moonworks:SpareBit"],"acts_visited":["Exordium","TheCity"],"potions_floor_usage":[],"damage_taken":[{"damage":1.0,"enemies":"Jaw Worm","floor":1.0,"turns":2.0},{"damage":0.0,"enemies":"2 Louse","floor":2.0,"turns":2.0},{"damage":0.0,"enemies":"Small Slimes","floor":4.0,"turns":2.0},{"damage":0.0,"enemies":"Looter","floor":5.0,"turns":2.0},{"damage":19.0,"enemies":"3 Sentries","floor":7.0,"turns":6.0},{"damage":2.0,"enemies":"Large Slime","floor":10.0,"turns":4.0},{"damage":0.0,"enemies":"Gremlin Gang","floor":14.0,"turns":3.0},{"damage":37.0,"enemies":"Hexaghost","floor":16.0,"turns":8.0},{"damage":0.0,"enemies":"Spheric Guardian","floor":18.0,"turns":1.0},{"damage":0.0,"enemies":"Shell Parasite","floor":20.0,"turns":2.0},{"damage":3.0,"enemies":"Snake Plant","floor":21.0,"turns":2.0},{"damage":0.0,"enemies":"Shelled Parasite and Fungi","floor":24.0,"turns":7.0},{"damage":9.0,"enemies":"Slavers","floor":27.0,"turns":4.0},{"damage":0,"enemies":"3 Cultists","floor":28,"turns":1}],"seed_played":"-6849643815377449777","potions_obtained":[{"floor":4.0,"key":"BlessingOfTheForge"},{"floor":7.0,"key":"Fire Potion"},{"floor":10.0,"key":"Strength Potion"},{"floor":24.0,"key":"Fruit Juice"}],"is_trial":false,"path_per_floor":["M","M","?","M","M","R","E","R","T","M","?","R","?","M","R","B",null,"M","?","M","M","?","R","M","R","T","E","M"],"character_chosen":"THE_STARBREAKER","items_purchased":[],"campfire_rested":1,"item_purchase_floors":[],"current_hp_per_floor":[65,65,65,65,65,65,46,46,46,44,44,63,63,63,63,26,66,66,66,66,63,63,63,68,68,68,59,59,59],"gold":179,"neow_bonus":"TEN_PERCENT_HP_BONUS","is_daily":false,"chose_seed":false,"campfire_upgraded":5,"win_rate":0.0,"timestamp":1613950831,"path_taken":["M","M","?","M","M","R","E","R","T","M","?","R","?","M","R","BOSS","M","?","M","M","?","R","M","R","T","E","M"],"items_purchased_type":[],"build_version":"2020-12-22","purchased_purges":0,"victory":false,"max_hp_per_floor":[66,66,66,66,66,66,66,66,66,66,66,66,66,66,66,66,66,66,66,66,66,66,66,71,71,71,71,71,71],"card_choices":[{"not_picked":["Moonworks:RainbowColoredCircle","Moonworks:BeyondHell","Moonworks:CloudOfSeagulls"],"picked":"SKIP","floor":1.0},{"not_picked":["Moonworks:SelfDestruct","Moonworks:RainbowColoredCircle"],"picked":"Moonworks:FinalSurgery","floor":2.0},{"not_picked":["Moonworks:ScrambledEve","Moonworks:DesperateModification"],"picked":"Moonworks:NicePresent","floor":4.0},{"not_picked":["Moonworks:SakisCookie","Moonworks:QuickRestoration"],"picked":"Moonworks:WhiteChristsmasher","floor":5.0},{"not_picked":["Moonworks:TacticalRetreat","Moonworks:AngelHand"],"picked":"Moonworks:BlueCrowTheSecond","floor":7.0},{"not_picked":["Moonworks:DeltaField","Moonworks:EvilMastermind"],"picked":"Moonworks:Flamethrower","floor":10.0},{"not_picked":["Moonworks:SakisCookie","Moonworks:LulusLuckyEgg"],"picked":"Moonworks:BindingChains","floor":14.0},{"not_picked":["Moonworks:Blazing","Moonworks:Gamble"],"picked":"Moonworks:LeapThroughSpacetime","floor":16.0},{"not_picked":["Moonworks:GoldenEgg+1"],"picked":"SKIP","floor":18.0},{"not_picked":[],"picked":"Moonworks:NicePresent","floor":20.0},{"not_picked":["Moonworks:SakisCookie"],"picked":"SKIP","floor":21.0},{"not_picked":["Moonworks:CloudOfSeagulls+1"],"picked":"SKIP","floor":24.0},{"not_picked":["Moonworks:RainbowColoredCircle"],"picked":"SKIP","floor":27.0}],"player_experience":109055,"relics_obtained":[{"floor":7.0,"key":"Bag of Marbles"},{"floor":9.0,"key":"InkBottle"},{"floor":26.0,"key":"Lantern"},{"floor":27.0,"key":"Incense Burner"}],"event_choices":[{"damage_healed":0.0,"max_hp_gain":0.0,"max_hp_loss":0.0,"gold_gain":0.0,"event_name":"Scrap Ooze","player_choice":"Fled","floor":3.0,"gold_loss":0.0,"damage_taken":0.0},{"damage_healed":0.0,"max_hp_gain":0.0,"max_hp_loss":0.0,"gold_gain":0.0,"event_name":"Shining Light","player_choice":"Ignored","floor":11.0,"gold_loss":0.0,"damage_taken":0.0},{"damage_healed":0.0,"max_hp_gain":0.0,"max_hp_loss":0.0,"gold_gain":0.0,"event_name":"The Cleric","player_choice":"Leave","floor":13.0,"gold_loss":0.0,"damage_taken":0.0},{"damage_healed":0.0,"max_hp_gain":0.0,"max_hp_loss":0.0,"gold_gain":0.0,"event_name":"Beggar","player_choice":"Ignored","floor":19.0,"gold_loss":0.0,"damage_taken":0.0},{"damage_healed":0.0,"max_hp_gain":0.0,"max_hp_loss":0.0,"gold_gain":0.0,"event_name":"The Library","player_choice":"Read","floor":22.0,"gold_loss":0.0,"damage_taken":0.0,"cards_obtained":["Moonworks:NicePresent"]}],"is_beta":false,"boss_relics":[{"not_picked":["Tiny House","Coffee Dripper"],"picked":"Busted Crown"}],"items_purged_floors":[],"is_endless":false,"potions_floor_spawned":[4,7,10,16,21,24],"killed_by":"3 Cultists","ascension_level":0}}