{"host":"6ggzka4dag2kvku2","time":1613925053,"event":{"mods":["AchievementEnabler","BaseMod","DeckTracker","Minty Spire (QoL Compilation)","Permanent Neow","Quick Restart","SuperFastMode"],"gold_per_floor":[117,128,146,165,184,184,204,204,231,231,257,257,231,243,243,342,342,353,353,353,242,254,286,286,286],"floor_reached":24,"language":"KOR","playtime":711,"items_purged":["Strike_B"],"score":229,"play_id":"3ac5a5a4-e2d2-4c89-9a2a-44cd0653f53d","local_time":"20210222013053","is_ascension_mode":true,"campfire_choices":[{"data":"Consume","floor":6,"key":"SMITH"},{"data":"Dualcast","floor":8,"key":"SMITH"},{"data":"Aggregate","floor":10,"key":"SMITH"},{"data":"Zap","floor":12,"key":"SMITH"},{"floor":15,"key":"REST"}],"circlet_count":0,"master_deck":["Strike_B","Strike_B","Strike_B","Defend_B","Defend_B","Defend_B","Defend_B","Zap+1","Dualcast+1","Dramatic Entrance","Aggregate+1","Loop","Consume+1","Skim","Steam","Thunder Strike","Capacitor","Genetic Algorithm","Echo Form","White Noise+1","White Noise+1","Chill","Hologram"],"relics":["Cracked Core","Omamori","Odd Mushroom","Nuclear Battery","Matryoshka"],"acts_visited":["Exordium","TheCity"],"potions_floor_usage":[11,16,16,22,24,24],"damage_taken":[{"damage":12,"enemies":"Jaw Worm","floor":1,"turns":2},{"damage":0,"enemies":"Small Slimes","floor":2,"turns":2},{"damage":1,"enemies":"Cultist","floor":3,"turns":3},{"damage":23,"enemies":"Large Slime","floor":4,"turns":5},{"damage":9,"enemies":"Red Slaver","floor":5,"turns":2},{"damage":15,"enemies":"3 Louse","floor":7,"turns":2},{"damage":1,"enemies":"The Mushroom Lair","floor":11,"turns":3},{"damage":6,"enemies":"2 Fungi Beasts","floor":14,"turns":2},{"damage":23,"enemies":"The Guardian","floor":16,"turns":10},{"damage":22,"enemies":"Shell Parasite","floor":18,"turns":6},{"damage":6,"enemies":"Chosen","floor":22,"turns":5},{"damage":31,"enemies":"Book of Stabbing","floor":23,"turns":7},{"damage":24,"enemies":"Centurion and Healer","floor":24,"turns":2}],"seed_played":"-7662947006942989113","potions_obtained":[{"floor":2,"key":"SkillPotion"},{"floor":4,"key":"Dexterity Potion"},{"floor":7,"key":"Weak Potion"},{"floor":14,"key":"AttackPotion"},{"floor":18,"key":"Fire Potion"},{"floor":23,"key":"Explosive Potion"}],"is_trial":false,"path_per_floor":["M","M","M","M","M","R","M","R","T","R","?","R","?","M","R","B",null,"M","?","?","$","M","E","M"],"character_chosen":"DEFECT","items_purchased":["Chill"],"campfire_rested":1,"item_purchase_floors":[21],"current_hp_per_floor":[63,63,62,39,30,30,15,15,15,15,14,14,14,8,30,7,75,53,53,53,53,47,16,0,0],"gold":286,"neow_bonus":"RANDOM_COLORLESS","is_daily":false,"chose_seed":false,"campfire_upgraded":4,"win_rate":0.0,"timestamp":1613925053,"path_taken":["M","M","M","M","M","R","M","R","T","R","?","R","?","M","R","BOSS","M","?","?","$","M","E","?"],"items_purchased_type":["Card"],"build_version":"2020-12-22","purchased_purges":1,"victory":false,"max_hp_per_floor":[75,75,75,75,75,75,75,75,75,75,75,75,75,75,75,75,75,75,75,75,75,75,75,75,75],"card_choices":[{"not_picked":["Finesse","Forethought"],"picked":"Dramatic Entrance","floor":0},{"not_picked":["Doom and Gloom","Conserve Battery"],"picked":"Aggregate","floor":1},{"not_picked":["Static Discharge","Skim"],"picked":"Loop","floor":2},{"not_picked":["Sweeping Beam","Compile Driver"],"picked":"Consume","floor":3},{"not_picked":["Leap","Compile Driver"],"picked":"Skim","floor":4},{"not_picked":["Barrage","Compile Driver"],"picked":"Steam","floor":5},{"not_picked":["Barrage","Aggregate"],"picked":"Thunder Strike","floor":7},{"not_picked":["Leap","Conserve Battery"],"picked":"Capacitor","floor":11},{"not_picked":["Rip and Tear","Sunder"],"picked":"Genetic Algorithm","floor":14},{"not_picked":["Meteor Strike","Core Surge"],"picked":"Echo Form","floor":16},{"not_picked":["Steam+1","Leap"],"picked":"White Noise+1","floor":18},{"not_picked":["Leap","Compile Driver","Stack"],"picked":"SKIP","floor":22},{"not_picked":["Compile Driver+1","Stack"],"picked":"Hologram","floor":23}],"player_experience":128620,"relics_obtained":[{"floor":9,"key":"Omamori"},{"floor":11,"key":"Odd Mushroom"},{"floor":23,"key":"Matryoshka"}],"event_choices":[{"damage_healed":0,"gold_gain":0,"player_choice":"Fought Mushrooms","damage_taken":0,"max_hp_gain":0,"max_hp_loss":0,"event_name":"Mushrooms","floor":11,"gold_loss":0},{"damage_healed":0,"gold_gain":0,"player_choice":"Left Gold","damage_taken":0,"max_hp_gain":0,"max_hp_loss":0,"event_name":"World of Goop","floor":13,"gold_loss":26},{"damage_healed":0,"gold_gain":0,"player_choice":"Ignored","damage_taken":0,"max_hp_gain":0,"max_hp_loss":0,"event_name":"Vampires","floor":19,"gold_loss":0},{"damage_healed":0,"gold_gain":0,"player_choice":"Copied","damage_taken":0,"max_hp_gain":0,"max_hp_loss":0,"event_name":"Duplicator","floor":20,"gold_loss":0,"cards_obtained":["White Noise"]}],"is_beta":false,"boss_relics":[{"not_picked":["Cursed Key","Sozu"],"picked":"Nuclear Battery"}],"items_purged_floors":[21],"is_endless":false,"potions_floor_spawned":[2,4,7,14,18,23],"killed_by":"Centurion and Healer","ascension_level":2}}