{"host":"bf5upntvbdompq33","time":1613883628,"event":{"mods":["BaseMod","Bestiary","Colored Map","Colored Powertips","Curses Come First","Highlight Path","Minty Spire (QoL Compilation)","StSLib","ojb\u0027s Info Mod"],"gold_per_floor":[111,111,35,35,53,53,53,79,79,95,107,141,13,288,288,387,387,397,410,178,192,192,223,223,251,277,296,296,296,311,329,329,427,427,443,459,470,487,21,21,21],"floor_reached":40,"language":"ENG","playtime":3539,"items_purged":["Strike_B","Strike_B","Strike_B"],"score":741,"play_id":"409e6a88-96f1-4569-9816-b47d2e04f9f1","local_time":"20210220220028","is_ascension_mode":true,"campfire_choices":[{"data":"Chaos","floor":6,"key":"SMITH"},{"data":"Defragment","floor":15,"key":"SMITH"},{"floor":24,"key":"REST"},{"floor":29,"key":"DIG"},{"floor":32,"key":"REST"}],"circlet_count":0,"master_deck":["AscendersBane","Defend_B","Defend_B","Defend_B","Defend_B","Zap","Dualcast","Streamline","Doom and Gloom","Chaos+1","Darkness","Defragment+1","Conserve Battery","Biased Cognition","Redo+1","Reboot+1","Cold Snap+1","Coolheaded+1","Conserve Battery+1","Coolheaded+1","Doom and Gloom","Hologram+1","Reinforced Body+1","Ball Lightning","BootSequence+1","Biased Cognition","Seek+1","Redo+1","Skim+1","Capacitor","Steam+1","Chaos+1","Redo+1"],"relics":["Cracked Core","NeowsBlessing","WarpedTongs","Blue Candle","Centennial Puzzle","Toxic Egg 2","Empty Cage","Enchiridion","Shovel","Ornamental Fan","Tiny Chest","Regal Pillow","Nuclear Battery","Pantograph"],"acts_visited":["Exordium","TheCity","TheBeyond"],"potions_floor_usage":[18,18,23,25,27,33,37],"damage_taken":[{"damage":0,"enemies":"2 Louse","floor":1,"turns":1},{"damage":0,"enemies":"Jaw Worm","floor":5,"turns":1},{"damage":0,"enemies":"3 Sentries","floor":8,"turns":1},{"damage":0,"enemies":"Cultist","floor":10,"turns":2},{"damage":1,"enemies":"2 Fungi Beasts","floor":11,"turns":2},{"damage":10,"enemies":"Gremlin Nob","floor":12,"turns":3},{"damage":32,"enemies":"The Guardian","floor":16,"turns":8},{"damage":6,"enemies":"3 Byrds","floor":18,"turns":3},{"damage":7,"enemies":"Spheric Guardian","floor":19,"turns":4},{"damage":12,"enemies":"Shelled Parasite and Fungi","floor":21,"turns":4},{"damage":17,"enemies":"Slavers","floor":23,"turns":6},{"damage":12,"enemies":"Book of Stabbing","floor":25,"turns":5},{"damage":0,"enemies":"Cultist and Chosen","floor":27,"turns":6},{"damage":21,"enemies":"3 Cultists","floor":30,"turns":5},{"damage":9,"enemies":"Centurion and Healer","floor":31,"turns":3},{"damage":44,"enemies":"Collector","floor":33,"turns":10},{"damage":1,"enemies":"3 Darklings","floor":35,"turns":3},{"damage":13,"enemies":"3 Shapes","floor":36,"turns":3},{"damage":11,"enemies":"Sphere and 2 Shapes","floor":37,"turns":4},{"damage":13,"enemies":"4 Shapes","floor":38,"turns":4},{"damage":37,"enemies":"Nemesis","floor":40,"turns":7}],"seed_played":"-2755494197150077136","potions_obtained":[{"floor":10,"key":"Block Potion"},{"floor":11,"key":"AttackPotion"},{"floor":12,"key":"Explosive Potion"},{"floor":18,"key":"Strength Potion"},{"floor":23,"key":"DuplicationPotion"},{"floor":25,"key":"FocusPotion"},{"floor":30,"key":"BlessingOfTheForge"},{"floor":35,"key":"Regen Potion"}],"is_trial":false,"path_per_floor":["M","?","$","?","M","R","?","E","T","M","M","E","$","?","R","B",null,"M","M","$","M","?","E","R","E","T","M","?","R","M","M","R","B",null,"M","M","M","M","$","E"],"character_chosen":"DEFECT","items_purchased":["Doom and Gloom","Redo+1","Conserve Battery+1","Coolheaded+1","Doom and Gloom","Chaos+1","Pantograph","Redo+1"],"campfire_rested":2,"item_purchase_floors":[3,13,20,20,20,39,39,39],"current_hp_per_floor":[68,68,68,68,68,68,68,68,68,68,67,57,57,57,57,25,63,57,50,50,38,22,5,27,15,15,15,40,40,19,10,47,3,57,56,43,44,31,31,0,0],"gold":21,"neow_bonus":"THREE_ENEMY_KILL","is_daily":false,"chose_seed":false,"campfire_upgraded":2,"win_rate":0.0,"timestamp":1613883628,"path_taken":["M","?","$","?","?","R","?","E","T","M","?","E","$","?","R","BOSS","M","M","$","M","?","E","R","E","T","M","?","R","M","M","R","BOSS","M","M","M","M","$","E"],"items_purchased_type":["Card","Card","Card","Card","Card","Card","Relic","Card"],"build_version":"2020-12-22","purchased_purges":3,"victory":false,"max_hp_per_floor":[75,75,75,75,75,75,75,75,75,75,75,75,75,75,75,75,75,75,75,75,75,75,75,75,75,75,75,75,75,75,75,75,75,75,75,75,75,75,75,75,75],"card_choices":[{"not_picked":["Conserve Battery","Gash"],"picked":"Streamline","floor":1},{"not_picked":["Loop","Streamline"],"picked":"Chaos","floor":5},{"not_picked":["Redo","Tempest"],"picked":"Darkness","floor":8},{"not_picked":["Reinforced Body","Barrage"],"picked":"Defragment","floor":10},{"not_picked":["Compile Driver","Streamline"],"picked":"Conserve Battery","floor":11},{"not_picked":["FTL","Sweeping Beam"],"picked":"Biased Cognition","floor":12},{"not_picked":["Creative AI","All For One"],"picked":"Reboot+1","floor":16},{"not_picked":["Barrage","Steam+1"],"picked":"Cold Snap+1","floor":18},{"not_picked":["Rebound","Recycle+1"],"picked":"Coolheaded+1","floor":19},{"not_picked":["Compile Driver","Steam+1"],"picked":"Hologram+1","floor":21},{"not_picked":["Amplify+1","Hologram+1"],"picked":"Reinforced Body+1","floor":23},{"not_picked":["Sweeping Beam","Heatsinks"],"picked":"Ball Lightning","floor":25},{"not_picked":["Coolheaded+1","Beam Cell"],"picked":"BootSequence+1","floor":27},{"not_picked":["Doom and Gloom","Go for the Eyes"],"picked":"Biased Cognition","floor":30},{"not_picked":["Go for the Eyes","Recycle+1","Cold Snap"],"picked":"SKIP","floor":31},{"not_picked":["Biased Cognition","Echo Form"],"picked":"Seek+1","floor":33},{"not_picked":["Barrage","Compile Driver"],"picked":"Redo+1","floor":35},{"not_picked":["Barrage","Conserve Battery+1"],"picked":"Skim+1","floor":36},{"not_picked":["Defragment","Barrage"],"picked":"Capacitor","floor":37},{"not_picked":["Turbo+1","Auto Shields+1"],"picked":"Steam+1","floor":38}],"player_experience":1677481,"relics_obtained":[{"floor":8,"key":"Blue Candle"},{"floor":9,"key":"Centennial Puzzle"},{"floor":12,"key":"Toxic Egg 2"},{"floor":22,"key":"Enchiridion"},{"floor":23,"key":"Shovel"},{"floor":25,"key":"Ornamental Fan"},{"floor":26,"key":"Tiny Chest"},{"floor":29,"key":"Regal Pillow"}],"event_choices":[{"damage_healed":0,"gold_gain":0,"player_choice":"Ignored","damage_taken":0,"max_hp_gain":0,"max_hp_loss":0,"event_name":"Shining Light","floor":2,"gold_loss":0},{"damage_healed":0,"gold_gain":0,"player_choice":"Rummage","damage_taken":0,"relics_obtained":["WarpedTongs"],"max_hp_gain":0,"max_hp_loss":0,"event_name":"Accursed Blacksmith","floor":4,"gold_loss":0,"cards_obtained":["Pain"]},{"cards_removed":["Pain"],"damage_healed":0,"gold_gain":0,"player_choice":"Removed Curses","damage_taken":0,"max_hp_gain":0,"max_hp_loss":0,"event_name":"Fountain of Cleansing","floor":7,"gold_loss":0},{"damage_healed":0,"gold_gain":275,"player_choice":"Desecrate","damage_taken":0,"max_hp_gain":0,"max_hp_loss":0,"event_name":"Golden Shrine","floor":14,"gold_loss":0,"cards_obtained":["Regret"]},{"damage_healed":0,"gold_gain":0,"player_choice":"Obtained Book","damage_taken":16,"max_hp_gain":0,"max_hp_loss":0,"event_name":"Cursed Tome","floor":22,"gold_loss":0},{"damage_healed":25,"gold_gain":0,"player_choice":"Heal","damage_taken":0,"max_hp_gain":0,"max_hp_loss":0,"event_name":"The Library","floor":28,"gold_loss":0}],"is_beta":false,"boss_relics":[{"not_picked":["Calling Bell","Sozu"],"picked":"Empty Cage"},{"not_picked":["Cursed Key","SlaversCollar"],"picked":"Nuclear Battery"}],"items_purged_floors":[13,20,39],"is_endless":false,"potions_floor_spawned":[10,11,12,18,23,25,30,35],"killed_by":"Nemesis","ascension_level":12}}