{"host":"xsuxkwaivmtd234a","time":1613950909,"event":{"mods":["BaseMod","Bestiary","Colored Map","Minty Spire (QoL Compilation)","Relic Stats","StSLib"],"gold_per_floor":[118,128,147,147,163,191,291,326,373,384,412,412,441,59,59,154,154,169,18,18,38,38,68,79,79,105,130,30,40,40,55,55,156,156,176,176,186,200,215,215,253,253,253,297,73,73,130,165,165,165,165],"floor_reached":50,"language":"ENG","playtime":3745,"items_purged":["Decay","Shame"],"score":1235,"play_id":"13f2ffc2-0052-45ba-9853-e467a2e7ceb3","local_time":"20210221184149","is_ascension_mode":true,"campfire_choices":[{"floor":12.0,"key":"REST"},{"data":"Calculated Gamble","floor":15.0,"key":"SMITH"},{"floor":25.0,"key":"REST"},{"data":"Calculated Gamble","floor":32.0,"key":"SMITH"},{"floor":40.0,"key":"REST"},{"floor":42.0,"key":"RECALL"},{"data":"Calculated Gamble","floor":46.0,"key":"SMITH"},{"data":"Calculated Gamble","floor":49.0,"key":"SMITH"}],"circlet_count":0,"master_deck":["AscendersBane","Survivor+1","Neutralize","The Bomb","Deadly Poison","Masterful Stab","Dash","Crippling Poison","Blade Dance","All Out Attack","Calculated Gamble+1","Blur","Terror+1","Bouncing Flask","Corpse Explosion","Calculated Gamble+1","Outmaneuver","Die Die Die","Bullet Time","Quick Slash","Tools of the Trade","Riddle With Holes","Acrobatics","Burst","Calculated Gamble+1","Calculated Gamble+1","Caltrops","Tactician","Backflip","Reflex","Cloak And Dagger+1","Malaise","Calculated Gamble+1","Secret Technique","Backflip+1","Backflip","Blade Dance+1","Dodge and Roll+1","Footwork","Blade Dance","Blade Dance","Blur+1"],"relics":["Ring of the Snake","MealTicket","Paper Crane","Regal Pillow","Bag of Preparation","Tingsha","ClockworkSouvenir","Pandora\u0027s Box","PreservedInsect","War Paint","Bottled Lightning","Potion Belt","Lantern","HoveringKite","CeramicFish","Bronze Scales","OrangePellets","CaptainsWheel","Strawberry"],"acts_visited":["Exordium","TheCity","TheBeyond"],"potions_floor_usage":[50,50],"damage_taken":[{"damage":4.0,"enemies":"Jaw Worm","floor":1.0,"turns":4.0},{"damage":0.0,"enemies":"Cultist","floor":2.0,"turns":3.0},{"damage":9.0,"enemies":"Small Slimes","floor":3.0,"turns":3.0},{"damage":0.0,"enemies":"3 Louse","floor":5.0,"turns":4.0},{"damage":10.0,"enemies":"3 Sentries","floor":6.0,"turns":5.0},{"damage":12.0,"enemies":"Lagavulin","floor":8.0,"turns":5.0},{"damage":4.0,"enemies":"Looter","floor":10.0,"turns":3.0},{"damage":17.0,"enemies":"3 Sentries","floor":11.0,"turns":3.0},{"damage":0.0,"enemies":"Gremlin Nob","floor":13.0,"turns":3.0},{"damage":17.0,"enemies":"Slime Boss","floor":16.0,"turns":5.0},{"damage":2.0,"enemies":"Chosen","floor":18.0,"turns":5.0},{"damage":0.0,"enemies":"Spheric Guardian","floor":21.0,"turns":1.0},{"damage":0.0,"enemies":"Gremlin Leader","floor":23.0,"turns":2.0},{"damage":36.0,"enemies":"Shelled Parasite and Fungi","floor":24.0,"turns":5.0},{"damage":0.0,"enemies":"Slavers","floor":27.0,"turns":3.0},{"damage":17.0,"enemies":"Centurion and Healer","floor":29.0,"turns":4.0},{"damage":0.0,"enemies":"Sentry and Sphere","floor":31.0,"turns":1.0},{"damage":53.0,"enemies":"Automaton","floor":33.0,"turns":9.0},{"damage":14.0,"enemies":"3 Darklings","floor":35.0,"turns":3.0},{"damage":8.0,"enemies":"3 Shapes","floor":37.0,"turns":3.0},{"damage":2.0,"enemies":"Writhing Mass","floor":38.0,"turns":5.0},{"damage":0.0,"enemies":"Transient","floor":39.0,"turns":5.0},{"damage":0.0,"enemies":"Nemesis","floor":41.0,"turns":1.0},{"damage":19.0,"enemies":"Reptomancer","floor":44.0,"turns":4.0},{"damage":0.0,"enemies":"2 Orb Walkers","floor":47.0,"turns":1.0},{"damage":0.0,"enemies":"Giant Head","floor":48.0,"turns":4.0},{"damage":81,"enemies":"Donu and Deca","floor":50,"turns":5}],"seed_played":"2215784363717262742","potions_obtained":[{"floor":1.0,"key":"Explosive Potion"},{"floor":3.0,"key":"LiquidMemories"},{"floor":5.0,"key":"EssenceOfSteel"},{"floor":8.0,"key":"FearPotion"},{"floor":13.0,"key":"CultistPotion"},{"floor":21.0,"key":"PowerPotion"},{"floor":27.0,"key":"AttackPotion"},{"floor":29.0,"key":"CunningPotion"},{"floor":30.0,"key":"EssenceOfSteel"},{"floor":35.0,"key":"Explosive Potion"},{"floor":38.0,"key":"LiquidMemories"},{"floor":44.0,"key":"Swift Potion"}],"is_trial":false,"path_per_floor":["M","M","M","?","M","E","?","E","T","M","E","R","E","$","R","B",null,"M","$","?","M","?","E","M","R","T","E","$","M","?","M","R","B",null,"M","?","M","M","M","R","E","R","T","E","$","R","?","E","R","B"],"character_chosen":"THE_SILENT","items_purchased":["ClockworkSouvenir","Bouncing Flask","Enlightenment","PreservedInsect","OrangePellets","Footwork","Blade Dance"],"campfire_rested":3,"item_purchase_floors":[14,14,14,19,45,45,45],"current_hp_per_floor":[59,59,50,50,50,40,40,28,28,24,7,43,43,58,58,41,63,61,70,57,57,57,57,21,58,58,58,73,56,56,56,56,3,57,43,43,35,33,33,70,70,70,70,51,66,66,66,73,73,0,0],"gold":165,"neow_bonus":"RANDOM_COLORLESS_2","is_daily":false,"chose_seed":false,"campfire_upgraded":4,"win_rate":0.0,"timestamp":1613950909,"path_taken":["M","M","M","?","?","E","?","E","T","M","E","R","E","$","R","BOSS","M","?","?","M","?","E","M","R","T","E","$","M","?","?","R","BOSS","M","?","M","?","?","R","E","R","T","E","$","R","?","E","R","BOSS"],"items_purchased_type":["Relic","Card","Card","Relic","Relic","Card","Card"],"build_version":"2020-12-22","purchased_purges":2,"victory":false,"max_hp_per_floor":[70,70,70,70,70,70,70,70,70,70,70,70,70,70,70,70,70,70,70,75,75,75,75,75,75,75,75,75,75,75,75,75,75,75,75,75,75,75,75,75,75,75,75,75,75,75,75,82,82,82,82],"relic_stats":{"Regal Pillow":45,"counters":[27,99],"CeramicFish":54,"HoveringKite":[29],"Tingsha":[1540],"PreservedInsect":328,"Bag of Preparation":[38],"War Paint":["Terror","Survivor"],"OrangePellets":[0],"Bronze Scales":[21],"MealTicket":54,"Pandora\u0027s Box":["Calculated Gamble","Outmaneuver","Die Die Die","Bullet Time","Quick Slash","Tools of the Trade","Riddle With Holes","Acrobatics","Burst"],"obtain_stats":[{"Potion Belt":26,"Regal Pillow":9,"Lantern":27,"CeramicFish":41,"HoveringKite":34,"Tingsha":13,"PreservedInsect":19,"Bag of Preparation":11,"Paper Crane":8,"War Paint":22,"ClockworkSouvenir":14,"OrangePellets":45,"CaptainsWheel":47,"Bronze Scales":44,"Strawberry":48,"MealTicket":6,"Pandora\u0027s Box":17,"Bottled Lightning":23,"Ring of the Snake":0},{"Potion Belt":14,"Regal Pillow":6,"Lantern":15,"CeramicFish":23,"HoveringKite":18,"Tingsha":9,"PreservedInsect":11,"Bag of Preparation":8,"Paper Crane":6,"War Paint":12,"ClockworkSouvenir":9,"OrangePellets":24,"CaptainsWheel":25,"Bronze Scales":24,"Strawberry":26,"MealTicket":5,"Pandora\u0027s Box":10,"Bottled Lightning":13,"Ring of the Snake":0},{"Potion Belt":51,"Regal Pillow":24,"Lantern":54,"CeramicFish":85,"HoveringKite":68,"Tingsha":33,"PreservedInsect":43,"Bag of Preparation":30,"Paper Crane":24,"War Paint":44,"ClockworkSouvenir":33,"OrangePellets":89,"CaptainsWheel":90,"Bronze Scales":89,"Strawberry":94,"MealTicket":19,"Pandora\u0027s Box":38,"Bottled Lightning":46,"Ring of the Snake":0}],"Ring of the Snake":[54]},"card_choices":[{"not_picked":["Magnetism","Transmutation"],"picked":"The Bomb","floor":0.0},{"not_picked":["PiercingWail","Cloak And Dagger"],"picked":"Deadly Poison","floor":1.0},{"not_picked":["Endless Agony","Backstab"],"picked":"Masterful Stab","floor":2.0},{"not_picked":["Masterful Stab","Sucker Punch"],"picked":"Dash","floor":3.0},{"not_picked":["Deflect","Sucker Punch"],"picked":"Blade Dance","floor":5.0},{"not_picked":["Prepared","Riddle With Holes","Dodge and Roll"],"picked":"SKIP","floor":6.0},{"not_picked":["Dash","Distraction"],"picked":"All Out Attack","floor":8.0},{"not_picked":["Dodge and Roll","Flying Knee"],"picked":"Calculated Gamble","floor":10.0},{"not_picked":["After Image","Quick Slash"],"picked":"Blur","floor":11.0},{"not_picked":["Skewer","Outmaneuver"],"picked":"Terror","floor":13.0},{"not_picked":["Glass Knife","Tools of the Trade"],"picked":"Corpse Explosion","floor":16.0},{"not_picked":["All Out Attack","Prepared"],"picked":"Calculated Gamble","floor":18.0},{"not_picked":["Deflect","Dagger Spray+1"],"picked":"Calculated Gamble","floor":21.0},{"not_picked":["Deadly Poison","Infinite Blades"],"picked":"Caltrops","floor":23.0},{"not_picked":["Underhanded Strike+1","Crippling Poison"],"picked":"Tactician","floor":24.0},{"not_picked":["Eviscerate","Outmaneuver"],"picked":"Backflip","floor":27.0},{"not_picked":["Eviscerate","Bouncing Flask+1"],"picked":"Reflex","floor":29.0},{"not_picked":["Slice","Poisoned Stab+1"],"picked":"Cloak And Dagger+1","floor":31.0},{"not_picked":["Burst","Storm of Steel"],"picked":"Malaise","floor":33.0},{"not_picked":["Terror","Slice"],"picked":"Calculated Gamble+1","floor":35.0},{"not_picked":["Dagger Spray+1","Sucker Punch"],"picked":"Backflip+1","floor":37.0},{"not_picked":["Cloak And Dagger","Sucker Punch","Slice+1"],"picked":"SKIP","floor":38.0},{"not_picked":["Outmaneuver+1","Deflect"],"picked":"Backflip","floor":39.0},{"not_picked":["Eviscerate","Heel Hook+1"],"picked":"Blade Dance+1","floor":41.0},{"not_picked":["Bullet Time","Noxious Fumes+1"],"picked":"Dodge and Roll+1","floor":44.0},{"not_picked":["Distraction","Dagger Spray+1"],"picked":"Blade Dance","floor":47.0},{"not_picked":["Setup","Predator+1"],"picked":"Blur+1","floor":48.0}],"player_experience":1333192,"relics_obtained":[{"floor":6.0,"key":"MealTicket"},{"floor":8.0,"key":"Paper Crane"},{"floor":9.0,"key":"Regal Pillow"},{"floor":11.0,"key":"Bag of Preparation"},{"floor":13.0,"key":"Tingsha"},{"floor":23.0,"key":"Bottled Lightning"},{"floor":26.0,"key":"Potion Belt"},{"floor":27.0,"key":"Lantern"},{"floor":41.0,"key":"CeramicFish"},{"floor":44.0,"key":"Bronze Scales"},{"floor":47.0,"key":"CaptainsWheel"},{"floor":48.0,"key":"Strawberry"}],"event_choices":[{"damage_healed":0.0,"max_hp_gain":0.0,"max_hp_loss":0.0,"gold_gain":0.0,"cards_transformed":["Strike_G"],"event_name":"Transmorgrifier","player_choice":"Transformed","floor":4.0,"gold_loss":0.0,"damage_taken":0.0,"cards_obtained":["Crippling Poison"]},{"damage_healed":0.0,"max_hp_gain":0.0,"max_hp_loss":0.0,"gold_gain":100.0,"event_name":"Golden Shrine","player_choice":"Pray","floor":7.0,"gold_loss":0.0,"damage_taken":0.0},{"damage_healed":0.0,"max_hp_gain":5.0,"max_hp_loss":0.0,"gold_gain":0.0,"event_name":"Forgotten Altar","player_choice":"Shed Blood","floor":20.0,"gold_loss":0.0,"damage_taken":18.0},{"damage_healed":0.0,"max_hp_gain":0.0,"max_hp_loss":0.0,"gold_gain":0.0,"event_name":"Addict","player_choice":"Stole Relic","floor":22.0,"gold_loss":0.0,"damage_taken":0.0,"relics_obtained":["War Paint"],"cards_obtained":["Shame"]},{"damage_healed":0.0,"max_hp_gain":0.0,"max_hp_loss":0.0,"gold_gain":0.0,"event_name":"Lab","player_choice":"Got Potions","floor":30.0,"gold_loss":0.0,"damage_taken":0.0},{"damage_healed":0.0,"max_hp_gain":0.0,"max_hp_loss":0.0,"gold_gain":0.0,"cards_transformed":["Enlightenment"],"event_name":"Transmorgrifier","player_choice":"Transformed","floor":36.0,"gold_loss":0.0,"damage_taken":0.0,"cards_obtained":["Secret Technique"]},{"damage_healed":0.0,"max_hp_gain":0.0,"max_hp_loss":0.0,"gold_gain":0.0,"event_name":"Mysterious Sphere","player_choice":"Fight","floor":47.0,"gold_loss":0.0,"damage_taken":0.0}],"is_beta":false,"boss_relics":[{"not_picked":["Cursed Key","Tiny House"],"picked":"Pandora\u0027s Box"},{"not_picked":["WristBlade","Empty Cage"],"picked":"HoveringKite"}],"items_purged_floors":[14,28],"is_endless":false,"potions_floor_spawned":[1,3,5,8,13,21,27,29,35,38,44],"killed_by":"Donu and Deca","ascension_level":10}}