{"host":"t7mx8yfj1no5p62f","time":1613926609,"event":{"mods":["BaseMod","Colored Map","Colored Powertips","Minty Spire (QoL Compilation)","Relic Stats","StSLib"],"gold_per_floor":[214,214,131,149,166,166,201,227,254,254,36,55,89,103,103,175,175,187,202,117,117,28,28,56,56,81,97,97,97,125,175,175,175,175],"floor_reached":33,"language":"ENG","playtime":1746,"items_purged":["Strike_R"],"score":582,"play_id":"5535ea91-6964-4d08-9c71-0ee845423c09","local_time":"20210221115649","is_ascension_mode":true,"campfire_choices":[{"data":"Combust","floor":6,"key":"SMITH"},{"data":"Power Through","floor":10,"key":"SMITH"},{"data":"Uppercut","floor":15,"key":"SMITH"},{"data":"True Grit","floor":23,"key":"SMITH"},{"floor":25,"key":"REST"},{"data":"Immolate","floor":29,"key":"SMITH"},{"data":"Spot Weakness","floor":32,"key":"SMITH"}],"circlet_count":0,"master_deck":["AscendersBane","Bash","Combust+1","Spot Weakness+1","Evolve","Power Through+1","Uppercut+1","Power Through","Twin Strike","Feed","Fiend Fire","Immolate+1","Double Tap","Impervious","Metallicize","Sentinel","Feed","True Grit+1","Power Through","Hemokinesis","Fiend Fire","Feel No Pain","Warcry+1","Sentinel+1","Ghostly+1","Ghostly+1","Ghostly+1","Armaments+1"],"relics":["Burning Blood","Pen Nib","Odd Mushroom","Strawberry","MealTicket","Pandora\u0027s Box","Art of War","Toxic Egg 2","Akabeko"],"acts_visited":["Exordium","TheCity"],"potions_floor_usage":[7,8,13,16,30,33],"damage_taken":[{"damage":7.0,"enemies":"2 Louse","floor":1.0,"turns":4.0},{"damage":14.0,"enemies":"Small Slimes","floor":4.0,"turns":3.0},{"damage":6,"enemies":"Cultist","floor":5,"turns":3},{"damage":23,"enemies":"3 Sentries","floor":7,"turns":4},{"damage":12,"enemies":"The Mushroom Lair","floor":8,"turns":3},{"damage":13,"enemies":"Blue Slaver","floor":12,"turns":4},{"damage":8,"enemies":"Gremlin Nob","floor":13,"turns":3},{"damage":11,"enemies":"Looter","floor":14,"turns":4},{"damage":24,"enemies":"Slime Boss","floor":16,"turns":11},{"damage":0,"enemies":"Chosen","floor":18,"turns":4},{"damage":11,"enemies":"Shell Parasite","floor":19,"turns":7},{"damage":74,"enemies":"Gremlin Leader","floor":24,"turns":7},{"damage":3,"enemies":"Snake Plant","floor":27,"turns":6},{"damage":50,"enemies":"Book of Stabbing","floor":30,"turns":7},{"damage":20,"enemies":"Champ","floor":33,"turns":27}],"seed_played":"503344837301161845","potions_obtained":[{"floor":4.0,"key":"Fire Potion"},{"floor":5,"key":"Regen Potion"},{"floor":12,"key":"ColorlessPotion"},{"floor":13,"key":"Explosive Potion"},{"floor":14,"key":"BloodPotion"},{"floor":16,"key":"Ancient Potion"},{"floor":30,"key":"GamblersBrew"}],"is_trial":false,"path_per_floor":["M","?","$","M","M","R","E","?","T","R","$","M","E","M","R","B",null,"M","M","?","?","$","R","E","R","T","M","?","R","E","?","R","B"],"character_chosen":"IRONCLAD","items_purchased":["Cleave","PowerPotion","Uppercut","AttackPotion","Feel No Pain"],"campfire_rested":1,"item_purchase_floors":[3,3,11,11,22],"current_hp_per_floor":[67,60,60,52,52,52,47,41,48,48,48,41,39,34,34,16,66,75,73,73,73,88,88,23,50,50,53,45,45,10,10,10,0,0],"gold":175,"neow_bonus":"HUNDRED_GOLD","is_daily":false,"chose_seed":false,"campfire_upgraded":6,"win_rate":0.0,"timestamp":1613926609,"path_taken":["M","?","$","M","M","R","E","?","T","R","$","M","E","M","R","BOSS","M","M","?","?","$","R","E","R","T","M","?","R","E","?","R","BOSS"],"items_purchased_type":["Card","Potion","Card","Potion","Card"],"build_version":"2020-12-22","purchased_purges":1,"victory":false,"max_hp_per_floor":[75,75,75,75,75,75,75,75,82,82,82,82,82,82,82,82,82,85,88,88,88,88,88,91,91,91,91,45,45,45,45,45,45,45],"relic_stats":{"counters":[15,97],"MealTicket":15,"Pandora\u0027s Box":["Fiend Fire","Immolate","Double Tap","Impervious","Metallicize","Sentinel","Feed"],"Pen Nib":[7],"Art of War":[24],"obtain_stats":[{"Strawberry":9,"MealTicket":13,"Pandora\u0027s Box":17,"Pen Nib":7,"Art of War":20,"Odd Mushroom":8,"Toxic Egg 2":24,"Burning Blood":0,"Akabeko":30},{"Strawberry":5,"MealTicket":7,"Pandora\u0027s Box":9,"Pen Nib":4,"Art of War":11,"Odd Mushroom":5,"Toxic Egg 2":12,"Burning Blood":0,"Akabeko":14},{"Strawberry":17,"MealTicket":24,"Pandora\u0027s Box":39,"Pen Nib":14,"Art of War":50,"Odd Mushroom":17,"Toxic Egg 2":57,"Burning Blood":0,"Akabeko":70}],"Burning Blood":84},"card_choices":[{"not_picked":["Sword Boomerang","Sentinel"],"picked":"Combust","floor":1.0},{"not_picked":["Clothesline","Sword Boomerang"],"picked":"Spot Weakness","floor":4.0},{"not_picked":["Searing Blow","Headbutt"],"picked":"Thunderclap","floor":5},{"not_picked":["Cleave","Limit Break"],"picked":"Evolve","floor":7},{"not_picked":["Flex","Headbutt"],"picked":"Power Through","floor":8},{"not_picked":["Perfected Strike","Inflame"],"picked":"Power Through","floor":12},{"not_picked":["Warcry","Iron Wave","Demon Form"],"picked":"SKIP","floor":13},{"not_picked":["Dark Embrace","Havoc"],"picked":"Twin Strike","floor":14},{"not_picked":["Immolate","Limit Break"],"picked":"Feed","floor":16},{"not_picked":["Cleave+1","Burning Pact"],"picked":"True Grit","floor":18},{"not_picked":["Shrug It Off","Rampage"],"picked":"Power Through","floor":19},{"not_picked":["Spot Weakness+1","Clash"],"picked":"Warcry+1","floor":24},{"not_picked":["Flex+1","Clash+1"],"picked":"Sentinel+1","floor":27},{"not_picked":["Spot Weakness+1","Clash+1"],"picked":"Armaments+1","floor":30}],"player_experience":1987114,"relics_obtained":[{"floor":7,"key":"Pen Nib"},{"floor":8,"key":"Odd Mushroom"},{"floor":9,"key":"Strawberry"},{"floor":13,"key":"MealTicket"},{"floor":24,"key":"Toxic Egg 2"},{"floor":30,"key":"Akabeko"}],"event_choices":[{"cards_removed":["Strike_R"],"damage_healed":0.0,"max_hp_gain":0.0,"max_hp_loss":0.0,"gold_gain":0.0,"event_name":"Golden Wing","player_choice":"Card Removal","floor":2.0,"gold_loss":0.0,"damage_taken":7.0},{"damage_healed":0,"gold_gain":0,"player_choice":"Fought Mushrooms","damage_taken":0,"max_hp_gain":0,"max_hp_loss":0,"event_name":"Mushrooms","floor":8,"gold_loss":0},{"damage_healed":0,"gold_gain":0,"player_choice":"Obtained Relic","damage_taken":0,"relics_obtained":["Art of War"],"max_hp_gain":0,"max_hp_loss":0,"event_name":"Addict","floor":20,"gold_loss":85},{"damage_healed":0,"gold_gain":0,"cards_transformed":["Cleave","Thunderclap"],"player_choice":"Became Test Subject","damage_taken":0,"max_hp_gain":0,"max_hp_loss":0,"event_name":"Drug Dealer","floor":21,"gold_loss":0,"cards_obtained":["Hemokinesis","Fiend Fire"]},{"damage_healed":0,"gold_gain":0,"player_choice":"Became a Ghost","damage_taken":0,"max_hp_gain":0,"max_hp_loss":46,"event_name":"Ghosts","floor":28,"gold_loss":0,"cards_obtained":["Ghostly","Ghostly","Ghostly"]},{"damage_healed":0,"gold_gain":50,"player_choice":"Stole From Cult","damage_taken":0,"max_hp_gain":0,"max_hp_loss":0,"event_name":"Nest","floor":31,"gold_loss":0}],"is_beta":false,"boss_relics":[{"not_picked":["Tiny House","Black Blood"],"picked":"Pandora\u0027s Box"}],"items_purged_floors":[11],"is_endless":false,"potions_floor_spawned":[4,5,12,13,14,16,30],"killed_by":"Champ","ascension_level":20}}