{"host":"dpjm9ksidutf4nb4","time":1613946668,"event":{"mods":["2.2 Compatiblity","AchievementEnabler","Bartender","BaseMod","BetterRewards","Duelist Mod","Fireblade Mod","Hermit","Infinite Spire","Minty Spire (QoL Compilation)","Rare Cards Sparkle","Replay The Spire","Shade Mod","Small Relic Pack","StSLib","The Bladedancer","The Cursed","The Judge","The Servant 0.9.4","The Wild Card","Yuri Mod"],"gold_per_floor":[112,33,208,221,1,36,36,63,63,63,63,63,63,88,100,112,112],"floor_reached":16,"language":"ENG","playtime":524,"items_purged":["Doubt"],"score":170,"play_id":"a850bf28-04ee-42e6-9cc6-bcbdc9fafd5a","local_time":"20210221163108","is_ascension_mode":true,"campfire_choices":[{"floor":7,"key":"REST"},{"floor":10,"key":"REST"},{"floor":15,"key":"REST"}],"circlet_count":0,"master_deck":["blademaster:Strike","blademaster:Strike","blademaster:Strike","blademaster:Strike","blademaster:Defend","blademaster:Defend","blademaster:Defend","blademaster:Defend+1","blademaster:RagingBlow","blademaster:HighVoltage+1","blademaster:Quickstep","blademaster:WindSlash","blademaster:BrainBloom+1","blademaster:Safeguard","blademaster:DeadlyDance","blademaster:SharpBlades"],"relics":["blademaster:DancersAmulet","NeowsBlessing","Gremlin Food","Du-Vu Doll","infinitespire:Lucky Rock","infinitespire:ShieldingShard","Juzu Bracelet","relicPack:OneForAll","MawBank"],"acts_visited":["Exordium"],"potions_floor_usage":[8,8],"damage_taken":[{"damage":0,"enemies":"Jaw Worm","floor":1,"turns":1},{"damage":0,"enemies":"Small Slimes","floor":4,"turns":1},{"damage":0,"enemies":"Lagavulin","floor":6,"turns":2},{"damage":19,"enemies":"3 Sentries","floor":8,"turns":11},{"damage":0,"enemies":"Cultist","floor":14,"turns":5},{"damage":79,"enemies":"Hexaghost","floor":16,"turns":11}],"seed_played":"-8171872620499069522","potions_obtained":[{"floor":1,"key":"Energy Potion"},{"floor":6,"key":"PowerPotion"}],"is_trial":false,"path_per_floor":["M","$","?","M","$","E","R","E","T","R","?","?","?","M","R","B"],"character_chosen":"THE_BLADEMASTER","items_purchased":["blademaster:WindSlash","Gremlin Food"],"campfire_rested":3,"item_purchase_floors":[2,5],"current_hp_per_floor":[68,68,68,68,68,68,75,56,56,75,75,75,50,50,72,0,0],"gold":112,"neow_bonus":"THREE_ENEMY_KILL","is_daily":false,"chose_seed":false,"campfire_upgraded":0,"win_rate":0.0,"timestamp":1613946668,"path_taken":["M","$","?","M","$","E","R","E","T","R","?","?","?","M","R","BOSS"],"items_purchased_type":["Card","Relic"],"build_version":"2020-12-22","purchased_purges":1,"victory":false,"max_hp_per_floor":[75,75,75,75,75,75,75,75,75,75,75,75,75,75,75,75,75],"card_choices":[{"not_picked":["blademaster:SlyStabs","blademaster:Sharpen"],"picked":"blademaster:Quickstep","floor":1},{"not_picked":["blademaster:LeechingStrike","blademaster:Gust"],"picked":"blademaster:BrainBloom","floor":4},{"not_picked":["blademaster:AwakeningDefend","blademaster:Frenzy"],"picked":"blademaster:Safeguard","floor":6},{"not_picked":["blademaster:WindSlash","blademaster:ParryingStrike"],"picked":"blademaster:DeadlyDance","floor":8},{"not_picked":["blademaster:AwakeningStrike","blademaster:Momentum"],"picked":"blademaster:SharpBlades","floor":14}],"player_experience":725936,"relics_obtained":[{"floor":6,"key":"Du-Vu Doll"},{"floor":6,"key":"blademaster:BleedingMoreDamagePerk"},{"floor":8,"key":"infinitespire:Lucky Rock"},{"floor":8,"key":"blademaster:FuryEveryTurnPerk"},{"floor":9,"key":"infinitespire:ShieldingShard"},{"floor":11,"key":"Juzu Bracelet"}],"event_choices":[{"damage_healed":0,"gold_gain":175,"player_choice":"AGREE","damage_taken":0,"max_hp_gain":0,"max_hp_loss":0,"event_name":"Liars Game","floor":3,"gold_loss":0,"cards_obtained":["Doubt"]},{"damage_healed":0,"gold_gain":0,"player_choice":"Success","damage_taken":25,"relics_obtained":["MawBank"],"max_hp_gain":0,"max_hp_loss":0,"event_name":"Scrap Ooze","floor":13,"gold_loss":0}],"is_beta":false,"boss_relics":[],"items_purged_floors":[5],"is_endless":false,"potions_floor_spawned":[1,6],"killed_by":"Hexaghost","ascension_level":6}}