{"host":"jm9833yuloeli2yd","time":1613874247,"event":{"mods":["BaseMod","Better Altar","Better Match","Better Note","Better Sensory Stone","Better Skull","Better Third Choice","Better Vampires","BetterRewards","Colored Map","Colored Powertips","DeckTracker","Minty Spire (QoL Compilation)","Permanent Neow","Quick Restart","StSLib","SuperFastMode"],"gold_per_floor":[119,136,136,211,47,82,82,82,82],"floor_reached":8,"language":"ENG","playtime":299,"items_purged":[],"score":108,"play_id":"5a9de2b9-70e4-4555-86a9-c2e3af067d6e","local_time":"20210220212407","is_ascension_mode":true,"campfire_choices":[{"floor":7,"key":"REST"}],"circlet_count":0,"master_deck":["AscendersBane","Strike_B","Strike_B","Strike_B","Defend_B","Defend_B","Zap","Dualcast","Double Energy","Machine Learning","Cold Snap","Ball Lightning","Hologram","Cold Snap","Barrage","Steam Power","Reinforced Body"],"relics":["Cracked Core","Orrery","Peace Pipe"],"acts_visited":["Exordium"],"potions_floor_usage":[6],"damage_taken":[{"damage":3,"enemies":"2 Louse","floor":1,"turns":2},{"damage":8,"enemies":"Small Slimes","floor":2,"turns":3},{"damage":16,"enemies":"3 Sentries","floor":6,"turns":7},{"damage":23,"enemies":"Gremlin Nob","floor":8,"turns":3}],"seed_played":"4295567670135329675","potions_obtained":[{"floor":1,"key":"SpeedPotion"}],"is_trial":false,"path_per_floor":["M","M","?","?","$","E","R","E"],"character_chosen":"DEFECT","items_purchased":["Orrery"],"campfire_rested":1,"item_purchase_floors":[5],"current_hp_per_floor":[43,35,28,17,17,1,22,0,0],"gold":82,"neow_bonus":"TRANSFORM_TWO_CARDS","is_daily":false,"chose_seed":false,"campfire_upgraded":0,"win_rate":0.0,"timestamp":1613874247,"path_taken":["M","M","?","?","$","E","R","E"],"items_purchased_type":["Relic"],"build_version":"2020-12-22","purchased_purges":0,"victory":false,"max_hp_per_floor":[71,71,71,71,71,71,71,71,71],"card_choices":[{"not_picked":["Self Repair","Conserve Battery"],"picked":"Cold Snap","floor":1},{"not_picked":["Chill","Fusion"],"picked":"Ball Lightning","floor":2},{"not_picked":["Conserve Battery","Barrage"],"picked":"Hologram","floor":5},{"not_picked":["Doom and Gloom","Steam"],"picked":"Cold Snap","floor":5},{"not_picked":["Go for the Eyes","Multi-Cast"],"picked":"Barrage","floor":5},{"not_picked":["Steam","Stack"],"picked":"Steam Power","floor":5},{"not_picked":["Sweeping Beam","Chaos"],"picked":"Reinforced Body","floor":6}],"player_experience":1379671,"relics_obtained":[{"floor":6,"key":"Peace Pipe"}],"event_choices":[{"cards_removed":["Defend_B"],"damage_healed":0,"gold_gain":0,"player_choice":"Card Removal","damage_taken":7,"max_hp_gain":0,"max_hp_loss":0,"event_name":"Golden Wing","floor":3,"gold_loss":0},{"damage_healed":0,"gold_gain":75,"player_choice":"Gold","damage_taken":11,"max_hp_gain":0,"max_hp_loss":0,"event_name":"betterThird:BetterGoop","floor":4,"gold_loss":0}],"is_beta":false,"boss_relics":[],"items_purged_floors":[],"is_endless":false,"potions_floor_spawned":[1],"killed_by":"Gremlin Nob","ascension_level":20}}