{"host":"cpsutu8lprjuipd6","time":1613922147,"event":{"mods":["BaseMod","Colored Map","Minty Spire (QoL Compilation)","Permanent Neow","Quick Restart","StSLib","SuperFastMode","The Bug Knight","Together in Spire"],"gold_per_floor":[99,99,99,99,119,147,159,159,159,177,177,177,177,187,187,283,283,300,314,239,164,263,263,263],"floor_reached":23,"language":"KOR","playtime":720,"items_purged":["Strike_R"],"score":225,"play_id":"aa6c1606-a1f3-44a1-a04c-1ad1719b9074","local_time":"20210222004227","is_ascension_mode":true,"campfire_choices":[{"floor":8,"key":"REST"},{"floor":11,"key":"RECALL"},{"floor":15,"key":"REST"}],"circlet_count":0,"master_deck":["Strike_R","Strike_R+1","Strike_R","Defend_R+1","Defend_R","Defend_R","Bash","Clash"],"relics":["Burning Blood","NeowsBlessing","Dream Catcher","Gremlin Horn","Anchor","Runic Cube"],"acts_visited":["Exordium","TheCity"],"potions_floor_usage":[16],"damage_taken":[{"damage":0,"enemies":"2 Louse","floor":1,"turns":1},{"damage":0,"enemies":"Small Slimes","floor":5,"turns":1},{"damage":0,"enemies":"Gremlin Nob","floor":6,"turns":1},{"damage":6,"enemies":"Cultist","floor":7,"turns":4},{"damage":26,"enemies":"Large Slime","floor":10,"turns":8},{"damage":0,"enemies":"2 Fungi Beasts","floor":14,"turns":2},{"damage":45,"enemies":"The Guardian","floor":16,"turns":15},{"damage":16,"enemies":"Chosen","floor":18,"turns":5},{"damage":20,"enemies":"Shell Parasite","floor":19,"turns":9},{"damage":62,"enemies":"Gremlin Leader","floor":23,"turns":10}],"seed_played":"-6580670986695211098","potions_obtained":[{"floor":5,"key":"BloodPotion"},{"floor":7,"key":"PowerPotion"},{"floor":10,"key":"Weak Potion"},{"floor":18,"key":"FearPotion"}],"is_trial":false,"path_per_floor":["M","?","$","?","M","E","M","R","T","M","R","?","?","M","R","B",null,"M","M","?","$","?","E"],"character_chosen":"IRONCLAD","items_purchased":[],"campfire_rested":2,"item_purchase_floors":[],"current_hp_per_floor":[80,64,64,64,70,76,76,80,80,60,60,60,57,63,80,41,80,70,56,56,56,56,0,0],"gold":263,"neow_bonus":"THREE_ENEMY_KILL","is_daily":false,"chose_seed":false,"campfire_upgraded":0,"win_rate":0.0,"timestamp":1613922147,"path_taken":["M","?","$","?","?","E","M","R","T","M","R","?","?","M","R","BOSS","M","M","?","$","?","E"],"items_purchased_type":[],"build_version":"2020-12-22","purchased_purges":1,"victory":false,"max_hp_per_floor":[80,80,80,80,80,80,80,80,80,80,80,80,80,80,80,80,80,80,80,80,80,80,80,80],"card_choices":[{"not_picked":["Spot Weakness","Flex","Pommel Strike"],"picked":"SKIP","floor":1},{"not_picked":["Heavy Blade","Anger","Headbutt"],"picked":"SKIP","floor":5},{"not_picked":["Headbutt","Flex","Uppercut"],"picked":"SKIP","floor":6},{"not_picked":["Headbutt","Armaments"],"picked":"Clash","floor":7},{"not_picked":["Offering","Perfected Strike","Iron Wave"],"picked":"SKIP","floor":10},{"not_picked":["Sword Boomerang","Intimidate","Twin Strike"],"picked":"SKIP","floor":14},{"not_picked":["Flex","Iron Wave","Bloodletting"],"picked":"SKIP","floor":18},{"not_picked":["Combust","Seeing Red","Anger"],"picked":"SKIP","floor":19}],"player_experience":136215,"relics_obtained":[{"floor":6,"key":"Dream Catcher"},{"floor":9,"key":"Gremlin Horn"}],"event_choices":[{"damage_healed":0,"gold_gain":0,"player_choice":"Entered Light","damage_taken":16,"max_hp_gain":0,"max_hp_loss":0,"event_name":"Shining Light","floor":2,"gold_loss":0,"cards_upgraded":["Defend_R","Strike_R"]},{"cards_removed":["Strike_R"],"damage_healed":0,"gold_gain":0,"player_choice":"Offered Basic","damage_taken":0,"max_hp_gain":0,"max_hp_loss":0,"event_name":"Bonfire Elementals","floor":4,"gold_loss":0},{"damage_healed":0,"gold_gain":0,"player_choice":"Ignored","damage_taken":0,"max_hp_gain":0,"max_hp_loss":0,"event_name":"Liars Game","floor":12,"gold_loss":0},{"damage_healed":0,"gold_gain":0,"player_choice":"Success","damage_taken":3,"relics_obtained":["Anchor"],"max_hp_gain":0,"max_hp_loss":0,"event_name":"Scrap Ooze","floor":13,"gold_loss":0},{"cards_removed":["Defend_R"],"damage_healed":0,"gold_gain":0,"player_choice":"Gave Gold","damage_taken":0,"max_hp_gain":0,"max_hp_loss":0,"event_name":"Beggar","floor":20,"gold_loss":75},{"damage_healed":0,"gold_gain":99,"player_choice":"Stole From Cult","damage_taken":0,"max_hp_gain":0,"max_hp_loss":0,"event_name":"Nest","floor":22,"gold_loss":0}],"is_beta":false,"boss_relics":[{"not_picked":["Tiny House","Fusion Hammer"],"picked":"Runic Cube"}],"items_purged_floors":[21],"is_endless":false,"potions_floor_spawned":[1,5,7,10,18],"killed_by":"Gremlin Leader","ascension_level":1}}