{"host":"0ghi9uxs64f8c30g","time":1613899904,"event":{"mods":["BaseMod","Conspire","Minty Spire (QoL Compilation)","Replay The Spire","StSLib","The Runesmith"],"gold_per_floor":[115,125,175,221,248,248,262,262,262,262,278,310,310,310,94,94,94,193,193,208,158,213,213,213],"floor_reached":23,"language":"ENG","playtime":925,"items_purged":["Amnesia"],"score":246,"play_id":"a73da888-287a-4ea7-bd3a-d78e25ae5adc","local_time":"20210221103144","is_ascension_mode":true,"campfire_choices":[{"floor":6,"key":"REST"},{"floor":8,"key":"REST"},{"floor":10,"key":"REST"},{"floor":17,"key":"REST"}],"circlet_count":0,"master_deck":["Strike_R","Strike_R","Strike_R","Strike_R","Strike_R","Defend_R","Defend_R","Defend_R","Defend_R","Bash","ReplayTheSpireMod:Muscle Training","Doubt","Pommel Strike+1","Ghostly Armor","Replay:Undeath\u0027s Touch","Twin Strike+1","Flex","Reaper","Thunderclap","Delirium","ReplayTheSpireMod:Stacked"],"relics":["Burning Blood","Runesmith:Locket","Ring of Greed","Replay:Wax Seal","Membership Card","ReplayTheSpireMod:Ring of Challenge","conspire:DeflatedDodgeball","PreservedInsect","Whetstone","Bag of Preparation","ClockworkSouvenir","Busted Crown"],"acts_visited":["Exordium","TheCity"],"potions_floor_usage":[12,18,18,18],"damage_taken":[{"damage":8,"enemies":"Jaw Worm","floor":1,"turns":4},{"damage":5,"enemies":"Small Slimes","floor":2,"turns":3},{"damage":59,"enemies":"conspire:MimicChest","floor":4,"turns":8},{"damage":13,"enemies":"Cultist","floor":5,"turns":3},{"damage":12,"enemies":"2 Fungi Beasts","floor":7,"turns":4},{"damage":5,"enemies":"Red Slaver","floor":11,"turns":4},{"damage":22,"enemies":"3 Sentries","floor":12,"turns":7},{"damage":14,"enemies":"Slime Boss","floor":18,"turns":11},{"damage":2,"enemies":"Spheric Guardian","floor":20,"turns":3},{"damage":22,"enemies":"Chosen","floor":22,"turns":5},{"damage":71,"enemies":"Snecko","floor":23,"turns":6}],"seed_played":"-1206909248695090138","potions_obtained":[{"floor":1,"key":"LiquidMemories"},{"floor":4,"key":"PowerPotion"},{"floor":5,"key":"DistilledChaos"},{"floor":12,"key":"Block Potion"},{"floor":20,"key":"Reflective Coating"}],"is_trial":false,"path_per_floor":["M","M","?","?","M","R","M","R","T","R","M","E","PTL","PTL","$","T","R","B",null,"M","?","M","M"],"character_chosen":"IRONCLAD","items_purchased":["Bag of Preparation","ClockworkSouvenir","Flex"],"campfire_rested":4,"item_purchase_floors":[15,15,15],"current_hp_per_floor":[70,71,71,18,11,32,26,47,47,68,69,53,53,53,53,53,72,64,70,72,72,56,0,0],"gold":213,"neow_bonus":"ONE_RARE_RELIC","is_daily":false,"chose_seed":false,"campfire_upgraded":0,"win_rate":0.0,"timestamp":1613899904,"path_taken":["M","M","?","?","M","R","M","R","T","R","?","E","PTL","PTL","$","?","R","BOSS","M","?","M","?"],"items_purchased_type":["Relic","Relic","Card"],"build_version":"2020-12-22","purchased_purges":1,"victory":false,"max_hp_per_floor":[72,72,72,72,72,72,72,72,72,72,72,72,72,72,72,72,72,72,72,72,72,72,72,72],"card_choices":[{"not_picked":["Abandon","Warcry","Sever Soul"],"picked":"SKIP","floor":1},{"not_picked":["Run Through","Heavy Blade"],"picked":"ReplayTheSpireMod:Muscle Training","floor":2},{"not_picked":["Sword Boomerang","Headbutt"],"picked":"Pommel Strike","floor":4},{"not_picked":["Evolve","Dual Wield"],"picked":"Ghostly Armor","floor":5},{"not_picked":["Heavy Blade","Cleave"],"picked":"Replay:Undeath\u0027s Touch","floor":7},{"not_picked":["Warcry","Disarm"],"picked":"Twin Strike","floor":11},{"not_picked":["Dark Embrace","Demonic Infusion","Warcry"],"picked":"SKIP","floor":12},{"not_picked":["Double Tap","Fiend Fire"],"picked":"Reaper","floor":18},{"not_picked":[],"picked":"Thunderclap","floor":20},{"not_picked":[],"picked":"ReplayTheSpireMod:Stacked","floor":22}],"player_experience":204172,"relics_obtained":[{"floor":3,"key":"Ring of Greed"},{"floor":3,"key":"Replay:Wax Seal"},{"floor":3,"key":"Membership Card"},{"floor":3,"key":"ReplayTheSpireMod:Ring of Challenge"},{"floor":4,"key":"conspire:DeflatedDodgeball"},{"floor":9,"key":"PreservedInsect"},{"floor":12,"key":"Whetstone"}],"event_choices":[{"damage_healed":0,"gold_gain":0,"player_choice":"Bet on Owner","damage_taken":0,"max_hp_gain":0,"max_hp_loss":0,"event_name":"The Joust","floor":21,"gold_loss":50}],"is_beta":false,"boss_relics":[{"not_picked":["Coffee Dripper","Runesmith:UraniumAnvil"],"picked":"Busted Crown"}],"items_purged_floors":[15],"is_endless":false,"potions_floor_spawned":[1,4,5,12,20],"killed_by":"Snecko","ascension_level":6}}