{"host":"raaimkojny05jekw","time":1613933373,"event":{"mods":["AchievementEnabler","BaseMod","Colored Map","Colored Powertips","DeckTracker","Minty Spire (QoL Compilation)","Quick Restart","Rare Cards Sparkle","everything is the same but u backflip on backflip"],"gold_per_floor":[116,66,78,378,65,65,82,112,138,153,153,171,190,207,207,309,309,321,337,355,454,354,354,354],"floor_reached":23,"language":"KOR","playtime":721,"items_purged":["Strike_R","Strike_R"],"score":312,"play_id":"3e919cb8-0088-4937-b4ab-a64d4c3dd523","local_time":"20210222034933","is_ascension_mode":true,"campfire_choices":[{"data":"Body Slam","floor":6,"key":"SMITH"},{"data":"Armaments","floor":11,"key":"SMITH"},{"data":"The Bomb","floor":15,"key":"SMITH"}],"circlet_count":0,"master_deck":["AscendersBane","Strike_R","Strike_R","Defend_R","Defend_R","Defend_R","Defend_R","Bash","The Bomb+1","Thunderclap","Body Slam+1","Spot Weakness","Intimidate","Armaments+1","Body Slam","Seeing Red","Exhume","Juggernaut","CurseOfTheBell","Shrug It Off+1"],"relics":["Burning Blood","Old Coin","Bottled Lightning","Letter Opener","Dream Catcher","Calling Bell","Tiny Chest","Darkstone Periapt","Dead Branch"],"acts_visited":["Exordium","TheCity"],"potions_floor_usage":[18,23],"damage_taken":[{"damage":7,"enemies":"Small Slimes","floor":1,"turns":5},{"damage":7,"enemies":"Jaw Worm","floor":3,"turns":3},{"damage":1,"enemies":"Cultist","floor":7,"turns":3},{"damage":25,"enemies":"Lagavulin","floor":8,"turns":6},{"damage":13,"enemies":"Large Slime","floor":10,"turns":3},{"damage":9,"enemies":"Looter","floor":12,"turns":3},{"damage":12,"enemies":"3 Louse","floor":13,"turns":3},{"damage":8,"enemies":"Red Slaver","floor":14,"turns":3},{"damage":29,"enemies":"Hexaghost","floor":16,"turns":9},{"damage":21,"enemies":"Shell Parasite","floor":18,"turns":5},{"damage":20,"enemies":"3 Byrds","floor":19,"turns":3},{"damage":0,"enemies":"Sentry and Sphere","floor":20,"turns":3},{"damage":41,"enemies":"Book of Stabbing","floor":23,"turns":3}],"seed_played":"-154867898669841961","potions_obtained":[{"floor":10,"key":"Energy Potion"},{"floor":12,"key":"Block Potion"}],"is_trial":false,"path_per_floor":["M","?","M","T","$","R","M","E","T","M","R","M","M","M","R","B",null,"M","M","M","?","$","E"],"character_chosen":"IRONCLAD","items_purchased":["Bottled Lightning"],"campfire_rested":0,"item_purchase_floors":[5],"current_hp_per_floor":[71,71,70,70,70,70,72,53,53,46,46,43,37,35,35,12,57,42,28,34,34,34,0,0],"gold":354,"neow_bonus":"RANDOM_COLORLESS_2","is_daily":false,"chose_seed":false,"campfire_upgraded":3,"win_rate":0.0,"timestamp":1613933373,"path_taken":["M","?","M","?","$","R","M","E","T","M","R","M","M","M","R","BOSS","M","M","?","?","$","E"],"items_purchased_type":["Relic"],"build_version":"2020-12-22","purchased_purges":2,"victory":false,"max_hp_per_floor":[72,72,72,72,72,72,72,72,72,72,72,72,72,72,72,72,72,72,72,72,72,72,72,72],"card_choices":[{"not_picked":["Panache","Secret Weapon"],"picked":"The Bomb","floor":0},{"not_picked":["Twin Strike","Wild Strike"],"picked":"Thunderclap","floor":1},{"not_picked":["Sword Boomerang","Headbutt"],"picked":"Body Slam","floor":3},{"not_picked":["Clash","Rampage"],"picked":"Spot Weakness","floor":7},{"not_picked":["Inflame","Perfected Strike"],"picked":"Intimidate","floor":8},{"not_picked":["Havoc","Sword Boomerang"],"picked":"Armaments","floor":10},{"not_picked":["Clothesline","Searing Blow"],"picked":"Body Slam","floor":12},{"not_picked":["Clash","Reckless Charge"],"picked":"Seeing Red","floor":13},{"not_picked":["Heavy Blade","Thunderclap"],"picked":"Exhume","floor":14},{"not_picked":["Demon Form","Feed"],"picked":"Juggernaut","floor":16},{"not_picked":["Sword Boomerang","Burning Pact","Anger"],"picked":"SKIP","floor":18},{"not_picked":["Clothesline","Havoc","Pommel Strike+1"],"picked":"SKIP","floor":19},{"not_picked":["Wild Strike","Seeing Red"],"picked":"Shrug It Off+1","floor":20}],"player_experience":782547,"relics_obtained":[{"floor":4,"key":"Old Coin"},{"floor":8,"key":"Letter Opener"},{"floor":9,"key":"Dream Catcher"},{"floor":17,"key":"Tiny Chest"},{"floor":17,"key":"Darkstone Periapt"},{"floor":17,"key":"Dead Branch"}],"event_choices":[{"cards_removed":["Strike_R"],"damage_healed":0,"gold_gain":0,"player_choice":"Card Removal","damage_taken":0,"max_hp_gain":0,"max_hp_loss":0,"event_name":"The Cleric","floor":2,"gold_loss":50},{"damage_healed":0,"gold_gain":99,"player_choice":"Stole From Cult","damage_taken":0,"max_hp_gain":0,"max_hp_loss":0,"event_name":"Nest","floor":21,"gold_loss":0}],"is_beta":false,"boss_relics":[{"not_picked":["Pandora\u0027s Box","Velvet Choker"],"picked":"Calling Bell"}],"items_purged_floors":[5,22],"is_endless":false,"potions_floor_spawned":[10,12],"killed_by":"Book of Stabbing","ascension_level":12}}