{"host":"2m6tiise24ys9klz","time":1613910247,"event":{"mods":["BaseMod","Better Third Choice","Colored Map","Downfall","Highlight Path","Minty Spire (QoL Compilation)","StSLib"],"gold_per_floor":[99,99,117,117,56,381,381,401,430,430,430],"floor_reached":9,"language":"ENG","playtime":447,"items_purged":[],"score":86,"play_id":"2f603966-a5f5-4329-a7b8-d76d704e94ca","local_time":"20210221042407","is_ascension_mode":true,"campfire_choices":[{"data":"Slimebound:Split","floor":1.0,"key":"SMITH"}],"circlet_count":0,"master_deck":["Slimebound:Strike_Slimebound","Slimebound:Strike_Slimebound","Slimebound:Strike_Slimebound","Slimebound:Tackle","Slimebound:Defend_Slimebound","Slimebound:Defend_Slimebound","Slimebound:Defend_Slimebound","Slimebound:Defend_Slimebound","Slimebound:Split+1","Slimebound:CorrosiveSpit+1","Regret","Slimebound:LivingWall+1","downfall:Haunted","Slimebound:Repurpose","Slimebound:GoopSpray","Slimebound:RallyTheTroops","Slimebound:SplitMire","Slimebound:SplitMire"],"relics":["Slimebound:AbsorbEndCombat","Potion Belt","Shovel","Old Coin","Guardian:PocketSentry"],"acts_visited":["Exordium"],"potions_floor_usage":[],"damage_taken":[{"damage":3.0,"enemies":"Small Slimes","floor":3.0,"turns":4.0},{"damage":7.0,"enemies":"downfall:FleeingMerchant","floor":5.0,"turns":4.0},{"damage":27.0,"enemies":"Lagavulin","floor":6.0,"turns":8.0},{"damage":4.0,"enemies":"Cultist","floor":8.0,"turns":3.0},{"damage":38.0,"enemies":"Gremlin Nob","floor":9.0,"turns":5.0}],"seed_played":"-8556977228784586854","potions_obtained":[{"floor":8.0,"key":"Strength Potion"},{"floor":9,"key":"Slimebound:SlimyTonguePotion"}],"is_trial":false,"path_per_floor":["R","?","M","?","$","E","T","M","E"],"character_chosen":"SLIMEBOUND","items_purchased":["Slimebound:GoopSpray"],"campfire_rested":0,"item_purchase_floors":[5],"current_hp_per_floor":[65,65,64,64,64,43,43,43,11,11,11],"gold":430,"neow_bonus":"RANDOM_COMMON_RELIC","is_daily":false,"chose_seed":false,"campfire_upgraded":1,"win_rate":0.0,"timestamp":1613910247,"path_taken":["R","?","M","?","$","E","T","M","E"],"items_purchased_type":["Card"],"build_version":"2020-12-22","purchased_purges":0,"victory":false,"max_hp_per_floor":[65,65,65,65,65,65,65,65,65,65,65],"card_choices":[{"not_picked":["Slimebound:GoopTackle","Slimebound:SlimeSpikes"],"picked":"Slimebound:LivingWall","floor":3.0},{"not_picked":["Slimebound:Nibble","Slimebound:LivingWall"],"picked":"Slimebound:Repurpose","floor":5.0},{"not_picked":["Slimebound:Equalize","Slimebound:Nibble"],"picked":"Slimebound:RallyTheTroops","floor":6.0},{"not_picked":["Slimebound:GrowthPunch","Slimebound:FinishingTackle"],"picked":"Slimebound:SplitMire","floor":8.0},{"not_picked":["Slimebound:LeechEnergy","Slimebound:LivingWall"],"picked":"Slimebound:SplitMire","floor":9}],"player_experience":835296,"relics_obtained":[{"floor":6.0,"key":"Old Coin"},{"floor":9,"key":"Guardian:PocketSentry"}],"event_choices":[{"damage_healed":0.0,"max_hp_gain":0.0,"max_hp_loss":0.0,"gold_gain":0.0,"event_name":"Big Fish","player_choice":"Box","floor":2.0,"gold_loss":0.0,"damage_taken":0.0,"relics_obtained":["Shovel"],"cards_obtained":["Regret"]}],"is_beta":false,"boss_relics":[],"items_purged_floors":[],"is_endless":false,"potions_floor_spawned":[8,9],"killed_by":"Gremlin Nob","ascension_level":5}}