{"host":"c0rqchpxu0yjpthq","time":1613897329,"event":{"mods":["100% Spire Juice","ATMod(阿瑾Mod)","BaseMod","Challenge The Spire","Conspire","Downfall","HololiveMod","Minty Spire (QoL Compilation)","MostiFishMod","Prisma Mod","Reimu（博丽灵梦）","Relic Stats","Reliquary","Replay The Spire","Spicy Shops","StSLib","The Alterego","The Hierophant","WarShipGirlsR/战舰少女R mod","Wide Potions","Yakumo Yukari mod","[GremlinLeader]The Maniac","【功能Mod】聪明的最终Boss","【遗物卡牌】REMEMod"],"gold_per_floor":[111,11,11,11,30,30,73,93,119,139,155,92,115,115,115,236,236,255,255,255,180,180,212,224,244,291,322,800,800,810,823,823,926,926,940,953,953,953,953,986,986,986,1013,0,25,25,44,44,44,44,44,44,44,75,45],"floor_reached":56,"language":"ZHS","playtime":4321,"items_purged":["PrismaMod:IllyaTestament","PrismaMod:IllyaCommonDefend","Normality","PrismaMod:IllyaDualEvoke","Clumsy","Pot Of Greed","Pot Of Greed"],"score":1944,"play_id":"85f11f1e-7d81-4195-8501-e0b28c851189","local_time":"20210221164849","is_ascension_mode":true,"campfire_choices":[{"data":"PrismaMod:IllyaUncommonDefend","floor":6.0,"key":"SMITH"},{"data":"PrismaMod:IllyaRubysPotion","floor":15.0,"key":"SMITH"},{"data":"PrismaMod:IllyaCommonAttack","floor":32,"key":"PURGE"},{"floor":41,"key":"RECALL"},{"data":"PrismaMod:IllyaCommonAttack","floor":49,"key":"SMITH"},{"data":"PrismaMod:IllyaCommonAttack","floor":52,"key":"SMITH"}],"circlet_count":0,"master_deck":["PrismaMod:IllyaCommonDefend","PrismaMod:IllyaCommonAttack","PrismaMod:IllyaCommonAttack+3","PrismaMod:IllyaCommonDefend","PrismaMod:IllyaCommonAttack","PrismaMod:IllyaUncommonAttack+1","PrismaMod:IllyaUncommonDefend+1","AT_FamilyPortrait+1","Thinking Ahead+1","ReplayTheSpireMod:Private Reserves+1","AT_FamilyPortrait+1","PrismaMod:IllyaUncommonDefend+1","PrismaMod:IllyaAssassinRevenge+1","PrismaMod:IllyaRubysPotion+1","Pot Of Greed+1","PrismaMod:IllyaCarnivalDefend+1","PrismaMod:IllyaStunPoison+1","PrismaMod:IllyaBerserCAR+1","PrismaMod:IllyaUberPoisonChannel+1","Pot Of Greed+1","PrismaMod:IllyaInstallRider","PrismaMod:IllyaCheapDefend+1","PrismaMod:IllyaGrail+1","PrismaMod:IllyaCommonEvoke+1","PrismaMod:IllyaAlice+1","PrismaMod:IllyaRubysPotion+1","PrismaMod:IllyaCommandSeal+1","PrismaMod:IllyaAOECommonAttack+1","PrismaMod:IllyaBoysLove+1","PrismaMod:IllyaMinorZwei+1","PrismaMod:IllyaDetonatingBlow+1","Pot Of Greed+1","PrismaMod:IllyaInstallSaber","PrismaMod:IllyaCommandSeal+1","PrismaMod:IllyaGun+1","PrismaMod:IllyaPoisoningPhantasm+1","PrismaMod:IllyaSaphire+1","REME_FirmDetermination+1","REME_FirmDetermination+1","PrismaMod:IllyaCarnivalOrbs+1","PrismaMod:IllyaCarnivalOrbs+1","PrismaMod:IllyaFeed+1","PrismaMod:IllyaPartialInstallAssassin+1","REME_MagicPocketWatch","AT_TearsDenial","PrismaMod:IllyaMaid+1"],"relics":["AT_ATBox","DaveBox","REME_ComplimentaryCards","Honey Jar","DiscerningMonocle","SynthV:TestCard","conspire:DecoderRing","Meat on the Bone","ReplayTheSpireMod:ShopPack","Bird Faced Urn","Anchor","TentaclePot:ReiMu","Bloody Idol","Regal Pillow","Grinning Jar","DianPoetry","Mercury Hourglass","Membership Card","BirthdayGift-Tetrahedron","RuthlessExorcism:ReiMu","RhineCircuit","AT_BellDemon","AT_SunfireAegis","ClockworkSouvenir","Dodecahedron","reliquary:SharkskinSheath","BionicSphere","Nilry\u0027s Codex","ArrowTower","Letter Opener","Vajra","AT_RedTearstoneRing","OriginationStaff","Kunai","SynthV:MejaisSoulstealer","reliquary:PartyBalloon","Chameleon Ring","reliquary:Buckler","Blue Doll","Sling","conspire:Dentures","Replay:PocketPolymizer","reliquary:Firecrackers","GreenFoldingFan","Bag of Marbles","Toy Ornithopter","Quantum Egg","Guide Book","Molten Egg 2","reliquary:Boomerang","Juzu Bracelet","Garlic","Durian","ReplayTheSpireMod:Lightbulb","Simple Rune","Red Mask","Hololive_LightStick","Prayer Wheel","Calipers","PrismaMod:AliceRelic","reliquary:WeakTea","conspire:GlowingRock","BirthdayGift-Icosahedron","Toolbox","Replay:Rubber Ducky","ReplayTheSpireMod:Ninjato","CrazyTorch:ReiMu","conspire:Flyswatter"],"acts_visited":["Exordium","TheCity","TheBeyond","TheEnding"],"potions_floor_usage":[],"damage_taken":[{"damage":5.0,"enemies":"Jaw Worm","floor":1.0,"turns":5.0},{"damage":0.0,"enemies":"Cultist","floor":5.0,"turns":2.0},{"damage":2.0,"enemies":"Lagavulin","floor":7.0,"turns":5.0},{"damage":0.0,"enemies":"2 Louse","floor":8.0,"turns":2.0},{"damage":0.0,"enemies":"Large Slime","floor":10.0,"turns":9.0},{"damage":6.0,"enemies":"Looter","floor":11.0,"turns":4.0},{"damage":0.0,"enemies":"Blue Slaver","floor":13.0,"turns":2.0},{"damage":0.0,"enemies":"Slime Boss","floor":16.0,"turns":4.0},{"damage":0.0,"enemies":"Spheric Guardian","floor":18.0,"turns":3.0},{"damage":0.0,"enemies":"Book of Stabbing","floor":23.0,"turns":3.0},{"damage":0.0,"enemies":"2 Thieves","floor":24.0,"turns":2.0},{"damage":2.0,"enemies":"Snake Plant","floor":25.0,"turns":2.0},{"damage":0.0,"enemies":"Slavers","floor":27.0,"turns":2.0},{"damage":0,"enemies":"3 Cultists","floor":30,"turns":1},{"damage":0,"enemies":"Shelled Parasite and Fungi","floor":31,"turns":2},{"damage":0,"enemies":"Pondfish","floor":33,"turns":4},{"damage":0,"enemies":"3 Shapes","floor":35,"turns":1},{"damage":0,"enemies":"3 Darklings","floor":36,"turns":2},{"damage":0,"enemies":"Reptomancer","floor":40,"turns":2},{"damage":0,"enemies":"Nemesis","floor":45,"turns":3},{"damage":0,"enemies":"Transient","floor":47,"turns":5},{"damage":0,"enemies":"Transient","floor":48,"turns":5},{"damage":0,"enemies":"conspire:OrnateMirror","floor":50,"turns":3},{"damage":0,"enemies":"Shield and Spear","floor":54,"turns":2},{"damage":0,"enemies":"The Heart","floor":55,"turns":3}],"seed_played":"-1560384447028804114","potions_obtained":[{"floor":1.0,"key":"Weak Potion"},{"floor":7.0,"key":"SpeedPotion"},{"floor":8.0,"key":"Reflective Coating"},{"floor":11.0,"key":"REME_GoldPotion"},{"floor":16.0,"key":"EssenceOfSteel"},{"floor":18.0,"key":"EssenceOfSteel"},{"floor":23.0,"key":"Fruit Juice"},{"floor":27.0,"key":"AttackPotion"},{"floor":35,"key":"LiquidMemories"},{"floor":36,"key":"DuplicationPotion"}],"is_trial":false,"path_per_floor":["M","$","?","?","M","R","E","M","T","M","M","$","M","?","R","B",null,"M","$","?","?","?","E","M","M","T","E","$","?","M","M","R","B",null,"M","M","T","$","?","E","R","?","T","?","E","?","M","?","R","B",null,"R","$","E","B",null],"character_chosen":"ILLYA","items_purchased":["conspire:DecoderRing","Meat on the Bone","ReplayTheSpireMod:ShopPack","Bird Faced Urn","Anchor","TentaclePot:ReiMu","conspire:TimeTravelPotion","Reflective Coating","AttackPotion","DianPoetry","Mercury Hourglass","Membership Card","BirthdayGift-Tetrahedron","Fruit Juice","RuthlessExorcism:ReiMu","PrismaMod:IllyaBerserCAR","AT_BellDemon","AT_SunfireAegis","ClockworkSouvenir","Dodecahedron","reliquary:SharkskinSheath","BionicSphere","PrismaMod:IllyaGrail","SynthV:MejaisSoulstealer","reliquary:PartyBalloon","Chameleon Ring","reliquary:Buckler","Blue Doll","Sling","PrismaMod:IllyaAOECommonAttack+1","Guide Book","Molten Egg 2","reliquary:Boomerang","Juzu Bracelet","Garlic","PrismaMod:IllyaPoisoningPhantasm+1","PrismaMod:IllyaSaphire","REME_FirmDetermination","REME_MagicPocketWatch","AT_TearsDenial","reliquary:WeakTea","conspire:GlowingRock","BirthdayGift-Icosahedron","Toolbox","Replay:Rubber Ducky","ReplayTheSpireMod:Ninjato","SteroidPotion","Venom Potion"],"campfire_rested":0,"item_purchase_floors":[2,2,2,2,2,2,2,2,2,12,12,12,12,12,12,12,19,19,19,19,19,19,19,28,28,28,28,28,28,28,38,38,38,38,38,38,38,38,53,53,53,53,53,53,53,53,53,53],"current_hp_per_floor":[70,70,52,52,52,52,50,50,50,57,56,61,61,45,45,52,80,80,80,64,64,64,92,92,92,92,92,92,92,92,92,92,93,93,93,93,93,93,93,98,98,98,98,98,98,98,98,98,98,98,98,98,98,98,98],"gold":45,"neow_bonus":"BOSS_RELIC","is_daily":false,"chose_seed":false,"campfire_upgraded":4,"win_rate":0.0,"timestamp":1613897329,"path_taken":["M","$","?","?","M","R","E","M","T","M","M","$","?","?","R","BOSS","M","$","?","?","?","E","M","M","T","E","$","?","M","M","R","BOSS","M","M","?","$","?","E","R","?","T","?","E","?","M","?","R","BOSS","R","$","E","BOSS"],"items_purchased_type":["Relic","Relic","Relic","Relic","Relic","Relic","Potion","Potion","Potion","Relic","Relic","Relic","Relic","Potion","Relic","Card","Relic","Relic","Relic","Relic","Relic","Relic","Card","Relic","Relic","Relic","Relic","Relic","Relic","Card","Relic","Relic","Relic","Relic","Relic","Card","Card","Card","Card","Card","Relic","Relic","Relic","Relic","Relic","Relic","Potion","Potion"],"build_version":"2020-12-22","purchased_purges":7,"victory":true,"max_hp_per_floor":[75,75,75,75,75,75,75,75,75,75,75,80,80,80,80,80,80,80,80,80,80,80,92,92,92,92,92,92,92,92,92,92,93,93,93,93,93,93,93,98,98,98,98,98,98,98,98,98,98,98,98,98,98,98,98],"relic_stats":{"Regal Pillow":0,"counters":[25,76],"Bird Faced Urn":[16],"Bloody Idol":7,"Prayer Wheel":1,"Juzu Bracelet":1,"Letter Opener":[378],"Kunai":[23],"obtain_stats":[{"AT_ATBox":0,"Calipers":47,"Nilry\u0027s Codex":20,"reliquary:PartyBalloon":28,"Vajra":24,"BirthdayGift-Icosahedron":53,"Sling":28,"PrismaMod:PrismaRuby":0,"GreenFoldingFan":34,"conspire:GlowingRock":53,"conspire:DecoderRing":2,"Honey Jar":0,"Prayer Wheel":45,"Kunai":27,"reliquary:SharkskinSheath":19,"conspire:Dentures":30,"AT_RedTearstoneRing":25,"SynthV:MejaisSoulstealer":28,"Dodecahedron":19,"TentaclePot:ReiMu":2,"Letter Opener":23,"reliquary:WeakTea":53,"RhineCircuit":17,"Bird Faced Urn":2,"BionicSphere":19,"Molten Egg 2":38,"Simple Rune":43,"OriginationStaff":27,"Grinning Jar":9,"ArrowTower":23,"Meat on the Bone":2,"conspire:Flyswatter":54,"AT_BellDemon":19,"Regal Pillow":7,"Replay:PocketPolymizer":31,"reliquary:Boomerang":38,"DaveBox":0,"DiscerningMonocle":0,"DianPoetry":12,"reliquary:Firecrackers":33,"Blue Doll":28,"Juzu Bracelet":38,"ClockworkSouvenir":19,"Replay:Rubber Ducky":53,"Chameleon Ring":28,"Toolbox":53,"reliquary:Buckler":28,"Red Mask":44,"BirthdayGift-Tetrahedron":12,"ReplayTheSpireMod:Ninjato":53,"Golden Idol":3,"Quantum Egg":37,"Guide Book":38,"PrismaMod:AliceRelic":50,"Mercury Hourglass":12,"Anchor":2,"Hololive_LightStick":45,"SynthV:TestCard":1,"Bloody Idol":22,"CrazyTorch:ReiMu":54,"Bag of Marbles":35,"Garlic":38,"Durian":40,"Membership Card":12,"AT_SunfireAegis":19,"ReplayTheSpireMod:Lightbulb":40,"Toy Ornithopter":36,"REME_ComplimentaryCards":0,"ReplayTheSpireMod:ShopPack":2,"RuthlessExorcism:ReiMu":12},{"AT_ATBox":0,"Calipers":21,"Nilry\u0027s Codex":9,"reliquary:PartyBalloon":13,"Vajra":11,"BirthdayGift-Icosahedron":23,"Sling":13,"PrismaMod:PrismaRuby":0,"GreenFoldingFan":16,"conspire:GlowingRock":23,"conspire:DecoderRing":1,"Honey Jar":0,"Prayer Wheel":20,"Kunai":13,"reliquary:SharkskinSheath":9,"conspire:Dentures":14,"AT_RedTearstoneRing":12,"SynthV:MejaisSoulstealer":13,"Dodecahedron":9,"TentaclePot:ReiMu":1,"Letter Opener":10,"reliquary:WeakTea":23,"RhineCircuit":8,"Bird Faced Urn":1,"BionicSphere":9,"Molten Egg 2":18,"Simple Rune":19,"OriginationStaff":13,"Grinning Jar":4,"ArrowTower":10,"Meat on the Bone":1,"conspire:Flyswatter":24,"AT_BellDemon":9,"Regal Pillow":3,"Replay:PocketPolymizer":15,"reliquary:Boomerang":18,"DaveBox":0,"DiscerningMonocle":0,"DianPoetry":6,"reliquary:Firecrackers":16,"Blue Doll":13,"Juzu Bracelet":18,"ClockworkSouvenir":9,"Replay:Rubber Ducky":23,"Chameleon Ring":13,"Toolbox":23,"reliquary:Buckler":13,"Red Mask":19,"BirthdayGift-Tetrahedron":6,"ReplayTheSpireMod:Ninjato":23,"Golden Idol":1,"Quantum Egg":18,"Guide Book":18,"PrismaMod:AliceRelic":23,"Mercury Hourglass":6,"Anchor":1,"Hololive_LightStick":20,"SynthV:TestCard":1,"Bloody Idol":9,"CrazyTorch:ReiMu":24,"Bag of Marbles":17,"Garlic":18,"Durian":19,"Membership Card":6,"AT_SunfireAegis":9,"ReplayTheSpireMod:Lightbulb":19,"Toy Ornithopter":18,"REME_ComplimentaryCards":0,"ReplayTheSpireMod:ShopPack":1,"RuthlessExorcism:ReiMu":6},{"AT_ATBox":0,"Calipers":63,"Nilry\u0027s Codex":36,"reliquary:PartyBalloon":43,"Vajra":40,"BirthdayGift-Icosahedron":71,"Sling":43,"PrismaMod:PrismaRuby":0,"GreenFoldingFan":50,"conspire:GlowingRock":71,"conspire:DecoderRing":5,"Honey Jar":0,"Prayer Wheel":58,"Kunai":43,"reliquary:SharkskinSheath":36,"conspire:Dentures":44,"AT_RedTearstoneRing":42,"SynthV:MejaisSoulstealer":43,"Dodecahedron":36,"TentaclePot:ReiMu":5,"Letter Opener":39,"reliquary:WeakTea":71,"RhineCircuit":33,"Bird Faced Urn":5,"BionicSphere":36,"Molten Egg 2":53,"Simple Rune":55,"OriginationStaff":43,"Grinning Jar":14,"ArrowTower":39,"Meat on the Bone":5,"conspire:Flyswatter":73,"AT_BellDemon":36,"Regal Pillow":12,"Replay:PocketPolymizer":46,"reliquary:Boomerang":53,"DaveBox":0,"DiscerningMonocle":0,"DianPoetry":27,"reliquary:Firecrackers":50,"Blue Doll":43,"Juzu Bracelet":53,"ClockworkSouvenir":36,"Replay:Rubber Ducky":71,"Chameleon Ring":43,"Toolbox":71,"reliquary:Buckler":43,"Red Mask":55,"BirthdayGift-Tetrahedron":27,"ReplayTheSpireMod:Ninjato":71,"Golden Idol":5,"Quantum Egg":53,"Guide Book":53,"PrismaMod:AliceRelic":70,"Mercury Hourglass":27,"Anchor":5,"Hololive_LightStick":58,"SynthV:TestCard":5,"Bloody Idol":36,"CrazyTorch:ReiMu":73,"Bag of Marbles":51,"Garlic":53,"Durian":55,"Membership Card":27,"AT_SunfireAegis":36,"ReplayTheSpireMod:Lightbulb":55,"Toy Ornithopter":53,"REME_ComplimentaryCards":0,"ReplayTheSpireMod:ShopPack":5,"RuthlessExorcism:ReiMu":27}],"Toy Ornithopter":0,"Meat on the Bone":0,"Mercury Hourglass":[192]},"card_choices":[{"not_picked":["PrismaMod:IllyaHassanGift","PrismaMod:IllyaFriendMaker","PrismaMod:IllyaPoisonTippedWeapons"],"picked":"PrismaMod:IllyaTestament","floor":1.0},{"not_picked":["MostiFishMod:ForestofLight","MostiFishMod:BrokenBlackCloak","REME_BodyOfCthun","REME_BattleFury","REME_HeartOfCthun"],"picked":"Thinking Ahead","floor":2.0},{"not_picked":["Finesse","AT_BreakingExtremeWeapon","The Bomb","AT_PowerWithin","Specialist"],"picked":"ReplayTheSpireMod:Private Reserves","floor":2.0},{"not_picked":["AT_BreakingExtremeWeapon","Finesse","ReplayTheSpireMod:Trickstab","PanicButton","Panache"],"picked":"AT_FamilyPortrait","floor":2.0},{"not_picked":["PrismaMod:IllyaMaid","PrismaMod:IllyaInstallRuler","PrismaMod:IllyaRussianRoulette","PrismaMod:IllyaGrailKun","PrismaMod:IllyaPoisonBlock"],"picked":"PrismaMod:IllyaDualEvoke","floor":5.0},{"not_picked":["PrismaMod:IllyaBoysLove","PrismaMod:IllyaUncommonDefend","PrismaMod:IllyaPartialInstallAssassin","PrismaMod:IllyaUncommonAttack","PrismaMod:IllyaCheapChannelDefend"],"picked":"PrismaMod:IllyaAssassinRevenge","floor":7.0},{"not_picked":["PrismaMod:IllyaMinorRapidFire","PrismaMod:IllyaCheapChannelPoison","PrismaMod:IllyaBoysLove","PrismaMod:IllyaMaid","PrismaMod:IllyaCommonEvoke"],"picked":"PrismaMod:IllyaRubysPotion","floor":8.0},{"not_picked":["PrismaMod:IllyaRussianRoulette","PrismaMod:IllyaUpgradeOrbs","PrismaMod:IllyaTestament","PrismaMod:IllyaBoysLove","PrismaMod:IllyaCheapChannelAttack"],"picked":"PrismaMod:IllyaCarnivalDefend","floor":10.0},{"not_picked":["PrismaMod:IllyaBride","PrismaMod:IllyaSaphire","PrismaMod:IllyaGrailKun","PrismaMod:IllyaHassanGift","PrismaMod:IllyaUberChannel"],"picked":"PrismaMod:IllyaStunPoison","floor":11.0},{"not_picked":["PrismaMod:IllyaFriendMaker","PrismaMod:IllyaUncommonDefend","PrismaMod:IllyaCheapChannelAttack","PrismaMod:IllyaDualEvoke","PrismaMod:IllyaStunPoison"],"picked":"PrismaMod:IllyaUberPoisonChannel","floor":13.0},{"not_picked":["PrismaMod:IllyaInstallForeigner","PrismaMod:IllyaUberAttackChannel","PrismaMod:IllyaInstallLancer","PrismaMod:IllyaUberPoisonChannel","PrismaMod:IllyaCarnivalDefend"],"picked":"PrismaMod:IllyaInstallRider","floor":16.0},{"not_picked":["PrismaMod:IllyaBride","PrismaMod:IllyaAOECommonAttack+1","PrismaMod:IllyaUpgradeOrbs","PrismaMod:IllyaGun","PrismaMod:IllyaRubysPotion"],"picked":"PrismaMod:IllyaCheapDefend","floor":18.0},{"not_picked":["PrismaMod:IllyaUberChannel+1","PrismaMod:IllyaBlindPoisonToss","PrismaMod:IllyaReinForce+1","PrismaMod:IllyaCheapChannelPoison","PrismaMod:IllyaBride"],"picked":"PrismaMod:IllyaCommonEvoke","floor":23.0},{"not_picked":["PrismaMod:IllyaDetonatingBlow","PrismaMod:IllyaPoisonBlock","PrismaMod:IllyaStunPoison","PrismaMod:IllyaReinForce","PrismaMod:IllyaBoysLove"],"picked":"PrismaMod:IllyaAlice","floor":24.0},{"not_picked":["PrismaMod:IllyaUberDefendChannel","PrismaMod:IllyaMaid","PrismaMod:IllyaDualEvoke","PrismaMod:IllyaRapidFire","PrismaMod:IllyaRussianRoulette"],"picked":"PrismaMod:IllyaRubysPotion","floor":25.0},{"not_picked":["PrismaMod:IllyaCommonEvoke","PrismaMod:IllyaMinorReinForce","PrismaMod:IllyaBlindPoisonToss+1","PrismaMod:IllyaUpgradeOrbs","PrismaMod:IllyaPoisoningPhantasm"],"picked":"PrismaMod:IllyaCommandSeal","floor":27.0},{"not_picked":["PrismaMod:IllyaStunPoison","PrismaMod:IllyaGun","PrismaMod:IllyaHassanGift","PrismaMod:IllyaBride+1","PrismaMod:IllyaInstallAvenger"],"picked":"PrismaMod:IllyaBoysLove+1","floor":30},{"not_picked":["PrismaMod:IllyaCheapChannelAttack","PrismaMod:IllyaMinorRapidFire","PrismaMod:IllyaRubysPotion","PrismaMod:IllyaSaphire","PrismaMod:IllyaCheapChannelDefend"],"picked":"PrismaMod:IllyaMinorZwei","floor":31},{"not_picked":["PrismaMod:IllyaCarnivalAttack","PrismaMod:IllyaUberAttackChannel","PrismaMod:IllyaInstallRider","PrismaMod:IllyaUberDefendChannel","PrismaMod:IllyaZwei"],"picked":"PrismaMod:IllyaInstallSaber","floor":33},{"not_picked":["PrismaMod:IllyaBoysLove","PrismaMod:IllyaUpgradeOrbs","PrismaMod:IllyaMinorZwei+1","PrismaMod:IllyaBride","PrismaMod:IllyaPoisoningPhantasm"],"picked":"PrismaMod:IllyaCommandSeal","floor":35},{"not_picked":["PrismaMod:IllyaBoysLove+1","PrismaMod:IllyaFriendMaker+1","PrismaMod:IllyaAOECommonAttack","PrismaMod:IllyaHassanGift","PrismaMod:IllyaSaphire"],"picked":"PrismaMod:IllyaGun+1","floor":36},{"not_picked":["PrismaMod:IllyaBoysLove+1","PrismaMod:IllyaCheapChannelDefend","PrismaMod:IllyaFeed+1","PrismaMod:IllyaUberChannel","PrismaMod:IllyaCarnivalPrismaAstolfo"],"picked":"PrismaMod:IllyaCarnivalOrbs","floor":40},{"not_picked":["PrismaMod:IllyaBoysLove","PrismaMod:IllyaUncommonAttack+1","PrismaMod:IllyaBerserCAR+1","PrismaMod:IllyaUncommonAOEAttack+1","PrismaMod:IllyaPoisoningPhantasm+1"],"picked":"PrismaMod:IllyaCarnivalOrbs","floor":45},{"not_picked":["PrismaMod:IllyaHassanGift","PrismaMod:IllyaUncommonAOEAttack+1","PrismaMod:IllyaAOECommonAttack+1","PrismaMod:IllyaGun+1","PrismaMod:IllyaStunPoison+1"],"picked":"PrismaMod:IllyaFeed+1","floor":47},{"not_picked":["PrismaMod:IllyaCommonEvoke+1","PrismaMod:IllyaCheapChannelAttack","PrismaMod:IllyaPoisonTippedWeapons+1","PrismaMod:IllyaBerserCAR+1","PrismaMod:IllyaUberPoisonBlock+1"],"picked":"PrismaMod:IllyaPartialInstallAssassin+1","floor":47},{"not_picked":["PrismaMod:IllyaBoysLove","PrismaMod:IllyaCheapAttack+1","PrismaMod:IllyaPoisonBlock","PrismaMod:IllyaAOECommonAttack+1","PrismaMod:IllyaTestament+1"],"picked":"PrismaMod:IllyaMaid+1","floor":54}],"player_experience":93242,"relics_obtained":[{"floor":1.0,"key":"SynthV:TestCard"},{"floor":7.0,"key":"Regal Pillow"},{"floor":9.0,"key":"Grinning Jar"},{"floor":20.0,"key":"Nilry\u0027s Codex"},{"floor":23.0,"key":"ArrowTower"},{"floor":23.0,"key":"Letter Opener"},{"floor":24.0,"key":"Vajra"},{"floor":25.0,"key":"AT_RedTearstoneRing"},{"floor":27.0,"key":"OriginationStaff"},{"floor":27.0,"key":"Kunai"},{"floor":30,"key":"conspire:Dentures"},{"floor":31,"key":"Replay:PocketPolymizer"},{"floor":33,"key":"reliquary:Firecrackers"},{"floor":35,"key":"Bag of Marbles"},{"floor":36,"key":"Toy Ornithopter"},{"floor":37,"key":"Quantum Egg"},{"floor":40,"key":"Durian"},{"floor":40,"key":"ReplayTheSpireMod:Lightbulb"},{"floor":43,"key":"Simple Rune"},{"floor":45,"key":"Hololive_LightStick"},{"floor":45,"key":"Prayer Wheel"},{"floor":47,"key":"Calipers"},{"floor":54,"key":"CrazyTorch:ReiMu"},{"floor":54,"key":"conspire:Flyswatter"}],"event_choices":[{"damage_healed":0.0,"max_hp_gain":0.0,"max_hp_loss":0.0,"gold_gain":0.0,"event_name":"Golden Idol","player_choice":"Take Damage","floor":3.0,"gold_loss":0.0,"damage_taken":18.0,"relics_obtained":["Golden Idol"]},{"damage_healed":0.0,"max_hp_gain":0.0,"max_hp_loss":0.0,"gold_gain":0.0,"event_name":"Shining Light","player_choice":"Entered Light","floor":14.0,"gold_loss":0.0,"damage_taken":16.0,"cards_upgraded":["PrismaMod:IllyaCommonDefend","PrismaMod:IllyaCarnivalDefend"]},{"damage_healed":0.0,"max_hp_gain":0.0,"max_hp_loss":0.0,"gold_gain":0.0,"event_name":"Cursed Tome","player_choice":"Obtained Book","floor":20.0,"gold_loss":0.0,"damage_taken":16.0},{"cards_removed":["PrismaMod:IllyaCommonDefend"],"damage_healed":0.0,"max_hp_gain":0.0,"max_hp_loss":0.0,"gold_gain":0.0,"event_name":"Beggar","player_choice":"Gave Gold","floor":21.0,"gold_loss":75.0,"damage_taken":0.0},{"damage_healed":0.0,"max_hp_gain":0.0,"max_hp_loss":0.0,"gold_gain":0.0,"event_name":"Forgotten Altar","player_choice":"Gave Idol","floor":22.0,"relics_lost":["Golden Idol"],"gold_loss":0.0,"damage_taken":0.0,"relics_obtained":["Bloody Idol"]},{"cards_removed":["PrismaMod:IllyaCommonDefend"],"damage_healed":0,"gold_gain":0,"player_choice":"Purged","damage_taken":0,"max_hp_gain":0,"max_hp_loss":0,"event_name":"Purifier","floor":29,"gold_loss":0},{"damage_healed":0,"gold_gain":0,"player_choice":"Leave","damage_taken":0,"max_hp_gain":0,"max_hp_loss":0,"event_name":"conspire:Investor","floor":39,"gold_loss":0},{"damage_healed":0,"gold_gain":0,"player_choice":"Memory 1","damage_taken":0,"max_hp_gain":0,"max_hp_loss":0,"event_name":"SensoryStone","floor":42,"gold_loss":0},{"damage_healed":0,"gold_gain":0,"player_choice":"Paid","damage_taken":0,"relics_obtained":["Red Mask"],"max_hp_gain":0,"max_hp_loss":0,"event_name":"Tomb of Lord Red Mask","floor":44,"gold_loss":1013}],"is_beta":false,"boss_relics":[{"not_picked":["REME_DemonsWealth","Transparent"],"picked":"RhineCircuit"},{"not_picked":["Hololive_ChaosS","Hololive_TopUpMoneyS"],"picked":"GreenFoldingFan"}],"items_purged_floors":[2,2,12,19,28,38,53],"is_endless":false,"potions_floor_spawned":[1,7,8,11,16,18,23,27,35,36],"ascension_level":1}}