{"host":"buycw3k5d5tgqflx","time":1613873426,"event":{"mods":["AchievementEnabler","Act Like it!","Aspiration","BaseMod","Better Altar","Better Match","Better Note","Better Sensory Stone","Better Skull","Better Third Choice","BetterRewards","GifTheSpireLib","Halation","HexUI Lib","Hubris","Infinite Spire","Koishi","Lobotomy","LobotomyExtend","Minty Spire (QoL Compilation)","Permanent Neow","Quick Restart","Reimu??????","Relic Sorter","Relic Stats","Replay The Spire","Ruina","SacredBarkPlus","StSLib","The Administrix","The Wild Card","Yuri Mod","Yuyuko"],"gold_per_floor":[118,0,0,13,13,13,26,59,59,59,59,71,44,57,57,57,57,74,90,90,90,115,128,47,61,61,89,89,89,89],"floor_reached":16,"language":"ENG","playtime":2276,"items_purged":[],"score":143,"play_id":"540d241a-3f06-487d-9a5b-a7e7b8e410e0","local_time":"20210220211026","is_ascension_mode":false,"campfire_choices":[],"circlet_count":0,"master_deck":["SpecialBullet","SpecialBullet","SpecialBullet","SpecialBullet","SpecialBullet","SpecialBullet","ControlCode","TrainingCode","InformationCode","Ecstasy","UniverseFragment","Enlightenment","OldLady","BearPaw","LongBird","CENSORED_ego","Wellcheers","RapturousDream","SomewhereSpear","Harmony","Noise","GrinderMk4","CentralCode","Rudolta","WristCuter","RedShoes","GalaxyChild"],"relics":["CogitoBucket","Anchor","FossilizedHelix","AspirationHeart","LetterFromLob","aspiration:BabyByrd","hubris:SlimyHat","halation:LostSnail","Replay:Mystery Machine"],"acts_visited":["Exordium"],"potions_floor_usage":[8,16],"damage_taken":[{"damage":10,"enemies":"Small Slimes","floor":1,"turns":3},{"damage":16,"enemies":"infinitespire:Voidling","floor":4,"turns":4},{"damage":6,"enemies":"2 Louse","floor":7,"turns":2},{"damage":20,"enemies":"Lagavulin","floor":8,"turns":5},{"damage":0,"enemies":"Large Slime","floor":12,"turns":4},{"damage":50,"enemies":"2 Louse","floor":1,"turns":4},{"damage":0,"enemies":"Small Slimes","floor":5,"turns":3},{"damage":0,"enemies":"Cultist","floor":6,"turns":5},{"damage":23,"enemies":"3 Louse","floor":10,"turns":7},{"damage":0,"enemies":"Large Slime","floor":12,"turns":4},{"damage":20,"enemies":"Lagavulin","floor":14,"turns":8},{"damage":17,"enemies":"The Guardian","floor":16,"turns":8}],"seed_played":"-8153487717610145381","potions_obtained":[{"floor":1,"key":"Ancient Potion"},{"floor":4,"key":"LiquidMemories"},{"floor":12,"key":"Energy Potion"},{"floor":12,"key":"Cursed Concoction"},{"floor":14,"key":"LiquidMemories"}],"is_trial":false,"path_per_floor":["M","?","?","M","$","R","M","E","T","R","?","M","$","M","M","?","?","?","M","M","?","R","T","M","$","M","R","E","R","B"],"character_chosen":"Angela","items_purchased":["RapturousDream","halation:LostSnail"],"campfire_rested":0,"item_purchase_floors":[13,11],"current_hp_per_floor":[60,66,71,55,55,55,49,29,29,29,29,30,30,37,37,37,46,50,57,57,57,57,34,34,34,34,14,14,0,0],"gold":89,"neow_bonus":"THREE_CARDS","is_daily":false,"chose_seed":false,"campfire_upgraded":0,"win_rate":0.0,"timestamp":1613873426,"path_taken":["M","?","?","?","$","R","M","E","T","R","?","?","?","M","M","?","?","?","?","M","?","R","T","?","$","M","R","E","R","BOSS"],"items_purchased_type":["Card","Relic"],"build_version":"2020-12-22","purchased_purges":0,"victory":false,"max_hp_per_floor":[70,76,76,76,76,76,76,76,76,76,76,76,76,86,86,86,86,86,86,86,86,86,86,86,86,86,86,86,86,86],"relic_stats":{"counters":[13,58],"obtain_stats":[{"Yang_Lob":6,"CogitoBucket":0,"Anchor":8,"aspiration:BabyByrd":3,"AspirationHeart":1,"LetterFromLob":1,"hubris:SlimyHat":9,"halation:LostSnail":11,"Replay:Mystery Machine":14,"FossilizedHelix":9},{"Yang_Lob":9,"CogitoBucket":0,"Anchor":4,"aspiration:BabyByrd":7,"AspirationHeart":7,"LetterFromLob":1,"hubris:SlimyHat":9,"halation:LostSnail":10,"Replay:Mystery Machine":12,"FossilizedHelix":4},{"Yang_Lob":31,"CogitoBucket":0,"Anchor":14,"aspiration:BabyByrd":23,"AspirationHeart":23,"LetterFromLob":3,"hubris:SlimyHat":31,"halation:LostSnail":38,"Replay:Mystery Machine":50,"FossilizedHelix":14}]},"card_choices":[{"not_picked":["RapturousDream","Hornet"],"picked":"Ecstasy","floor":0},{"not_picked":["Scorched","CrumblingArmor"],"picked":"UniverseFragment","floor":1},{"not_picked":["Gaze"],"picked":"Lantern","floor":1},{"not_picked":["WhitesApple","HappyTeddy"],"picked":"OldLady","floor":4},{"not_picked":["ScreamingWedge"],"picked":"BearPaw","floor":4},{"not_picked":["DespairKnight","PunishingBird"],"picked":"LongBird","floor":7},{"not_picked":["InTheNameOfLoveAndHate"],"picked":"CUTE","floor":7},{"not_picked":["Scorched","MHz"],"picked":"Funeral","floor":8},{"not_picked":["Hornet"],"picked":"CENSORED_ego","floor":8},{"not_picked":["DespairKnight","Bloodbath"],"picked":"Wellcheers","floor":12},{"not_picked":["FourthMatchFlame","Ecstasy"],"picked":"SKIP","floor":12},{"not_picked":["Hypocrisy"],"picked":"SomewhereSpear","floor":1},{"not_picked":["BigBird","RedShoes"],"picked":"Yin","floor":5},{"not_picked":["ScreamingWedge"],"picked":"Harmony","floor":5},{"not_picked":["GreenStem"],"picked":"Noise","floor":6},{"not_picked":["MeatLantern","MHz"],"picked":"Rudolta","floor":10},{"not_picked":["SomewhereSpear"],"picked":"WristCuter","floor":10},{"not_picked":["Variant","Woodsman"],"picked":"RedShoes","floor":12},{"not_picked":["RapturousDream","CherryBlossom"],"picked":"SKIP","floor":12},{"not_picked":["SpiderBud","Bloodbath"],"picked":"GalaxyChild","floor":14},{"not_picked":["FourthMatchFlame","SolemnVow"],"picked":"SKIP","floor":14}],"player_experience":154383,"relics_obtained":[{"floor":1,"key":"LetterFromLob"},{"floor":8,"key":"Anchor"},{"floor":9,"key":"FossilizedHelix"},{"floor":1,"key":"LetterFromLob"},{"floor":9,"key":"hubris:SlimyHat"},{"floor":14,"key":"Replay:Mystery Machine"}],"event_choices":[{"damage_healed":0,"gold_gain":0,"player_choice":"RENOUNCE","damage_taken":118,"max_hp_gain":0,"max_hp_loss":0,"event_name":"betterThird:BetterSerpent","floor":2,"gold_loss":118,"cards_obtained":["Enlightenment"]},{"cards_removed":["Lantern"],"damage_healed":5,"gold_gain":0,"player_choice":"Offered Common","damage_taken":0,"max_hp_gain":0,"max_hp_loss":0,"event_name":"Bonfire Elementals","floor":3,"gold_loss":0},{"cards_removed":["Lantern"],"damage_healed":5,"gold_gain":0,"player_choice":"Offered Special","damage_taken":0,"max_hp_gain":0,"max_hp_loss":0,"event_name":"Bonfire Elementals","floor":3,"gold_loss":0},{"damage_healed":0,"gold_gain":1,"player_choice":"1","damage_taken":0,"max_hp_gain":0,"max_hp_loss":0,"event_name":"betterStone:BetterStone","floor":11,"gold_loss":0},{"damage_healed":0,"gold_gain":0,"player_choice":"Ignored","damage_taken":0,"max_hp_gain":0,"max_hp_loss":0,"event_name":"betterNote:BetterNote","floor":2,"gold_loss":0,"cards_obtained":["Koishi:BasicDefend"]},{"damage_healed":0,"gold_gain":0,"cards_transformed":["Funeral"],"player_choice":"Transformed","damage_taken":0,"max_hp_gain":0,"max_hp_loss":0,"event_name":"Transmorgrifier","floor":7,"gold_loss":0,"cards_obtained":["GrinderMk4"]}],"is_beta":false,"boss_relics":[],"items_purged_floors":[],"is_endless":false,"potions_floor_spawned":[1,4,12,12,14],"killed_by":"The Guardian","ascension_level":0}}