{"host":"v0n6ky7dmveherv3","time":1613878611,"event":{"mods":["BaseMod","Better Third Choice","Downfall","Minty Spire (QoL Compilation)","StSLib"],"gold_per_floor":[0,13,25,36,50,63,63,63,76,76,88,88,116,132,152,257,257,257,267,284,384,384,410,460,173,192,192,192,192,192,517,530,634,634,634,652,670,689,739,241,241,41,41,73,85,97,135,165,187,199],"floor_reached":51,"language":"ENG","playtime":2474,"items_purged":["downfall:Bewildered","Pride"],"score":1020,"play_id":"e96df5d3-7c39-463f-84c5-d0ba4bda9a04","local_time":"20210220203651","is_ascension_mode":true,"campfire_choices":[{"data":"hexamod:ForkedFlame","floor":1.0,"key":"SMITH"},{"data":"hexamod:GhostOfSpirePast","floor":8.0,"key":"SMITH"},{"data":"hexamod:ForkedFlame","floor":10.0,"key":"SMITH"},{"data":"hexamod:UnlimitedPower","floor":18.0,"key":"SMITH"},{"data":"1","floor":27.0,"key":"LIFT"},{"data":"hexamod:GhostOfSpirePast","floor":30.0,"key":"SMITH"},{"floor":35.0,"key":"RECALL"},{"data":"hexamod:ForkedFlame","floor":42.0,"key":"SMITH"},{"data":"hexamod:TurnItUp","floor":43.0,"key":"SMITH"},{"data":"hexamod:RainOfEmbers","floor":45.0,"key":"SMITH"}],"circlet_count":0,"master_deck":["hexamod:Strike","hexamod:Strike","hexamod:Strike","hexamod:Strike","hexamod:Defend","hexamod:Defend","hexamod:Defend","hexamod:Defend","hexamod:Sear","hexamod:Float","hexamod:ForkedFlame+1","hexamod:GhostOfSpirePast+1","hexamod:GhostflameBarrier","hexamod:SpectersWail","hexamod:FastForward","hexamod:Rewind","hexamod:ForkedFlame+1","hexamod:GhostOfSpirePast+1","hexamod:RadiantFlame","hexamod:UnlimitedPower+1","hexamod:FastForward","hexamod:NightmareGuise+1","hexamod:BacktrackSmack","hexamod:BacktrackSmack","hexamod:WildfireWeapon","hexamod:TurnItUp+1","hexamod:PhantomCloak","hexamod:HexaLevel","hexamod:Hexaguard+1","hexamod:VolcanoVisage","hexamod:BacktrackSmack+1","hexamod:GhostOfSpirePast","hexamod:ForkedFlame+1","hexamod:RainOfEmbers+1","Shame","hexamod:FastForward+1","hexamod:TimeOfNeed","hexamod:GhostOfSpireFuture+1","hexamod:EmpoweredFlame+1"],"relics":["hexamod:SpiritBrand","hexamod:InflammatoryLetter","sneckomod:BlankCard","WingedGreaves","Girya","Cursed Key","Du-Vu Doll","Pear","TungstenRod","MealTicket","Art of War","hexamod:RecyclingMachine","Old Coin","Runic Pyramid","FossilizedHelix","Chemical X","Frozen Egg 2","downfall:HeartBlessingGreen","downfall:HeartBlessingRed","MawBank","Centennial Puzzle"],"acts_visited":["Exordium","TheCity","TheBeyond"],"potions_floor_usage":[50,50,50,50,50],"damage_taken":[{"damage":0.0,"enemies":"Cultist","floor":2.0,"turns":2.0},{"damage":4.0,"enemies":"2 Louse","floor":3.0,"turns":2.0},{"damage":0.0,"enemies":"Jaw Worm","floor":4.0,"turns":4.0},{"damage":0.0,"enemies":"Exordium Wildlife","floor":5.0,"turns":1.0},{"damage":0.0,"enemies":"2 Fungi Beasts","floor":6.0,"turns":3.0},{"damage":0.0,"enemies":"3 Louse","floor":9.0,"turns":2.0},{"damage":0.0,"enemies":"downfall:LooterAlt","floor":11.0,"turns":4.0},{"damage":13.0,"enemies":"Lagavulin","floor":13.0,"turns":6.0},{"damage":0.0,"enemies":"Exordium Wildlife","floor":14.0,"turns":2.0},{"damage":0.0,"enemies":"3 Louse","floor":15.0,"turns":2.0},{"damage":26.0,"enemies":"DF_ARCHETYPE_STREAMLINE","floor":16.0,"turns":6.0},{"damage":0.0,"enemies":"Spheric Guardian","floor":19.0,"turns":3.0},{"damage":0.0,"enemies":"Shell Parasite","floor":20.0,"turns":2.0},{"damage":18.0,"enemies":"Colosseum Nobs","floor":21.0,"turns":3.0},{"damage":15.0,"enemies":"Book of Stabbing","floor":23.0,"turns":4.0},{"damage":0.0,"enemies":"downfall:FleeingMerchant","floor":25.0,"turns":4.0},{"damage":0.0,"enemies":"Cultist and Chosen","floor":26.0,"turns":3.0},{"damage":22.0,"enemies":"Slavers","floor":31.0,"turns":4.0},{"damage":0.0,"enemies":"Snecko","floor":32.0,"turns":3.0},{"damage":0.0,"enemies":"WA_ARCHETYPE_CALM","floor":33.0,"turns":5.0},{"damage":0.0,"enemies":"Orb Walker","floor":36.0,"turns":2.0},{"damage":21.0,"enemies":"3 Darklings","floor":37.0,"turns":5.0},{"damage":16.0,"enemies":"Jaw Worm Horde","floor":38.0,"turns":4.0},{"damage":0.0,"enemies":"Jaw Worm Horde","floor":39.0,"turns":4.0},{"damage":0.0,"enemies":"downfall:FleeingMerchant","floor":40.0,"turns":4.0},{"damage":0.0,"enemies":"Nemesis","floor":44.0,"turns":5.0},{"damage":0.0,"enemies":"Giant Head","floor":47.0,"turns":6.0},{"damage":0.0,"enemies":"Maw","floor":48.0,"turns":5.0},{"damage":8.0,"enemies":"4 Shapes","floor":49.0,"turns":4.0},{"damage":0,"enemies":"IC_BLOCK_ARCHETYPE","floor":50,"turns":6}],"seed_played":"-500141215436464464","potions_obtained":[{"floor":3.0,"key":"ColorlessPotion"},{"floor":11.0,"key":"hexamod:InfernoChargePotion"},{"floor":13.0,"key":"FearPotion"},{"floor":14.0,"key":"LiquidMemories"},{"floor":16.0,"key":"DistilledChaos"},{"floor":23.0,"key":"Swift Potion"},{"floor":26.0,"key":"BlessingOfTheForge"},{"floor":39.0,"key":"champ:CounterPotion"},{"floor":44.0,"key":"FearPotion"},{"floor":47.0,"key":"EntropicBrew"}],"is_trial":false,"path_per_floor":["R","M","M","M","M","M","T","R","M","R","M","?","E","M","M","B",null,"R","M","M","?","?","E","T","$","M","R","?","?","R","E","M","B",null,"R","M","M","M","?","$","T","R","R","E","R","?","E","M","M","B",null],"character_chosen":"THE_SPIRIT","items_purchased":["hexamod:RecyclingMachine","hexamod:BacktrackSmack","hexamod:ForkedFlame","Chemical X","hexamod:RainOfEmbers"],"campfire_rested":0,"item_purchase_floors":[25,25,40,40,40],"current_hp_per_floor":[70,70,66,66,66,66,66,66,66,66,66,55,42,42,42,16,70,70,70,70,62,62,47,47,62,62,62,62,62,62,40,40,40,80,80,80,59,43,43,58,58,58,58,58,58,58,58,58,50,50],"gold":211,"neow_bonus":"THREE_RARE_CARDS","is_daily":false,"chose_seed":false,"campfire_upgraded":8,"win_rate":0.0,"timestamp":1613878611,"path_taken":["R","M","M","?","M","M","T","R","M","R","M","?","E","M","M","BOSS","R","M","M","?","?","E","T","$","M","R","?","?","R","E","M","BOSS","R","M","M","M","?","$","T","R","R","E","R","?","E","M","M","BOSS"],"items_purchased_type":["Relic","Card","Card","Relic","Card"],"build_version":"2020-12-22","purchased_purges":2,"victory":true,"max_hp_per_floor":[70,70,70,70,70,70,70,70,70,70,70,70,70,70,70,70,70,70,70,70,80,80,80,80,80,80,80,80,80,80,80,80,80,80,80,80,80,80,80,80,80,80,80,80,80,80,80,80,80,80],"card_choices":[{"not_picked":["hexamod:FifthSeal","hexamod:Toasty"],"picked":"hexamod:ForkedFlame","floor":0.0},{"not_picked":["hexamod:NightmareGuise","hexamod:Hexaguard"],"picked":"hexamod:GhostOfSpirePast","floor":2.0},{"not_picked":["hexamod:SkipABeat","hexamod:HeatCrush"],"picked":"hexamod:GhostflameBarrier","floor":3.0},{"not_picked":["hexamod:SwordOfDarkness","hexamod:HauntingEcho"],"picked":"hexamod:SpectersWail","floor":4.0},{"not_picked":["hexamod:GhostLash","hexamod:SkipABeat"],"picked":"hexamod:FastForward","floor":5.0},{"not_picked":["hexamod:GhostLash","hexamod:NightmareGuise"],"picked":"hexamod:Rewind","floor":6.0},{"not_picked":["hexamod:ShieldOfDarkness","hexamod:BacktrackSmack"],"picked":"hexamod:ForkedFlame","floor":9.0},{"not_picked":["hexamod:GhostLash","hexamod:NightmareStrike","hexamod:ShieldOfDarkness"],"picked":"SKIP","floor":11.0},{"not_picked":["hexamod:ChargedBarrage","hexamod:InspiringFlames"],"picked":"hexamod:GhostOfSpirePast","floor":13.0},{"not_picked":["hexamod:InspiringFlames","hexamod:RecurringNightmare"],"picked":"hexamod:RadiantFlame","floor":14.0},{"not_picked":["hexamod:DynamicBlow","hexamod:SecondSeal","hexamod:BurningTouch"],"picked":"SKIP","floor":15.0},{"not_picked":["hexamod:VolcanoVisage","hexamod:ApocalypticArmor"],"picked":"hexamod:UnlimitedPower","floor":16.0},{"not_picked":["hexamod:NightmareStrike","hexamod:HauntingEcho","hexamod:ShieldOfDarkness"],"picked":"SKIP","floor":19.0},{"not_picked":["hexamod:ShieldOfDarkness","hexamod:ThermalTransfer","hexamod:HeatCrush"],"picked":"SKIP","floor":20.0},{"not_picked":["hexamod:Incineration","hexamod:Hexaguard"],"picked":"hexamod:FastForward","floor":21.0},{"not_picked":["hexamod:FlamesFromBeyond","hexamod:Firestarter"],"picked":"hexamod:NightmareGuise+1","floor":23.0},{"not_picked":["hexamod:SpectralAdrenaline","hexamod:SecondSeal"],"picked":"hexamod:BacktrackSmack","floor":25.0},{"not_picked":["hexamod:ThermalTransfer","hexamod:Firestarter+1"],"picked":"hexamod:WildfireWeapon","floor":26.0},{"not_picked":["hexamod:NightmareGuise","hexamod:EtherealExpedition"],"picked":"hexamod:TurnItUp","floor":31.0},{"not_picked":["hexamod:FastForward","hexamod:Firestarter"],"picked":"hexamod:PhantomCloak","floor":32.0},{"not_picked":["hexamod:ApocalypseNow","hexamod:GhostOfSpirePresent"],"picked":"hexamod:HexaLevel","floor":33.0},{"not_picked":["hexamod:EtherealExpedition","hexamod:ShieldOfDarkness"],"picked":"hexamod:Hexaguard+1","floor":36.0},{"not_picked":["hexamod:FastForward","hexamod:SuperheatedStrike"],"picked":"hexamod:VolcanoVisage","floor":37.0},{"not_picked":["hexamod:GhostLash","hexamod:ThirdSeal"],"picked":"hexamod:BacktrackSmack+1","floor":38.0},{"not_picked":["hexamod:InspiringFlames","hexamod:AdvancingGuard"],"picked":"hexamod:GhostOfSpirePast","floor":40.0},{"not_picked":["hexamod:FifthSeal","hexamod:HeatMetal"],"picked":"hexamod:FastForward+1","floor":44.0},{"not_picked":["hexamod:CatchUp+1","hexamod:AdvancingGuard+1"],"picked":"hexamod:TimeOfNeed","floor":47.0},{"not_picked":["hexamod:InspiringFlames","hexamod:HeatCrush+1"],"picked":"hexamod:GhostOfSpireFuture+1","floor":48.0},{"not_picked":["hexamod:FlamesFromBeyond+1","hexamod:HeatMetal+1"],"picked":"hexamod:EmpoweredFlame+1","floor":49.0}],"player_experience":158419,"relics_obtained":[{"floor":7.0,"key":"hexamod:InflammatoryLetter"},{"floor":13.0,"key":"Girya"},{"floor":21.0,"key":"Du-Vu Doll"},{"floor":21.0,"key":"Pear"},{"floor":23.0,"key":"MealTicket"},{"floor":24.0,"key":"Art of War"},{"floor":31.0,"key":"Old Coin"},{"floor":39.0,"key":"FossilizedHelix"},{"floor":41.0,"key":"Frozen Egg 2"},{"floor":44.0,"key":"MawBank"},{"floor":47.0,"key":"Centennial Puzzle"}],"event_choices":[{"damage_healed":0.0,"max_hp_gain":0.0,"max_hp_loss":0.0,"gold_gain":1.0,"event_name":"betterThird:BetterScrap","player_choice":"Relic Relic ","floor":12.0,"gold_loss":0.0,"damage_taken":11.0,"cards_obtained":["Weave"]},{"damage_healed":0.0,"max_hp_gain":0.0,"max_hp_loss":0.0,"gold_gain":0.0,"event_name":"Addict","player_choice":"Stole Relic","floor":22.0,"gold_loss":0.0,"damage_taken":0.0,"relics_obtained":["TungstenRod"],"cards_obtained":["Pride"]},{"damage_healed":0.0,"max_hp_gain":0.0,"max_hp_loss":0.0,"gold_gain":0.0,"event_name":"Vampires","player_choice":"Ignored","floor":28.0,"gold_loss":0.0,"damage_taken":0.0}],"is_beta":false,"boss_relics":[{"not_picked":["Fusion Hammer","Busted Crown"],"picked":"Cursed Key"},{"not_picked":["Philosopher\u0027s Stone","Black Star"],"picked":"Runic Pyramid"}],"items_purged_floors":[25,40],"is_endless":false,"potions_floor_spawned":[3,11,13,14,15,16,19,23,26,32,39,44,47,49],"ascension_level":1}}