{"host":"2j7k79oxv8es4yqd","time":1613924177,"event":{"mods":["BaseMod","Emptier Cage","Minty Spire (QoL Compilation)","Permanent Neow","Ryuuou¡˙Õı","StSLib"],"gold_per_floor":[113,113,188,205,215,240,85,105,105,105,105,122,140,153,153,153,153],"floor_reached":16,"language":"ZHT","playtime":720,"items_purged":[],"score":146,"play_id":"dbcc453d-79ff-421d-bb5f-3734e01e170b","local_time":"20210222001617","is_ascension_mode":true,"campfire_choices":[{"floor":10,"key":"REST"},{"data":"Terror","floor":15,"key":"SMITH"}],"circlet_count":0,"master_deck":["Strike_G","Strike_G","Strike_G","Strike_G","Strike_G","Defend_G","Defend_G","Defend_G","Defend_G+1","Survivor+1","Neutralize","Underhanded Strike","Terror+1","Backflip","Slice","Tactician","Skewer+1"],"relics":["HoveringKite","War Paint","Strawberry","Molten Egg 2","CaptainsWheel"],"acts_visited":["Exordium"],"potions_floor_usage":[6,8,14,16],"damage_taken":[{"damage":2,"enemies":"Jaw Worm","floor":1,"turns":8},{"damage":0,"enemies":"2 Louse","floor":4,"turns":3},{"damage":0,"enemies":"Small Slimes","floor":5,"turns":3},{"damage":43,"enemies":"Gremlin Nob","floor":6,"turns":6},{"damage":7,"enemies":"Exordium Thugs","floor":8,"turns":6},{"damage":2,"enemies":"2 Fungi Beasts","floor":12,"turns":3},{"damage":9,"enemies":"3 Louse","floor":13,"turns":4},{"damage":4,"enemies":"Exordium Wildlife","floor":14,"turns":4},{"damage":22,"enemies":"Hexaghost","floor":16,"turns":8}],"seed_played":"7891293420148291151","potions_obtained":[{"floor":1,"key":"Ancient Potion"},{"floor":6,"key":"EssenceOfSteel"},{"floor":8,"key":"BlessingOfTheForge"},{"floor":13,"key":"Poison Potion"},{"floor":14,"key":"Explosive Potion"}],"is_trial":false,"path_per_floor":["M","?","?","M","M","E","$","M","T","R","?","M","M","M","R","B"],"character_chosen":"THE_SILENT","items_purchased":["Strawberry"],"campfire_rested":1,"item_purchase_floors":[7],"current_hp_per_floor":[61,61,50,50,50,7,14,7,7,30,30,28,19,15,15,0,0],"gold":153,"neow_bonus":"BOSS_RELIC","is_daily":false,"chose_seed":false,"campfire_upgraded":1,"win_rate":0.0,"timestamp":1613924177,"path_taken":["M","?","?","M","M","E","$","M","T","R","?","M","M","?","R","BOSS"],"items_purchased_type":["Relic"],"build_version":"2020-12-22","purchased_purges":0,"victory":false,"max_hp_per_floor":[70,70,70,70,70,70,77,77,77,77,77,77,77,77,77,77,77],"card_choices":[{"not_picked":["Noxious Fumes","Poisoned Stab"],"picked":"Underhanded Strike","floor":1},{"not_picked":["Cloak And Dagger","Well Laid Plans"],"picked":"Terror","floor":4},{"not_picked":["Outmaneuver","Poisoned Stab"],"picked":"Backflip","floor":5},{"not_picked":["Infinite Blades","Caltrops","Catalyst"],"picked":"SKIP","floor":6},{"not_picked":["Dodge and Roll","Deflect"],"picked":"Slice","floor":8},{"not_picked":["Well Laid Plans","Heel Hook+1","Grand Finale+1"],"picked":"SKIP","floor":12},{"not_picked":["Deadly Poison","Noxious Fumes"],"picked":"Tactician","floor":13},{"not_picked":["Blade Dance","Deflect"],"picked":"Skewer+1","floor":14}],"player_experience":596794,"relics_obtained":[{"floor":6,"key":"War Paint"},{"floor":9,"key":"Molten Egg 2"}],"event_choices":[{"cards_removed":["Defend_G"],"damage_healed":0,"gold_gain":0,"player_choice":"Forget","damage_taken":0,"max_hp_gain":0,"max_hp_loss":0,"event_name":"Living Wall","floor":2,"gold_loss":0},{"damage_healed":0,"gold_gain":75,"player_choice":"Gather Gold","damage_taken":11,"max_hp_gain":0,"max_hp_loss":0,"event_name":"World of Goop","floor":3,"gold_loss":0},{"damage_healed":0,"gold_gain":0,"player_choice":"Gave Potion","damage_taken":0,"relics_obtained":["CaptainsWheel"],"max_hp_gain":0,"max_hp_loss":0,"event_name":"WeMeetAgain","floor":11,"gold_loss":0}],"is_beta":false,"boss_relics":[],"items_purged_floors":[],"is_endless":false,"potions_floor_spawned":[1,6,8,13,14],"killed_by":"Hexaghost","ascension_level":8}}