{"host":"oq0u6q7bjztc2jwc","time":1613879480,"event":{"mods":["AchievementEnabler","BaseMod","Colored Map","Downfall","Highlight Path","Minty Spire (QoL Compilation)","Permanent Neow","StSLib"],"gold_per_floor":[113,113,128,128,139,171,186,20,20,36,55,55,82,92,92,92,92],"floor_reached":16,"language":"ENG","playtime":1394,"items_purged":["Strike_B"],"score":120,"play_id":"c89999fc-09fa-4cbf-a57a-6680c8c493fd","local_time":"20210220225120","is_ascension_mode":true,"campfire_choices":[{"data":"Fusion","floor":12.0,"key":"SMITH"},{"data":"Zap","floor":15,"key":"SMITH"}],"circlet_count":0,"master_deck":["Strike_B","Strike_B","Strike_B","Defend_B","Defend_B","Defend_B","Defend_B","Zap+1","Dualcast","Self Repair","Capacitor","Go for the Eyes","Loop","Darkness","Static Discharge","Redo","Fusion+1","Auto Shields","Melter"],"relics":["Cracked Core","Emotion Chip","Anchor","Sundial"],"acts_visited":["Exordium"],"potions_floor_usage":[16],"damage_taken":[{"damage":10.0,"enemies":"Jaw Worm","floor":1.0,"turns":5.0},{"damage":1.0,"enemies":"Cultist","floor":3.0,"turns":4.0},{"damage":7.0,"enemies":"2 Louse","floor":5.0,"turns":3.0},{"damage":17.0,"enemies":"Lagavulin","floor":6.0,"turns":8.0},{"damage":5.0,"enemies":"Looter","floor":7.0,"turns":3.0},{"damage":12.0,"enemies":"Exordium Thugs","floor":10.0,"turns":4.0},{"damage":7.0,"enemies":"Blue Slaver","floor":11.0,"turns":4.0},{"damage":20.0,"enemies":"3 Sentries","floor":13.0,"turns":5.0},{"damage":7,"enemies":"Looter","floor":14,"turns":4},{"damage":41,"enemies":"Slime Boss","floor":16,"turns":6}],"seed_played":"-18365238768430660","potions_obtained":[{"floor":1.0,"key":"Energy Potion"},{"floor":7.0,"key":"ColorlessPotion"},{"floor":10.0,"key":"FearPotion"},{"floor":11.0,"key":"PotionOfCapacity"},{"floor":14,"key":"LiquidMemories"}],"is_trial":false,"path_per_floor":["M","?","M","?","M","E","M","$","T","M","M","R","E","M","R","B"],"character_chosen":"DEFECT","items_purchased":["Static Discharge","Redo"],"campfire_rested":0,"item_purchase_floors":[8,8],"current_hp_per_floor":[65,65,64,64,64,54,56,56,56,51,51,51,38,38,38,0,0],"gold":92,"neow_bonus":"ONE_RARE_RELIC","is_daily":false,"chose_seed":false,"campfire_upgraded":2,"win_rate":0.0,"timestamp":1613879480,"path_taken":["M","?","?","?","M","E","?","$","T","?","M","R","E","M","R","BOSS"],"items_purchased_type":["Card","Card"],"build_version":"2020-12-22","purchased_purges":1,"victory":false,"max_hp_per_floor":[75,75,75,75,75,75,75,75,75,75,75,75,75,75,75,75,75],"card_choices":[{"not_picked":["Ball Lightning","Conserve Battery"],"picked":"Self Repair","floor":1.0},{"not_picked":["Streamline","Conserve Battery"],"picked":"Go for the Eyes","floor":3.0},{"not_picked":["Cold Snap","Stack"],"picked":"Loop","floor":5.0},{"not_picked":["Self Repair","Streamline","Go for the Eyes"],"picked":"SKIP","floor":6.0},{"not_picked":["Sunder","Fission"],"picked":"Darkness","floor":7.0},{"not_picked":["Auto Shields","Go for the Eyes"],"picked":"Fusion","floor":10.0},{"not_picked":["Beam Cell","Streamline"],"picked":"Auto Shields","floor":11.0},{"not_picked":["All For One","Coolheaded","Reinforced Body"],"picked":"SKIP","floor":13},{"not_picked":["Turbo","Beam Cell"],"picked":"Melter","floor":14}],"player_experience":597944,"relics_obtained":[{"floor":6.0,"key":"Anchor"},{"floor":13,"key":"Sundial"}],"event_choices":[{"damage_healed":0.0,"max_hp_gain":0.0,"max_hp_loss":0.0,"gold_gain":0.0,"event_name":"Match and Keep!","player_choice":"1 cards matched","floor":2.0,"gold_loss":0.0,"damage_taken":0.0,"cards_obtained":["Capacitor"]},{"cards_removed":["downfall:Aged"],"damage_healed":0.0,"max_hp_gain":0.0,"max_hp_loss":0.0,"gold_gain":0.0,"event_name":"Purifier","player_choice":"Purged","floor":4.0,"gold_loss":0.0,"damage_taken":0.0}],"is_beta":false,"boss_relics":[],"items_purged_floors":[8],"is_endless":false,"potions_floor_spawned":[1,7,10,11,14],"killed_by":"Slime Boss","ascension_level":1}}