{"host":"mvhzznpw3ffw85pv","time":1613915114,"event":{"mods":["AchievementEnabler","BaseMod","Bestiary","Block Reminder","Colored Map","Highlight Path","Minty Spire (QoL Compilation)","Relic Stats"],"gold_per_floor":[116,127,146,162,182,217,217,217,217,252,252,100,134,154,154,251,251,269,184,197,213,213,213,232,132,155,155,173,207,81,100,100,100,100],"floor_reached":33,"language":"ENG","playtime":2701,"items_purged":["Strike_R","Defend_R"],"score":487,"play_id":"a24e2d28-7a4b-478a-b3e3-4ac372a5ceb0","local_time":"20210221084514","is_ascension_mode":true,"campfire_choices":[{"data":"True Grit","floor":7,"key":"SMITH"},{"floor":11,"key":"REST"},{"data":"Shrug It Off","floor":15,"key":"SMITH"},{"data":"Ghostly Armor","floor":23,"key":"SMITH"},{"data":"Pommel Strike","floor":27,"key":"SMITH"},{"data":"Shrug It Off","floor":32,"key":"SMITH"}],"circlet_count":0,"master_deck":["AscendersBane","Defend_R","Defend_R","Defend_R","Bash","True Grit+1","Heavy Blade","Pommel Strike+1","Headbutt+1","Thunderclap+1","Shrug It Off+1","Whirlwind+1","Ghostly Armor+1","Pommel Strike+1","Bite+1","Bite+1","Bite+1","Bite+1","Bite+1","Limit Break","Reaper+1","Shrug It Off+1"],"relics":["Burning Blood","Bag of Marbles","HornCleat","Molten Egg 2","Singing Bowl","Self Forming Clay","Thread and Needle","Velvet Choker","Regal Pillow","Art of War"],"acts_visited":["Exordium","TheCity"],"potions_floor_usage":[6,10,16,16,33,33],"damage_taken":[{"damage":6,"enemies":"2 Louse","floor":1,"turns":3},{"damage":14,"enemies":"Small Slimes","floor":2,"turns":7},{"damage":5,"enemies":"Jaw Worm","floor":3,"turns":5},{"damage":15,"enemies":"Exordium Wildlife","floor":4,"turns":5},{"damage":25,"enemies":"Lots of Slimes","floor":5,"turns":6},{"damage":8,"enemies":"Gremlin Nob","floor":6,"turns":3},{"damage":27,"enemies":"3 Sentries","floor":10,"turns":10},{"damage":2,"enemies":"Gremlin Nob","floor":13,"turns":3},{"damage":0,"enemies":"Blue Slaver","floor":14,"turns":3},{"damage":35,"enemies":"The Guardian","floor":16,"turns":16},{"damage":3,"enemies":"Chosen","floor":18,"turns":4},{"damage":13,"enemies":"2 Thieves","floor":20,"turns":3},{"damage":0,"enemies":"Centurion and Healer","floor":21,"turns":6},{"damage":0,"enemies":"Snake Plant","floor":24,"turns":3},{"damage":0,"enemies":"Snecko","floor":28,"turns":3},{"damage":4,"enemies":"Slavers","floor":29,"turns":6},{"damage":6,"enemies":"Cultist and Chosen","floor":31,"turns":6},{"damage":126,"enemies":"Automaton","floor":33,"turns":14}],"seed_played":"-4740993746087095053","potions_obtained":[{"floor":3,"key":"Energy Potion"},{"floor":6,"key":"Strength Potion"},{"floor":10,"key":"GamblersBrew"},{"floor":13,"key":"DuplicationPotion"},{"floor":16,"key":"LiquidMemories"},{"floor":21,"key":"Energy Potion"}],"is_trial":false,"path_per_floor":["M","M","M","M","M","E","R","?","T","E","R","$","E","M","R","B",null,"M","?","M","M","?","R","M","$","T","R","M","E","$","M","R","B"],"character_chosen":"IRONCLAD","items_purchased":["Headbutt+1","Thunderclap+1","Reaper+1","Shrug It Off"],"campfire_rested":1,"item_purchase_floors":[12,12,30,30],"current_hp_per_floor":[72,64,65,56,37,35,35,28,28,9,33,33,37,43,43,16,67,70,70,65,75,75,75,88,88,88,88,90,90,90,92,92,0,0],"gold":100,"neow_bonus":"RANDOM_COMMON_RELIC","is_daily":false,"chose_seed":false,"campfire_upgraded":5,"win_rate":0.0,"timestamp":1613915114,"path_taken":["M","M","M","M","M","E","R","?","T","E","R","$","E","M","R","BOSS","M","?","M","M","?","R","M","$","T","R","M","E","$","M","R","BOSS"],"items_purchased_type":["Card","Card","Card","Card"],"build_version":"2020-12-22","purchased_purges":2,"victory":false,"max_hp_per_floor":[80,80,80,80,80,80,80,80,80,82,82,82,82,82,82,84,84,84,84,84,86,86,86,88,88,88,88,90,90,90,92,92,92,92],"relic_stats":{"Regal Pillow":0,"Singing Bowl":12,"counters":[18,106],"Self Forming Clay":[69],"Art of War":[0],"obtain_stats":[{"Blood Vial":19,"Regal Pillow":26,"HornCleat":6,"Singing Bowl":9,"Self Forming Clay":10,"Velvet Choker":17,"Molten Egg 2":8,"Thread and Needle":13,"Bag of Marbles":0,"Art of War":29,"Burning Blood":0},{"Blood Vial":11,"Regal Pillow":14,"HornCleat":6,"Singing Bowl":6,"Self Forming Clay":7,"Velvet Choker":10,"Molten Egg 2":6,"Thread and Needle":8,"Bag of Marbles":0,"Art of War":16,"Burning Blood":0},{"Blood Vial":65,"Regal Pillow":77,"HornCleat":29,"Singing Bowl":29,"Self Forming Clay":39,"Velvet Choker":61,"Molten Egg 2":29,"Thread and Needle":42,"Bag of Marbles":0,"Art of War":86,"Burning Blood":0}],"Burning Blood":78},"card_choices":[{"not_picked":["True Grit","Metallicize","Power Through"],"picked":"SKIP","floor":1},{"not_picked":["Metallicize","Power Through"],"picked":"True Grit","floor":1},{"not_picked":["Shockwave","Rupture"],"picked":"Heavy Blade","floor":2},{"not_picked":["Carnage","Rage","Blood for Blood"],"picked":"SKIP","floor":3},{"not_picked":["Cleave","Body Slam"],"picked":"Pommel Strike","floor":4},{"not_picked":["Seeing Red","Wild Strike","Perfected Strike"],"picked":"SKIP","floor":5},{"not_picked":["Pummel","Rage","Sword Boomerang"],"picked":"SKIP","floor":6},{"not_picked":["Armaments","Exhume","Infernal Blade"],"picked":"Singing Bowl","floor":10},{"not_picked":["Sword Boomerang+1","Clash+1"],"picked":"Shrug It Off","floor":13},{"not_picked":["Headbutt+1","Disarm"],"picked":"Whirlwind+1","floor":14},{"not_picked":["Double Tap","Juggernaut","Offering"],"picked":"Singing Bowl","floor":16},{"not_picked":["Intimidate","Armaments"],"picked":"Ghostly Armor","floor":18},{"not_picked":["Perfected Strike+1","Reckless Charge+1"],"picked":"Pommel Strike+1","floor":20},{"not_picked":["Wild Strike+1","Flex","True Grit"],"picked":"Singing Bowl","floor":21},{"not_picked":["Iron Wave+1","Clash+1","Cleave+1"],"picked":"Singing Bowl","floor":24},{"not_picked":["Carnage+1","Evolve","Headbutt+1"],"picked":"Singing Bowl","floor":28},{"not_picked":["Disarm+1","Cleave+1"],"picked":"Limit Break","floor":29},{"not_picked":["Clothesline+1","Cleave+1","Iron Wave+1"],"picked":"Singing Bowl","floor":31}],"player_experience":638898,"relics_obtained":[{"floor":6,"key":"HornCleat"},{"floor":9,"key":"Singing Bowl"},{"floor":10,"key":"Self Forming Clay"},{"floor":13,"key":"Thread and Needle"},{"floor":26,"key":"Regal Pillow"},{"floor":29,"key":"Art of War"}],"event_choices":[{"damage_healed":0,"gold_gain":0,"player_choice":"Success","damage_taken":7,"relics_obtained":["Molten Egg 2"],"max_hp_gain":0,"max_hp_loss":0,"event_name":"Scrap Ooze","floor":8,"gold_loss":0},{"damage_healed":0,"gold_gain":0,"player_choice":"Obtained Relic","damage_taken":0,"relics_obtained":["Blood Vial"],"max_hp_gain":0,"max_hp_loss":0,"event_name":"Addict","floor":19,"gold_loss":85},{"damage_healed":0,"gold_gain":0,"player_choice":"Became a vampire (Vial)","damage_taken":0,"max_hp_gain":0,"max_hp_loss":0,"event_name":"Vampires","floor":22,"relics_lost":["Blood Vial"],"gold_loss":0,"cards_obtained":["Bite","Bite","Bite","Bite","Bite"]}],"is_beta":false,"boss_relics":[{"not_picked":["SlaversCollar","Cursed Key"],"picked":"Velvet Choker"}],"items_purged_floors":[12,25],"is_endless":false,"potions_floor_spawned":[3,6,10,13,14,16,21,28,31],"killed_by":"Automaton","ascension_level":12}}