{"host":"scy0o1xotfn36lpl","time":1613869294,"event":{"mods":["AchievementEnabler","Aspiration","BaseMod","Better Altar","Better Note","Better Sensory Stone","Better Skull","Better Third Choice","Colored Map","Curses Come First","Downfall","GifTheSpireLib","Googly Eyes","Highlight Path","Minty Spire (QoL Compilation)","Permanent Neow","Spicy Shops","StSLib","everything is the same but u backflip on backflip"],"gold_per_floor":[119,134,134,150,250,285,285,311,311,311,329,97,121,137,137,242,242,254,254,273,291,308,339,339,352,352,377,377,395,430,450,459,459,459],"floor_reached":33,"language":"ENG","playtime":2388,"items_purged":["downfall:Haunted"],"score":407,"play_id":"3c7ba474-fa56-4377-9bc2-38d8624c8b42","local_time":"20210220170134","is_ascension_mode":true,"campfire_choices":[{"floor":7,"key":"REST"},{"floor":10,"key":"REST"},{"floor":15,"key":"REST"},{"data":"Feed","floor":24,"key":"SMITH"},{"floor":32,"key":"REST"}],"circlet_count":0,"master_deck":["Strike_R","Strike_R","Strike_R","Strike_R","Strike_R","Defend_R","Defend_R","Defend_R","Defend_R","Bash","Rupture","Pommel Strike+1","Twin Strike","Decay","Doubt","Juggernaut","Shrug It Off","Rage","Thunderclap","Anger","Twin Strike","Feed+1","Wild Strike+1","Clash","Offering","Flex","Headbutt","Fire Breathing+1","Clash+1","Headbutt+1","Ghostly Armor+1","Flex"],"relics":["Burning Blood","aspiration:Nostalgia","PureWater","Du-Vu Doll","MealTicket","aspiration:ChemicalBlood","Pocketwatch","Orichalcum","Dream Catcher","Black Star","StoneCalendar","Kunai","Letter Opener","Mango","Bronze Scales","Spirit Poop","CeramicFish","Ancient Tea Set"],"acts_visited":["Exordium","TheCity"],"potions_floor_usage":[6,20,21,22,22,23,25,27,27,27,27,27,29,30,31,31,33,33,33],"damage_taken":[{"damage":0,"enemies":"Small Slimes","floor":1,"turns":2},{"damage":9,"enemies":"2 Louse","floor":2,"turns":2},{"damage":14,"enemies":"Jaw Worm","floor":4,"turns":3},{"damage":59,"enemies":"Lagavulin","floor":6,"turns":6},{"damage":26,"enemies":"3 Sentries","floor":8,"turns":7},{"damage":2,"enemies":"Blue Slaver","floor":11,"turns":3},{"damage":9,"enemies":"2 Fungi Beasts","floor":14,"turns":3},{"damage":6,"enemies":"Slime Boss","floor":16,"turns":5},{"damage":1,"enemies":"Chosen","floor":18,"turns":4},{"damage":5,"enemies":"Spheric Guardian","floor":20,"turns":3},{"damage":15,"enemies":"Centurion and Healer","floor":21,"turns":4},{"damage":12,"enemies":"Sentry and Sphere","floor":22,"turns":4},{"damage":40,"enemies":"Slavers","floor":23,"turns":4},{"damage":12,"enemies":"Cultist and Chosen","floor":25,"turns":5},{"damage":13,"enemies":"Book of Stabbing","floor":27,"turns":3},{"damage":34,"enemies":"Centurion and Healer","floor":29,"turns":5},{"damage":34,"enemies":"Slavers","floor":30,"turns":3},{"damage":20,"enemies":"Snake Plant","floor":31,"turns":2},{"damage":69,"enemies":"Champ","floor":33,"turns":6}],"seed_played":"1597062205467760083","potions_obtained":[{"floor":4,"key":"Fire Potion"},{"floor":14,"key":"LiquidBronze"},{"floor":16,"key":"LiquidMemories"},{"floor":19,"key":"Swift Potion"},{"floor":20,"key":"FairyPotion"},{"floor":20,"key":"Fire Potion"},{"floor":22,"key":"BlessingOfTheForge"},{"floor":23,"key":"Block Potion"},{"floor":25,"key":"EntropicBrew"},{"floor":30,"key":"AttackPotion"},{"floor":31,"key":"FearPotion"}],"is_trial":false,"path_per_floor":["M","M","?","M","?","E","R","E","T","R","M","$","T","M","R","B",null,"M","?","M","M","M","E","R","M","T","E","?","M","E","M","R","B"],"character_chosen":"IRONCLAD","items_purchased":["Orichalcum"],"campfire_rested":4,"item_purchase_floors":[12],"current_hp_per_floor":[80,77,77,69,69,16,40,20,20,44,48,63,63,60,80,80,80,80,80,80,74,71,40,40,38,38,45,45,17,24,10,42,0,0],"gold":459,"neow_bonus":"NOSTALGIA","is_daily":false,"chose_seed":false,"campfire_upgraded":1,"win_rate":0.0,"timestamp":1613869294,"path_taken":["M","M","?","M","?","E","R","E","T","R","M","?","?","M","R","BOSS","M","?","?","M","M","E","R","M","T","E","?","?","E","M","R","BOSS"],"items_purchased_type":["Relic"],"build_version":"2020-12-22","purchased_purges":1,"victory":false,"max_hp_per_floor":[80,80,80,80,80,80,80,80,80,80,80,80,80,80,80,80,80,80,80,80,83,86,89,89,93,93,107,107,107,107,107,107,107,107],"card_choices":[{"not_picked":["Havoc","Feel No Pain"],"picked":"Rupture","floor":1},{"not_picked":["Entrench","Wild Strike"],"picked":"Pommel Strike","floor":2},{"not_picked":["Pummel","Cleave"],"picked":"Twin Strike","floor":4},{"not_picked":["Wild Strike","Thunderclap"],"picked":"Shrug It Off","floor":6},{"not_picked":["Pummel","Thunderclap"],"picked":"Rage","floor":8},{"not_picked":["Havoc","Perfected Strike"],"picked":"Thunderclap","floor":11},{"not_picked":["Reaper","Rampage"],"picked":"Anger","floor":14},{"not_picked":["Warcry","Wild Strike"],"picked":"Twin Strike","floor":15},{"not_picked":["Brutality","Offering"],"picked":"Feed","floor":16},{"not_picked":["Armaments","Sword Boomerang"],"picked":"Wild Strike+1","floor":18},{"not_picked":["Perfected Strike","Thunderclap"],"picked":"Clash","floor":20},{"not_picked":["Dropkick","Sever Soul"],"picked":"Offering","floor":21},{"not_picked":["Wild Strike","Shockwave","Clothesline"],"picked":"SKIP","floor":22},{"not_picked":["Clothesline","True Grit"],"picked":"Flex","floor":23},{"not_picked":["Disarm","Combust"],"picked":"Headbutt","floor":25},{"not_picked":["Carnage","Headbutt"],"picked":"Fire Breathing+1","floor":27},{"not_picked":["Searing Blow","Metallicize"],"picked":"Clash+1","floor":29},{"not_picked":["Blood for Blood","Twin Strike"],"picked":"Headbutt+1","floor":30},{"not_picked":["Headbutt","Body Slam"],"picked":"Ghostly Armor+1","floor":31},{"not_picked":["Thunderclap","Shrug It Off"],"picked":"Flex","floor":32}],"player_experience":86988,"relics_obtained":[{"floor":6,"key":"MealTicket"},{"floor":8,"key":"aspiration:ChemicalBlood"},{"floor":9,"key":"Pocketwatch"},{"floor":13,"key":"Dream Catcher"},{"floor":23,"key":"StoneCalendar"},{"floor":23,"key":"Kunai"},{"floor":26,"key":"Letter Opener"},{"floor":27,"key":"Mango"},{"floor":27,"key":"Bronze Scales"},{"floor":30,"key":"CeramicFish"},{"floor":30,"key":"Ancient Tea Set"}],"event_choices":[{"damage_healed":0,"gold_gain":0,"player_choice":"Grow","damage_taken":0,"max_hp_gain":0,"max_hp_loss":0,"event_name":"Living Wall","floor":3,"gold_loss":0,"cards_upgraded":["Pommel Strike"]},{"damage_healed":0,"gold_gain":0,"player_choice":"Got Potions","damage_taken":0,"max_hp_gain":0,"max_hp_loss":0,"event_name":"Lab","floor":19,"gold_loss":0},{"cards_removed":["downfall:Haunted"],"damage_healed":0,"gold_gain":0,"player_choice":"Offered Curse","damage_taken":0,"relics_obtained":["Spirit Poop"],"max_hp_gain":0,"max_hp_loss":0,"event_name":"Bonfire Elementals","floor":28,"gold_loss":0}],"is_beta":false,"boss_relics":[{"not_picked":["Busted Crown","aspiration:RunicSpoon"],"picked":"Black Star"}],"items_purged_floors":[12],"is_endless":false,"potions_floor_spawned":[4,14,16,20,22,23,25,30,31],"killed_by":"Champ","ascension_level":4}}