{"host":"kw4o7b3ro2ktmmbe","time":1613905366,"event":{"mods":["100% Spire Juice","BaseMod","Bossed Relics","Energized Spire","Evolution","Minty Spire (QoL Compilation)","StSLib"],"gold_per_floor":[112,187,2,2,22,22,33,33,33,64,64,92,92,121,121,204,84,94,108,17,32,77,77,77],"floor_reached":23,"language":"ENG","playtime":7642,"items_purged":[],"score":340,"play_id":"48889821-5353-4687-94f5-211e6e10c234","local_time":"20210222000246","is_ascension_mode":true,"campfire_choices":[{"data":"Moonworks:CloudOfSeagulls","floor":6.0,"key":"SMITH"},{"data":"Moonworks:Flamethrower","floor":8.0,"key":"SMITH"},{"data":"Moonworks:LongDistanceShot","floor":11.0,"key":"SMITH"},{"data":"Moonworks:Ambush","floor":15.0,"key":"SMITH"}],"circlet_count":0,"master_deck":["AscendersBane","Moonworks:CloudOfSeagulls+1","Moonworks:Defend","Moonworks:Defend","Moonworks:Defend","Moonworks:Defend","Moonworks:Ambush+1","Moonworks:LongDistanceShot+1","Moonworks:CookingTime","Moonworks:Flamethrower+1","Moonworks:TreasureThief","Moonworks:LuckyCharm","Moonworks:SinkOrSwim","Moonworks:WeAreWaruda","Moonworks:NicePresent","Bite","Bite","Bite","Bite","Bite"],"relics":["Moonworks:Homemark","EVO:Axolotl","SlaversCollar","PreservedInsect","CaptainsWheel","Odd Mushroom","CeramicFish","Tiny House"],"acts_visited":["Exordium","TheCity"],"potions_floor_usage":[21,23],"damage_taken":[{"damage":4.0,"enemies":"Cultist","floor":1.0,"turns":5.0},{"damage":0.0,"enemies":"Jaw Worm","floor":5.0,"turns":4.0},{"damage":0.0,"enemies":"2 Louse","floor":7.0,"turns":2.0},{"damage":12.0,"enemies":"Lagavulin","floor":10.0,"turns":4.0},{"damage":13.0,"enemies":"The Mushroom Lair","floor":12.0,"turns":3.0},{"damage":0.0,"enemies":"2 Fungi Beasts","floor":14.0,"turns":3.0},{"damage":30.0,"enemies":"The Guardian","floor":16.0,"turns":7.0},{"damage":12,"enemies":"Chosen","floor":18,"turns":3},{"damage":5,"enemies":"3 Byrds","floor":19,"turns":7},{"damage":13,"enemies":"Cultist and Chosen","floor":20,"turns":6},{"damage":33,"enemies":"Shelled Parasite and Fungi","floor":21,"turns":4},{"damage":15,"enemies":"Slavers","floor":23,"turns":1}],"seed_played":"-6508854559110714828","potions_obtained":[{"floor":5.0,"key":"Explosive Potion"},{"floor":12.0,"key":"SpeedPotion"},{"floor":14.0,"key":"AttackPotion"},{"floor":19,"key":"CultistPotion"}],"is_trial":false,"path_per_floor":["M","?","?","?","M","R","M","R","T","E","R","?","T","M","R","B",null,"M","M","M","M","?","E"],"character_chosen":"THE_STARBREAKER","items_purchased":[],"campfire_rested":0,"item_purchase_floors":[],"current_hp_per_floor":[50,39,39,32,38,38,44,44,44,38,38,31,31,37,37,13,48,42,43,36,9,9,0,0],"gold":77,"neow_bonus":"BOSS_RELIC","is_daily":false,"chose_seed":false,"campfire_upgraded":4,"win_rate":0.0,"timestamp":1613905366,"path_taken":["M","?","?","?","M","R","M","R","T","E","R","?","?","?","R","BOSS","M","M","M","M","?","E"],"items_purchased_type":[],"build_version":"2020-12-22","purchased_purges":0,"victory":false,"max_hp_per_floor":[60,60,60,60,60,60,60,60,60,60,60,60,60,60,60,60,60,60,60,60,60,42,42,42],"card_choices":[{"not_picked":["Moonworks:CloudOfSeagulls","Moonworks:IndiscriminateFireSupport"],"picked":"Moonworks:CookingTime","floor":1.0},{"not_picked":["Moonworks:LulusLuckyEgg","Moonworks:BigMagnum","Moonworks:ImOnFire"],"picked":"SKIP","floor":5.0},{"not_picked":["Moonworks:Heat300Percent","Moonworks:ImOnFire"],"picked":"Moonworks:Flamethrower","floor":7.0},{"not_picked":["Moonworks:ReproductionOfRecords","Moonworks:NicePresent"],"picked":"Moonworks:TreasureThief","floor":10.0},{"not_picked":["Moonworks:SelfDestruct","Moonworks:SakisCookie"],"picked":"Moonworks:LuckyCharm","floor":12.0},{"not_picked":["Moonworks:ImOnFire","Moonworks:UnpaidWork"],"picked":"Moonworks:SinkOrSwim","floor":14.0},{"not_picked":["Moonworks:Gamble","Moonworks:FinalBattle"],"picked":"Moonworks:WeAreWaruda","floor":16.0},{"not_picked":["Moonworks:DeployBits","Moonworks:Assault","Moonworks:x16BigRocket"],"picked":"SKIP","floor":18},{"not_picked":["Moonworks:EvilSpyWorkPreparation","Moonworks:BigBangBell","Moonworks:ScrambledEve"],"picked":"SKIP","floor":19},{"not_picked":["Moonworks:BigBangBell","Moonworks:DeployBits+1"],"picked":"Moonworks:NicePresent","floor":20},{"not_picked":["Moonworks:Assault","Moonworks:DevilHand","Moonworks:LulusLuckyEgg"],"picked":"SKIP","floor":21}],"player_experience":1956853,"relics_obtained":[{"floor":9.0,"key":"PreservedInsect"},{"floor":10.0,"key":"CaptainsWheel"},{"floor":12.0,"key":"Odd Mushroom"},{"floor":13.0,"key":"CeramicFish"}],"event_choices":[{"damage_healed":0.0,"max_hp_gain":0.0,"max_hp_loss":0.0,"gold_gain":75.0,"event_name":"World of Goop","player_choice":"Gather Gold","floor":2.0,"gold_loss":0.0,"damage_taken":11.0},{"damage_healed":0.0,"max_hp_gain":0.0,"max_hp_loss":0.0,"gold_gain":175.0,"event_name":"Liars Game","player_choice":"AGREE","floor":3.0,"gold_loss":0.0,"damage_taken":0.0,"cards_obtained":["Doubt"]},{"cards_removed":["Doubt"],"damage_healed":0.0,"max_hp_gain":0.0,"max_hp_loss":0.0,"gold_gain":0.0,"event_name":"Golden Wing","player_choice":"Card Removal","floor":4.0,"gold_loss":0.0,"damage_taken":7.0},{"damage_healed":0.0,"max_hp_gain":0.0,"max_hp_loss":0.0,"gold_gain":0.0,"event_name":"Mushrooms","player_choice":"Fought Mushrooms","floor":12.0,"gold_loss":0.0,"damage_taken":0.0},{"damage_healed":0,"gold_gain":0,"player_choice":"Became a vampire","damage_taken":0,"max_hp_gain":0,"max_hp_loss":18,"event_name":"Vampires","floor":22,"gold_loss":0,"cards_obtained":["Bite","Bite","Bite","Bite","Bite"]}],"is_beta":false,"boss_relics":[{"not_picked":["Runic Dome","Sozu"],"picked":"Tiny House"}],"items_purged_floors":[],"is_endless":false,"potions_floor_spawned":[5,12,14,16,19,20],"killed_by":"Slavers","ascension_level":13}}