{"host":"Cenci","time":1613916553,"event":{"mods":["BaseMod","Bestiary","Downfall","Highlight Path","Minty Spire (QoL Compilation)","StSLib","The Marked"],"gold_per_floor":[114,114,114,139,139,170,170,183,183,206,219,219,242,242,242],"floor_reached":14,"language":"ENG","playtime":450,"items_purged":[],"score":117,"play_id":"abf8d222-caa6-4e49-b0bb-55490ebf194d","local_time":"20210221150913","is_ascension_mode":false,"campfire_choices":[{"floor":7,"key":"REST"},{"floor":12,"key":"REST"}],"circlet_count":0,"master_deck":["theMarked:Strike","theMarked:Strike","theMarked:Strike","theMarked:Strike","theMarked:Strike","theMarked:Defend","theMarked:Defend","theMarked:Defend","theMarked:Defend","theMarked:SoldierOfQuellstein","theMarked:MuscleMemory","theMarked:PowerFlow","theMarked:SwordAndMagic","theMarked:Toughness"],"relics":["theMarked:ArtifactOfAir","NeowsBlessing","Golden Idol","StoneCalendar","bronze:BronzeIdol","bronze:DecasWashers"],"acts_visited":["Exordium"],"potions_floor_usage":[11],"damage_taken":[{"damage":0,"enemies":"2 Louse","floor":1,"turns":1},{"damage":0,"enemies":"Small Slimes","floor":4,"turns":1},{"damage":0,"enemies":"Gremlin Nob","floor":6,"turns":1},{"damage":2,"enemies":"Cultist","floor":8,"turns":5},{"damage":10,"enemies":"Looter","floor":10,"turns":4},{"damage":19,"enemies":"Exordium Thugs","floor":11,"turns":4},{"damage":15,"enemies":"Exordium Wildlife","floor":13,"turns":4},{"damage":21,"enemies":"Lagavulin","floor":14,"turns":5}],"seed_played":"-3302352479147531280","potions_obtained":[{"floor":10,"key":"Slimebound:ThreeZeroPotion"}],"is_trial":false,"path_per_floor":["M","?","?","M","?","E","R","M","T","M","M","R","M","E"],"character_chosen":"THE_DEFAULT","items_purchased":[],"campfire_rested":2,"item_purchase_floors":[],"current_hp_per_floor":[72,54,54,54,21,21,42,40,40,30,11,32,17,0,0],"gold":242,"neow_bonus":"THREE_ENEMY_KILL","is_daily":false,"chose_seed":false,"campfire_upgraded":0,"win_rate":0.0,"timestamp":1613916553,"path_taken":["M","?","?","M","?","E","R","M","T","M","M","R","M","E"],"items_purchased_type":[],"build_version":"2020-11-17","purchased_purges":0,"victory":false,"max_hp_per_floor":[72,72,72,72,72,72,72,72,72,72,72,72,72,72,72],"card_choices":[{"not_picked":["theMarked:RepellingDischarge","theMarked:ChainLightning","theMarked:TunnelVision"],"picked":"SKIP","floor":1},{"not_picked":["theMarked:RepellingDischarge","theMarked:AttractMetal"],"picked":"theMarked:MuscleMemory","floor":4},{"not_picked":["theMarked:BanishingStrike","theMarked:AttractMetal","theMarked:ChainLightning"],"picked":"SKIP","floor":6},{"not_picked":["theMarked:Parkour","theMarked:WardOff"],"picked":"theMarked:PowerFlow","floor":8},{"not_picked":["theMarked:TunnelVision","theMarked:RepellingDischarge","theMarked:Parkour"],"picked":"SKIP","floor":10},{"not_picked":["theMarked:WardOff","theMarked:Memento"],"picked":"theMarked:SwordAndMagic","floor":11},{"not_picked":["theMarked:AttractMetal","theMarked:TheMission"],"picked":"theMarked:Toughness","floor":13}],"player_experience":383461,"relics_obtained":[{"floor":6,"key":"bronze:BronzeIdol"},{"floor":9,"key":"bronze:DecasWashers"}],"event_choices":[{"damage_healed":0,"gold_gain":0,"player_choice":"Take Damage","damage_taken":18,"relics_obtained":["Golden Idol"],"max_hp_gain":0,"max_hp_loss":0,"event_name":"Golden Idol","floor":2,"gold_loss":0},{"damage_healed":0,"gold_gain":0,"player_choice":"Ignored","damage_taken":0,"max_hp_gain":0,"max_hp_loss":0,"event_name":"Golden Wing","floor":3,"gold_loss":0},{"damage_healed":0,"gold_gain":0,"player_choice":"Success","damage_taken":33,"relics_obtained":["StoneCalendar"],"max_hp_gain":0,"max_hp_loss":0,"event_name":"Scrap Ooze","floor":5,"gold_loss":0}],"is_beta":true,"boss_relics":[],"items_purged_floors":[],"is_endless":false,"potions_floor_spawned":[10],"killed_by":"Lagavulin","ascension_level":0}}