{"host":"9l1knhxfturzliqa","time":1613881750,"event":{"mods":["AchievementEnabler","BaseMod","Colored Map","Colored Powertips","DeckTracker","Highlight Path","Keyboard Shortcuts","Minty Spire (QoL Compilation)","Random Character Button"],"gold_per_floor":[109,126,201,211,230,230,263,263,286,305,321,62,74,84,84,189,189,205,222,232,232,232],"floor_reached":21,"language":"KOR","playtime":967,"items_purged":[],"score":299,"play_id":"0b68d013-2714-4393-b6b1-5c57623bb741","local_time":"20210221132910","is_ascension_mode":true,"campfire_choices":[{"data":"Zap","floor":6.0,"key":"SMITH"},{"data":"Dualcast","floor":15.0,"key":"SMITH"}],"circlet_count":0,"master_deck":["AscendersBane","Strike_B","Strike_B","Strike_B","Strike_B","Defend_B","Defend_B","Defend_B","Defend_B","Zap+1","Dualcast+1","Sweeping Beam","FTL","Rebound","Turbo","Stack","Steam","Conserve Battery","Beam Cell","Meteor Strike","Cold Snap","Sunder","Go for the Eyes"],"relics":["Cracked Core","Lizard Tail","Oddly Smooth Stone","Pen Nib","Anchor","Letter Opener","Nuclear Battery"],"acts_visited":["Exordium","TheCity"],"potions_floor_usage":[],"damage_taken":[{"damage":1.0,"enemies":"Cultist","floor":1.0,"turns":3.0},{"damage":2.0,"enemies":"2 Louse","floor":2.0,"turns":3.0},{"damage":2.0,"enemies":"Jaw Worm","floor":4.0,"turns":4.0},{"damage":8.0,"enemies":"3 Louse","floor":5.0,"turns":4.0},{"damage":18.0,"enemies":"3 Sentries","floor":7.0,"turns":6.0},{"damage":4.0,"enemies":"Exordium Thugs","floor":10.0,"turns":3.0},{"damage":0.0,"enemies":"Red Slaver","floor":11.0,"turns":3.0},{"damage":0.0,"enemies":"Gremlin Gang","floor":13.0,"turns":3.0},{"damage":0.0,"enemies":"2 Fungi Beasts","floor":14.0,"turns":2.0},{"damage":36.0,"enemies":"Hexaghost","floor":16.0,"turns":11.0},{"damage":4.0,"enemies":"Shell Parasite","floor":18.0,"turns":6.0},{"damage":6.0,"enemies":"Spheric Guardian","floor":19.0,"turns":4.0},{"damage":44,"enemies":"Snake Plant","floor":20,"turns":6},{"damage":10,"enemies":"Shelled Parasite and Fungi","floor":21,"turns":2}],"seed_played":"7605999383174342451","potions_obtained":[{"floor":4.0,"key":"Regen Potion"},{"floor":5.0,"key":"Dexterity Potion"},{"floor":10.0,"key":"FearPotion"},{"floor":11.0,"key":"FocusPotion"},{"floor":13.0,"key":"Swift Potion"}],"is_trial":false,"path_per_floor":["M","M","?","M","M","R","E","?","T","M","M","$","M","M","R","B",null,"M","M","M","M"],"character_chosen":"DEFECT","items_purchased":["Letter Opener"],"campfire_rested":0,"item_purchase_floors":[12],"current_hp_per_floor":[49,47,36,34,26,26,23,23,23,19,19,19,19,19,19,22,62,58,52,8,0,0],"gold":232,"neow_bonus":"ONE_RARE_RELIC","is_daily":false,"chose_seed":false,"campfire_upgraded":2,"win_rate":0.0,"timestamp":1613881750,"path_taken":["M","M","?","M","M","R","E","?","T","M","M","$","M","?","R","BOSS","M","M","M","M"],"items_purchased_type":["Relic"],"build_version":"2020-12-22","purchased_purges":0,"victory":false,"max_hp_per_floor":[75,75,75,75,75,75,75,75,75,75,75,75,75,75,75,75,75,75,75,75,75,75],"card_choices":[{"not_picked":["Defragment","Steam"],"picked":"Hologram","floor":1.0},{"not_picked":["Skim","Amplify"],"picked":"Sweeping Beam","floor":2.0},{"not_picked":["Leap","Chaos"],"picked":"FTL","floor":4.0},{"not_picked":["Blizzard","Storm"],"picked":"Rebound","floor":5.0},{"not_picked":["Fusion","Compile Driver"],"picked":"Turbo","floor":7.0},{"not_picked":["Undo","Reprogram"],"picked":"Stack","floor":10.0},{"not_picked":["Conserve Battery","Redo"],"picked":"Steam","floor":11.0},{"not_picked":["Barrage","Heatsinks"],"picked":"Conserve Battery","floor":13.0},{"not_picked":["Reinforced Body","Tempest"],"picked":"Beam Cell","floor":14.0},{"not_picked":["Thunder Strike","Biased Cognition"],"picked":"Meteor Strike","floor":16.0},{"not_picked":["Loop","Conserve Battery"],"picked":"Cold Snap","floor":18.0},{"not_picked":["Hello World","Stack"],"picked":"Sunder","floor":19.0},{"not_picked":["Ball Lightning","Steam"],"picked":"Go for the Eyes","floor":20}],"player_experience":707871,"relics_obtained":[{"floor":7.0,"key":"Oddly Smooth Stone"},{"floor":9.0,"key":"Anchor"}],"event_choices":[{"damage_healed":0.0,"max_hp_gain":0.0,"max_hp_loss":0.0,"gold_gain":75.0,"event_name":"World of Goop","player_choice":"Gather Gold","floor":3.0,"gold_loss":0.0,"damage_taken":11.0},{"cards_removed":["Hologram"],"damage_healed":0.0,"max_hp_gain":0.0,"max_hp_loss":0.0,"gold_gain":0.0,"event_name":"WeMeetAgain","player_choice":"Gave Card","floor":8.0,"gold_loss":0.0,"damage_taken":0.0,"relics_obtained":["Pen Nib"]}],"is_beta":false,"boss_relics":[{"not_picked":["Cursed Key","Ectoplasm"],"picked":"Nuclear Battery"}],"items_purged_floors":[],"is_endless":false,"potions_floor_spawned":[4,5,10,11,13],"killed_by":"Shelled Parasite and Fungi","ascension_level":12}}