{"host":"p8bnstsjdxjza4jm","time":1613897516,"event":{"mods":["BaseMod","Colored Powertips","Minty Spire (QoL Compilation)","Quick Restart","StSLib","Together in Spire"],"gold_per_floor":[109,59,234,234,234,234,251,276,299,328,253,278,155,168,168,263,263,280,280,155,166,166,166,16,16,16],"floor_reached":25,"language":"KOR","playtime":444,"items_purged":["Strike_R","Doubt","Defend_R","Strike_R"],"score":265,"play_id":"315e1b07-561c-4283-a518-670345aa2b10","local_time":"20210221175156","is_ascension_mode":true,"campfire_choices":[{"data":"Reckless Charge","floor":6,"key":"SMITH"},{"data":"Evolve","floor":15,"key":"SMITH"},{"floor":23,"key":"REST"}],"circlet_count":0,"master_deck":["Strike_R","Strike_R+1","Defend_R","Defend_R","Defend_R","Bash+1","Reckless Charge+1","Bloodletting","Evolve+1","Wild Strike"],"relics":["Burning Blood","NeowsBlessing","Letter Opener","Regal Pillow","Dream Catcher","Art of War","Lantern","Mark of Pain","MutagenicStrength","Nilry\u0027s Codex"],"acts_visited":["Exordium","TheCity"],"potions_floor_usage":[10],"damage_taken":[{"damage":0,"enemies":"Small Slimes","floor":1,"turns":1},{"damage":0,"enemies":"Jaw Worm","floor":7,"turns":1},{"damage":0,"enemies":"3 Sentries","floor":8,"turns":2},{"damage":2,"enemies":"Gremlin Nob","floor":10,"turns":3},{"damage":0,"enemies":"2 Louse","floor":14,"turns":2},{"damage":51,"enemies":"The Guardian","floor":16,"turns":8},{"damage":29,"enemies":"Shell Parasite","floor":18,"turns":5},{"damage":33,"enemies":"Spheric Guardian","floor":21,"turns":4},{"damage":53,"enemies":"Slavers","floor":25,"turns":2}],"seed_played":"-6114218430269047714","potions_obtained":[{"floor":8,"key":"Fire Potion"},{"floor":18,"key":"SpeedPotion"}],"is_trial":false,"path_per_floor":["M","?","?","?","?","R","M","E","T","E","$","T","$","M","R","B",null,"M","?","$","M","?","R","$","E"],"character_chosen":"IRONCLAD","items_purchased":["Wild Strike"],"campfire_rested":1,"item_purchase_floors":[13],"current_hp_per_floor":[80,80,80,64,57,57,63,69,69,73,73,73,73,79,79,34,80,57,57,57,30,14,53,53,0,0],"gold":16,"neow_bonus":"THREE_ENEMY_KILL","is_daily":false,"chose_seed":false,"campfire_upgraded":2,"win_rate":0.0,"timestamp":1613897516,"path_taken":["M","?","?","?","?","R","?","E","T","E","$","?","$","?","R","BOSS","M","?","$","M","?","R","$","E"],"items_purchased_type":["Card"],"build_version":"2020-12-22","purchased_purges":4,"victory":false,"max_hp_per_floor":[80,80,80,80,80,80,80,80,80,80,80,80,80,80,80,80,80,80,80,80,80,80,80,80,80,80],"card_choices":[{"not_picked":["Clash","Infernal Blade"],"picked":"Reckless Charge","floor":1},{"not_picked":["Infernal Blade","Twin Strike","Thunderclap"],"picked":"SKIP","floor":7},{"not_picked":["Feel No Pain","Twin Strike"],"picked":"Bloodletting","floor":8},{"not_picked":["Sever Soul","Havoc"],"picked":"Evolve","floor":10},{"not_picked":["Warcry","Iron Wave","Havoc"],"picked":"SKIP","floor":14},{"not_picked":["Body Slam","Infernal Blade","Clash"],"picked":"SKIP","floor":18},{"not_picked":["Reckless Charge","Cleave","Perfected Strike"],"picked":"SKIP","floor":21}],"player_experience":103774,"relics_obtained":[{"floor":8,"key":"Regal Pillow"},{"floor":9,"key":"Dream Catcher"},{"floor":10,"key":"Art of War"},{"floor":12,"key":"Lantern"},{"floor":22,"key":"Nilry\u0027s Codex"}],"event_choices":[{"cards_removed":["Strike_R"],"damage_healed":0,"gold_gain":0,"player_choice":"Card Removal","damage_taken":0,"max_hp_gain":0,"max_hp_loss":0,"event_name":"The Cleric","floor":2,"gold_loss":50},{"damage_healed":0,"gold_gain":175,"player_choice":"AGREE","damage_taken":0,"max_hp_gain":0,"max_hp_loss":0,"event_name":"Liars Game","floor":3,"gold_loss":0,"cards_obtained":["Doubt"]},{"damage_healed":0,"gold_gain":0,"player_choice":"Entered Light","damage_taken":16,"max_hp_gain":0,"max_hp_loss":0,"event_name":"Shining Light","floor":4,"gold_loss":0,"cards_upgraded":["Strike_R","Bash"]},{"damage_healed":0,"gold_gain":0,"player_choice":"Success","damage_taken":7,"relics_obtained":["Letter Opener"],"max_hp_gain":0,"max_hp_loss":0,"event_name":"Scrap Ooze","floor":5,"gold_loss":0},{"damage_healed":0,"gold_gain":0,"player_choice":"Inject Mutagens","damage_taken":0,"relics_obtained":["MutagenicStrength"],"max_hp_gain":0,"max_hp_loss":0,"event_name":"Drug Dealer","floor":19,"gold_loss":0},{"damage_healed":0,"gold_gain":0,"player_choice":"Obtained Book","damage_taken":16,"max_hp_gain":0,"max_hp_loss":0,"event_name":"Cursed Tome","floor":22,"gold_loss":0}],"is_beta":false,"boss_relics":[{"not_picked":["Tiny House","Philosopher\u0027s Stone"],"picked":"Mark of Pain"}],"items_purged_floors":[11,13,20,24],"is_endless":false,"potions_floor_spawned":[8,18],"killed_by":"Slavers","ascension_level":3}}