{"host":"ow66nzv2xecjoor3","time":1613872698,"event":{"mods":["BaseMod","Bestiary","Block Reminder","Colored Powertips","Curses Come First","Highlight Path","Keyboard Shortcuts","Minty Spire (QoL Compilation)","Permanent Neow","Relic Stats","StSLib","UnlockEverythingMod"],"gold_per_floor":[118,130,141,155,155,190,201,201,224,234,269,269,297,372,372,446,446,460,28,28,42,55,55,83,83,83,83,97,97,127,146,146,146,146],"floor_reached":33,"language":"ENG","playtime":1010,"items_purged":["Strike_B"],"score":639,"play_id":"932ead43-7edf-4056-8878-bb7913283eb1","local_time":"20210220195818","is_ascension_mode":true,"campfire_choices":[{"data":"Go for the Eyes","floor":8.0,"key":"SMITH"},{"floor":12.0,"key":"REST"},{"floor":15.0,"key":"REST"},{"data":"Coolheaded","floor":23.0,"key":"SMITH"},{"data":"Capacitor","floor":25.0,"key":"SMITH"},{"data":"Turbo","floor":27.0,"key":"SMITH"},{"data":"Defragment","floor":32.0,"key":"SMITH"}],"circlet_count":0,"master_deck":["AscendersBane","Defend_B","Defend_B","Zap","Dualcast","Ball Lightning","Ball Lightning","Capacitor+1","Doom and Gloom","Undo","Sunder","Go for the Eyes+1","Cold Snap","Conserve Battery","Electrodynamics","Multi-Cast","Steam+1","Turbo+1","Loop","Bite","Bite","Bite","Bite","Bite","Coolheaded+1","Glacier+1","Consume+1","Defragment+1","Self Repair","Storm","Undo","Fusion"],"relics":["Cracked Core","Ice Cream","Bronze Scales","Bag of Marbles","Vajra","Coffee Dripper","Lee\u0027s Waffle","Blue Candle","Symbiotic Virus","Turnip"],"acts_visited":["Exordium","TheCity"],"potions_floor_usage":[33],"damage_taken":[{"damage":4.0,"enemies":"Small Slimes","floor":1.0,"turns":3.0},{"damage":2.0,"enemies":"2 Louse","floor":2.0,"turns":3.0},{"damage":0.0,"enemies":"Cultist","floor":3.0,"turns":2.0},{"damage":14.0,"enemies":"Gremlin Gang","floor":4.0,"turns":3.0},{"damage":7.0,"enemies":"Lagavulin","floor":6.0,"turns":7.0},{"damage":15.0,"enemies":"3 Louse","floor":7.0,"turns":3.0},{"damage":0.0,"enemies":"Exordium Wildlife","floor":10.0,"turns":2.0},{"damage":2.0,"enemies":"3 Sentries","floor":11.0,"turns":6.0},{"damage":20.0,"enemies":"Lagavulin","floor":13.0,"turns":5.0},{"damage":22.0,"enemies":"Hexaghost","floor":16.0,"turns":8.0},{"damage":4.0,"enemies":"3 Byrds","floor":18.0,"turns":4.0},{"damage":23.0,"enemies":"Shell Parasite","floor":21.0,"turns":3.0},{"damage":16.0,"enemies":"Snecko","floor":22.0,"turns":5.0},{"damage":23.0,"enemies":"Gremlin Leader","floor":24.0,"turns":8.0},{"damage":0.0,"enemies":"Centurion and Healer","floor":28.0,"turns":11.0},{"damage":28.0,"enemies":"Slavers","floor":30.0,"turns":3.0},{"damage":0.0,"enemies":"3 Cultists","floor":31.0,"turns":2.0},{"damage":12,"enemies":"Automaton","floor":33,"turns":2}],"seed_played":"1561225477098039826","potions_obtained":[{"floor":2.0,"key":"Weak Potion"},{"floor":4.0,"key":"FearPotion"},{"floor":7.0,"key":"Dexterity Potion"},{"floor":16.0,"key":"Swift Potion"},{"floor":24.0,"key":"Swift Potion"},{"floor":30.0,"key":"BlessingOfTheForge"}],"is_trial":false,"path_per_floor":["M","M","M","M","?","E","M","R","T","M","E","R","E","?","R","B",null,"M","$","?","M","M","R","E","R","T","R","M","?","E","M","R","B"],"character_chosen":"DEFECT","items_purchased":["Turbo","Loop","Lee\u0027s Waffle","Energy Potion"],"campfire_rested":2,"item_purchase_floors":[19,19,19,19],"current_hp_per_floor":[60,58,58,44,44,37,22,22,22,22,20,41,21,10,31,9,56,52,78,54,41,31,31,26,26,26,26,34,34,8,10,10,0,0],"gold":146,"neow_bonus":"THREE_CARDS","is_daily":false,"chose_seed":false,"campfire_upgraded":5,"win_rate":0.0,"timestamp":1613872698,"path_taken":["M","M","M","M","?","E","M","R","T","M","E","R","E","?","R","BOSS","M","$","?","M","M","R","E","R","T","R","M","?","E","M","R","BOSS"],"items_purchased_type":["Card","Card","Relic","Potion"],"build_version":"2020-12-22","purchased_purges":1,"victory":false,"max_hp_per_floor":[71,71,71,71,71,71,71,71,71,71,71,71,71,71,71,71,71,71,78,54,54,54,54,54,54,54,54,54,54,54,54,54,54,54],"relic_stats":{"Lee\u0027s Waffle":26,"counters":[18,79],"Bronze Scales":[163],"Blue Candle":[0],"Turnip":[0],"obtain_stats":[{"Ice Cream":6,"Lee\u0027s Waffle":19,"Bronze Scales":9,"Blue Candle":24,"Vajra":13,"Turnip":30,"Bag of Marbles":11,"Coffee Dripper":17,"Cracked Core":0,"Symbiotic Virus":26},{"Ice Cream":5,"Lee\u0027s Waffle":11,"Bronze Scales":6,"Blue Candle":14,"Vajra":9,"Turnip":16,"Bag of Marbles":8,"Coffee Dripper":10,"Cracked Core":0,"Symbiotic Virus":14},{"Ice Cream":18,"Lee\u0027s Waffle":46,"Bronze Scales":21,"Blue Candle":62,"Vajra":34,"Turnip":75,"Bag of Marbles":29,"Coffee Dripper":42,"Cracked Core":0,"Symbiotic Virus":62}]},"card_choices":[{"not_picked":["Heatsinks","Rebound"],"picked":"Ball Lightning","floor":0.0},{"not_picked":["Melter","Barrage"],"picked":"Ball Lightning","floor":1.0},{"not_picked":["Rebound","Cold Snap"],"picked":"Capacitor","floor":2.0},{"not_picked":["Cold Snap","Steam Power"],"picked":"Doom and Gloom","floor":3.0},{"not_picked":["Gash","Chaos"],"picked":"Undo","floor":4.0},{"not_picked":["Hello World","Conserve Battery"],"picked":"Sunder","floor":6.0},{"not_picked":["Force Field","Sweeping Beam"],"picked":"Go for the Eyes","floor":7.0},{"not_picked":["Sunder","Undo"],"picked":"Cold Snap","floor":10.0},{"not_picked":["Rip and Tear","Streamline"],"picked":"Conserve Battery","floor":11.0},{"not_picked":["Storm","Blizzard"],"picked":"Electrodynamics","floor":13.0},{"not_picked":["Creative AI","Thunder Strike"],"picked":"Multi-Cast","floor":16.0},{"not_picked":["Gash","Rip and Tear"],"picked":"Steam+1","floor":18.0},{"not_picked":["Genetic Algorithm","Stack"],"picked":"Coolheaded","floor":21.0},{"not_picked":["Double Energy","Turbo"],"picked":"Glacier+1","floor":22.0},{"not_picked":["BootSequence","Go for the Eyes"],"picked":"Consume+1","floor":24.0},{"not_picked":["Static Discharge+1","Beam Cell"],"picked":"Defragment","floor":28.0},{"not_picked":["Force Field","Skim"],"picked":"Undo","floor":30.0},{"not_picked":["Barrage","Stack"],"picked":"Fusion","floor":31.0}],"player_experience":2919146,"relics_obtained":[{"floor":6.0,"key":"Ice Cream"},{"floor":9.0,"key":"Bronze Scales"},{"floor":11.0,"key":"Bag of Marbles"},{"floor":13.0,"key":"Vajra"},{"floor":24.0,"key":"Blue Candle"},{"floor":26.0,"key":"Symbiotic Virus"},{"floor":30.0,"key":"Turnip"}],"event_choices":[{"damage_healed":0.0,"max_hp_gain":0.0,"max_hp_loss":0.0,"gold_gain":0.0,"event_name":"Liars Game","player_choice":"Ignored","floor":5.0,"gold_loss":0.0,"damage_taken":0.0},{"damage_healed":0.0,"max_hp_gain":0.0,"max_hp_loss":0.0,"gold_gain":75.0,"event_name":"World of Goop","player_choice":"Gather Gold","floor":14.0,"gold_loss":0.0,"damage_taken":11.0},{"damage_healed":0.0,"max_hp_gain":0.0,"max_hp_loss":24.0,"gold_gain":0.0,"event_name":"Vampires","player_choice":"Became a vampire","floor":20.0,"gold_loss":0.0,"damage_taken":0.0,"cards_obtained":["Bite","Bite","Bite","Bite","Bite"]},{"damage_healed":0.0,"max_hp_gain":0.0,"max_hp_loss":0.0,"gold_gain":0.0,"cards_transformed":["Defend_B","Defend_B"],"event_name":"Drug Dealer","player_choice":"Became Test Subject","floor":29.0,"gold_loss":0.0,"damage_taken":0.0,"cards_obtained":["Self Repair","Storm"]}],"is_beta":false,"boss_relics":[{"not_picked":["SlaversCollar","Calling Bell"],"picked":"Coffee Dripper"}],"items_purged_floors":[19],"is_endless":false,"potions_floor_spawned":[2,4,7,10,16,21,24,30,31],"killed_by":"Automaton","ascension_level":20}}