{"host":"8zow35rkxv448q2r","time":1613901183,"event":{"mods":["AchievementEnabler","BaseMod","Colored Map","Colored Powertips","Minty Spire (QoL Compilation)","Relic Stats"],"gold_per_floor":[111,99007,99065,99030,99058,99096,99116,99150,99150,99177,99206,99206,99206,98518,98518,98592,98673,98687,98714,97837,97851,97245,97245,97255,97255,97255,97180,97140,97150,97167,97167,97167,97252,97252,97267,97315,97329,96517,96517,96547,96547,96547,96571,96589,96605,96618,96618,95781,95781,95781],"floor_reached":51,"language":"ENG","playtime":2287,"items_purged":["Combust","Inflame"],"score":1413,"play_id":"495d7dae-1f46-4165-987c-f5cebfe3e85c","local_time":"20210221045303","is_ascension_mode":true,"campfire_choices":[{"floor":12,"key":"REST"},{"floor":15,"key":"REST"},{"data":"Searing Blow","floor":23,"key":"SMITH"},{"data":"Searing Blow+1","floor":25,"key":"SMITH"},{"data":"Searing Blow+2","floor":32,"key":"SMITH"},{"floor":41,"key":"REST"},{"floor":47,"key":"REST"},{"floor":49,"key":"REST"}],"circlet_count":0,"master_deck":["AscendersBane","Bash","Cleave","Flex","Bludgeon","Infernal Blade+1","Whirlwind","Iron Wave","Metallicize","Bludgeon","Anger","Rampage","Anger","Searing Blow+3","Inflame","Ghostly","Ghostly","Ghostly+1","Apotheosis+1","Madness","Madness","Mayhem"],"relics":["Mark of Pain","Brimstone","CeramicFish","Lizard Tail","Boot","Singing Bowl","Red Skull","Eternal Feather","Anchor","Centennial Puzzle","ClockworkSouvenir","InkBottle","Pandora\u0027s Box","Shovel","Torii","Medical Kit","Chemical X","PreservedInsect","War Paint","Paper Frog","MutagenicStrength","Sozu","Dead Branch","Juzu Bracelet","Blue Candle","Toolbox","Darkstone Periapt","Strawberry","PrismaticShard","Oddly Smooth Stone","Prayer Wheel"],"acts_visited":["Exordium","TheCity","TheBeyond"],"potions_floor_usage":[6,6,33,50],"damage_taken":[{"damage":1,"enemies":"Cultist","floor":1,"turns":4},{"damage":0,"enemies":"Small Slimes","floor":5,"turns":1},{"damage":28,"enemies":"3 Sentries","floor":6,"turns":5},{"damage":0,"enemies":"2 Louse","floor":7,"turns":2},{"damage":10,"enemies":"Gremlin Nob","floor":8,"turns":3},{"damage":13,"enemies":"Exordium Wildlife","floor":10,"turns":2},{"damage":11,"enemies":"3 Sentries","floor":11,"turns":2},{"damage":0,"enemies":"Slime Boss","floor":16,"turns":4},{"damage":46,"enemies":"Shell Parasite","floor":18,"turns":4},{"damage":0,"enemies":"2 Thieves","floor":21,"turns":3},{"damage":0,"enemies":"Chosen and Byrds","floor":24,"turns":3},{"damage":3,"enemies":"Sentry and Sphere","floor":29,"turns":4},{"damage":18,"enemies":"Centurion and Healer","floor":30,"turns":4},{"damage":17,"enemies":"Automaton","floor":33,"turns":5},{"damage":6,"enemies":"3 Shapes","floor":35,"turns":2},{"damage":14,"enemies":"2 Orb Walkers","floor":36,"turns":3},{"damage":0,"enemies":"Orb Walker","floor":37,"turns":1},{"damage":14,"enemies":"Nemesis","floor":40,"turns":4},{"damage":37,"enemies":"Sphere and 2 Shapes","floor":45,"turns":2},{"damage":0,"enemies":"Jaw Worm Horde","floor":46,"turns":2},{"damage":27,"enemies":"Time Eater","floor":50,"turns":5}],"seed_played":"5632429271265488572","potions_obtained":[{"floor":5,"key":"DistilledChaos"},{"floor":6,"key":"Fruit Juice"},{"floor":11,"key":"Explosive Potion"},{"floor":16,"key":"HeartOfIron"},{"floor":28,"key":"FairyPotion"},{"floor":29,"key":"BloodPotion"},{"floor":33,"key":"CultistPotion"}],"is_trial":false,"path_per_floor":["M","$","?","?","M","E","M","E","T","M","E","R","?","$","R","B",null,"M","?","$","M","$","R","M","R","T","?","?","M","M","?","R","B",null,"M","?","M","$","?","E","R","?","T","?","M","M","R","$","R","B",null],"character_chosen":"IRONCLAD","items_purchased":["Flex","Brimstone","CeramicFish","Lizard Tail","SmokeBomb","FearPotion","Bludgeon","Centennial Puzzle","ClockworkSouvenir","InkBottle","Metallicize","Shovel","Torii","Medical Kit","Chemical X","PreservedInsect","War Paint","Juzu Bracelet","Blue Candle","Toolbox","Apotheosis","PrismaticShard","Oddly Smooth Stone","Prayer Wheel","Mayhem"],"campfire_rested":5,"item_purchase_floors":[2,2,2,2,2,2,2,14,14,14,14,20,20,20,22,22,22,38,38,38,38,48,48,48,48],"current_hp_per_floor":[67,67,67,75,75,52,52,44,44,31,22,56,51,51,84,86,86,42,42,42,44,44,46,48,48,48,48,48,47,31,31,40,33,47,43,31,33,33,33,21,51,51,58,46,11,13,46,46,71,44],"gold":95781,"neow_bonus":"BOSS_RELIC","is_daily":false,"chose_seed":false,"campfire_upgraded":3,"win_rate":0.0,"timestamp":1613901183,"path_taken":["M","$","?","?","M","E","M","E","T","M","E","R","?","$","R","BOSS","M","?","$","M","$","R","M","R","T","?","?","?","M","?","R","BOSS","M","?","M","$","?","E","R","?","T","?","M","M","R","$","R","BOSS"],"items_purchased_type":["Card","Relic","Relic","Relic","Potion","Potion","Card","Relic","Relic","Relic","Card","Relic","Relic","Relic","Relic","Relic","Relic","Relic","Relic","Relic","Card","Relic","Relic","Relic","Card"],"build_version":"2020-12-22","purchased_purges":2,"victory":true,"max_hp_per_floor":[75,75,75,75,75,80,80,82,82,82,84,84,84,84,84,86,86,88,44,44,46,46,46,48,48,48,48,48,50,52,52,52,52,52,54,56,58,58,58,60,60,60,67,67,69,71,71,71,71,71],"relic_stats":{"Darkstone Periapt":0,"Singing Bowl":28,"Torii":0,"counters":[21,65],"CeramicFish":198,"Dead Branch":[34],"Blue Candle":[0],"Eternal Feather":65,"PreservedInsect":50,"Juzu Bracelet":1,"War Paint":["Infernal Blade","Ghostly"],"Boot":[37],"Medical Kit":[16],"Sozu":1,"Lizard Tail":0,"Centennial Puzzle":[27],"Shovel":0,"Pandora\u0027s Box":["Bludgeon","Anger","Rampage","Anger","Inflame","Barricade","Searing Blow","Combust","Inflame"],"Prayer Wheel":0,"Chemical X":[12],"obtain_stats":[{"Darkstone Periapt":40,"Singing Bowl":8,"Torii":20,"CeramicFish":2,"Juzu Bracelet":38,"Boot":6,"PrismaticShard":48,"Burning Blood":0,"ClockworkSouvenir":14,"Sozu":34,"Lizard Tail":2,"Centennial Puzzle":14,"Shovel":20,"Strawberry":43,"Toolbox":38,"Prayer Wheel":48,"Chemical X":22,"Red Skull":9,"InkBottle":14,"Paper Frog":26,"Dead Branch":36,"Blue Candle":38,"Oddly Smooth Stone":48,"Eternal Feather":11,"PreservedInsect":22,"War Paint":22,"Medical Kit":20,"Anchor":13,"Brimstone":2,"MutagenicStrength":31,"Pandora\u0027s Box":17,"Mark of Pain":0},{"Darkstone Periapt":18,"Singing Bowl":5,"Torii":9,"CeramicFish":1,"Juzu Bracelet":17,"Boot":3,"PrismaticShard":20,"Burning Blood":0,"ClockworkSouvenir":7,"Sozu":14,"Lizard Tail":1,"Centennial Puzzle":7,"Shovel":9,"Strawberry":18,"Toolbox":17,"Prayer Wheel":20,"Chemical X":10,"Red Skull":5,"InkBottle":7,"Paper Frog":11,"Dead Branch":16,"Blue Candle":17,"Oddly Smooth Stone":20,"Eternal Feather":7,"PreservedInsect":10,"War Paint":10,"Medical Kit":9,"Anchor":7,"Brimstone":1,"MutagenicStrength":13,"Pandora\u0027s Box":8,"Mark of Pain":0},{"Darkstone Periapt":56,"Singing Bowl":15,"Torii":27,"CeramicFish":4,"Juzu Bracelet":52,"Boot":10,"PrismaticShard":60,"Burning Blood":0,"ClockworkSouvenir":19,"Sozu":46,"Lizard Tail":4,"Centennial Puzzle":19,"Shovel":27,"Strawberry":56,"Toolbox":52,"Prayer Wheel":60,"Chemical X":30,"Red Skull":15,"InkBottle":19,"Paper Frog":33,"Dead Branch":51,"Blue Candle":52,"Oddly Smooth Stone":60,"Eternal Feather":19,"PreservedInsect":30,"War Paint":30,"Medical Kit":27,"Anchor":19,"Brimstone":4,"MutagenicStrength":41,"Pandora\u0027s Box":23,"Mark of Pain":0}],"InkBottle":[20]},"card_choices":[{"not_picked":["Armaments","Dark Embrace"],"picked":"Cleave","floor":1},{"not_picked":["Havoc","Sever Soul"],"picked":"Infernal Blade","floor":5},{"not_picked":["Carnage","Havoc"],"picked":"Whirlwind","floor":6},{"not_picked":["Flex","Battle Trance","Sentinel"],"picked":"SKIP","floor":7},{"not_picked":["Rage","Sentinel","Flex"],"picked":"Singing Bowl","floor":8},{"not_picked":["Cleave","Uppercut"],"picked":"Iron Wave","floor":10},{"not_picked":["Feed","Power Through","Carnage"],"picked":"Singing Bowl","floor":11},{"not_picked":["Brutality","Bludgeon","Fiend Fire"],"picked":"Singing Bowl","floor":16},{"not_picked":["Body Slam","Wild Strike","Anger+1"],"picked":"Singing Bowl","floor":18},{"not_picked":["Clash","Headbutt","Sword Boomerang"],"picked":"Singing Bowl","floor":21},{"not_picked":["Headbutt","Iron Wave+1","Fire Breathing"],"picked":"Singing Bowl","floor":24},{"not_picked":["Battle Trance+1","Entrench","Rampage+1"],"picked":"Singing Bowl","floor":29},{"not_picked":["Battle Trance","Body Slam","Armaments"],"picked":"Singing Bowl","floor":30},{"not_picked":["Double Tap","Bludgeon"],"picked":"Limit Break","floor":33},{"not_picked":["Warcry+1","Inflame","Sword Boomerang"],"picked":"Singing Bowl","floor":35},{"not_picked":["Twin Strike+1","Armaments","Headbutt+1"],"picked":"Singing Bowl","floor":36},{"not_picked":["Clothesline+1","Shrug It Off+1","Flex"],"picked":"Singing Bowl","floor":37},{"not_picked":["Iron Wave","Cleave","Wild Strike+1"],"picked":"Singing Bowl","floor":40},{"not_picked":["Berserk","Spot Weakness","Pommel Strike"],"picked":"Singing Bowl","floor":45},{"not_picked":["Shrug It Off","Thunderclap+1","Wild Strike"],"picked":"Singing Bowl","floor":46}],"player_experience":232599,"relics_obtained":[{"floor":6,"key":"Boot"},{"floor":8,"key":"Singing Bowl"},{"floor":9,"key":"Red Skull"},{"floor":11,"key":"Eternal Feather"},{"floor":26,"key":"Paper Frog"},{"floor":36,"key":"Dead Branch"},{"floor":40,"key":"Darkstone Periapt"},{"floor":43,"key":"Strawberry"}],"event_choices":[{"damage_healed":0,"gold_gain":58,"player_choice":"Gained Gold","damage_taken":0,"max_hp_gain":0,"max_hp_loss":0,"event_name":"Golden Wing","floor":3,"gold_loss":0},{"damage_healed":18,"gold_gain":0,"player_choice":"Healed","damage_taken":0,"max_hp_gain":0,"max_hp_loss":0,"event_name":"The Cleric","floor":4,"gold_loss":35},{"damage_healed":0,"gold_gain":0,"player_choice":"Success","damage_taken":5,"relics_obtained":["Anchor"],"max_hp_gain":0,"max_hp_loss":0,"event_name":"Scrap Ooze","floor":13,"gold_loss":0},{"damage_healed":0,"gold_gain":0,"player_choice":"Became a Ghost","damage_taken":0,"max_hp_gain":0,"max_hp_loss":44,"event_name":"Ghosts","floor":19,"gold_loss":0,"cards_obtained":["Ghostly","Ghostly","Ghostly"]},{"cards_removed":["Barricade"],"damage_healed":0,"gold_gain":0,"player_choice":"Gave Gold","damage_taken":0,"max_hp_gain":0,"max_hp_loss":0,"event_name":"Beggar","floor":27,"gold_loss":75},{"damage_healed":0,"gold_gain":0,"player_choice":"Bought 3 Potions","damage_taken":0,"max_hp_gain":0,"max_hp_loss":0,"event_name":"The Woman in Blue","floor":28,"gold_loss":0},{"damage_healed":0,"gold_gain":0,"player_choice":"Inject Mutagens","damage_taken":0,"relics_obtained":["MutagenicStrength"],"max_hp_gain":0,"max_hp_loss":0,"event_name":"Drug Dealer","floor":31,"gold_loss":0},{"damage_healed":0,"gold_gain":0,"player_choice":"Fight","damage_taken":0,"max_hp_gain":0,"max_hp_loss":0,"event_name":"Mysterious Sphere","floor":36,"gold_loss":0},{"damage_healed":0,"gold_gain":0,"player_choice":"Upgraded","damage_taken":0,"max_hp_gain":0,"max_hp_loss":0,"event_name":"Upgrade Shrine","floor":39,"gold_loss":0,"cards_upgraded":["Apotheosis"]},{"cards_removed":["Limit Break"],"damage_healed":0,"gold_gain":0,"player_choice":"Removed Skill","damage_taken":0,"max_hp_gain":0,"max_hp_loss":0,"event_name":"Falling","floor":42,"gold_loss":0},{"damage_healed":0,"gold_gain":0,"player_choice":"Embrace Madness","damage_taken":12,"max_hp_gain":0,"max_hp_loss":0,"event_name":"Winding Halls","floor":44,"gold_loss":0,"cards_obtained":["Madness","Madness"]}],"is_beta":false,"boss_relics":[{"not_picked":["Astrolabe","Calling Bell"],"picked":"Pandora\u0027s Box"},{"not_picked":["Runic Dome","Black Star"],"picked":"Sozu"}],"items_purged_floors":[20,22],"is_endless":false,"potions_floor_spawned":[5,6,11,16,18,29,33,37,45],"ascension_level":18}}