{"host":"jt67skv49snb75sm","time":1613927048,"event":{"mods":["BaseMod","Bestiary","Minty Spire (QoL Compilation)","Relic Stats"],"gold_per_floor":[119,132,57,72,72,72,85,112,112,112,112],"floor_reached":10,"language":"ENG","playtime":371,"items_purged":[],"score":136,"play_id":"e8a1da95-7db1-42f0-9a89-f07783600623","local_time":"20210221180408","is_ascension_mode":true,"campfire_choices":[{"data":"Dagger Spray","floor":6,"key":"SMITH"}],"circlet_count":0,"master_deck":["AscendersBane","Strike_G","Strike_G","Strike_G","Strike_G","Defend_G","Defend_G","Defend_G","Defend_G","Defend_G","Survivor","Neutralize","Flying Knee","Dagger Spray+1","Cloak And Dagger","Dagger Spray","Die Die Die"],"relics":["Ring of the Snake","Orichalcum","Gambling Chip","Matryoshka"],"acts_visited":["Exordium"],"potions_floor_usage":[8],"damage_taken":[{"damage":4,"enemies":"Small Slimes","floor":1,"turns":4},{"damage":9,"enemies":"2 Louse","floor":2,"turns":4},{"damage":2,"enemies":"Cultist","floor":4,"turns":5},{"damage":3,"enemies":"Blue Slaver","floor":7,"turns":4},{"damage":8,"enemies":"3 Sentries","floor":8,"turns":7},{"damage":18,"enemies":"Gremlin Nob","floor":10,"turns":4}],"seed_played":"8850491988547544783","potions_obtained":[{"floor":4,"key":"Block Potion"}],"is_trial":false,"path_per_floor":["M","M","?","M","?","R","M","E","T","E"],"character_chosen":"THE_SILENT","items_purchased":[],"campfire_rested":0,"item_purchase_floors":[],"current_hp_per_floor":[61,52,52,50,32,32,29,21,21,3,3],"gold":112,"neow_bonus":"TEN_PERCENT_HP_BONUS","is_daily":false,"chose_seed":false,"campfire_upgraded":1,"win_rate":0.0,"timestamp":1613927048,"path_taken":["M","M","?","M","?","R","M","E","T","E"],"items_purchased_type":[],"build_version":"2020-12-22","purchased_purges":0,"victory":false,"max_hp_per_floor":[72,72,72,72,72,72,72,72,72,72,72],"relic_stats":{"counters":[6,28],"Gambling Chip":[1],"Orichalcum":[30],"obtain_stats":[{"Matryoshka":9,"Gambling Chip":8,"Orichalcum":5,"Ring of the Snake":0},{"Matryoshka":5,"Gambling Chip":5,"Orichalcum":3,"Ring of the Snake":0},{"Matryoshka":24,"Gambling Chip":24,"Orichalcum":13,"Ring of the Snake":0}],"Ring of the Snake":[12]},"card_choices":[{"not_picked":["Dodge and Roll","Finisher"],"picked":"Flying Knee","floor":1},{"not_picked":["Deflect","Accuracy"],"picked":"Dagger Spray","floor":2},{"not_picked":["Reflex","PiercingWail"],"picked":"Cloak And Dagger","floor":4},{"not_picked":["Blur","Distraction"],"picked":"Dagger Spray","floor":7},{"not_picked":["PiercingWail","Eviscerate"],"picked":"Die Die Die","floor":8}],"player_experience":850218,"relics_obtained":[{"floor":8,"key":"Gambling Chip"},{"floor":9,"key":"Matryoshka"}],"event_choices":[{"cards_removed":["Strike_G"],"damage_healed":0,"gold_gain":0,"player_choice":"Card Removal","damage_taken":0,"max_hp_gain":0,"max_hp_loss":0,"event_name":"The Cleric","floor":3,"gold_loss":75},{"damage_healed":0,"gold_gain":0,"player_choice":"Success","damage_taken":18,"relics_obtained":["Orichalcum"],"max_hp_gain":0,"max_hp_loss":0,"event_name":"Scrap Ooze","floor":5,"gold_loss":0}],"is_beta":false,"boss_relics":[],"items_purged_floors":[],"is_endless":false,"potions_floor_spawned":[4],"killed_by":"Gremlin Nob","ascension_level":20}}