{"host":"b0hicta09nhxha44","time":1613929981,"event":{"mods":["BaseMod","Highlight Path","Minty Spire (QoL Compilation)","Slay-I"],"gold_per_floor":[114,79,92,92,112,112,140,140,193,204,279,44,44,14,14,91,91,102,17,36,53,53,53,79,79,103,133,83,98,98,23,23,100,100,120,132,132,146,146,146,96,121,190,190,203,203,46,81,81,81],"floor_reached":51,"language":"ENG","playtime":3608,"items_purged":["Strike_B","Defend_B","Strike_B","Defend_B"],"score":1392,"play_id":"c52932e6-0301-4c1a-8711-5ae793f17828","local_time":"20210221175301","is_ascension_mode":true,"campfire_choices":[{"data":"Go for the Eyes","floor":6,"key":"SMITH"},{"data":"Zap","floor":8,"key":"SMITH"},{"data":"Reboot","floor":13,"key":"SMITH"},{"floor":15,"key":"REST"},{"data":"Skim","floor":23,"key":"SMITH"},{"floor":25,"key":"REST"},{"data":"Biased Cognition","floor":32,"key":"SMITH"},{"data":"Coolheaded","floor":40,"key":"SMITH"},{"data":"Steam","floor":44,"key":"SMITH"},{"data":"FTL","floor":49,"key":"SMITH"}],"circlet_count":0,"master_deck":["AscendersBane","Zap+1","Dualcast","Go for the Eyes+1","Rip and Tear","Gash","Reboot+1","Gash","Coolheaded+1","Biased Cognition+1","Steam+1","Skim+1","Ball Lightning+1","Ball Lightning+1","Glacier","All For One","Skim+1","Steam Power+1","Scrape+1","Barrage+1","Barrage+1","FTL+1","Gash","Glacier"],"relics":["Cracked Core","Smiling Mask","Juzu Bracelet","Thread and Needle","Oddly Smooth Stone","Runic Capacitor","Philosopher\u0027s Stone","Anchor","Emotion Chip","Vajra","Turnip","Astrolabe","Question Card","Mango","Eternal Feather","Potion Belt"],"acts_visited":["Exordium","TheCity","TheBeyond"],"potions_floor_usage":[7,20,33,42,45],"damage_taken":[{"damage":8,"enemies":"2 Louse","floor":1,"turns":3},{"damage":9,"enemies":"Jaw Worm","floor":3,"turns":3},{"damage":0,"enemies":"Small Slimes","floor":5,"turns":2},{"damage":17,"enemies":"Gremlin Nob","floor":7,"turns":4},{"damage":3,"enemies":"3 Louse","floor":10,"turns":2},{"damage":10,"enemies":"The Guardian","floor":16,"turns":12},{"damage":0,"enemies":"Spheric Guardian","floor":18,"turns":3},{"damage":0,"enemies":"3 Byrds","floor":20,"turns":5},{"damage":14,"enemies":"Snake Plant","floor":21,"turns":3},{"damage":34,"enemies":"Slavers","floor":24,"turns":4},{"damage":0,"enemies":"Book of Stabbing","floor":27,"turns":4},{"damage":0,"enemies":"Cultist and Chosen","floor":29,"turns":3},{"damage":30,"enemies":"Collector","floor":33,"turns":7},{"damage":0,"enemies":"Orb Walker","floor":35,"turns":2},{"damage":0,"enemies":"3 Shapes","floor":36,"turns":2},{"damage":0,"enemies":"Transient","floor":38,"turns":6},{"damage":4,"enemies":"Giant Head","floor":42,"turns":6},{"damage":6,"enemies":"Writhing Mass","floor":45,"turns":4},{"damage":24,"enemies":"Reptomancer","floor":48,"turns":4},{"damage":13,"enemies":"Awakened One","floor":50,"turns":12}],"seed_played":"1115538146438167860","potions_obtained":[{"floor":3,"key":"Block Potion"},{"floor":7,"key":"PotionOfCapacity"},{"floor":18,"key":"Weak Potion"},{"floor":27,"key":"Block Potion"},{"floor":29,"key":"EssenceOfDarkness"},{"floor":35,"key":"DuplicationPotion"},{"floor":42,"key":"Regen Potion"}],"is_trial":false,"path_per_floor":["M","?","M","?","M","R","E","R","T","M","?","$","R","$","R","B",null,"M","?","M","M","?","R","E","R","T","E","$","M","?","?","R","B",null,"M","M","?","M","?","R","$","E","T","R","M","?","$","E","R","B",null],"character_chosen":"DEFECT","items_purchased":["Gash","Runic Capacitor","Coolheaded","Gash","Glacier"],"campfire_rested":2,"item_purchase_floors":[12,12,14,47,47],"current_hp_per_floor":[56,71,62,57,57,57,40,40,40,37,26,26,26,26,47,37,63,63,63,63,49,49,49,15,36,36,36,36,36,50,50,50,20,58,58,58,58,58,58,58,58,68,68,80,85,82,82,58,70,57],"gold":81,"neow_bonus":"RANDOM_COMMON_RELIC","is_daily":false,"chose_seed":false,"campfire_upgraded":8,"win_rate":0.0,"timestamp":1613929981,"path_taken":["M","?","M","?","M","R","E","R","T","M","?","$","R","$","R","BOSS","M","?","M","M","?","R","E","R","T","E","$","M","?","?","R","BOSS","M","M","?","M","?","R","$","E","T","R","M","?","$","E","R","BOSS"],"items_purchased_type":["Card","Relic","Card","Card","Card"],"build_version":"2020-12-22","purchased_purges":4,"victory":true,"max_hp_per_floor":[71,71,71,71,71,71,71,71,71,71,71,71,71,71,71,71,71,71,71,71,71,71,71,71,71,71,71,71,71,71,71,71,71,71,71,71,71,71,71,71,71,85,85,85,85,82,82,82,82,82],"card_choices":[{"not_picked":["Redo","Conserve Battery"],"picked":"Go for the Eyes","floor":1},{"not_picked":["Barrage","Leap"],"picked":"Rip and Tear","floor":3},{"not_picked":["Fusion","Heatsinks"],"picked":"Gash","floor":5},{"not_picked":["Chill","Conserve Battery"],"picked":"Reboot","floor":7},{"not_picked":["Consume","White Noise","Reprogram"],"picked":"SKIP","floor":10},{"not_picked":["Fission","Amplify"],"picked":"Biased Cognition","floor":16},{"not_picked":["Loop","Beam Cell"],"picked":"Steam","floor":18},{"not_picked":["Steam Power","Redo"],"picked":"Skim","floor":20},{"not_picked":["Scrape","Blizzard"],"picked":"Ball Lightning+1","floor":21},{"not_picked":["Aggregate","Beam Cell"],"picked":"Glacier","floor":24},{"not_picked":["Rebound","Steam"],"picked":"Sweeping Beam+1","floor":27},{"not_picked":["Scrape","Fission","Ball Lightning"],"picked":"SKIP","floor":29},{"not_picked":["Amplify","Multi-Cast"],"picked":"All For One","floor":33},{"not_picked":["Darkness","FTL"],"picked":"Barrage+1","floor":35},{"not_picked":["Consume","Sunder"],"picked":"Barrage+1","floor":36},{"not_picked":["Redo+1","Hologram","Rebound"],"picked":"SKIP","floor":38},{"not_picked":["Streamline+1","White Noise","Skim"],"picked":"FTL","floor":42},{"not_picked":["Cold Snap","Stack","Hologram","Hello World"],"picked":"SKIP","floor":45},{"not_picked":["Rebound","Tempest+1","Conserve Battery","Reprogram"],"picked":"SKIP","floor":48}],"player_experience":3617502,"relics_obtained":[{"floor":7,"key":"Thread and Needle"},{"floor":9,"key":"Oddly Smooth Stone"},{"floor":24,"key":"Emotion Chip"},{"floor":26,"key":"Vajra"},{"floor":27,"key":"Turnip"},{"floor":42,"key":"Mango"},{"floor":43,"key":"Eternal Feather"},{"floor":48,"key":"Potion Belt"}],"event_choices":[{"damage_healed":17,"gold_gain":0,"player_choice":"Healed","damage_taken":0,"max_hp_gain":0,"max_hp_loss":0,"event_name":"The Cleric","floor":2,"gold_loss":35},{"damage_healed":0,"gold_gain":0,"player_choice":"Success","damage_taken":5,"relics_obtained":["Juzu Bracelet"],"max_hp_gain":0,"max_hp_loss":0,"event_name":"Scrap Ooze","floor":4,"gold_loss":0},{"damage_healed":0,"gold_gain":75,"player_choice":"Gather Gold","damage_taken":11,"max_hp_gain":0,"max_hp_loss":0,"event_name":"World of Goop","floor":11,"gold_loss":0},{"damage_healed":0,"gold_gain":0,"player_choice":"Obtained Relic","damage_taken":0,"relics_obtained":["Anchor"],"max_hp_gain":0,"max_hp_loss":0,"event_name":"Addict","floor":19,"gold_loss":85},{"damage_healed":0,"gold_gain":0,"player_choice":"Copied","damage_taken":0,"max_hp_gain":0,"max_hp_loss":0,"event_name":"Duplicator","floor":22,"gold_loss":0,"cards_obtained":["Ball Lightning"]},{"damage_healed":14,"gold_gain":0,"player_choice":"Heal","damage_taken":0,"max_hp_gain":0,"max_hp_loss":0,"event_name":"The Library","floor":30,"gold_loss":0},{"cards_removed":["Strike_B"],"damage_healed":0,"gold_gain":0,"player_choice":"Gave Gold","damage_taken":0,"max_hp_gain":0,"max_hp_loss":0,"event_name":"Beggar","floor":31,"gold_loss":75},{"cards_removed":["Sweeping Beam"],"damage_healed":0,"gold_gain":0,"player_choice":"Removed Attack","damage_taken":0,"max_hp_gain":0,"max_hp_loss":0,"event_name":"Falling","floor":37,"gold_loss":0},{"damage_healed":0,"gold_gain":0,"player_choice":"Gave Potion","damage_taken":0,"relics_obtained":["Question Card"],"max_hp_gain":0,"max_hp_loss":0,"event_name":"WeMeetAgain","floor":39,"gold_loss":0},{"cards_removed":["Parasite"],"damage_healed":0,"gold_gain":0,"player_choice":"Purged","damage_taken":0,"max_hp_gain":0,"max_hp_loss":0,"event_name":"Purifier","floor":46,"gold_loss":0}],"is_beta":false,"boss_relics":[{"not_picked":["Pandora\u0027s Box","Fusion Hammer"],"picked":"Philosopher\u0027s Stone"},{"not_picked":["SlaversCollar","Calling Bell"],"picked":"Astrolabe"}],"items_purged_floors":[12,28,41,47],"is_endless":false,"potions_floor_spawned":[3,7,18,27,29,35,42],"ascension_level":19}}