{"host":"rw1trt79hfpl7pom","time":1613867180,"event":{"mods":["BaseMod","Bestiary","Colored Map","Jorbs\u0027s Wanderer Trilogy","Minty Spire (QoL Compilation)","Relic Stats","StSLib","SuperFastMode"],"gold_per_floor":[119,136,136,136,2,27,42,67,67,24,97,97,124,154,166,255,267,229,241,7,7,24,24,53,53,53,53,53,385,402,430,430,503,503,514,524,537,537,554,579,579,611,611,623,623,623,634,500,500,500,500,500,500,10,44,44],"floor_reached":57,"language":"ENG","playtime":3032,"items_purged":["Decay","Strike_B+1"],"score":3322,"play_id":"d4c3d5f8-316f-4994-beba-9145d808cea6","local_time":"20210220162620","is_ascension_mode":true,"campfire_choices":[{"floor":12.0,"key":"REST"},{"data":"Defragment","floor":15.0,"key":"SMITH"},{"data":"Biased Cognition","floor":23.0,"key":"SMITH"},{"floor":27.0,"key":"DIG"},{"data":"Capacitor","floor":32.0,"key":"SMITH"},{"floor":45.0,"key":"DIG"},{"floor":49.0,"key":"RECALL"},{"floor":53,"key":"DIG"}],"circlet_count":0,"master_deck":["AscendersBane","Strike_B+1","Strike_B+1","Defend_B+1","Defend_B+1","Defend_B+1","Defend_B+1","Zap","Dualcast","Lockon","Streamline","Defragment+1","Glacier","Biased Cognition+1","Glacier","Aggregate","Hologram","Core Surge","Ghostly","Ghostly","Ghostly","Capacitor+1","Core Surge+1","Compile Driver+1","Undo+1","Creative AI","Consume+1","Defragment","Glacier+1","Defragment+1","Amplify+1","Violence+1","Coolheaded+1","Creative AI"],"relics":["Black Star","Toy Ornithopter","Bird Faced Urn","FossilizedHelix","MealTicket","Bottled Lightning","MawBank","Anchor","Cursed Key","Shovel","Art of War","Mango","Thread and Needle","Old Coin","Whetstone","Torii","Toxic Egg 2","Inserter","Bag of Preparation","Boot","Bronze Scales","Bag of Marbles","Strawberry","Eternal Feather","Gambling Chip","Emotion Chip","Pen Nib"],"acts_visited":["Exordium","TheCity","TheBeyond","TheEnding"],"potions_floor_usage":[56,56],"damage_taken":[{"damage":3.0,"enemies":"Small Slimes","floor":1.0,"turns":4.0},{"damage":2.0,"enemies":"Jaw Worm","floor":2.0,"turns":4.0},{"damage":30.0,"enemies":"3 Sentries","floor":6.0,"turns":8.0},{"damage":0.0,"enemies":"2 Louse","floor":7.0,"turns":5.0},{"damage":34.0,"enemies":"Gremlin Nob","floor":8.0,"turns":5.0},{"damage":0.0,"enemies":"Lagavulin","floor":13.0,"turns":7.0},{"damage":0.0,"enemies":"Blue Slaver","floor":14.0,"turns":3.0},{"damage":18.0,"enemies":"Slime Boss","floor":16.0,"turns":16.0},{"damage":0.0,"enemies":"2 Thieves","floor":18.0,"turns":5.0},{"damage":0.0,"enemies":"Chosen","floor":22.0,"turns":5.0},{"damage":22.0,"enemies":"Gremlin Leader","floor":24.0,"turns":13.0},{"damage":13.0,"enemies":"Book of Stabbing","floor":29.0,"turns":6.0},{"damage":0.0,"enemies":"Snecko","floor":30.0,"turns":7.0},{"damage":0.0,"enemies":"Slavers","floor":31.0,"turns":11.0},{"damage":0.0,"enemies":"Automaton","floor":33.0,"turns":15.0},{"damage":0.0,"enemies":"3 Darklings","floor":35.0,"turns":9.0},{"damage":0.0,"enemies":"3 Shapes","floor":36.0,"turns":6.0},{"damage":0.0,"enemies":"Maw","floor":37.0,"turns":8.0},{"damage":0.0,"enemies":"4 Shapes","floor":39.0,"turns":9.0},{"damage":9.0,"enemies":"Reptomancer","floor":40.0,"turns":12.0},{"damage":0.0,"enemies":"Nemesis","floor":42.0,"turns":12.0},{"damage":0.0,"enemies":"Transient","floor":44.0,"turns":6.0},{"damage":0.0,"enemies":"Maw","floor":47.0,"turns":11.0},{"damage":0.0,"enemies":"Time Eater","floor":50.0,"turns":21.0},{"damage":0.0,"enemies":"Donu and Deca","floor":51.0,"turns":12.0},{"damage":10,"enemies":"Shield and Spear","floor":55,"turns":15},{"damage":1,"enemies":"The Heart","floor":56,"turns":12}],"seed_played":"73785449765430857","potions_obtained":[{"floor":8.0,"key":"PowerPotion"},{"floor":13.0,"key":"EssenceOfDarkness"},{"floor":22.0,"key":"DistilledChaos"},{"floor":29.0,"key":"DuplicationPotion"},{"floor":33.0,"key":"Explosive Potion"},{"floor":35.0,"key":"Swift Potion"},{"floor":40.0,"key":"Swift Potion"}],"is_trial":false,"path_per_floor":["M","M","?","?","$","E","M","E","T","$","T","R","E","M","R","B",null,"M","?","$","?","M","R","E","?","T","R","$","E","M","E","R","B",null,"M","M","M","?","M","E","?","E","T","M","R","?","M","$","R","B","B",null,"R","$","E","B",null],"character_chosen":"DEFECT","items_purchased":["Defragment","ColorlessPotion","Glacier","Capacitor","Core Surge","Coolheaded+1","Gambling Chip","Energy Potion"],"campfire_rested":1,"item_purchase_floors":[5,5,10,20,20,48,54,54],"current_hp_per_floor":[61,59,59,64,64,34,36,4,4,19,19,41,45,49,49,35,66,70,38,38,38,38,38,16,8,22,22,37,37,43,54,54,57,57,57,57,57,54,54,54,54,54,54,54,61,51,61,61,61,61,61,61,61,61,61,61],"gold":44,"neow_bonus":"BOSS_RELIC","is_daily":false,"chose_seed":false,"campfire_upgraded":3,"win_rate":0.0,"timestamp":1613867180,"path_taken":["M","M","?","?","$","E","M","E","T","?","?","R","E","?","R","BOSS","M","?","$","?","M","R","E","?","T","R","$","E","M","E","R","BOSS","M","M","M","?","M","E","?","E","T","M","R","?","?","$","R","BOSS","BOSS","R","$","E","BOSS"],"items_purchased_type":["Card","Potion","Card","Card","Card","Card","Relic","Potion"],"build_version":"2020-12-22","purchased_purges":2,"victory":true,"max_hp_per_floor":[71,71,71,76,76,76,76,76,76,76,76,76,76,76,76,76,76,76,38,38,38,38,38,38,43,57,57,57,57,57,57,57,57,57,57,57,57,54,54,54,54,54,54,54,61,61,61,61,61,61,61,61,61,61,61,61],"relic_stats":{"Inserter":[53],"Torii":0,"counters":[27,247],"Eternal Feather":0,"Pen Nib":[0],"Bag of Preparation":[14],"Whetstone":["Core Surge","Compile Driver"],"MawBank":84,"Cursed Key":1,"Boot":[4],"Emotion Chip":[10,10,0,0,0],"Shovel":3,"Bird Faced Urn":[63],"Bronze Scales":[409],"Gambling Chip":[6],"MealTicket":30,"Black Star":9,"Art of War":[84],"obtain_stats":[{"Torii":31,"Mango":26,"Bag of Preparation":40,"Whetstone":29,"Cursed Key":17,"Boot":40,"Old Coin":29,"Emotion Chip":55,"Shovel":24,"Strawberry":45,"Gambling Chip":54,"MealTicket":8,"Toxic Egg 2":31,"Cracked Core":0,"Inserter":34,"Thread and Needle":27,"Eternal Feather":53,"Pen Nib":55,"MawBank":13,"Anchor":13,"Bird Faced Urn":6,"Bronze Scales":42,"Black Star":0,"Art of War":24,"Bag of Marbles":42,"Bottled Lightning":11,"Toy Ornithopter":6,"FossilizedHelix":8},{"Torii":14,"Mango":11,"Bag of Preparation":20,"Whetstone":12,"Cursed Key":8,"Boot":20,"Old Coin":12,"Emotion Chip":26,"Shovel":11,"Strawberry":22,"Gambling Chip":25,"MealTicket":5,"Toxic Egg 2":14,"Cracked Core":0,"Inserter":15,"Thread and Needle":11,"Eternal Feather":25,"Pen Nib":26,"MawBank":6,"Anchor":6,"Bird Faced Urn":3,"Bronze Scales":21,"Black Star":0,"Art of War":11,"Bag of Marbles":21,"Bottled Lightning":5,"Toy Ornithopter":3,"FossilizedHelix":5},{"Torii":99,"Mango":75,"Bag of Preparation":158,"Whetstone":81,"Cursed Key":52,"Boot":158,"Old Coin":81,"Emotion Chip":235,"Shovel":75,"Strawberry":176,"Gambling Chip":220,"MealTicket":26,"Toxic Egg 2":99,"Cracked Core":0,"Inserter":114,"Thread and Needle":75,"Eternal Feather":220,"Pen Nib":235,"MawBank":33,"Anchor":33,"Bird Faced Urn":16,"Bronze Scales":170,"Black Star":0,"Art of War":75,"Bag of Marbles":170,"Bottled Lightning":26,"Toy Ornithopter":16,"FossilizedHelix":26}],"Toy Ornithopter":20},"card_choices":[{"not_picked":["Turbo","Leap"],"picked":"Lockon","floor":1.0},{"not_picked":["Steam Power","Coolheaded"],"picked":"Streamline","floor":2.0},{"not_picked":["Go for the Eyes","Double Energy"],"picked":"Glacier","floor":6.0},{"not_picked":["Blizzard","Steam","Barrage"],"picked":"SKIP","floor":7.0},{"not_picked":["Turbo","Sweeping Beam"],"picked":"Biased Cognition","floor":8.0},{"not_picked":["Redo","Auto Shields"],"picked":"Aggregate","floor":13.0},{"not_picked":["Static Discharge","Steam"],"picked":"Hologram","floor":14.0},{"not_picked":["Rainbow","Amplify"],"picked":"Core Surge","floor":16.0},{"not_picked":["Gash","Chaos","Rip and Tear"],"picked":"SKIP","floor":18.0},{"not_picked":["Rebound","FTL","Beam Cell+1"],"picked":"SKIP","floor":22.0},{"not_picked":["Streamline","Beam Cell"],"picked":"Compile Driver","floor":24.0},{"not_picked":["Auto Shields","Gash","Leap"],"picked":"SKIP","floor":29.0},{"not_picked":["Darkness","Auto Shields","Blizzard"],"picked":"SKIP","floor":30.0},{"not_picked":["Streamline","Leap+1"],"picked":"Undo+1","floor":31.0},{"not_picked":["Meteor Strike","Rainbow+1"],"picked":"Creative AI","floor":33.0},{"not_picked":["Scrape","Leap+1"],"picked":"Consume+1","floor":35.0},{"not_picked":["Streamline+1","Ball Lightning"],"picked":"Defragment","floor":36.0},{"not_picked":["Chaos+1","Hello World"],"picked":"Glacier+1","floor":37.0},{"not_picked":["Storm","Lockon"],"picked":"Defragment+1","floor":39.0},{"not_picked":["Gash+1","Rebound"],"picked":"Amplify+1","floor":40.0},{"not_picked":["Ball Lightning","Blizzard","Auto Shields+1"],"picked":"SKIP","floor":42.0},{"not_picked":["Lockon","Ball Lightning+1","Redo+1"],"picked":"SKIP","floor":44.0},{"not_picked":["Transmutation+1","Discovery+1"],"picked":"Violence+1","floor":46.0},{"not_picked":["Rip and Tear","Conserve Battery+1","Double Energy+1"],"picked":"SKIP","floor":47.0},{"not_picked":["Storm+1","Heatsinks"],"picked":"Creative AI","floor":55}],"player_experience":2837735,"relics_obtained":[{"floor":6.0,"key":"Toy Ornithopter"},{"floor":6.0,"key":"Bird Faced Urn"},{"floor":8.0,"key":"FossilizedHelix"},{"floor":8.0,"key":"MealTicket"},{"floor":11.0,"key":"Bottled Lightning"},{"floor":13.0,"key":"MawBank"},{"floor":13.0,"key":"Anchor"},{"floor":24.0,"key":"Shovel"},{"floor":24.0,"key":"Art of War"},{"floor":26.0,"key":"Mango"},{"floor":27.0,"key":"Thread and Needle"},{"floor":29.0,"key":"Old Coin"},{"floor":29.0,"key":"Whetstone"},{"floor":31.0,"key":"Torii"},{"floor":31.0,"key":"Toxic Egg 2"},{"floor":40.0,"key":"Bag of Preparation"},{"floor":40.0,"key":"Boot"},{"floor":42.0,"key":"Bronze Scales"},{"floor":42.0,"key":"Bag of Marbles"},{"floor":45.0,"key":"Strawberry"},{"floor":53,"key":"Eternal Feather"},{"floor":55,"key":"Emotion Chip"},{"floor":55,"key":"Pen Nib"}],"event_choices":[{"damage_healed":0.0,"max_hp_gain":0.0,"max_hp_loss":0.0,"gold_gain":0.0,"event_name":"Liars Game","player_choice":"Ignored","floor":3.0,"gold_loss":0.0,"damage_taken":0.0},{"damage_healed":0.0,"max_hp_gain":5.0,"max_hp_loss":0.0,"gold_gain":0.0,"event_name":"Big Fish","player_choice":"Donut","floor":4.0,"gold_loss":0.0,"damage_taken":0.0},{"damage_healed":0.0,"max_hp_gain":0.0,"max_hp_loss":38.0,"gold_gain":0.0,"event_name":"Ghosts","player_choice":"Became a Ghost","floor":19.0,"gold_loss":0.0,"damage_taken":0.0,"cards_obtained":["Ghostly","Ghostly","Ghostly"]},{"damage_healed":0.0,"max_hp_gain":0.0,"max_hp_loss":0.0,"gold_gain":0.0,"event_name":"Back to Basics","player_choice":"Simplicity","floor":21.0,"gold_loss":0.0,"damage_taken":0.0,"cards_upgraded":["Strike_B","Strike_B","Strike_B","Strike_B","Defend_B","Defend_B","Defend_B","Defend_B"]},{"damage_healed":0.0,"max_hp_gain":5.0,"max_hp_loss":0.0,"gold_gain":0.0,"event_name":"Forgotten Altar","player_choice":"Shed Blood","floor":25.0,"gold_loss":0.0,"damage_taken":13.0},{"damage_healed":0.0,"max_hp_gain":0.0,"max_hp_loss":3.0,"gold_gain":0.0,"event_name":"Winding Halls","player_choice":"Max HP","floor":38.0,"gold_loss":0.0,"damage_taken":0.0},{"cards_removed":["Strike_B"],"damage_healed":0.0,"max_hp_gain":0.0,"max_hp_loss":0.0,"gold_gain":0.0,"event_name":"Falling","player_choice":"Removed Attack","floor":41.0,"gold_loss":0.0,"damage_taken":0.0},{"damage_healed":0.0,"max_hp_gain":0.0,"max_hp_loss":0.0,"gold_gain":0.0,"event_name":"SensoryStone","player_choice":"Memory 3","floor":46.0,"gold_loss":0.0,"damage_taken":10.0}],"is_beta":false,"boss_relics":[{"not_picked":["Ectoplasm","SacredBark"],"picked":"Cursed Key"},{"not_picked":["Empty Cage","Calling Bell"],"picked":"Inserter"}],"items_purged_floors":[48,54],"is_endless":false,"potions_floor_spawned":[8,13,16,22,29,33,35,40],"ascension_level":20}}