{"host":"r4yhuzs0e1z69tr3","time":1613940722,"event":{"mods":["BaseMod","Minty Spire (QoL Compilation)","Rare Cards Sparkle"],"gold_per_floor":[114,125,125,141,141,141,176,192,218,218,93,109,129,153,153,257,257,272,272,272,272,284,310,54,73,73,73,73],"floor_reached":27,"language":"ENG","playtime":1606,"items_purged":[],"score":271,"play_id":"c9874073-f7f2-49fc-b354-d5113f137293","local_time":"20210221155202","is_ascension_mode":true,"campfire_choices":[{"data":"Eruption","floor":6,"key":"SMITH"},{"floor":10,"key":"REST"},{"floor":15,"key":"REST"}],"circlet_count":0,"master_deck":["Strike_P+1","Strike_P","Strike_P","Strike_P+1","Defend_P+1","Defend_P","Defend_P","Defend_P","Eruption+1","Vigilance","Halt","Crescendo","Adaptation","Perseverance","FlurryOfBlows","Consecrate","LessonLearned","Consecrate","Consecrate","Scrawl","FollowUp","RitualDagger","Tantrum","EmptyFist"],"relics":["SlaversCollar","Toy Ornithopter","Oddly Smooth Stone","Whetstone","Odd Mushroom","Black Star","Kunai","Tiny Chest","Ginger","Singing Bowl","GoldenEye"],"acts_visited":["Exordium","TheCity"],"potions_floor_usage":[13,16,16,27],"damage_taken":[{"damage":2,"enemies":"2 Louse","floor":1,"turns":3},{"damage":0,"enemies":"Jaw Worm","floor":2,"turns":4},{"damage":0,"enemies":"Cultist","floor":4,"turns":4},{"damage":37,"enemies":"Gremlin Nob","floor":7,"turns":4},{"damage":4,"enemies":"Looter","floor":8,"turns":4},{"damage":0,"enemies":"Large Slime","floor":12,"turns":2},{"damage":3,"enemies":"Blue Slaver","floor":13,"turns":3},{"damage":17,"enemies":"The Mushroom Lair","floor":14,"turns":3},{"damage":61,"enemies":"The Guardian","floor":16,"turns":9},{"damage":12,"enemies":"Shell Parasite","floor":18,"turns":6},{"damage":18,"enemies":"2 Thieves","floor":22,"turns":4},{"damage":0,"enemies":"Gremlin Leader","floor":23,"turns":3},{"damage":12,"enemies":"3 Cultists","floor":25,"turns":3},{"damage":33,"enemies":"Book of Stabbing","floor":27,"turns":5}],"seed_played":"-4734586285185633272","potions_obtained":[{"floor":1,"key":"SpeedPotion"},{"floor":7,"key":"BlessingOfTheForge"},{"floor":12,"key":"Fire Potion"},{"floor":14,"key":"ColorlessPotion"},{"floor":25,"key":"GamblersBrew"}],"is_trial":false,"path_per_floor":["M","M","?","M","?","R","E","M","T","R","$","M","M","?","R","B",null,"M","?","?","T","M","E","$","M","T","E"],"character_chosen":"WATCHER","items_purchased":["Consecrate","LessonLearned","Singing Bowl"],"campfire_rested":2,"item_purchase_floors":[11,11,24],"current_hp_per_floor":[70,70,70,70,70,70,33,29,29,50,50,50,52,35,56,5,72,60,60,54,54,36,36,36,26,26,0,0],"gold":73,"neow_bonus":"BOSS_RELIC","is_daily":false,"chose_seed":false,"campfire_upgraded":1,"win_rate":0.0,"timestamp":1613940722,"path_taken":["M","M","?","M","?","R","E","?","T","R","$","M","M","?","R","BOSS","M","?","?","?","M","E","$","M","T","E"],"items_purchased_type":["Card","Card","Relic"],"build_version":"2020-12-22","purchased_purges":0,"victory":false,"max_hp_per_floor":[72,72,72,72,72,72,72,72,72,72,72,72,72,72,72,72,72,72,72,72,72,72,72,72,74,74,74,74],"card_choices":[{"not_picked":["Vengeance","SashWhip"],"picked":"Halt","floor":1},{"not_picked":["TalkToTheHand","SashWhip"],"picked":"Crescendo","floor":2},{"not_picked":["ThirdEye","Evaluate"],"picked":"Adaptation","floor":4},{"not_picked":["Pray","Crescendo"],"picked":"Perseverance","floor":7},{"not_picked":["EmptyFist","Protect"],"picked":"FlurryOfBlows","floor":8},{"not_picked":["Perseverance","Collect","BowlingBash"],"picked":"SKIP","floor":12},{"not_picked":["WaveOfTheHand","Crescendo"],"picked":"Consecrate","floor":13},{"not_picked":["Study","ThirdEye"],"picked":"Consecrate","floor":14},{"not_picked":["Alpha","MasterReality"],"picked":"Scrawl","floor":16},{"not_picked":["SashWhip","FlurryOfBlows"],"picked":"FollowUp","floor":18},{"not_picked":["Weave","CutThroughFate"],"picked":"Tantrum","floor":22},{"not_picked":["Study","Protect"],"picked":"EmptyFist","floor":23},{"not_picked":["Sanctity","FlurryOfBlows+1","Wallop"],"picked":"Singing Bowl","floor":25}],"player_experience":144394,"relics_obtained":[{"floor":7,"key":"Oddly Smooth Stone"},{"floor":9,"key":"Whetstone"},{"floor":14,"key":"Odd Mushroom"},{"floor":21,"key":"Kunai"},{"floor":23,"key":"Tiny Chest"},{"floor":23,"key":"Ginger"},{"floor":26,"key":"GoldenEye"}],"event_choices":[{"damage_healed":0,"gold_gain":0,"player_choice":"Ignored","damage_taken":0,"max_hp_gain":0,"max_hp_loss":0,"event_name":"Liars Game","floor":3,"gold_loss":0},{"damage_healed":0,"gold_gain":0,"player_choice":"Gave Potion","damage_taken":0,"relics_obtained":["Toy Ornithopter"],"max_hp_gain":0,"max_hp_loss":0,"event_name":"WeMeetAgain","floor":5,"gold_loss":0},{"damage_healed":0,"gold_gain":0,"player_choice":"Fought Mushrooms","damage_taken":0,"max_hp_gain":0,"max_hp_loss":0,"event_name":"Mushrooms","floor":14,"gold_loss":0},{"damage_healed":0,"gold_gain":0,"player_choice":"Ignored","damage_taken":0,"max_hp_gain":0,"max_hp_loss":0,"event_name":"Vampires","floor":19,"gold_loss":0},{"damage_healed":0,"gold_gain":0,"player_choice":"Joined the Cult","damage_taken":6,"max_hp_gain":0,"max_hp_loss":0,"event_name":"Nest","floor":20,"gold_loss":0,"cards_obtained":["RitualDagger"]}],"is_beta":false,"boss_relics":[{"not_picked":["Coffee Dripper","Runic Dome"],"picked":"Black Star"}],"items_purged_floors":[],"is_endless":false,"potions_floor_spawned":[1,7,12,14,25],"killed_by":"Book of Stabbing","ascension_level":1}}