{"host":"3syfdf73vqzvzpwj","time":1613933178,"event":{"mods":["AchievementEnabler","BaseMod","Colored Map","Minty Spire (QoL Compilation)","everything is the same but u backflip on backflip"],"gold_per_floor":[216,227,240,240,171,197,197,212,212,65,65,79,79,114,114,219,219,237,254,254,265,265,265],"floor_reached":22,"language":"KOR","playtime":643,"items_purged":[],"score":254,"play_id":"97d51568-b602-49b3-9003-3ae687182036","local_time":"20210222034618","is_ascension_mode":true,"campfire_choices":[{"floor":7.0,"key":"REST"},{"data":"Eruption","floor":11.0,"key":"SMITH"},{"floor":13.0,"key":"REST"},{"data":"CrushJoints","floor":15.0,"key":"SMITH"}],"circlet_count":0,"master_deck":["Strike_P","Strike_P","Strike_P","Strike_P","Defend_P","Defend_P","Defend_P","Defend_P","Eruption+1","Vigilance","CrushJoints+1","EmptyFist","FlurryOfBlows","InnerPeace","Consecrate","EmptyFist","Judgement","Alpha","RitualDagger","Meditate+1"],"relics":["PureWater","Pear","StrikeDummy","Mercury Hourglass","Vajra","Ancient Tea Set","Busted Crown"],"acts_visited":["Exordium","TheCity"],"potions_floor_usage":[],"damage_taken":[{"damage":4.0,"enemies":"Jaw Worm","floor":1.0,"turns":4.0},{"damage":1.0,"enemies":"Cultist","floor":2.0,"turns":4.0},{"damage":0.0,"enemies":"2 Louse","floor":3.0,"turns":3.0},{"damage":57.0,"enemies":"3 Sentries","floor":6.0,"turns":10.0},{"damage":0.0,"enemies":"Blue Slaver","floor":8.0,"turns":2.0},{"damage":0.0,"enemies":"Large Slime","floor":12.0,"turns":2.0},{"damage":0.0,"enemies":"Lagavulin","floor":14.0,"turns":4.0},{"damage":52.0,"enemies":"Hexaghost","floor":16.0,"turns":5.0},{"damage":0.0,"enemies":"3 Byrds","floor":18.0,"turns":3.0},{"damage":21.0,"enemies":"Shell Parasite","floor":19.0,"turns":4.0},{"damage":9,"enemies":"Centurion and Healer","floor":21,"turns":3},{"damage":14,"enemies":"Snake Plant","floor":22,"turns":2}],"seed_played":"-7413867764104833723","potions_obtained":[{"floor":2.0,"key":"Energy Potion"},{"floor":6.0,"key":"PowerPotion"}],"is_trial":false,"path_per_floor":["M","M","M","?","$","E","R","M","T","$","R","M","R","E","R","B",null,"M","M","?","M","M"],"character_chosen":"WATCHER","items_purchased":["InnerPeace","Vajra"],"campfire_rested":2,"item_purchase_floors":[5,10],"current_hp_per_floor":[68,67,67,77,77,20,44,44,44,44,44,44,68,68,68,16,82,82,61,55,46,32,32],"gold":265,"neow_bonus":"HUNDRED_GOLD","is_daily":false,"chose_seed":false,"campfire_upgraded":2,"win_rate":0.0,"timestamp":1613933178,"path_taken":["M","M","M","?","?","E","R","M","T","$","R","?","R","E","R","BOSS","M","M","?","M","M"],"items_purchased_type":["Card","Relic"],"build_version":"2020-12-22","purchased_purges":0,"victory":false,"max_hp_per_floor":[72,72,72,82,82,82,82,82,82,82,82,82,82,82,82,82,82,82,82,82,82,82,82],"card_choices":[{"not_picked":["EmptyBody","ThirdEye"],"picked":"CrushJoints","floor":1.0},{"not_picked":["ThirdEye","FearNoEvil"],"picked":"EmptyFist","floor":2.0},{"not_picked":["ClearTheMind","PathToVictory"],"picked":"FlurryOfBlows","floor":3.0},{"not_picked":["Indignation","Study"],"picked":"Consecrate","floor":6.0},{"not_picked":["SashWhip","DeceiveReality","Prostrate"],"picked":"SKIP","floor":8.0},{"not_picked":["InnerPeace","PathToVictory"],"picked":"EmptyFist","floor":12.0},{"not_picked":["Protect","Conclude"],"picked":"Judgement","floor":14.0},{"not_picked":["Ragnarok","Judgement"],"picked":"Alpha","floor":16.0},{"not_picked":["WreathOfFlame"],"picked":"SKIP","floor":18.0},{"not_picked":["Weave"],"picked":"SKIP","floor":19.0},{"not_picked":[],"picked":"Meditate+1","floor":21}],"player_experience":212652,"relics_obtained":[{"floor":6.0,"key":"StrikeDummy"},{"floor":9.0,"key":"Mercury Hourglass"},{"floor":14.0,"key":"Ancient Tea Set"}],"event_choices":[{"damage_healed":0.0,"max_hp_gain":0.0,"max_hp_loss":0.0,"gold_gain":0.0,"event_name":"WeMeetAgain","player_choice":"Gave Potion","floor":4.0,"gold_loss":0.0,"damage_taken":0.0,"relics_obtained":["Pear"]},{"damage_healed":0.0,"max_hp_gain":0.0,"max_hp_loss":0.0,"gold_gain":0.0,"event_name":"Nest","player_choice":"Joined the Cult","floor":20.0,"gold_loss":0.0,"damage_taken":6.0,"cards_obtained":["RitualDagger"]}],"is_beta":false,"boss_relics":[{"not_picked":["Tiny House","Cursed Key"],"picked":"Busted Crown"}],"items_purged_floors":[],"is_endless":false,"potions_floor_spawned":[2,6],"killed_by":"Snake Plant","ascension_level":3}}