{"host":"g3js2eermvvpeiqn","time":1613905152,"event":{"mods":["BaseMod","DeckTracker","Downfall","Minty Spire (QoL Compilation)","Quick Restart","StSLib"],"gold_per_floor":[117,117,42,59,59,91,101,101,101,120,155,172,172,3,3,77,77,95,20,35,35,48,73,73,73,73,73,92,107,107,32,32,105,105,123,13,29,41,41,41,72,72,72,402,402,412,233,233,233,233,233],"floor_reached":50,"language":"ENG","playtime":2103,"items_purged":["Strike_G","Defend_G"],"score":1181,"play_id":"49767a9c-9329-4294-b54e-677258560e95","local_time":"20210221045912","is_ascension_mode":true,"campfire_choices":[{"data":"Wraith Form v2","floor":8.0,"key":"SMITH"},{"data":"Noxious Fumes","floor":13.0,"key":"SMITH"},{"data":"Cloak And Dagger","floor":15.0,"key":"SMITH"},{"floor":24.0,"key":"REST"},{"data":"Catalyst","floor":30.0,"key":"SMITH"},{"data":"Adrenaline","floor":32.0,"key":"SMITH"},{"floor":40.0,"key":"REST"},{"data":"Deadly Poison","floor":42.0,"key":"SMITH"},{"floor":45.0,"key":"RECALL"},{"data":"Catalyst","floor":49.0,"key":"SMITH"}],"circlet_count":0,"master_deck":["AscendersBane","Defend_G","Defend_G+1","Defend_G","Survivor","Neutralize","Poisoned Stab","Noxious Fumes+1","Wraith Form v2+1","Poisoned Stab","Cloak And Dagger+1","PiercingWail","Adrenaline+1","Catalyst+1","Deadly Poison+1","Leg Sweep","Doppelganger","Well Laid Plans","Acrobatics","Catalyst+1"],"relics":["Ring of the Snake","NeowsBlessing","Bottled Tornado","Kunai","Lantern","SlaversCollar","FossilizedHelix","Pantograph","Nloth\u0027s Gift","Empty Cage","Bronze Scales","Old Coin"],"acts_visited":["Exordium","TheCity","TheBeyond"],"potions_floor_usage":[50,50],"damage_taken":[{"damage":0.0,"enemies":"2 Louse","floor":1.0,"turns":1.0},{"damage":0.0,"enemies":"Jaw Worm","floor":4.0,"turns":1.0},{"damage":0.0,"enemies":"3 Sentries","floor":6.0,"turns":1.0},{"damage":0.0,"enemies":"Cultist","floor":7.0,"turns":4.0},{"damage":3.0,"enemies":"Blue Slaver","floor":10.0,"turns":5.0},{"damage":26.0,"enemies":"Gremlin Nob","floor":11.0,"turns":4.0},{"damage":0.0,"enemies":"2 Fungi Beasts","floor":12.0,"turns":4.0},{"damage":7.0,"enemies":"Hexaghost","floor":16.0,"turns":10.0},{"damage":2.0,"enemies":"Spheric Guardian","floor":18.0,"turns":6.0},{"damage":1.0,"enemies":"Chosen","floor":20.0,"turns":6.0},{"damage":6.0,"enemies":"Centurion and Healer","floor":22.0,"turns":7.0},{"damage":15.0,"enemies":"Slavers","floor":23.0,"turns":7.0},{"damage":9.0,"enemies":"3 Cultists","floor":28.0,"turns":6.0},{"damage":3.0,"enemies":"Shelled Parasite and Fungi","floor":29.0,"turns":5.0},{"damage":44.0,"enemies":"Automaton","floor":33.0,"turns":11.0},{"damage":0.0,"enemies":"3 Shapes","floor":35.0,"turns":3.0},{"damage":0.0,"enemies":"Orb Walker","floor":37.0,"turns":5.0},{"damage":37.0,"enemies":"3 Darklings","floor":38.0,"turns":6.0},{"damage":6.0,"enemies":"Nemesis","floor":41.0,"turns":7.0},{"damage":23.0,"enemies":"Giant Head","floor":44.0,"turns":8.0},{"damage":0.0,"enemies":"Spire Growth","floor":46.0,"turns":5.0},{"damage":42,"enemies":"Awakened One","floor":50,"turns":5}],"seed_played":"2278653639524338196","potions_obtained":[{"floor":1.0,"key":"Poison Potion"},{"floor":6.0,"key":"LiquidMemories"},{"floor":11.0,"key":"Weak Potion"},{"floor":12.0,"key":"Strength Potion"},{"floor":18.0,"key":"SkillPotion"},{"floor":33.0,"key":"Fire Potion"},{"floor":35.0,"key":"EssenceOfSteel"},{"floor":38.0,"key":"Explosive Potion"}],"is_trial":false,"path_per_floor":["M","?","?","M","$","E","M","R","T","M","E","M","R","$","R","B",null,"M","?","M","?","M","E","R","?","T","?","M","M","R","$","R","B",null,"M","?","M","M","?","R","E","R","T","E","R","M","$","?","R","B"],"character_chosen":"THE_SILENT","items_purchased":["Lantern","Catalyst"],"campfire_rested":2,"item_purchase_floors":[14,47],"current_hp_per_floor":[59,64,64,64,64,64,64,64,64,61,35,35,35,35,35,28,60,58,58,57,37,31,16,38,38,38,38,29,26,26,26,26,7,59,59,59,59,22,22,44,38,38,38,15,15,15,15,15,15,0,0],"gold":233,"neow_bonus":"THREE_ENEMY_KILL","is_daily":false,"chose_seed":false,"campfire_upgraded":7,"win_rate":0.0,"timestamp":1613905152,"path_taken":["M","?","?","?","$","E","M","R","T","?","E","M","R","?","R","BOSS","M","?","M","?","M","E","R","?","T","?","M","?","R","?","R","BOSS","M","?","M","?","?","R","E","R","T","E","R","M","$","?","R","BOSS"],"items_purchased_type":["Relic","Card"],"build_version":"2020-12-22","purchased_purges":2,"victory":false,"max_hp_per_floor":[66,71,71,71,71,71,71,71,71,71,71,71,71,71,71,71,71,71,71,71,76,76,76,76,76,76,76,76,76,76,76,76,76,76,76,76,76,76,76,76,76,76,76,76,76,76,76,72,72,72,72],"card_choices":[{"not_picked":["Finisher","Outmaneuver"],"picked":"Poisoned Stab","floor":1.0},{"not_picked":["Sucker Punch","Quick Slash"],"picked":"Noxious Fumes","floor":4.0},{"not_picked":["Riddle With Holes","All Out Attack","Prepared"],"picked":"SKIP","floor":6.0},{"not_picked":["Calculated Gamble","Deadly Poison"],"picked":"Wraith Form v2","floor":7.0},{"not_picked":["Tactician","Slice"],"picked":"Poisoned Stab","floor":10.0},{"not_picked":["Distraction","Backflip"],"picked":"Cloak And Dagger","floor":11.0},{"not_picked":["Choke","Acrobatics"],"picked":"PiercingWail","floor":12.0},{"not_picked":["Night Terror","Phantasmal Killer"],"picked":"Adrenaline","floor":16.0},{"not_picked":["Tactician","Poisoned Stab","Deflect"],"picked":"SKIP","floor":18.0},{"not_picked":["Quick Slash","Outmaneuver","Slice"],"picked":"SKIP","floor":20.0},{"not_picked":["Outmaneuver+1","Storm of Steel"],"picked":"Catalyst","floor":22.0},{"not_picked":["Caltrops","Setup","Sucker Punch"],"picked":"SKIP","floor":23.0},{"not_picked":["Dodge and Roll","Slice"],"picked":"Deadly Poison","floor":28.0},{"not_picked":["Reflex","Distraction"],"picked":"Leg Sweep","floor":29.0},{"not_picked":["Glass Knife","Storm of Steel"],"picked":"Doppelganger","floor":33.0},{"not_picked":["Quick Slash","Poisoned Stab+1","Underhanded Strike"],"picked":"SKIP","floor":35.0},{"not_picked":["Acrobatics","Setup"],"picked":"Well Laid Plans","floor":37.0},{"not_picked":["Skewer+1","Deadly Poison"],"picked":"Acrobatics","floor":38.0},{"not_picked":["Calculated Gamble","Blur","Doppelganger"],"picked":"SKIP","floor":41.0},{"not_picked":["Dash+1","Distraction","All Out Attack+1"],"picked":"SKIP","floor":44.0},{"not_picked":["Deflect+1","Venomology","Slice"],"picked":"SKIP","floor":46.0},{"not_picked":["Deflect+1","Venomology","Slice"],"picked":"SKIP","floor":46.0}],"player_experience":1543695,"relics_obtained":[{"floor":6.0,"key":"Bottled Tornado"},{"floor":9.0,"key":"Kunai"},{"floor":11.0,"key":"Oddly Smooth Stone"},{"floor":23.0,"key":"FossilizedHelix"},{"floor":26.0,"key":"Pantograph"},{"floor":41.0,"key":"Bronze Scales"},{"floor":44.0,"key":"Old Coin"}],"event_choices":[{"damage_healed":0.0,"max_hp_gain":5.0,"max_hp_loss":0.0,"gold_gain":0.0,"event_name":"Big Fish","player_choice":"Donut","floor":2.0,"gold_loss":0.0,"damage_taken":0.0},{"cards_removed":["Strike_G"],"damage_healed":0.0,"max_hp_gain":0.0,"max_hp_loss":0.0,"gold_gain":0.0,"event_name":"The Cleric","player_choice":"Card Removal","floor":3.0,"gold_loss":75.0,"damage_taken":0.0},{"cards_removed":["Strike_G"],"damage_healed":0.0,"max_hp_gain":0.0,"max_hp_loss":0.0,"gold_gain":0.0,"event_name":"Beggar","player_choice":"Gave Gold","floor":19.0,"gold_loss":75.0,"damage_taken":0.0},{"damage_healed":0.0,"max_hp_gain":5.0,"max_hp_loss":0.0,"gold_gain":0.0,"event_name":"Forgotten Altar","player_choice":"Shed Blood","floor":21.0,"gold_loss":0.0,"damage_taken":25.0},{"damage_healed":0.0,"max_hp_gain":0.0,"max_hp_loss":0.0,"gold_gain":0.0,"event_name":"N\u0027loth","player_choice":"Traded Relic","floor":27.0,"relics_lost":["Oddly Smooth Stone"],"gold_loss":0.0,"damage_taken":0.0,"relics_obtained":["Nloth\u0027s Gift"]},{"cards_removed":["Defend_G"],"damage_healed":0.0,"max_hp_gain":0.0,"max_hp_loss":0.0,"gold_gain":0.0,"event_name":"Designer","player_choice":"Upgrade and Remove","floor":36.0,"gold_loss":110.0,"damage_taken":0.0,"cards_upgraded":["Defend_G"]},{"damage_healed":0.0,"max_hp_gain":0.0,"max_hp_loss":0.0,"gold_gain":0.0,"event_name":"SensoryStone","player_choice":"Memory 1","floor":39.0,"gold_loss":0.0,"damage_taken":0.0},{"damage_healed":0.0,"max_hp_gain":0.0,"max_hp_loss":4.0,"gold_gain":0.0,"event_name":"Winding Halls","player_choice":"Max HP","floor":48.0,"gold_loss":0.0,"damage_taken":0.0}],"is_beta":false,"boss_relics":[{"not_picked":["HoveringKite","Philosopher\u0027s Stone"],"picked":"SlaversCollar"},{"not_picked":["Tiny House","Black Star"],"picked":"Empty Cage"}],"items_purged_floors":[31,47],"is_endless":false,"potions_floor_spawned":[1,6,11,12,18,22,33,35,37,38,44],"killed_by":"Awakened One","ascension_level":20}}