{"host":"5rycm1ajjg5acc5q","time":1613947238,"event":{"mods":["BaseMod","Better Third Choice","Downfall","Highlight Path","Minty Spire (QoL Compilation)","Replay The Spire","StSLib"],"gold_per_floor":[99,112,131,141,160,106,131,150,50,76,76,104,104,104,115,115,115,115],"floor_reached":16,"language":"ENG","playtime":1746,"items_purged":[],"score":123,"play_id":"1309b13b-2ba1-4a6b-9646-fc968c8e2a04","local_time":"20210221164038","is_ascension_mode":true,"campfire_choices":[{"data":"champ:GladiatorStyle","floor":1,"key":"SMITH"},{"data":"champ:UltimateStance","floor":9,"key":"SMITH"},{"floor":11,"key":"REST"},{"floor":13,"key":"RECALL"}],"circlet_count":0,"master_deck":["champ:Defend","champ:Defend","champ:Defend","champ:Defend","champ:Execute","champ:Taunt","champ:GladiatorStyle+1","champ:StanceDance","champ:ViciousMockery","champ:IronFortress","champ:ShieldWall","champ:UltimateStance+1","champ:EnchantSword","champ:StanceDance","champ:RapidStrikes","champ:BladeFlurry","champ:GutPunch"],"relics":["champ:ChampionCrown","Replay:PocketPolymizer","downfall:HeartBlessingBlue","Happy Flower","Orichalcum","champ:LiftRelic"],"acts_visited":["Exordium"],"potions_floor_usage":[5,10],"damage_taken":[{"damage":10,"enemies":"2 Louse","floor":2,"turns":3},{"damage":22,"enemies":"Jaw Worm","floor":3,"turns":5},{"damage":21,"enemies":"Small Slimes","floor":4,"turns":4},{"damage":27,"enemies":"Exordium Thugs","floor":5,"turns":5},{"damage":25,"enemies":"downfall:FleeingMerchant","floor":6,"turns":4},{"damage":48,"enemies":"Gremlin Gang","floor":8,"turns":6},{"damage":33,"enemies":"Lagavulin","floor":10,"turns":6},{"damage":27,"enemies":"Replay:BlueRogue","floor":12,"turns":4},{"damage":10,"enemies":"downfall:LooterAlt","floor":15,"turns":4},{"damage":56,"enemies":"WA_ARCHETYPE_RETAIN","floor":16,"turns":7}],"seed_played":"782539592137537552","potions_obtained":[{"floor":2,"key":"Languid Potion"},{"floor":4,"key":"Block Potion"},{"floor":12,"key":"bronze:BurnAndBuffPotion"}],"is_trial":false,"path_per_floor":["R","M","M","M","M","$","T","M","R","E","R","E","R","?","M","B"],"character_chosen":"THE_CHAMP","items_purchased":["champ:ShieldWall"],"campfire_rested":1,"item_purchase_floors":[6],"current_hp_per_floor":[63,63,61,60,53,48,48,20,30,27,57,35,35,35,35,0,0,0],"gold":115,"neow_bonus":"ONE_RARE_RELIC","is_daily":false,"chose_seed":false,"campfire_upgraded":2,"win_rate":0.0,"timestamp":1613947238,"path_taken":["R","M","M","M","M","$","T","M","R","E","R","E","R","?","M","BOSS"],"items_purchased_type":["Card"],"build_version":"2020-12-22","purchased_purges":0,"victory":false,"max_hp_per_floor":[90,90,90,90,90,90,90,90,100,100,100,100,100,100,100,100,100,100],"card_choices":[{"not_picked":["champ:FanOfKnives","champ:EnGarde","champ:ShieldSigil"],"picked":"SKIP","floor":2},{"not_picked":["champ:Lariat","champ:RisingSlash"],"picked":"champ:StanceDance","floor":3},{"not_picked":["champ:ShieldSigil","champ:FanOfKnives","champ:Shatter"],"picked":"SKIP","floor":4},{"not_picked":["champ:TornadoPunch","champ:BerserkersShout"],"picked":"champ:ViciousMockery","floor":5},{"not_picked":["champ:PreemptiveStrike","champ:DefensiveShout"],"picked":"champ:IronFortress","floor":6},{"not_picked":["champ:FlashCut","champ:ViciousMockery"],"picked":"champ:UltimateStance","floor":8},{"not_picked":["champ:BerserkersShout","champ:SwordSigil"],"picked":"champ:StanceDance","floor":10},{"not_picked":["champ:PreciseThrust","champ:PerfectedStrike","champ:StanceDance"],"picked":"SKIP","floor":12},{"not_picked":["champ:Encircle","champ:BladeFlurry"],"picked":"champ:GutPunch","floor":15}],"player_experience":648267,"relics_obtained":[{"floor":10,"key":"Happy Flower"},{"floor":12,"key":"Orichalcum"}],"event_choices":[],"is_beta":false,"boss_relics":[],"items_purged_floors":[],"is_endless":false,"potions_floor_spawned":[2,4,12],"killed_by":"WA_ARCHETYPE_RETAIN","ascension_level":2}}