{"host":"j0lq4v91luowxwha","time":1613938119,"event":{"mods":["BaseMod","Colored Powertips","Downfall","Hermit","Minty Spire (QoL Compilation)","Quick Restart","Replay The Spire","StSLib","SuperFastMode","The Cursed"],"gold_per_floor":[99,116,135,155,167,196,196,196,196,207,207,224,244,244,255,356,356,356,374,386,79,99,134,134,134,19,19,47,59,59,69,81,178,178,178,188,208,276,208,208,260,290,290,310,344,48,94,107,126,126],"floor_reached":51,"language":"ENG","playtime":3388,"items_purged":["Sickly","Slimebound:Grow","Slimebound:SplitLeeching","Slimebound:Strike_Slimebound+1"],"score":778,"play_id":"90b721f7-108a-43cf-b494-24f1c585b146","local_time":"20210221150839","is_ascension_mode":false,"campfire_choices":[{"data":"Slimebound:Split","floor":1,"key":"SMITH"},{"data":"Slimebound:FormOfPuddle","floor":8,"key":"SMITH"},{"floor":11,"key":"REST"},{"data":"Slimebound:LeechLife","floor":18,"key":"SMITH"},{"data":"Slimebound:AcidTongue","floor":27,"key":"SMITH"},{"data":"Slimebound:SlimeSlap","floor":35,"key":"SMITH"},{"data":"Slimebound:Replication","floor":40,"key":"SMITH"},{"data":"Slimebound:OozeBath","floor":43,"key":"SMITH"}],"circlet_count":0,"master_deck":["Slimebound:Strike_Slimebound","Slimebound:Defend_Slimebound","Slimebound:Defend_Slimebound","Slimebound:Defend_Slimebound","Slimebound:Split+1","Slimebound:CorrosiveSpit+1","Slimebound:OneTwoCombo+1","Slimebound:DouseInSlime+1","Slimebound:FinishingTackle+1","Slimebound:FormOfPuddle+1","Slimebound:GoopSpray","Slimebound:LivingWall","Slimebound:ViciousTackle+1","Slimebound:LeechEnergy","Slimebound:LeechLife+1","Slimebound:Prepare","Slimebound:AcidTongue+1","Slimebound:LeechLife+1","Slimebound:Gluttony+1","Slimebound:RejuvenatingLick+1","Slimebound:LeechingTouch+1","Slimebound:Repurpose","Slimebound:SlimeSlap+1","Slimebound:OozeBath+1","Slimebound:Replication+1","Slimebound:FormOfPuddle+1","Slimebound:SpikyOuterGoop+1","Slimebound:FormOfPuddle+1"],"relics":["Astrolabe","Centennial Puzzle","Slimebound:AggressiveSlimeRelic","Ring of Fury","Slimebound:TarBlob","Whetstone","Replay:Bottled Flurry","Replay:WaspNest","Question Card","Velvet Choker","Chameleon Ring","Replay:Baseball","Pen Nib","ReplayTheSpireMod:Ninjato","Guide Book","Replay:PocketPolymizer"],"acts_visited":["Exordium","TheCity","TheBeyond"],"potions_floor_usage":[50],"damage_taken":[{"damage":0,"enemies":"Cultist","floor":2,"turns":3},{"damage":0,"enemies":"Small Slimes","floor":3,"turns":3},{"damage":4,"enemies":"Jaw Worm","floor":4,"turns":3},{"damage":8,"enemies":"3 Louse","floor":5,"turns":4},{"damage":13,"enemies":"Lagavulin","floor":6,"turns":9},{"damage":6,"enemies":"Gremlin Gang","floor":10,"turns":4},{"damage":9,"enemies":"Red Slaver","floor":12,"turns":3},{"damage":0,"enemies":"Exordium Wildlife","floor":13,"turns":2},{"damage":6,"enemies":"2 Fungi Beasts","floor":15,"turns":2},{"damage":27,"enemies":"DF_ARCHETYPE_STREAMLINE","floor":16,"turns":6},{"damage":12,"enemies":"Spheric Guardian","floor":19,"turns":4},{"damage":5,"enemies":"Chosen","floor":20,"turns":2},{"damage":3,"enemies":"downfall:FleeingMerchant","floor":21,"turns":4},{"damage":20,"enemies":"Centurion and Healer","floor":22,"turns":6},{"damage":58,"enemies":"Book of Stabbing","floor":23,"turns":6},{"damage":0,"enemies":"downfall:FleeingMerchant","floor":26,"turns":4},{"damage":56,"enemies":"Slavers","floor":28,"turns":5},{"damage":3,"enemies":"Snake Plant","floor":29,"turns":2},{"damage":9,"enemies":"Cultist and Chosen","floor":31,"turns":4},{"damage":15,"enemies":"Snecko","floor":32,"turns":4},{"damage":51,"enemies":"WA_ARCHETYPE_CALM","floor":33,"turns":7},{"damage":28,"enemies":"3 Darklings","floor":36,"turns":4},{"damage":1,"enemies":"3 Shapes","floor":37,"turns":4},{"damage":16,"enemies":"downfall:FleeingMerchant","floor":39,"turns":4},{"damage":92,"enemies":"Reptomancer","floor":42,"turns":4},{"damage":46,"enemies":"Jaw Worm Horde","floor":44,"turns":4},{"damage":23,"enemies":"Nemesis","floor":45,"turns":5},{"damage":48,"enemies":"2 Orb Walkers","floor":47,"turns":5},{"damage":7,"enemies":"4 Shapes","floor":48,"turns":4},{"damage":22,"enemies":"Maw","floor":49,"turns":6},{"damage":33,"enemies":"IC_BLOCK_ARCHETYPE","floor":50,"turns":9}],"seed_played":"3316304317651366703","potions_obtained":[{"floor":2,"key":"ColorlessPotion"},{"floor":5,"key":"DistilledChaos"},{"floor":6,"key":"FairyPotion"},{"floor":28,"key":"Strength Potion"},{"floor":30,"key":"Death Potion"},{"floor":30,"key":"CultistPotion"},{"floor":45,"key":"LiquidBronze"},{"floor":49,"key":"LifebloodPotion"}],"is_trial":false,"path_per_floor":["R","M","M","M","M","E","T","R","?","M","R","M","M","?","M","B",null,"R","M","M","$","M","E","T","?","$","R","E","M","?","M","M","B",null,"R","M","M","?","$","R","T","E","R","M","E","$","?","M","M","B",null],"character_chosen":"SLIMEBOUND","items_purchased":["Slimebound:Gluttony","Whetstone","Slimebound:Replication","Chameleon Ring","Guide Book"],"campfire_rested":1,"item_purchase_floors":[21,21,39,39,46],"current_hp_per_floor":[65,65,65,61,53,40,40,40,40,34,53,44,44,44,38,11,65,65,53,65,62,65,65,65,65,65,65,65,65,65,65,65,62,65,65,65,65,39,61,61,61,65,65,52,64,64,65,65,65,46],"gold":126,"neow_bonus":"BOSS_RELIC","is_daily":false,"chose_seed":false,"campfire_upgraded":7,"win_rate":0.0,"timestamp":1613938119,"path_taken":["R","M","M","M","M","E","T","R","?","M","R","M","M","?","M","BOSS","R","M","M","$","?","E","T","?","$","R","E","M","?","?","M","BOSS","R","M","M","?","$","R","T","E","R","M","E","$","?","?","M","BOSS"],"items_purchased_type":["Card","Relic","Card","Relic","Relic"],"build_version":"2020-12-22","purchased_purges":4,"victory":true,"max_hp_per_floor":[65,65,65,65,65,65,65,65,65,65,65,65,65,65,65,65,65,65,65,65,65,65,65,65,65,65,65,65,65,65,65,65,65,65,65,65,65,65,65,65,65,65,65,65,65,65,65,65,65,65],"card_choices":[{"not_picked":["Slimebound:SpikyOuterGoop","Slimebound:GoopSpray"],"picked":"Slimebound:FormOfPuddle","floor":2},{"not_picked":["Slimebound:ItLooksTasty","Slimebound:FinishingTackle"],"picked":"Slimebound:GoopSpray","floor":3},{"not_picked":["Slimebound:LivingWall","Slimebound:FinishingTackle"],"picked":"Slimebound:SplitLeeching","floor":4},{"not_picked":["Slimebound:Dissolve","Slimebound:ComboTackle"],"picked":"Slimebound:LivingWall","floor":5},{"not_picked":["Slimebound:RainOfGoop","Slimebound:LeechingTouch"],"picked":"Slimebound:ViciousTackle","floor":6},{"not_picked":["Slimebound:Overexert","Slimebound:ProtectTheBoss","Slimebound:ItLooksTasty"],"picked":"SKIP","floor":10},{"not_picked":["Slimebound:SamplingLick","Slimebound:DouseInSlime"],"picked":"Slimebound:LeechEnergy","floor":12},{"not_picked":["Slimebound:Schlurp","Slimebound:FinishingTackle","Slimebound:SplitAcid"],"picked":"SKIP","floor":13},{"not_picked":["Slimebound:SplitBruiser","Slimebound:PressTheAttack"],"picked":"Slimebound:Grow","floor":15},{"not_picked":["Slimebound:Darklings","Slimebound:TagTeam"],"picked":"Slimebound:LeechLife","floor":16},{"not_picked":["Slimebound:Grow+1","Slimebound:SamplingLick"],"picked":"Slimebound:Prepare","floor":19},{"not_picked":["Slimebound:LivingWall","Slimebound:GoopSpray+1"],"picked":"Slimebound:AcidTongue","floor":20},{"not_picked":["Slimebound:ViciousTackle","Slimebound:SamplingLick+1"],"picked":"Slimebound:LeechLife","floor":21},{"not_picked":["Slimebound:SplitBruiser","Slimebound:ProtectTheBoss","Slimebound:ComboTackle"],"picked":"SKIP","floor":22},{"not_picked":["Slimebound:Dissolve+1","Slimebound:FinishingTackle","Slimebound:SelfFormingGoo"],"picked":"SKIP","floor":23},{"not_picked":["Slimebound:SplitAcid","Slimebound:Overexert","Slimebound:SplitLeeching"],"picked":"SKIP","floor":26},{"not_picked":["Slimebound:LeechLife","Slimebound:HauntingLick+1"],"picked":"Slimebound:RejuvenatingLick+1","floor":28},{"not_picked":["Slimebound:SlimeTap","Slimebound:SplitLeeching","Slimebound:Nibble"],"picked":"Slimebound:LeechingTouch+1","floor":29},{"not_picked":["Slimebound:Overexert","Slimebound:ComboTackle","Slimebound:LeechingTouch","Slimebound:FinishingTackle"],"picked":"SKIP","floor":31},{"not_picked":["Slimebound:GoopTackle","Slimebound:Prepare","Slimebound:FinishingTackle+1"],"picked":"Slimebound:Repurpose","floor":32},{"not_picked":["Slimebound:LeechLife","Slimebound:CheckThePlaybook","Slimebound:MinionMaster"],"picked":"Slimebound:SlimeSlap","floor":33},{"not_picked":["Slimebound:SlimeSpikes","Slimebound:LeechEnergy+1","Slimebound:TongueLash+1","Slimebound:GoopTackle+1"],"picked":"SKIP","floor":36},{"not_picked":["Slimebound:Equalize","Slimebound:SplitLeeching","Slimebound:ViciousTackle","Slimebound:Schlurp"],"picked":"SKIP","floor":37},{"not_picked":["Slimebound:SplitLeeching+1","Slimebound:FinishingTackle+1","Slimebound:PressTheAttack+1"],"picked":"Slimebound:OozeBath","floor":38},{"not_picked":["Slimebound:RallyTheTroops","Slimebound:Prepare+1","Slimebound:Dissolve","Slimebound:Gluttony+1"],"picked":"SKIP","floor":39},{"not_picked":["Slimebound:Nibble","Slimebound:BestDefense+1","Slimebound:Grow+1"],"picked":"Slimebound:FormOfPuddle+1","floor":42},{"not_picked":["Slimebound:RejuvenatingLick+1","Slimebound:ItLooksTasty+1","Slimebound:Prepare+1","Slimebound:RollThrough+1"],"picked":"SKIP","floor":44},{"not_picked":["Slimebound:GoopSpray","Slimebound:LeadByExample","Slimebound:SplitLeeching+1"],"picked":"Slimebound:SpikyOuterGoop+1","floor":45},{"not_picked":["Slimebound:Schlurp+1","Slimebound:LeechingTouch","Slimebound:GoopTackle","Slimebound:Prepare"],"picked":"SKIP","floor":48},{"not_picked":["Slimebound:SamplingLick","Slimebound:MegaLick+1","Slimebound:HauntingLick"],"picked":"Slimebound:FormOfPuddle+1","floor":49}],"player_experience":243354,"relics_obtained":[{"floor":6,"key":"Centennial Puzzle"},{"floor":7,"key":"Slimebound:AggressiveSlimeRelic"},{"floor":9,"key":"Ring of Fury"},{"floor":23,"key":"Replay:Bottled Flurry"},{"floor":24,"key":"Replay:WaspNest"},{"floor":28,"key":"Question Card"},{"floor":41,"key":"Replay:Baseball"},{"floor":42,"key":"Pen Nib"},{"floor":45,"key":"ReplayTheSpireMod:Ninjato"},{"floor":47,"key":"Replay:PocketPolymizer"}],"event_choices":[{"damage_healed":0,"gold_gain":0,"player_choice":"Ignored","damage_taken":0,"max_hp_gain":0,"max_hp_loss":0,"event_name":"Vampires","floor":25,"gold_loss":0},{"damage_healed":0,"gold_gain":0,"player_choice":"Got Potions","damage_taken":0,"max_hp_gain":0,"max_hp_loss":0,"event_name":"Lab","floor":30,"gold_loss":0},{"damage_healed":0,"gold_gain":0,"player_choice":"Fight","damage_taken":0,"max_hp_gain":0,"max_hp_loss":0,"event_name":"Mysterious Sphere","floor":47,"gold_loss":0}],"is_beta":false,"boss_relics":[{"not_picked":["Replay:Drink Me","Busted Crown"],"picked":"Slimebound:TarBlob"},{"not_picked":["Cursed Key","Replay:Bronze Core"],"picked":"Velvet Choker"}],"items_purged_floors":[21,26,39,46],"is_endless":false,"potions_floor_spawned":[2,5,6,13,20,22,28,33,42,45,48,49],"ascension_level":0}}