{"host":"51qmnr9isyv85d0p","time":1613875800,"event":{"mods":["AchievementEnabler","BaseMod","Colored Map","Colored Powertips","Curses Come First","Downfall","Minty Spire (QoL Compilation)","Red Circlet Mod","Relic Stats","Replay The Spire","StSLib","TestMod"],"gold_per_floor":[110,31014,31028,31047,31047,31047,31447,31447,31447,31447,31457,31487,31502,31537,31537,31636,31636,31647,31666,30478,30478,29781,29791,29818,29830,29881,29912,29937,29436,29454,29483,29483,29596,29696,29724,29739,29756,16309,16357,16391,16547,16601,16601,11766,11832,11903,11951,11990,11990,12215,12215,12215,6367,6393,6412],"floor_reached":56,"language":"ZHS","playtime":2690,"items_purged":["Defend_P","Strike_P","Defend_P","Strike_P","Strike_P","Defend_P","Injury"],"score":1756,"play_id":"b5ef4c7c-af3a-4570-950b-189dfd0c3039","local_time":"20210221105000","is_ascension_mode":true,"campfire_choices":[{"data":"Apotheosis","floor":6,"key":"SMITH"},{"data":"Eruption","floor":8,"key":"SMITH"},{"data":"Replay:ManipulateFuture","floor":10,"key":"SMITH"},{"data":"Scrawl","floor":15,"key":"SMITH"},{"data":"Vault","floor":32,"key":"SMITH"},{"floor":49,"key":"RECALL"},{"data":"EmptyMind","floor":52,"key":"SMITH"}],"circlet_count":0,"master_deck":["Strike_P","Defend_P","Eruption+1","Vigilance+1","Replay:ManipulateFuture+1","Apotheosis+1","SignatureMove","FlurryOfBlows","Consecrate+1","Scrawl+1","Consecrate+1","Tantrum+1","FlurryOfBlows+1","testmod-Mystery+1","MentalFortress+1","WindmillStrike+1","Alpha+1","LessonLearned","Poisoned Strike","EmptyMind+1","EmptyFist+1","Vault+1","FearNoEvil+1","ForeignInfluence+1","Adaptation+1","DeusExMachina+1","Bandage Up+1","Blind+1","Flash of Steel+1","Mayhem+1","Adaptation+1","Adaptation+1"],"relics":["PureWater","testmod-AscensionHeart","ReplayTheSpireMod:Ninjato","Counterbalance","Blue Candle","Divine Protection","testmod-Antiphasic","hexamod:Sixitude","testmod-CardMagician","testmod-RealStoneCalender","Yang","OrangePellets","Anchor","Tiny Chest","BargainBundle","Replay:Towering Pillar of Hats","PreservedInsect","testmod-TheFather","Strawberry","Simple Rune","The Courier","Replay:Wanted Poster","Orichalcum","Mercury Hourglass","Frozen Eye","Pen Nib","Lizard Tail","Mirror","Juzu Bracelet","testmod-BouquetWithThorns","InkBottle","Matryoshka","Unceasing Top","Replay:Bandana","testmod-ArcanaOfDestiny","testmod-TurbochargingSystem","testmod-Hope","Replay:Mystery Machine","Singing Bowl","Lantern","Ice Cream","StoneCalendar","hexamod:CandleOfCauterizing","Garlic","Damaru","Ancient Tea Set","bronze:BronzeIdol","Question Card","Mummified Hand","ReplayTheSpireMod:Lightbulb","hexamod:BolsterEngine","Regal Pillow","Oddly Smooth Stone","Kunai","Omamori","testmod-ThousandKnives","Frozen Egg 2","Pondfish Scales","White Beast Statue","Dream Catcher","ReplayFunnel","CeramicFish","Replay:Accelerometer","Potion Belt","Eternal Feather","testmod-InjuryResistance","Bronze Scales","Guardian:PocketSentry","ReplayTheSpireMod:TigerMarble","testmod-Acrobat","Snack Pack","Bottled Tornado","testmod-IndustrialRevolution","Replay:Bottled Steam","ReplayTheSpireMod:Shallot","testmod-LifeArmor","Gremlin Food","sneckomod:BlankCard","MealTicket","Pantograph","testmod-Fortitude","Gremlin Horn","Pet Ghost","Boot","Bag of Marbles","Quantum Egg","Centennial Puzzle","Whetstone","Shuriken","War Paint","Bag of Preparation","Golden Egg","Nunchaku","Meat on the Bone","Art of War","Toxic Egg 2","Durian","Replay:Ringing Soul","testmod-EqualTreatment","Replay:Rubber Ducky","Iron Hammer","Replay:WaspNest","Blue Doll","Replay:Bottled Eggs","Happy Flower","Blood Vial","Akabeko","Strange Spoon","testmod-AssaultLearning","Replay:Wax Seal","Chameleon Ring","Toy Ornithopter","Vajra","Darkstone Periapt","testmod-OneHitWonder","Bottled Flame","Bottled Lightning","Prayer Wheel","testmod-Justice","testmod-RandomTest","Letter Opener","GoldenEye","Calipers","Ornamental Fan","Onion Ring","testmod-InfectionSource","Sundial","bronze:DecasWashers","Pear","Molten Egg 2","testmod-IntensifyImprint","Du-Vu Doll","Ginger","testmod-FatalChain","Turnip","Mango","testmod-ConstraintPeriapt","Bird Faced Urn","Sling","testmod-CrystalShield","testmod-BlackFramedGlasses","CaptainsWheel","testmod-Nyarlathotep","Torii","Replay:Multitool","Pocketwatch","testmod-Maize","testmod-Laevatain","Replay:Arrowhead","Incense Burner","Replay:Purple Gloves","testmod-RainbowHikingShoes","testmod-Brilliant","Thread and Needle","Dead Branch"],"acts_visited":["Exordium","TheCity","TheBeyond","TheEnding"],"potions_floor_usage":[11,11,11,11,16,16,16,16,23,24,28,33,37],"damage_taken":[{"damage":7,"enemies":"2 Louse","floor":1,"turns":5},{"damage":0,"enemies":"Jaw Worm","floor":3,"turns":2},{"damage":0,"enemies":"Cultist","floor":4,"turns":2},{"damage":0,"enemies":"Lots of Slimes","floor":11,"turns":3},{"damage":0,"enemies":"Gremlin Nob","floor":12,"turns":2},{"damage":0,"enemies":"2 Fungi Beasts","floor":13,"turns":1},{"damage":0,"enemies":"Lagavulin","floor":14,"turns":4},{"damage":15,"enemies":"Hexaghost","floor":16,"turns":4},{"damage":0,"enemies":"3 Byrds","floor":18,"turns":2},{"damage":0,"enemies":"2 Thieves","floor":19,"turns":1},{"damage":1,"enemies":"Snecko","floor":23,"turns":3},{"damage":0,"enemies":"Gremlin Leader","floor":24,"turns":3},{"damage":0,"enemies":"Sentry and Sphere","floor":25,"turns":2},{"damage":2,"enemies":"Book of Stabbing","floor":27,"turns":3},{"damage":0,"enemies":"Centurion and Healer","floor":28,"turns":1},{"damage":0,"enemies":"Shelled Parasite and Fungi","floor":30,"turns":1},{"damage":0,"enemies":"Replay:Snechameleon","floor":31,"turns":2},{"damage":0,"enemies":"Collector","floor":33,"turns":3},{"damage":0,"enemies":"3 Darklings","floor":35,"turns":1},{"damage":0,"enemies":"3 Shapes","floor":36,"turns":1},{"damage":0,"enemies":"Spire Growth","floor":37,"turns":2},{"damage":0,"enemies":"Maw","floor":39,"turns":1},{"damage":0,"enemies":"Nemesis","floor":40,"turns":1},{"damage":0,"enemies":"Giant Head","floor":42,"turns":1},{"damage":0,"enemies":"Reptomancer","floor":45,"turns":1},{"damage":0,"enemies":"3 Darklings","floor":46,"turns":1},{"damage":0,"enemies":"Jaw Worm Horde","floor":47,"turns":1},{"damage":0,"enemies":"Writhing Mass","floor":48,"turns":1},{"damage":0,"enemies":"Replay:Hell Engine","floor":50,"turns":2},{"damage":0,"enemies":"Shield and Spear","floor":54,"turns":1},{"damage":0,"enemies":"The Heart","floor":55,"turns":3}],"seed_played":"-6243588246939955942","potions_obtained":[{"floor":13,"key":"Swift Potion"},{"floor":14,"key":"EntropicBrew"},{"floor":16,"key":"champ:CounterPotion"},{"floor":19,"key":"FairyPotion"},{"floor":24,"key":"Energy Potion"},{"floor":25,"key":"Fire Potion"},{"floor":37,"key":"Venom Potion"},{"floor":40,"key":"Strength Potion"},{"floor":41,"key":"Ambrosia"}],"is_trial":false,"path_per_floor":["M","$","M","M","?","R","?","R","T","R","M","E","M","E","R","B",null,"M","M","$","?","$","M","E","M","T","E","M","$","M","E","R","B",null,"M","M","M","$","M","E","?","E","T","$","E","M","M","M","R","B",null,"R","$","E","B",null],"character_chosen":"WATCHER","items_purchased":["Ancient Potion","ReplayTheSpireMod:Ninjato","Counterbalance","Apotheosis","BottledMiracle","EntropicBrew","testmod-RealStoneCalender","Yang","OrangePellets","FlurryOfBlows+1","testmod-Mystery","CultistPotion","MentalFortress","WindmillStrike","Anchor","Tiny Chest","BargainBundle","Ambrosia","Alpha","LessonLearned","Poisoned Strike","EmptyMind","Energy Potion","Strawberry","Energy Potion","Simple Rune","Orichalcum","Mercury Hourglass","Frozen Eye","Pen Nib","Lizard Tail","Mirror","Juzu Bracelet","testmod-BouquetWithThorns","InkBottle","Matryoshka","Unceasing Top","Replay:Bandana","testmod-ArcanaOfDestiny","testmod-TurbochargingSystem","testmod-Hope","Replay:Mystery Machine","Singing Bowl","Lantern","Ice Cream","StoneCalendar","hexamod:CandleOfCauterizing","Garlic","Damaru","Ancient Tea Set","bronze:BronzeIdol","Question Card","Mummified Hand","ReplayTheSpireMod:Lightbulb","hexamod:BolsterEngine","Regal Pillow","Oddly Smooth Stone","Kunai","Omamori","testmod-ThousandKnives","Frozen Egg 2","Pondfish Scales","White Beast Statue","Dream Catcher","ReplayFunnel","CeramicFish","Replay:Accelerometer","Potion Belt","Eternal Feather","testmod-InjuryResistance","Bronze Scales","Guardian:PocketSentry","ReplayTheSpireMod:TigerMarble","FearPotion","PowerPotion","Death Potion","testmod-Acrobat","Snack Pack","Bottled Tornado","testmod-IndustrialRevolution","Replay:Bottled Steam","ReplayTheSpireMod:Shallot","testmod-LifeArmor","Gremlin Food","sneckomod:BlankCard","MealTicket","Pantograph","testmod-Fortitude","Gremlin Horn","Pet Ghost","Boot","Bag of Marbles","Quantum Egg","Centennial Puzzle","Whetstone","Shuriken","War Paint","Bag of Preparation","Golden Egg","Nunchaku","Meat on the Bone","Art of War","Toxic Egg 2","Durian","Replay:Ringing Soul","testmod-EqualTreatment","Replay:Rubber Ducky","Iron Hammer","Blood Vial","Akabeko","Strange Spoon","testmod-AssaultLearning","Replay:Wax Seal","Chameleon Ring","Toy Ornithopter","Vajra","Darkstone Periapt","testmod-OneHitWonder","Adaptation+1","DeusExMachina+1","Bandage Up+1","Blind+1","Flash of Steel","Mayhem+1","Bottled Flame","Bottled Lightning","Prayer Wheel","testmod-Justice","testmod-RandomTest","Letter Opener","GoldenEye","Calipers","Ornamental Fan","Onion Ring","testmod-InfectionSource","Sundial","bronze:DecasWashers","Pear","testmod-IntensifyImprint","Du-Vu Doll","Ginger","testmod-FatalChain","Turnip","Mango","testmod-ConstraintPeriapt","Bird Faced Urn","Sling","testmod-CrystalShield","testmod-BlackFramedGlasses","CaptainsWheel","testmod-Nyarlathotep","Torii","Replay:Multitool","Pocketwatch","testmod-Maize","Adaptation+1","testmod-Laevatain","Replay:Arrowhead","Incense Burner","Replay:Purple Gloves","testmod-RainbowHikingShoes","testmod-Brilliant","Thread and Needle","Adaptation+1"],"campfire_rested":0,"item_purchase_floors":[2,2,2,2,2,2,20,20,20,20,20,20,20,20,22,22,22,22,22,22,22,22,22,29,29,29,38,38,38,38,38,38,38,38,38,38,38,38,38,38,38,38,38,38,38,38,38,38,38,38,38,38,38,38,38,38,38,38,38,38,38,38,38,38,38,38,38,38,38,38,38,38,38,38,38,38,38,38,38,38,38,38,38,38,38,38,38,38,38,38,38,38,38,38,38,38,38,38,38,38,38,38,38,38,38,38,38,38,44,44,44,44,44,44,44,44,44,44,44,44,44,44,44,44,44,44,44,44,44,44,44,44,44,44,44,44,44,44,53,53,53,53,53,53,53,53,53,53,53,53,53,53,53,53,53,53,53,53,53,53,53,53,53,53],"current_hp_per_floor":[72,72,72,72,67,67,67,67,67,67,67,67,67,67,67,52,79,79,79,79,79,79,78,78,78,78,76,76,83,83,83,83,83,86,86,86,86,91,93,95,102,104,104,117,119,123,127,131,131,131,131,131,154,156,156],"gold":6412,"neow_bonus":"TEN_PERCENT_HP_BONUS","is_daily":false,"chose_seed":false,"campfire_upgraded":6,"win_rate":0.0,"timestamp":1613875800,"path_taken":["M","$","M","M","?","R","?","R","T","R","?","E","M","E","R","BOSS","M","M","$","?","$","?","E","?","T","E","M","$","M","E","R","BOSS","M","M","M","$","M","E","?","E","T","$","E","M","M","M","R","BOSS","R","$","E","BOSS"],"items_purchased_type":["Potion","Relic","Relic","Card","Potion","Potion","Relic","Relic","Relic","Card","Card","Potion","Card","Card","Relic","Relic","Relic","Potion","Card","Card","Card","Card","Potion","Relic","Potion","Relic","Relic","Relic","Relic","Relic","Relic","Relic","Relic","Relic","Relic","Relic","Relic","Relic","Relic","Relic","Relic","Relic","Relic","Relic","Relic","Relic","Relic","Relic","Relic","Relic","Relic","Relic","Relic","Relic","Relic","Relic","Relic","Relic","Relic","Relic","Relic","Relic","Relic","Relic","Relic","Relic","Relic","Relic","Relic","Relic","Relic","Relic","Relic","Potion","Potion","Potion","Relic","Relic","Relic","Relic","Relic","Relic","Relic","Relic","Relic","Relic","Relic","Relic","Relic","Relic","Relic","Relic","Relic","Relic","Relic","Relic","Relic","Relic","Relic","Relic","Relic","Relic","Relic","Relic","Relic","Relic","Relic","Relic","Relic","Relic","Relic","Relic","Relic","Relic","Relic","Relic","Relic","Relic","Card","Card","Card","Card","Card","Card","Relic","Relic","Relic","Relic","Relic","Relic","Relic","Relic","Relic","Relic","Relic","Relic","Relic","Relic","Relic","Relic","Relic","Relic","Relic","Relic","Relic","Relic","Relic","Relic","Relic","Relic","Relic","Relic","Relic","Relic","Relic","Card","Relic","Relic","Relic","Relic","Relic","Relic","Relic","Card"],"build_version":"2020-12-22","purchased_purges":7,"victory":true,"max_hp_per_floor":[79,79,79,79,79,79,79,79,79,79,79,79,79,79,79,79,79,79,79,79,79,79,79,79,79,79,79,79,86,86,86,86,86,86,86,86,86,91,93,95,102,104,104,117,119,123,127,131,131,131,131,131,154,156,156],"relic_stats":{"Gremlin Horn":[0,2],"CeramicFish":90,"Whetstone":["Consecrate","Tantrum"],"Ginger":[2],"Boot":[68],"Blood Vial":0,"Lizard Tail":0,"Centennial Puzzle":[0],"Sundial":[2],"MealTicket":0,"Prayer Wheel":3,"Kunai":[26],"Happy Flower":[3],"counters":[31,61],"Blue Candle":[0],"Dead Branch":[15],"Eternal Feather":0,"Pen Nib":[9],"Letter Opener":[43],"War Paint":["Defend_P","Alpha"],"Question Card":14,"OrangePellets":[20],"Shuriken":[26],"Bronze Scales":[0],"Bird Faced Urn":[0],"obtain_stats":[{"Replay:Accelerometer":38,"Golden Egg":38,"testmod-LifeArmor":38,"Whetstone":38,"Ginger":53,"Bottled Tornado":38,"Boot":38,"Sling":53,"testmod-BlackFramedGlasses":53,"Replay:Wanted Poster":34,"Blood Vial":44,"Replay:Ringing Soul":38,"Sundial":44,"MealTicket":38,"Kunai":38,"Replay:Wax Seal":44,"Replay:Bottled Steam":38,"testmod-IntensifyImprint":53,"testmod-Maize":53,"testmod-TestBox":0,"Pear":44,"Counterbalance":2,"Blue Candle":5,"Eternal Feather":38,"Pen Nib":38,"Guardian:PocketSentry":38,"Akabeko":44,"testmod-Fortitude":38,"Bird Faced Urn":53,"Unceasing Top":38,"Lantern":38,"Regal Pillow":38,"Singing Bowl":38,"Torii":53,"sneckomod:BlankCard":38,"testmod-EqualTreatment":38,"Replay:Purple Gloves":53,"StoneCalendar":38,"Blue Doll":41,"Bag of Preparation":38,"Replay:Multitool":53,"testmod-RandomTest":44,"Ancient Tea Set":38,"Pet Ghost":38,"Replay:Rubber Ducky":38,"testmod-Brilliant":53,"Matryoshka":38,"Replay:Bottled Eggs":42,"InkBottle":38,"Potion Belt":38,"bronze:DecasWashers":44,"Damaru":38,"testmod-CardMagician":17,"Thread and Needle":53,"PreservedInsect":26,"The Courier":31,"Omamori":38,"testmod-TurbochargingSystem":38,"Frozen Egg 2":38,"testmod-ConstraintPeriapt":53,"GoldenEye":44,"Replay:Arrowhead":53,"bronze:BronzeIdol":38,"Ornamental Fan":44,"testmod-Hope":38,"Turnip":53,"Garlic":38,"Art of War":38,"Durian":38,"Bottled Lightning":44,"hexamod:BolsterEngine":38,"ReplayTheSpireMod:Lightbulb":38,"Toy Ornithopter":44,"Ice Cream":38,"Divine Protection":9,"Calipers":44,"Gremlin Horn":38,"CeramicFish":38,"Vajra":44,"testmod-RainbowHikingShoes":53,"Lizard Tail":38,"Centennial Puzzle":38,"testmod-Laevatain":53,"Strawberry":29,"Prayer Wheel":44,"Iron Hammer":38,"testmod-InfectionSource":44,"Toxic Egg 2":38,"Happy Flower":43,"testmod-FatalChain":53,"Dead Branch":54,"Oddly Smooth Stone":38,"Letter Opener":44,"War Paint":38,"Question Card":38,"Du-Vu Doll":53,"testmod-RealStoneCalender":20,"OrangePellets":20,"Bottled Flame":44,"ReplayTheSpireMod:Shallot":38,"Shuriken":38,"Bronze Scales":38,"testmod-Acrobat":38,"Simple Rune":29,"Onion Ring":44,"Molten Egg 2":45,"ReplayTheSpireMod:TigerMarble":38,"Mirror":38,"testmod-OneHitWonder":44,"Meat on the Bone":38,"Pocketwatch":53,"ReplayFunnel":38,"Darkstone Periapt":44,"Yang":20,"Mango":53,"Juzu Bracelet":38,"Incense Burner":53,"testmod-Nyarlathotep":53,"Replay:Mystery Machine":38,"testmod-BouquetWithThorns":38,"testmod-AscensionHeart":0,"Frozen Eye":38,"Replay:Bandana":38,"Dream Catcher":38,"Nunchaku":38,"testmod-CrystalShield":53,"testmod-InjuryResistance":38,"Chameleon Ring":44,"Mummified Hand":38,"Pantograph":38,"testmod-ThousandKnives":38,"Tiny Chest":22,"testmod-TheFather":27,"testmod-ArcanaOfDestiny":38,"Gremlin Food":38,"BargainBundle":22,"hexamod:CandleOfCauterizing":38,"ReplayTheSpireMod:Ninjato":2,"Replay:Towering Pillar of Hats":24,"Quantum Egg":38,"hexamod:Sixitude":14,"Replay:WaspNest":40,"Orichalcum":38,"testmod-Justice":44,"testmod-IndustrialRevolution":38,"White Beast Statue":38,"Mercury Hourglass":38,"testmod-Antiphasic":12,"Strange Spoon":44,"Anchor":22,"Pondfish Scales":38,"CaptainsWheel":53,"testmod-AssaultLearning":44,"Snack Pack":38,"Bag of Marbles":38,"PureWater":0},{"Replay:Accelerometer":21,"Golden Egg":21,"testmod-LifeArmor":21,"Whetstone":21,"Ginger":29,"Bottled Tornado":21,"Boot":21,"Sling":29,"testmod-BlackFramedGlasses":29,"Replay:Wanted Poster":18,"Blood Vial":24,"Replay:Ringing Soul":21,"Sundial":24,"MealTicket":21,"Kunai":21,"Replay:Wax Seal":24,"Replay:Bottled Steam":21,"testmod-IntensifyImprint":29,"testmod-Maize":29,"testmod-TestBox":0,"Pear":24,"Counterbalance":1,"Blue Candle":3,"Eternal Feather":21,"Pen Nib":21,"Guardian:PocketSentry":21,"Akabeko":24,"testmod-Fortitude":21,"Bird Faced Urn":29,"Unceasing Top":21,"Lantern":21,"Regal Pillow":21,"Singing Bowl":21,"Torii":29,"sneckomod:BlankCard":21,"testmod-EqualTreatment":21,"Replay:Purple Gloves":29,"StoneCalendar":21,"Blue Doll":23,"Bag of Preparation":21,"Replay:Multitool":29,"testmod-RandomTest":24,"Ancient Tea Set":21,"Pet Ghost":21,"Replay:Rubber Ducky":21,"testmod-Brilliant":29,"Matryoshka":21,"Replay:Bottled Eggs":24,"InkBottle":21,"Potion Belt":21,"bronze:DecasWashers":24,"Damaru":21,"testmod-CardMagician":8,"Thread and Needle":29,"PreservedInsect":13,"The Courier":17,"Omamori":21,"testmod-TurbochargingSystem":21,"Frozen Egg 2":21,"testmod-ConstraintPeriapt":29,"GoldenEye":24,"Replay:Arrowhead":29,"bronze:BronzeIdol":21,"Ornamental Fan":24,"testmod-Hope":21,"Turnip":29,"Garlic":21,"Art of War":21,"Durian":21,"Bottled Lightning":24,"hexamod:BolsterEngine":21,"ReplayTheSpireMod:Lightbulb":21,"Toy Ornithopter":24,"Ice Cream":21,"Divine Protection":3,"Calipers":24,"Gremlin Horn":21,"CeramicFish":21,"Vajra":24,"testmod-RainbowHikingShoes":29,"Lizard Tail":21,"Centennial Puzzle":21,"testmod-Laevatain":29,"Strawberry":15,"Prayer Wheel":24,"Iron Hammer":21,"testmod-InfectionSource":24,"Toxic Egg 2":21,"Happy Flower":24,"testmod-FatalChain":29,"Dead Branch":30,"Oddly Smooth Stone":21,"Letter Opener":24,"War Paint":21,"Question Card":21,"Du-Vu Doll":29,"testmod-RealStoneCalender":10,"OrangePellets":10,"Bottled Flame":24,"ReplayTheSpireMod:Shallot":21,"Shuriken":21,"Bronze Scales":21,"testmod-Acrobat":21,"Simple Rune":15,"Onion Ring":24,"Molten Egg 2":25,"ReplayTheSpireMod:TigerMarble":21,"Mirror":21,"testmod-OneHitWonder":24,"Meat on the Bone":21,"Pocketwatch":29,"ReplayFunnel":21,"Darkstone Periapt":24,"Yang":10,"Mango":29,"Juzu Bracelet":21,"Incense Burner":29,"testmod-Nyarlathotep":29,"Replay:Mystery Machine":21,"testmod-BouquetWithThorns":21,"testmod-AscensionHeart":0,"Frozen Eye":21,"Replay:Bandana":21,"Dream Catcher":21,"Nunchaku":21,"testmod-CrystalShield":29,"testmod-InjuryResistance":21,"Chameleon Ring":24,"Mummified Hand":21,"Pantograph":21,"testmod-ThousandKnives":21,"Tiny Chest":10,"testmod-TheFather":14,"testmod-ArcanaOfDestiny":21,"Gremlin Food":21,"BargainBundle":10,"hexamod:CandleOfCauterizing":21,"ReplayTheSpireMod:Ninjato":1,"Replay:Towering Pillar of Hats":12,"Quantum Egg":21,"hexamod:Sixitude":7,"Replay:WaspNest":23,"Orichalcum":21,"testmod-Justice":24,"testmod-IndustrialRevolution":21,"White Beast Statue":21,"Mercury Hourglass":21,"testmod-Antiphasic":5,"Strange Spoon":24,"Anchor":10,"Pondfish Scales":21,"CaptainsWheel":29,"testmod-AssaultLearning":24,"Snack Pack":21,"Bag of Marbles":21,"PureWater":0},{"Replay:Accelerometer":48,"Golden Egg":48,"testmod-LifeArmor":48,"Whetstone":48,"Ginger":57,"Bottled Tornado":48,"Boot":48,"Sling":57,"testmod-BlackFramedGlasses":57,"Replay:Wanted Poster":44,"Blood Vial":51,"Replay:Ringing Soul":48,"Sundial":51,"MealTicket":48,"Kunai":48,"Replay:Wax Seal":51,"Replay:Bottled Steam":48,"testmod-IntensifyImprint":57,"testmod-Maize":57,"testmod-TestBox":0,"Pear":51,"Counterbalance":5,"Blue Candle":9,"Eternal Feather":48,"Pen Nib":48,"Guardian:PocketSentry":48,"Akabeko":51,"testmod-Fortitude":48,"Bird Faced Urn":57,"Unceasing Top":48,"Lantern":48,"Regal Pillow":48,"Singing Bowl":48,"Torii":57,"sneckomod:BlankCard":48,"testmod-EqualTreatment":48,"Replay:Purple Gloves":57,"StoneCalendar":48,"Blue Doll":50,"Bag of Preparation":48,"Replay:Multitool":57,"testmod-RandomTest":51,"Ancient Tea Set":48,"Pet Ghost":48,"Replay:Rubber Ducky":48,"testmod-Brilliant":57,"Matryoshka":48,"Replay:Bottled Eggs":51,"InkBottle":48,"Potion Belt":48,"bronze:DecasWashers":51,"Damaru":48,"testmod-CardMagician":23,"Thread and Needle":57,"PreservedInsect":34,"The Courier":41,"Omamori":48,"testmod-TurbochargingSystem":48,"Frozen Egg 2":48,"testmod-ConstraintPeriapt":57,"GoldenEye":51,"Replay:Arrowhead":57,"bronze:BronzeIdol":48,"Ornamental Fan":51,"testmod-Hope":48,"Turnip":57,"Garlic":48,"Art of War":48,"Durian":48,"Bottled Lightning":51,"hexamod:BolsterEngine":48,"ReplayTheSpireMod:Lightbulb":48,"Toy Ornithopter":51,"Ice Cream":48,"Divine Protection":9,"Calipers":51,"Gremlin Horn":48,"CeramicFish":48,"Vajra":51,"testmod-RainbowHikingShoes":57,"Lizard Tail":48,"Centennial Puzzle":48,"testmod-Laevatain":57,"Strawberry":38,"Prayer Wheel":51,"Iron Hammer":48,"testmod-InfectionSource":51,"Toxic Egg 2":48,"Happy Flower":51,"testmod-FatalChain":57,"Dead Branch":58,"Oddly Smooth Stone":48,"Letter Opener":51,"War Paint":48,"Question Card":48,"Du-Vu Doll":57,"testmod-RealStoneCalender":26,"OrangePellets":26,"Bottled Flame":51,"ReplayTheSpireMod:Shallot":48,"Shuriken":48,"Bronze Scales":48,"testmod-Acrobat":48,"Simple Rune":38,"Onion Ring":51,"Molten Egg 2":52,"ReplayTheSpireMod:TigerMarble":48,"Mirror":48,"testmod-OneHitWonder":51,"Meat on the Bone":48,"Pocketwatch":57,"ReplayFunnel":48,"Darkstone Periapt":51,"Yang":26,"Mango":57,"Juzu Bracelet":48,"Incense Burner":57,"testmod-Nyarlathotep":57,"Replay:Mystery Machine":48,"testmod-BouquetWithThorns":48,"testmod-AscensionHeart":0,"Frozen Eye":48,"Replay:Bandana":48,"Dream Catcher":48,"Nunchaku":48,"testmod-CrystalShield":57,"testmod-InjuryResistance":48,"Chameleon Ring":51,"Mummified Hand":48,"Pantograph":48,"testmod-ThousandKnives":48,"Tiny Chest":26,"testmod-TheFather":37,"testmod-ArcanaOfDestiny":48,"Gremlin Food":48,"BargainBundle":26,"hexamod:CandleOfCauterizing":48,"ReplayTheSpireMod:Ninjato":5,"Replay:Towering Pillar of Hats":32,"Quantum Egg":48,"hexamod:Sixitude":19,"Replay:WaspNest":50,"Orichalcum":48,"testmod-Justice":51,"testmod-IndustrialRevolution":48,"White Beast Statue":48,"Mercury Hourglass":48,"testmod-Antiphasic":14,"Strange Spoon":51,"Anchor":26,"Pondfish Scales":48,"CaptainsWheel":57,"testmod-AssaultLearning":51,"Snack Pack":48,"Bag of Marbles":48,"PureWater":0}],"Unceasing Top":[0],"Meat on the Bone":0,"Pocketwatch":[0],"Darkstone Periapt":6,"Regal Pillow":0,"Singing Bowl":26,"Torii":0,"Yang":[169],"StoneCalendar":[0],"Juzu Bracelet":0,"Bag of Preparation":[26],"Dream Catcher":0,"Nunchaku":[9],"Mummified Hand":[32],"Pantograph":0,"Tiny Chest":0,"InkBottle":[16],"PreservedInsect":376,"Orichalcum":[6],"GoldenEye":[6],"Mercury Hourglass":[49],"Strange Spoon":[15],"Ornamental Fan":[92],"Turnip":[2],"Art of War":[2],"Toy Ornithopter":0},"card_choices":[{"not_picked":["Replay:BluntJabs","FlyingSleeves"],"picked":"Replay:ManipulateFuture","floor":1},{"not_picked":["SandsOfTime","FollowUp"],"picked":"SignatureMove","floor":3},{"not_picked":["ReachHeaven","FollowUp"],"picked":"FlurryOfBlows","floor":4},{"not_picked":["PathToVictory","Judgement"],"picked":"Consecrate","floor":11},{"not_picked":["Blasphemy","DevaForm"],"picked":"Scrawl","floor":12},{"not_picked":["Pray","WheelKick","Replay:Anticipation"],"picked":"SKIP","floor":13},{"not_picked":["Omniscience","Blasphemy","Replay:LoomingThreat"],"picked":"SKIP","floor":14},{"not_picked":["Halt+1","Weave"],"picked":"Consecrate+1","floor":18},{"not_picked":["Prostrate","Halt+1"],"picked":"Tantrum","floor":19},{"not_picked":["ReachHeaven","FlyingSleeves"],"picked":"EmptyFist+1","floor":23},{"not_picked":["Vault","MasterReality"],"picked":"Vault","floor":24},{"not_picked":["Consecrate","WreathOfFlame"],"picked":"FearNoEvil","floor":25},{"not_picked":["Omniscience","Omniscience","Ragnarok"],"picked":"SKIP","floor":27},{"not_picked":["FlyingSleeves+1","Sanctity","Replay:BluntJabs"],"picked":"SKIP","floor":28},{"not_picked":["Replay:AllIn","LikeWater+1","FollowUp+1"],"picked":"SKIP","floor":30},{"not_picked":["Vault","Blasphemy","Judgement"],"picked":"SKIP","floor":31},{"not_picked":["FlurryOfBlows","PathToVictory","Replay:ManipulateFuture"],"picked":"SKIP","floor":35},{"not_picked":["MentalFortress+1","FearNoEvil","FlurryOfBlows"],"picked":"SKIP","floor":36},{"not_picked":["ClearTheMind","Crescendo+1","Prostrate+1"],"picked":"SKIP","floor":37},{"not_picked":["Crescendo+1","PathToVictory+1","WheelKick+1","DevaForm+1"],"picked":"Singing Bowl","floor":39},{"not_picked":["Omniscience","LessonLearned","MasterReality","Devotion"],"picked":"Singing Bowl","floor":40},{"not_picked":["Swivel+1","ClearTheMind+1","EmptyFist+1","SashWhip+1"],"picked":"Singing Bowl","floor":41},{"not_picked":["LikeWater+1","PathToVictory+1","SashWhip+1","FollowUp+1"],"picked":"Singing Bowl","floor":41},{"not_picked":["MentalFortress+1","FollowUp","SashWhip"],"picked":"ForeignInfluence+1","floor":41},{"not_picked":["Wish","Wish","Judgement+1","Blasphemy"],"picked":"Singing Bowl","floor":42},{"not_picked":["Brilliance+1","Alpha","Blasphemy","MasterReality"],"picked":"Singing Bowl","floor":45},{"not_picked":["ClearTheMind+1","BowlingBash+1","ReachHeaven+1","Evaluate+1"],"picked":"Singing Bowl","floor":46},{"not_picked":["SashWhip+1","EmptyBody+1","Replay:AtTheReady+1","Sanctity+1"],"picked":"Singing Bowl","floor":46},{"not_picked":["ClearTheMind+1","EmptyFist+1","Nirvana+1","Replay:ManipulateFuture+1"],"picked":"Singing Bowl","floor":47},{"not_picked":["MasterReality+1","Halt+1","CutThroughFate+1","Perseverance+1"],"picked":"Singing Bowl","floor":47},{"not_picked":["Replay:AtTheReady+1","EmptyFist+1","Nirvana+1","FlyingSleeves+1"],"picked":"Singing Bowl","floor":48},{"not_picked":["Evaluate+1","Halt+1","ThirdEye+1","Nirvana+1"],"picked":"Singing Bowl","floor":48},{"not_picked":["Judgement","Replay:LoomingThreat","Brilliance","Omniscience"],"picked":"Singing Bowl","floor":54}],"player_experience":151853,"relics_obtained":[{"floor":9,"key":"Divine Protection"},{"floor":12,"key":"testmod-Antiphasic"},{"floor":14,"key":"hexamod:Sixitude"},{"floor":24,"key":"Replay:Towering Pillar of Hats"},{"floor":26,"key":"PreservedInsect"},{"floor":27,"key":"testmod-TheFather"},{"floor":31,"key":"The Courier"},{"floor":40,"key":"Replay:WaspNest"},{"floor":41,"key":"Blue Doll"},{"floor":42,"key":"Replay:Bottled Eggs"},{"floor":43,"key":"Happy Flower"},{"floor":45,"key":"Molten Egg 2"},{"floor":54,"key":"Dead Branch"}],"event_choices":[{"damage_healed":0,"gold_gain":400,"player_choice":"Sell","damage_taken":0,"max_hp_gain":0,"max_hp_loss":0,"event_name":"¶÷ÂåË¹µÄÅÌ×Ó","floor":7,"relics_lost":["testmod-TestBox"],"gold_loss":0},{"damage_healed":0,"gold_gain":0,"player_choice":"Upgraded","damage_taken":0,"max_hp_gain":0,"max_hp_loss":0,"event_name":"Upgrade Shrine","floor":21,"gold_loss":0,"cards_upgraded":["WindmillStrike"]}],"is_beta":false,"boss_relics":[{"not_picked":["Abe\u0027s Treasure","HolyWater"],"picked":"testmod-CardMagician"},{"not_picked":["Calling Bell","sneckomod:SneckoTalon"],"picked":"Replay:Wanted Poster"}],"items_purged_floors":[2,20,22,29,38,44,53],"is_endless":false,"potions_floor_spawned":[4,13,14,16,19,24,25,31,37,39,40,42,45,46,47,48,54],"ascension_level":3}}