{"host":"s509oin3ptw7n5v1","time":1613933932,"event":{"mods":["2.2 Compatiblity","AchievementEnabler","BaseMod","Colored Map","Colored Powertips","Highlight Path","Minty Spire (QoL Compilation)","Rare Cards Sparkle","Relic Stats","Spicy Shops","StSLib"],"gold_per_floor":[115,128,7,27,46,46,77,77,77,77,87,112,126,152,152,226,226,246,205,205,222,54,54,80,80,157,157,182,199,211,231,231,306,306,326,337,337,337,352,352,364,364,364,398,66,76,76,123,123,123,123,123,22,68,68],"floor_reached":56,"language":"ENG","playtime":10927,"items_purged":[],"score":1876,"play_id":"ef666f03-1c8e-49f6-a60e-1f6467651204","local_time":"20210221135852","is_ascension_mode":true,"campfire_choices":[{"data":"Echo Form","floor":6.0,"key":"SMITH"},{"floor":8.0,"key":"REST"},{"floor":15.0,"key":"REST"},{"floor":25.0,"key":"REST"},{"floor":27.0,"key":"RECALL"},{"floor":32.0,"key":"REST"},{"floor":40.0,"key":"REST"},{"floor":42.0,"key":"REST"},{"floor":47.0,"key":"REST"},{"floor":49.0,"key":"REST"},{"floor":52.0,"key":"REST"}],"circlet_count":0,"master_deck":["AscendersBane","Strike_B","Strike_B","Strike_B","Defend_B","Defend_B+1","Defend_B","Zap","Dualcast","Sweeping Beam","Leap","Loop","Turbo","Glacier","Echo Form+1","Capacitor","Go for the Eyes","Defragment+1","Streamline","Buffer+1","White Noise+1","Self Repair+1","Blizzard","White Noise+1","Conserve Battery","Heatsinks+1","Turbo","Conserve Battery","Static Discharge+1","Biased Cognition+1","Hologram","Skim","Seek","CurseOfTheBell","Defragment+1","Static Discharge+1","Gash","Magnetism+1","White Noise+1","Thunder Strike"],"relics":["Cracked Core","Centennial Puzzle","Frozen Egg 2","Pocketwatch","Tiny Chest","Ancient Tea Set","Fusion Hammer","Regal Pillow","Turnip","HornCleat","Matryoshka","Calling Bell","MealTicket","Meat on the Bone","Lizard Tail","Happy Flower","Nunchaku","War Paint","Torii","DataDisk","Anchor","StrikeDummy"],"acts_visited":["Exordium","TheCity","TheBeyond","TheEnding"],"potions_floor_usage":[55,55],"damage_taken":[{"damage":1.0,"enemies":"Cultist","floor":1.0,"turns":3.0},{"damage":7.0,"enemies":"Small Slimes","floor":2.0,"turns":3.0},{"damage":1.0,"enemies":"2 Louse","floor":4.0,"turns":4.0},{"damage":13.0,"enemies":"Large Slime","floor":5.0,"turns":10.0},{"damage":2.0,"enemies":"Lagavulin","floor":7.0,"turns":10.0},{"damage":8.0,"enemies":"Red Slaver","floor":11.0,"turns":5.0},{"damage":20.0,"enemies":"3 Sentries","floor":12.0,"turns":9.0},{"damage":0.0,"enemies":"Blue Slaver","floor":13.0,"turns":5.0},{"damage":15.0,"enemies":"Gremlin Nob","floor":14.0,"turns":5.0},{"damage":7.0,"enemies":"The Guardian","floor":16.0,"turns":13.0},{"damage":7.0,"enemies":"Chosen","floor":18.0,"turns":6.0},{"damage":11.0,"enemies":"2 Thieves","floor":21.0,"turns":4.0},{"damage":28.0,"enemies":"Slavers","floor":24.0,"turns":8.0},{"damage":5.0,"enemies":"Book of Stabbing","floor":28.0,"turns":9.0},{"damage":7.0,"enemies":"Centurion and Healer","floor":29.0,"turns":6.0},{"damage":2.0,"enemies":"Snake Plant","floor":30.0,"turns":7.0},{"damage":0.0,"enemies":"3 Cultists","floor":31.0,"turns":6.0},{"damage":9.0,"enemies":"Champ","floor":33.0,"turns":9.0},{"damage":1.0,"enemies":"3 Shapes","floor":35.0,"turns":6.0},{"damage":9.0,"enemies":"3 Darklings","floor":36.0,"turns":7.0},{"damage":0.0,"enemies":"4 Shapes","floor":39.0,"turns":7.0},{"damage":0.0,"enemies":"Maw","floor":41.0,"turns":11.0},{"damage":22.0,"enemies":"Reptomancer","floor":44.0,"turns":7.0},{"damage":11.0,"enemies":"Sphere and 2 Shapes","floor":46.0,"turns":7.0},{"damage":1.0,"enemies":"Giant Head","floor":48.0,"turns":8.0},{"damage":61.0,"enemies":"Donu and Deca","floor":50.0,"turns":8.0},{"damage":6.0,"enemies":"Shield and Spear","floor":54.0,"turns":8.0},{"damage":90,"enemies":"The Heart","floor":55,"turns":8}],"seed_played":"-6259208561581448376","potions_obtained":[{"floor":5.0,"key":"FearPotion"},{"floor":11.0,"key":"Dexterity Potion"},{"floor":12.0,"key":"Block Potion"},{"floor":14.0,"key":"Strength Potion"},{"floor":24.0,"key":"ColorlessPotion"},{"floor":30.0,"key":"Explosive Potion"},{"floor":31.0,"key":"Swift Potion"},{"floor":33.0,"key":"Strength Potion"},{"floor":38.0,"key":"DuplicationPotion"},{"floor":39.0,"key":"Weak Potion"},{"floor":44.0,"key":"Weak Potion"},{"floor":48.0,"key":"EntropicBrew"}],"is_trial":false,"path_per_floor":["M","M","$","M","M","R","E","R","T","?","M","E","M","E","R","B",null,"M","$","?","M","$","?","E","R","T","R","E","M","M","M","R","B",null,"M","M","T","?","M","R","M","R","T","E","$","M","R","E","R","B",null,"R","$","E","B",null],"character_chosen":"DEFECT","items_purchased":["Loop","Turbo","Self Repair+1","Heatsinks+1","Turbo","Conserve Battery","DataDisk","Magnetism+1","Dexterity Potion","Strength Potion"],"campfire_rested":9,"item_purchase_floors":[3,3,19,22,22,22,45,45,53,53],"current_hp_per_floor":[70,63,63,62,49,49,47,70,70,52,44,24,24,9,32,25,65,58,58,58,57,57,57,39,77,77,77,78,78,78,78,78,78,78,78,78,78,78,78,78,78,78,78,76,78,77,78,78,78,39,68,78,78,78,49],"gold":68,"neow_bonus":"TEN_PERCENT_HP_BONUS","is_daily":false,"chose_seed":false,"campfire_upgraded":1,"win_rate":0.0,"timestamp":1613933932,"path_taken":["M","M","?","M","M","R","E","R","T","?","M","E","M","E","R","BOSS","M","$","?","M","$","?","E","R","T","R","E","?","M","M","R","BOSS","M","M","?","?","?","R","M","R","T","E","$","M","R","E","R","BOSS","R","$","E","BOSS"],"items_purchased_type":["Card","Card","Card","Card","Card","Card","Relic","Card","Potion","Potion"],"build_version":"2020-12-22","purchased_purges":0,"victory":true,"max_hp_per_floor":[78,78,78,78,78,78,78,78,78,78,78,78,78,78,78,78,78,78,78,78,78,78,78,78,78,78,78,78,78,78,78,78,78,78,78,78,78,78,78,78,78,78,78,78,78,78,78,78,78,78,78,78,78,78,78],"relic_stats":{"Regal Pillow":15,"Happy Flower":[21],"Torii":57,"counters":[28,198],"War Paint":["Defend_B","White Noise"],"Centennial Puzzle":[57],"Lizard Tail":39,"Nunchaku":[7],"Tiny Chest":1,"MealTicket":2,"Turnip":[22],"obtain_stats":[{"Regal Pillow":23,"Happy Flower":37,"Torii":44,"Frozen Egg 2":9,"War Paint":43,"Ancient Tea Set":14,"Calling Bell":34,"Centennial Puzzle":7,"Lizard Tail":34,"Nunchaku":43,"DataDisk":45,"Anchor":48,"HornCleat":26,"Matryoshka":28,"Tiny Chest":12,"MealTicket":34,"Fusion Hammer":17,"Turnip":24,"Cracked Core":0,"StrikeDummy":54,"Pocketwatch":10,"Meat on the Bone":34},{"Regal Pillow":12,"Happy Flower":20,"Torii":23,"Frozen Egg 2":5,"War Paint":22,"Ancient Tea Set":9,"Calling Bell":18,"Centennial Puzzle":5,"Lizard Tail":18,"Nunchaku":22,"DataDisk":23,"Anchor":25,"HornCleat":13,"Matryoshka":14,"Tiny Chest":7,"MealTicket":18,"Fusion Hammer":10,"Turnip":13,"Cracked Core":0,"StrikeDummy":27,"Pocketwatch":5,"Meat on the Bone":18},{"Regal Pillow":77,"Happy Flower":134,"Torii":159,"Frozen Egg 2":30,"War Paint":152,"Ancient Tea Set":54,"Calling Bell":121,"Centennial Puzzle":30,"Lizard Tail":121,"Nunchaku":152,"DataDisk":159,"Anchor":174,"HornCleat":85,"Matryoshka":93,"Tiny Chest":44,"MealTicket":121,"Fusion Hammer":67,"Turnip":85,"Cracked Core":0,"StrikeDummy":190,"Pocketwatch":30,"Meat on the Bone":121}],"Pocketwatch":[105],"Meat on the Bone":24},"card_choices":[{"not_picked":["Rebound","Beam Cell"],"picked":"Sweeping Beam","floor":1.0},{"not_picked":["Reprogram","Go for the Eyes"],"picked":"Leap","floor":2.0},{"not_picked":["Chill","Stack"],"picked":"Glacier","floor":4.0},{"not_picked":["Conserve Battery","Steam Power"],"picked":"Echo Form","floor":5.0},{"not_picked":["Tempest","Rebound"],"picked":"Capacitor","floor":7.0},{"not_picked":["Gash","Compile Driver"],"picked":"Go for the Eyes","floor":11.0},{"not_picked":["Reinforced Body","Chill"],"picked":"Heatsinks+1","floor":12.0},{"not_picked":["Scrape","Static Discharge+1"],"picked":"Defragment+1","floor":13.0},{"not_picked":["Cold Snap","Aggregate"],"picked":"Streamline","floor":14.0},{"not_picked":["Rainbow","Echo Form+1"],"picked":"Buffer+1","floor":16.0},{"not_picked":["Rebound","Steam"],"picked":"White Noise+1","floor":18.0},{"not_picked":["Loop+1","Rip and Tear"],"picked":"Conserve Battery","floor":21.0},{"not_picked":["Rebound","Go for the Eyes"],"picked":"Static Discharge+1","floor":24.0},{"not_picked":["Coolheaded","Cold Snap"],"picked":"Biased Cognition+1","floor":28.0},{"not_picked":["Chaos","Barrage","Coolheaded"],"picked":"SKIP","floor":29.0},{"not_picked":["Ball Lightning","Rip and Tear"],"picked":"Hologram","floor":30.0},{"not_picked":["Loop+1","Auto Shields"],"picked":"Skim","floor":31.0},{"not_picked":["Rainbow","Fission"],"picked":"Seek","floor":33.0},{"not_picked":["Reprogram+1","Ball Lightning"],"picked":"Defragment+1","floor":35.0},{"not_picked":["Leap","Sweeping Beam","Gash"],"picked":"SKIP","floor":36.0},{"not_picked":["Stack","Ball Lightning"],"picked":"Static Discharge+1","floor":39.0},{"not_picked":["White Noise","Turbo","Barrage"],"picked":"SKIP","floor":41.0},{"not_picked":["Beam Cell+1","Stack"],"picked":"Gash","floor":44.0},{"not_picked":["Rip and Tear","Darkness"],"picked":"White Noise+1","floor":46.0},{"not_picked":["Barrage+1","Stack"],"picked":"Thunder Strike","floor":48.0},{"not_picked":["Chaos","White Noise","Go for the Eyes"],"picked":"SKIP","floor":54.0}],"player_experience":1223712,"relics_obtained":[{"floor":7.0,"key":"Centennial Puzzle"},{"floor":9.0,"key":"Frozen Egg 2"},{"floor":12.0,"key":"Tiny Chest"},{"floor":14.0,"key":"Ancient Tea Set"},{"floor":24.0,"key":"Turnip"},{"floor":26.0,"key":"HornCleat"},{"floor":28.0,"key":"Matryoshka"},{"floor":34.0,"key":"MealTicket"},{"floor":34.0,"key":"Meat on the Bone"},{"floor":34.0,"key":"Lizard Tail"},{"floor":37.0,"key":"Happy Flower"},{"floor":43.0,"key":"Nunchaku"},{"floor":43.0,"key":"War Paint"},{"floor":44.0,"key":"Torii"},{"floor":48.0,"key":"Anchor"},{"floor":54.0,"key":"StrikeDummy"}],"event_choices":[{"damage_healed":0.0,"max_hp_gain":0.0,"max_hp_loss":0.0,"gold_gain":0.0,"event_name":"Scrap Ooze","player_choice":"Success","floor":10.0,"gold_loss":0.0,"damage_taken":18.0,"relics_obtained":["Pocketwatch"]},{"damage_healed":0.0,"max_hp_gain":0.0,"max_hp_loss":0.0,"gold_gain":0.0,"cards_transformed":["Strike_B","Defend_B"],"event_name":"Drug Dealer","player_choice":"Became Test Subject","floor":20.0,"gold_loss":0.0,"damage_taken":0.0,"cards_obtained":["Blizzard","White Noise"]},{"cards_removed":["Heatsinks"],"damage_healed":0.0,"max_hp_gain":0.0,"max_hp_loss":0.0,"gold_gain":0.0,"event_name":"WeMeetAgain","player_choice":"Gave Card","floor":23.0,"gold_loss":0.0,"damage_taken":0.0,"relics_obtained":["Regal Pillow"]},{"damage_healed":0.0,"max_hp_gain":0.0,"max_hp_loss":0.0,"gold_gain":0.0,"event_name":"Lab","player_choice":"Got Potions","floor":38.0,"gold_loss":0.0,"damage_taken":0.0}],"is_beta":false,"boss_relics":[{"not_picked":["Empty Cage","Inserter"],"picked":"Fusion Hammer"},{"not_picked":["Pandora\u0027s Box","Runic Dome"],"picked":"Calling Bell"}],"items_purged_floors":[],"is_endless":false,"potions_floor_spawned":[5,11,12,13,14,24,30,31,33,39,44,48],"ascension_level":14}}