{"host":"r4aerl4ckfvw1dw3","time":1613934077,"event":{"mods":["BaseMod","BetterRewards","Minty Spire (QoL Compilation)","Quick Restart","StSLib"],"gold_per_floor":[110,185,3,23,42,42,42,75,100,100,130,130,208,223,223,327,327,341,440,440,141,160,160,160],"floor_reached":23,"language":"ENG","playtime":1213,"items_purged":[],"score":246,"play_id":"0a18c84b-e047-4f5e-8616-e511763c9f51","local_time":"20210221110117","is_ascension_mode":true,"campfire_choices":[{"data":"Defragment","floor":7,"key":"SMITH"},{"floor":10,"key":"REST"},{"floor":12,"key":"REST"},{"data":"Lockon","floor":15,"key":"SMITH"}],"circlet_count":0,"master_deck":["Strike_B","Strike_B","Strike_B","Strike_B","Defend_B+1","Defend_B","Defend_B","Defend_B","Zap","Dualcast","Coolheaded","Go for the Eyes","Defragment+1","Ball Lightning","Doom and Gloom","Stack+1","Lockon+1","Conserve Battery","Seek","Coolheaded","Electrodynamics","Loop+1","Defragment","Turbo"],"relics":["Cracked Core","War Paint","Bag of Marbles","Meat on the Bone","Runic Pyramid","Nilry\u0027s Codex","DataDisk","Orrery"],"acts_visited":["Exordium","TheCity"],"potions_floor_usage":[],"damage_taken":[{"damage":6,"enemies":"Small Slimes","floor":1,"turns":4},{"damage":4,"enemies":"2 Louse","floor":4,"turns":4},{"damage":4,"enemies":"Jaw Worm","floor":5,"turns":3},{"damage":29,"enemies":"3 Sentries","floor":8,"turns":6},{"damage":20,"enemies":"Gremlin Nob","floor":11,"turns":4},{"damage":2,"enemies":"Red Slaver","floor":14,"turns":3},{"damage":29,"enemies":"The Guardian","floor":16,"turns":10},{"damage":26,"enemies":"3 Byrds","floor":18,"turns":4},{"damage":14,"enemies":"Shell Parasite","floor":22,"turns":5},{"damage":39,"enemies":"Slavers","floor":23,"turns":2}],"seed_played":"8950979011914322205","potions_obtained":[{"floor":4,"key":"PotionOfCapacity"},{"floor":11,"key":"EssenceOfSteel"}],"is_trial":false,"path_per_floor":["M","?","$","M","M","?","R","E","T","R","E","R","?","M","R","B",null,"M","?","?","$","M","E"],"character_chosen":"DEFECT","items_purchased":["Defragment","Ball Lightning","Dexterity Potion","DataDisk","Orrery"],"campfire_rested":2,"item_purchase_floors":[3,3,3,21,21],"current_hp_per_floor":[69,58,58,54,50,50,50,21,21,43,23,45,45,43,43,26,63,49,49,33,33,31,0,0],"gold":160,"neow_bonus":"THREE_CARDS","is_daily":false,"chose_seed":false,"campfire_upgraded":2,"win_rate":0.0,"timestamp":1613934077,"path_taken":["M","?","$","M","M","?","R","E","T","R","E","R","?","M","R","BOSS","M","?","?","$","M","E"],"items_purchased_type":["Card","Card","Potion","Relic","Relic"],"build_version":"2020-12-22","purchased_purges":0,"victory":false,"max_hp_per_floor":[75,75,75,75,75,75,75,75,75,75,75,75,75,75,75,75,75,75,75,75,75,75,75,75],"card_choices":[{"not_picked":["Barrage","Consume"],"picked":"Coolheaded","floor":0},{"not_picked":["Barrage","Gash"],"picked":"Go for the Eyes","floor":1},{"not_picked":["Sweeping Beam","Steam"],"picked":"Doom and Gloom","floor":4},{"not_picked":["Lockon","Rebound"],"picked":"Stack","floor":5},{"not_picked":["Consume","Rainbow"],"picked":"Lockon","floor":8},{"not_picked":["Rebound","Go for the Eyes","Fusion"],"picked":"SKIP","floor":11},{"not_picked":["Skim","Go for the Eyes"],"picked":"Conserve Battery","floor":14},{"not_picked":["Biased Cognition","Thunder Strike"],"picked":"Seek","floor":16},{"not_picked":["Go for the Eyes","Darkness","Force Field"],"picked":"SKIP","floor":18},{"not_picked":["Recycle","FTL+1"],"picked":"Coolheaded","floor":21},{"not_picked":["Leap","Cold Snap"],"picked":"Electrodynamics","floor":21},{"not_picked":["Coolheaded","Lockon+1"],"picked":"Loop+1","floor":21},{"not_picked":["Hyperbeam","Streamline"],"picked":"Defragment","floor":21},{"not_picked":["Melter","White Noise"],"picked":"Turbo","floor":21},{"not_picked":["Double Energy","Rip and Tear","Streamline"],"picked":"SKIP","floor":22}],"player_experience":645214,"relics_obtained":[{"floor":8,"key":"War Paint"},{"floor":9,"key":"Bag of Marbles"},{"floor":11,"key":"Meat on the Bone"},{"floor":20,"key":"Nilry\u0027s Codex"}],"event_choices":[{"damage_healed":0,"gold_gain":75,"player_choice":"Gather Gold","damage_taken":11,"max_hp_gain":0,"max_hp_loss":0,"event_name":"World of Goop","floor":2,"gold_loss":0},{"damage_healed":0,"gold_gain":0,"player_choice":"Ignored","damage_taken":0,"max_hp_gain":0,"max_hp_loss":0,"event_name":"Liars Game","floor":6,"gold_loss":0},{"damage_healed":0,"gold_gain":78,"player_choice":"Gained Gold","damage_taken":0,"max_hp_gain":0,"max_hp_loss":0,"event_name":"Golden Wing","floor":13,"gold_loss":0},{"damage_healed":0,"gold_gain":99,"player_choice":"Stole From Cult","damage_taken":0,"max_hp_gain":0,"max_hp_loss":0,"event_name":"Nest","floor":19,"gold_loss":0},{"damage_healed":0,"gold_gain":0,"player_choice":"Obtained Book","damage_taken":16,"max_hp_gain":0,"max_hp_loss":0,"event_name":"Cursed Tome","floor":20,"gold_loss":0}],"is_beta":false,"boss_relics":[{"not_picked":["SacredBark","Busted Crown"],"picked":"Runic Pyramid"}],"items_purged_floors":[],"is_endless":false,"potions_floor_spawned":[4,11,14,22],"killed_by":"Slavers","ascension_level":5}}