{"host":"cr9rpoy6dx9riis3","time":1613937678,"event":{"mods":["AchievementEnabler","BaseMod","Better Altar","Better Note","Better Sensory Stone","Better Skull","Better Third Choice","Better-Laid Plans","BetterRewards","Block Reminder","Curses Come First","Displayed Cursed Tome","Emptier Cage","Marked Mod","Minty Spire (QoL Compilation)","Permanent Neow","Relic Sorter","StSLib","The Blue Laboratory","Transform Curses"],"gold_per_floor":[118,135,135,147,165,165,182,215,215,215,226,252,265,265,265,265,265],"floor_reached":16,"language":"ENG","playtime":830,"items_purged":[],"score":205,"play_id":"168b4ecc-b26e-4037-9a0c-6842ef5ee5d2","local_time":"20210221210118","is_ascension_mode":true,"campfire_choices":[{"data":"Survivor","floor":6,"key":"SMITH"},{"data":"Deflect","floor":10,"key":"SMITH"},{"floor":15,"key":"REST"}],"circlet_count":0,"master_deck":["Strike_G","Strike_G","Strike_G","Strike_G","Strike_G","Defend_G","Defend_G","Defend_G","Defend_G","Survivor+1","Neutralize","Deflect+1","Accuracy","Storm of Steel"],"relics":["Ring of the Snake","Singing Bowl","FossilizedHelix","Art of War"],"acts_visited":["Exordium"],"potions_floor_usage":[7,8,8],"damage_taken":[{"damage":1,"enemies":"Small Slimes","floor":1,"turns":4},{"damage":0,"enemies":"2 Louse","floor":2,"turns":3},{"damage":3,"enemies":"Jaw Worm","floor":4,"turns":4},{"damage":1,"enemies":"2 Fungi Beasts","floor":5,"turns":5},{"damage":3,"enemies":"Blue Slaver","floor":7,"turns":4},{"damage":18,"enemies":"Gremlin Nob","floor":8,"turns":6},{"damage":4,"enemies":"Lots of Slimes","floor":11,"turns":8},{"damage":24,"enemies":"3 Sentries","floor":12,"turns":9},{"damage":0,"enemies":"2 Fungi Beasts","floor":13,"turns":3},{"damage":45,"enemies":"Slime Boss","floor":16,"turns":9}],"seed_played":"856495747054803579","potions_obtained":[{"floor":1,"key":"blueLaboratory:BottledHope"},{"floor":4,"key":"blueLaboratory:FrostheartPotion"},{"floor":5,"key":"blueLaboratory:FruitPunch"}],"is_trial":false,"path_per_floor":["M","M","?","M","M","R","M","E","T","R","M","E","M","?","R","B"],"character_chosen":"THE_SILENT","items_purchased":["Art of War"],"campfire_rested":1,"item_purchase_floors":[0],"current_hp_per_floor":[69,69,69,66,65,65,64,46,46,46,42,20,22,22,44,0,0],"gold":265,"neow_bonus":"","is_daily":false,"chose_seed":false,"campfire_upgraded":2,"win_rate":0.0,"timestamp":1613937678,"path_taken":["M","M","?","M","M","R","M","E","T","R","M","E","M","?","R","BOSS"],"items_purchased_type":["Relic"],"build_version":"2020-12-22","purchased_purges":0,"victory":false,"max_hp_per_floor":[70,70,70,70,70,70,72,72,72,72,72,74,76,76,76,76,76],"card_choices":[{"not_picked":["Crippling Poison","Bouncing Flask","Backstab"],"picked":"SKIP","floor":1},{"not_picked":["PiercingWail","Quick Slash","Reflex"],"picked":"SKIP","floor":2},{"not_picked":["Outmaneuver","Sucker Punch","Dagger Spray"],"picked":"SKIP","floor":4},{"not_picked":["Calculated Gamble","PiercingWail"],"picked":"Deflect","floor":5},{"not_picked":["Dagger Spray","Underhanded Strike","Quick Slash"],"picked":"SKIP","floor":7},{"not_picked":["Slice","Leg Sweep"],"picked":"Accuracy","floor":8},{"not_picked":["Quick Slash","Acrobatics"],"picked":"Storm of Steel","floor":11},{"not_picked":["PiercingWail","Tactician","Prepared"],"picked":"Singing Bowl","floor":12},{"not_picked":["Quick Slash","Blade Dance","Dodge and Roll"],"picked":"Singing Bowl","floor":13}],"player_experience":770411,"relics_obtained":[{"floor":8,"key":"FossilizedHelix"},{"floor":9,"key":"Singing Bowl"}],"event_choices":[{"cards_removed":["Defend_G"],"damage_healed":0,"gold_gain":0,"player_choice":"Forget","damage_taken":0,"max_hp_gain":0,"max_hp_loss":0,"event_name":"Living Wall","floor":3,"gold_loss":0},{"damage_healed":0,"gold_gain":1,"player_choice":"LEAVE","damage_taken":0,"max_hp_gain":0,"max_hp_loss":0,"event_name":"betterThird:BetterScrap","floor":14,"gold_loss":0,"cards_obtained":["Offering"]}],"is_beta":false,"boss_relics":[],"items_purged_floors":[],"is_endless":false,"potions_floor_spawned":[1,4,5],"killed_by":"Slime Boss","ascension_level":5}}