{"host":"ydg0vn0pu4pubmdt","time":1613938751,"event":{"mods":["AchievementEnabler","BaseMod","Colored Map","Minty Spire (QoL Compilation)","Quick Restart","SuperFastMode"],"gold_per_floor":[118,118,118,43,43,83,83,83,83,121,144,158,158,158],"floor_reached":13,"language":"KOR","playtime":167,"items_purged":["Strike_R"],"score":282,"play_id":"85c5bc8b-259d-4ba8-b1ae-9e2823eaa660","local_time":"20210222051911","is_ascension_mode":true,"campfire_choices":[{"data":"Exhume","floor":8,"key":"SMITH"}],"circlet_count":0,"master_deck":["AscendersBane","Strike_R","Strike_R","Strike_R","Strike_R","Defend_R","Defend_R","Defend_R","Defend_R","Bash","Flame Barrier","Exhume+1","Pommel Strike"],"relics":["Burning Blood","NeowsBlessing","Golden Idol","Orichalcum","Lantern","Art of War"],"acts_visited":["Exordium"],"potions_floor_usage":[13],"damage_taken":[{"damage":0,"enemies":"Jaw Worm","floor":1,"turns":1},{"damage":0,"enemies":"Lagavulin","floor":6,"turns":1},{"damage":0,"enemies":"Gremlin Nob","floor":10,"turns":1},{"damage":1,"enemies":"2 Louse","floor":11,"turns":3},{"damage":0,"enemies":"Cultist","floor":12,"turns":4},{"damage":62,"enemies":"Lagavulin","floor":13,"turns":8}],"seed_played":"-8487197557652407309","potions_obtained":[{"floor":10,"key":"Dexterity Potion"}],"is_trial":false,"path_per_floor":["M","?","?","$","?","E","$","R","T","E","M","M","E"],"character_chosen":"IRONCLAD","items_purchased":[],"campfire_rested":0,"item_purchase_floors":[],"current_hp_per_floor":[74,79,51,51,39,45,45,45,45,51,56,62,0,0],"gold":158,"neow_bonus":"THREE_ENEMY_KILL","is_daily":false,"chose_seed":false,"campfire_upgraded":1,"win_rate":0.0,"timestamp":1613938751,"path_taken":["M","?","?","$","?","E","$","R","T","E","M","M","E"],"items_purchased_type":[],"build_version":"2020-12-22","purchased_purges":1,"victory":false,"max_hp_per_floor":[75,80,80,80,80,80,80,80,80,80,80,80,80,80],"card_choices":[{"not_picked":["Anger","Twin Strike"],"picked":"Flame Barrier","floor":1},{"not_picked":["Clothesline","Clash"],"picked":"Exhume","floor":6},{"not_picked":["Clash","Anger"],"picked":"Pommel Strike","floor":10},{"not_picked":["Wild Strike","Burning Pact","Thunderclap"],"picked":"SKIP","floor":11},{"not_picked":["Headbutt","Havoc","Warcry"],"picked":"SKIP","floor":12}],"player_experience":622356,"relics_obtained":[{"floor":6,"key":"Orichalcum"},{"floor":9,"key":"Lantern"},{"floor":10,"key":"Art of War"}],"event_choices":[{"damage_healed":0,"gold_gain":0,"player_choice":"Donut","damage_taken":0,"max_hp_gain":5,"max_hp_loss":0,"event_name":"Big Fish","floor":2,"gold_loss":0},{"damage_healed":0,"gold_gain":0,"player_choice":"Take Damage","damage_taken":28,"relics_obtained":["Golden Idol"],"max_hp_gain":0,"max_hp_loss":0,"event_name":"Golden Idol","floor":3,"gold_loss":0},{"damage_healed":0,"gold_gain":0,"player_choice":"Damaged","damage_taken":12,"max_hp_gain":0,"max_hp_loss":0,"event_name":"Wheel of Change","floor":5,"gold_loss":0}],"is_beta":false,"boss_relics":[],"items_purged_floors":[4],"is_endless":false,"potions_floor_spawned":[10],"killed_by":"Lagavulin","ascension_level":20}}