{"host":"ilxricga2547gmyy","time":1613901748,"event":{"mods":["AchievementEnabler","BaseMod","Bestiary","Minty Spire (QoL Compilation)","StSLib"],"gold_per_floor":[115,126,146,146,169,209,209,249,276,276,289,320,45,45,45,165,165,181,0,15,29,54,95,95,108,184,219,219,229,229,257,257,360,360,377,428,478,438,449,474,489,489,489,789,800,833,833,853,853,853,853,853,147,181,181],"floor_reached":56,"language":"ENG","playtime":3542,"items_purged":["Strike_G","Strike_G","Sucker Punch+1"],"score":1435,"play_id":"f10a6eb5-0f1d-4a44-bc6f-839fda3d3d03","local_time":"20210221110228","is_ascension_mode":true,"campfire_choices":[{"floor":7.0,"key":"REST"},{"data":"Noxious Fumes","floor":10.0,"key":"SMITH"},{"data":"Dodge and Roll","floor":15.0,"key":"SMITH"},{"floor":30.0,"key":"REST"},{"floor":32.0,"key":"REST"},{"floor":42.0,"key":"REST"},{"floor":47.0,"key":"RECALL"},{"data":"After Image","floor":49.0,"key":"SMITH"},{"data":"Footwork","floor":52.0,"key":"SMITH"}],"circlet_count":0,"master_deck":["Defend_G","Defend_G","Defend_G","Defend_G","Defend_G","Survivor","Calculated Gamble","Dash","Noxious Fumes+1","Deflect","Deadly Poison+1","Deadly Poison","Footwork+1","Dodge and Roll+1","After Image+1","Deflect+1","Footwork+1","Malaise","Backflip","Bouncing Flask","Noxious Fumes","Calculated Gamble","Tools of the Trade","Expertise+1","Burst+1","Backflip","Prepared+1","Catalyst+1","Prepared","Crippling Poison","Acrobatics"],"relics":["Ring of the Snake","Art of War","Bloody Idol","Tiny Chest","MealTicket","Centennial Puzzle","Bronze Scales","Lee\u0027s Waffle","Philosopher\u0027s Stone","Omamori","HornCleat","Happy Flower","Ancient Tea Set","Astrolabe","Bird Faced Urn","Lantern","Meat on the Bone","Old Coin","Snake Skull","Letter Opener","TheAbacus","Blue Candle"],"acts_visited":["Exordium","TheCity","TheBeyond","TheEnding"],"potions_floor_usage":[55,55,55],"damage_taken":[{"damage":3.0,"enemies":"Jaw Worm","floor":1.0,"turns":6.0},{"damage":1.0,"enemies":"Small Slimes","floor":2.0,"turns":4.0},{"damage":0.0,"enemies":"2 Louse","floor":3.0,"turns":2.0},{"damage":10.0,"enemies":"Large Slime","floor":5.0,"turns":8.0},{"damage":7.0,"enemies":"3 Sentries","floor":6.0,"turns":9.0},{"damage":13.0,"enemies":"Lagavulin","floor":8.0,"turns":7.0},{"damage":4.0,"enemies":"Lots of Slimes","floor":11.0,"turns":4.0},{"damage":16.0,"enemies":"Gremlin Nob","floor":12.0,"turns":4.0},{"damage":57.0,"enemies":"Slime Boss","floor":16.0,"turns":14.0},{"damage":4.0,"enemies":"Spheric Guardian","floor":18.0,"turns":4.0},{"damage":19.0,"enemies":"Chosen","floor":20.0,"turns":6.0},{"damage":15.0,"enemies":"Snecko","floor":21.0,"turns":6.0},{"damage":15.0,"enemies":"Centurion and Healer","floor":22.0,"turns":7.0},{"damage":2.0,"enemies":"Book of Stabbing","floor":23.0,"turns":8.0},{"damage":0.0,"enemies":"Snake Plant","floor":25.0,"turns":6.0},{"damage":30.0,"enemies":"Gremlin Leader","floor":27.0,"turns":10.0},{"damage":0.0,"enemies":"Snecko","floor":29.0,"turns":5.0},{"damage":6.0,"enemies":"Book of Stabbing","floor":31.0,"turns":6.0},{"damage":10.0,"enemies":"Champ","floor":33.0,"turns":12.0},{"damage":0.0,"enemies":"Orb Walker","floor":35.0,"turns":6.0},{"damage":36.0,"enemies":"Mind Bloom Boss Battle","floor":37.0,"turns":9.0},{"damage":16.0,"enemies":"3 Shapes","floor":39.0,"turns":5.0},{"damage":45.0,"enemies":"Reptomancer","floor":40.0,"turns":8.0},{"damage":2.0,"enemies":"3 Darklings","floor":41.0,"turns":5.0},{"damage":0.0,"enemies":"Transient","floor":45.0,"turns":5.0},{"damage":23.0,"enemies":"Nemesis","floor":46.0,"turns":9.0},{"damage":0.0,"enemies":"4 Shapes","floor":48.0,"turns":5.0},{"damage":31.0,"enemies":"Donu and Deca","floor":50.0,"turns":9.0},{"damage":15,"enemies":"Shield and Spear","floor":54,"turns":6},{"damage":11,"enemies":"The Heart","floor":55,"turns":8}],"seed_played":"-2445023479804148898","potions_obtained":[{"floor":1.0,"key":"EntropicBrew"},{"floor":2.0,"key":"GamblersBrew"},{"floor":12.0,"key":"AttackPotion"},{"floor":21.0,"key":"ColorlessPotion"},{"floor":22.0,"key":"Block Potion"},{"floor":25.0,"key":"Ancient Potion"},{"floor":27.0,"key":"FearPotion"},{"floor":40.0,"key":"Weak Potion"}],"is_trial":false,"path_per_floor":["M","M","M","?","M","E","R","E","T","R","M","E","$","?","R","B",null,"M","$","M","M","M","E","?","M","T","E","?","M","R","E","R","B",null,"M","T","?","?","M","E","M","R","T","T","M","E","R","M","R","B",null,"R","$","E","B",null],"character_chosen":"THE_SILENT","items_purchased":["Lee\u0027s Waffle","Dodge and Roll","Footwork","Letter Opener","TheAbacus","Crippling Poison","Acrobatics","Regen Potion"],"campfire_rested":4,"item_purchase_floors":[13,13,19,53,53,53,53,53],"current_hp_per_floor":[67,66,66,49,39,32,53,40,40,40,36,20,77,77,77,20,77,73,77,58,43,28,26,51,51,51,21,21,26,49,48,71,66,77,77,77,46,46,47,19,30,53,53,58,75,61,61,74,74,48,77,77,77,71,77],"gold":181,"neow_bonus":"RANDOM_COMMON_RELIC","is_daily":false,"chose_seed":false,"campfire_upgraded":4,"win_rate":0.0,"timestamp":1613901748,"path_taken":["M","M","M","?","M","E","R","E","T","R","M","E","$","?","R","BOSS","M","$","M","M","M","E","?","M","T","E","?","M","R","E","R","BOSS","M","?","?","?","?","E","M","R","T","?","?","E","R","M","R","BOSS","R","$","E","BOSS"],"items_purchased_type":["Relic","Card","Card","Relic","Relic","Card","Card","Potion"],"build_version":"2020-12-22","purchased_purges":3,"victory":true,"max_hp_per_floor":[70,70,70,70,70,70,70,70,70,70,70,70,77,77,77,77,77,77,77,77,77,77,77,77,77,77,77,77,77,77,77,77,77,77,77,77,77,77,77,77,77,77,77,77,77,77,77,77,77,77,77,77,77,77,77],"card_choices":[{"not_picked":["Setup","Flying Knee"],"picked":"Calculated Gamble","floor":1.0},{"not_picked":["Poisoned Stab","Cloak And Dagger"],"picked":"Dash","floor":2.0},{"not_picked":["Predator","Bane"],"picked":"Noxious Fumes","floor":3.0},{"not_picked":["Blade Dance","Slice"],"picked":"Deflect","floor":5.0},{"not_picked":["Tools of the Trade","Eviscerate"],"picked":"Deadly Poison","floor":6.0},{"not_picked":["Expertise","Quick Slash"],"picked":"Deadly Poison","floor":8.0},{"not_picked":["Deflect","Well Laid Plans"],"picked":"Footwork","floor":11.0},{"not_picked":["Deflect","Predator","Accuracy"],"picked":"SKIP","floor":12.0},{"not_picked":["A Thousand Cuts","Glass Knife"],"picked":"After Image","floor":16.0},{"not_picked":["Eviscerate","Dagger Spray"],"picked":"Deflect+1","floor":18.0},{"not_picked":["Cloak And Dagger","Slice","Sucker Punch"],"picked":"SKIP","floor":20.0},{"not_picked":["Eviscerate","Outmaneuver+1","Dagger Throw"],"picked":"SKIP","floor":21.0},{"not_picked":["Dagger Throw+1","Flechettes"],"picked":"Malaise","floor":22.0},{"not_picked":["Crippling Poison","Bullet Time"],"picked":"Backflip","floor":23.0},{"not_picked":["Cloak And Dagger+1","Quick Slash"],"picked":"Bouncing Flask","floor":25.0},{"not_picked":["Deflect+1","Bane"],"picked":"Noxious Fumes","floor":27.0},{"not_picked":["Slice","Sucker Punch","Blade Dance"],"picked":"SKIP","floor":29.0},{"not_picked":["Eviscerate","Deadly Poison+1"],"picked":"Calculated Gamble","floor":31.0},{"not_picked":["Doppelganger","Grand Finale"],"picked":"Tools of the Trade","floor":33.0},{"not_picked":["Prepared","Acrobatics"],"picked":"Backflip","floor":35.0},{"not_picked":["Bane","Cloak And Dagger"],"picked":"Prepared+1","floor":39.0},{"not_picked":["Envenom","Bane","Concentrate+1"],"picked":"SKIP","floor":40.0},{"not_picked":["Blade Dance+1","Dash"],"picked":"Catalyst+1","floor":41.0},{"not_picked":["Poisoned Stab","Flying Knee","Concentrate"],"picked":"SKIP","floor":45.0},{"not_picked":["Poisoned Stab","Bane"],"picked":"Prepared","floor":46.0},{"not_picked":["Deflect+1","Dagger Throw","Flying Knee"],"picked":"SKIP","floor":48.0},{"not_picked":["Grand Finale","Blade Dance+1","Envenom"],"picked":"SKIP","floor":54}],"player_experience":289280,"relics_obtained":[{"floor":6.0,"key":"Tiny Chest"},{"floor":8.0,"key":"MealTicket"},{"floor":9.0,"key":"Centennial Puzzle"},{"floor":12.0,"key":"Bronze Scales"},{"floor":23.0,"key":"Omamori"},{"floor":26.0,"key":"HornCleat"},{"floor":27.0,"key":"Happy Flower"},{"floor":31.0,"key":"Ancient Tea Set"},{"floor":37.0,"key":"Bird Faced Urn"},{"floor":40.0,"key":"Lantern"},{"floor":43.0,"key":"Meat on the Bone"},{"floor":44.0,"key":"Old Coin"},{"floor":46.0,"key":"Snake Skull"},{"floor":54,"key":"Blue Candle"}],"event_choices":[{"damage_healed":0.0,"max_hp_gain":0.0,"max_hp_loss":0.0,"gold_gain":0.0,"event_name":"Golden Idol","player_choice":"Take Damage","floor":4.0,"gold_loss":0.0,"damage_taken":17.0,"relics_obtained":["Golden Idol"]},{"cards_removed":["Strike_G"],"damage_healed":0.0,"max_hp_gain":0.0,"max_hp_loss":0.0,"gold_gain":0.0,"event_name":"Living Wall","player_choice":"Forget","floor":14.0,"gold_loss":0.0,"damage_taken":0.0},{"damage_healed":25.0,"max_hp_gain":0.0,"max_hp_loss":0.0,"gold_gain":0.0,"event_name":"The Library","player_choice":"Heal","floor":24.0,"gold_loss":0.0,"damage_taken":0.0},{"damage_healed":0.0,"max_hp_gain":0.0,"max_hp_loss":0.0,"gold_gain":0.0,"event_name":"Forgotten Altar","player_choice":"Gave Idol","floor":28.0,"relics_lost":["Golden Idol"],"gold_loss":0.0,"damage_taken":0.0,"relics_obtained":["Bloody Idol"]},{"damage_healed":0.0,"max_hp_gain":0.0,"max_hp_loss":0.0,"gold_gain":0.0,"event_name":"MindBloom","player_choice":"Fight","floor":37.0,"gold_loss":0.0,"damage_taken":0.0},{"damage_healed":0.0,"max_hp_gain":0.0,"max_hp_loss":0.0,"gold_gain":0.0,"event_name":"Designer","player_choice":"Upgraded Two","floor":38.0,"gold_loss":40.0,"damage_taken":0.0,"cards_upgraded":["Deadly Poison","Footwork"]}],"is_beta":false,"boss_relics":[{"not_picked":["Runic Dome","WristBlade"],"picked":"Philosopher\u0027s Stone"},{"not_picked":["Coffee Dripper","Busted Crown"],"picked":"Astrolabe"}],"items_purged_floors":[13,19,53],"is_endless":false,"potions_floor_spawned":[1,2,12,21,22,25,27,35,39,40],"ascension_level":3}}