{"host":"0rxdudjy6rylha1k","time":1613951290,"event":{"mods":["Aspiration","BaseMod","Colored Map","Colored Powertips","Downfall","Highlight Path","Hubris","Minty Spire (QoL Compilation)","StSLib"],"gold_per_floor":[99,118,118,118,118,118,118,118,118,118,103,136,36,50,63,159,159,159,173,173,187,199,99,99,110,140,140,154,139,139,166,179,282,282,282,282,282,6,26,26,26,43,43,43,59,76,85,111,130,130,130,130],"floor_reached":50,"language":"ENG","playtime":6087,"items_purged":["Regret","Regret"],"score":813,"play_id":"7546ee30-f5e2-40db-9138-d61b95cb0d54","local_time":"20210221164810","is_ascension_mode":true,"campfire_choices":[{"floor":1.0,"key":"REST"},{"floor":8.0,"key":"REST"},{"data":"champ:Taunt","floor":10.0,"key":"SMITH"},{"floor":13.0,"key":"REST"},{"floor":18.0,"key":"RECALL"},{"floor":23.0,"key":"REST"},{"data":"champ:RisingSlash","floor":27.0,"key":"SMITH"},{"floor":30.0,"key":"REST"},{"data":"champ:EnchantSword","floor":35,"key":"SMITH"},{"data":"champ:DefensiveStyle","floor":40,"key":"SMITH"},{"data":"champ:StrikeOfGenius","floor":43,"key":"SMITH"}],"circlet_count":0,"master_deck":["champ:Strike","champ:Strike","champ:Strike","champ:Defend","champ:Defend","champ:Defend","champ:Defend","champ:Execute","champ:Taunt+1","champ:Improvising+1","champ:RisingSlash+1","champ:FlashCut","champ:PreciseThrust","champ:StrikeOfGenius+1","champ:TornadoPunch+1","champ:FocusedDefense","champ:RisingSlash+1","champ:FlashCut","champ:EnchantSword+1","champ:Circumvent","champ:DefensiveStyle+1","champ:RageSigil+1","champ:TripleStrike","champ:ShieldWall"],"relics":["champ:ChampionCrownUpgraded","hexamod:BolsterEngine","Blue Candle","Singing Bowl","Akabeko","downfall:HeartBlessingGreen","downfall:HeartBlessingRed","White Beast Statue","aspiration:FetidBarrel","sneckomod:BlankCard","Cursed Key","Boot","aspiration:HiddenCompartment","OrangePellets","Bottled Tornado","Omamori"],"acts_visited":["Exordium","TheCity","TheBeyond"],"potions_floor_usage":[33,33,33,42,46,46,48,48,48,50,50],"damage_taken":[{"damage":23.0,"enemies":"Cultist","floor":2.0,"turns":6.0},{"damage":10.0,"enemies":"downfall:FleeingMerchant","floor":11.0,"turns":4.0},{"damage":55.0,"enemies":"Lagavulin","floor":12.0,"turns":5.0},{"damage":8.0,"enemies":"Jaw Worm","floor":14.0,"turns":4.0},{"damage":0.0,"enemies":"2 Louse","floor":15.0,"turns":1.0},{"damage":45.0,"enemies":"IC_STATUS_ARCHETYPE","floor":16.0,"turns":5.0},{"damage":15.0,"enemies":"downfall:LooterAlt2","floor":19.0,"turns":6.0},{"damage":0.0,"enemies":"Chosen","floor":20.0,"turns":1.0},{"damage":7.0,"enemies":"Snake Plant","floor":21.0,"turns":3.0},{"damage":10.0,"enemies":"Cultist and Chosen","floor":22.0,"turns":4.0},{"damage":30.0,"enemies":"Shelled Parasite and Fungi","floor":25.0,"turns":5.0},{"damage":25.0,"enemies":"Book of Stabbing","floor":26.0,"turns":3.0},{"damage":38.0,"enemies":"Snake Plant","floor":28.0,"turns":3.0},{"damage":10.0,"enemies":"downfall:FleeingMerchant","floor":29.0,"turns":4.0},{"damage":19.0,"enemies":"3 Cultists","floor":32.0,"turns":4.0},{"damage":15,"enemies":"SI_MIRROR_ARCHETYPE","floor":33,"turns":8},{"damage":26,"enemies":"downfall:FleeingMerchant","floor":38,"turns":4},{"damage":15,"enemies":"3 Darklings","floor":39,"turns":4},{"damage":20,"enemies":"3 Shapes","floor":42,"turns":5},{"damage":37,"enemies":"Sphere and 2 Shapes","floor":45,"turns":6},{"damage":25,"enemies":"Maw","floor":46,"turns":6},{"damage":0,"enemies":"downfall:FleeingMerchant","floor":47,"turns":1},{"damage":58,"enemies":"Giant Head","floor":48,"turns":7},{"damage":13,"enemies":"Writhing Mass","floor":49,"turns":4},{"damage":72,"enemies":"WA_ARCHETYPE_DIVINITY","floor":50,"turns":11}],"seed_played":"-3420725215725841264","potions_obtained":[{"floor":15.0,"key":"hexamod:SoulburnPotion"},{"floor":21.0,"key":"PowerPotion"},{"floor":22.0,"key":"Weak Potion"},{"floor":25.0,"key":"CultistPotion"},{"floor":26.0,"key":"ColorlessPotion"},{"floor":28.0,"key":"Strength Potion"},{"floor":29.0,"key":"FearPotion"},{"floor":32.0,"key":"LiquidMemories"},{"floor":33,"key":"BlessingOfTheForge"},{"floor":38,"key":"FearPotion"},{"floor":39,"key":"Regen Potion"},{"floor":42,"key":"champ:UltimateStancePotion"},{"floor":46,"key":"AttackPotion"},{"floor":47,"key":"Energy Potion"},{"floor":48,"key":"Fruit Juice"},{"floor":49,"key":"Ancient Potion"}],"is_trial":false,"path_per_floor":["R","M","T","?","?","?","T","R","?","R","$","E","R","M","M","B",null,"R","M","M","M","M","R","T","M","E","R","M","$","R","T","M","B",null,"R","?","?","$","M","R","T","M","R","$","M","M","$","E","M","B"],"character_chosen":"THE_CHAMP","items_purchased":["Boot","champ:DefensiveStyle","OrangePellets","Bottled Tornado","champ:ShieldWall"],"campfire_rested":5,"item_purchase_floors":[38,38,44,47,47],"current_hp_per_floor":[84,66,66,61,61,61,61,88,88,88,88,35,62,54,54,19,74,74,64,64,64,66,94,94,74,76,76,58,60,90,90,88,88,99,99,99,99,98,100,100,100,97,97,82,60,77,77,46,45,0,0,0],"gold":130,"neow_bonus":"THREE_RARE_CARDS","is_daily":false,"chose_seed":false,"campfire_upgraded":5,"win_rate":0.0,"timestamp":1613951290,"path_taken":["R","M","?","?","?","?","T","R","?","R","$","E","R","M","M","BOSS","R","M","?","?","M","R","T","M","E","R","M","$","R","?","M","BOSS","R","?","?","?","?","R","T","M","R","?","M","M","$","E","M","BOSS"],"items_purchased_type":["Relic","Card","Relic","Relic","Card"],"build_version":"2020-12-22","purchased_purges":2,"victory":false,"max_hp_per_floor":[90,90,90,90,90,90,90,90,90,90,90,92,92,92,92,92,92,92,92,92,94,96,96,96,96,98,98,98,100,100,100,102,102,102,102,102,102,102,104,104,104,106,106,106,106,108,108,110,112,117,117,117],"card_choices":[{"not_picked":["champ:EnchantSword","champ:SwordThrow"],"picked":"champ:Improvising","floor":0.0},{"not_picked":["champ:AdrenalArmor","champ:Backstep","champ:FanOfKnives"],"picked":"SKIP","floor":2.0},{"not_picked":["champ:GutPunch","champ:ShieldSigil"],"picked":"champ:RisingSlash","floor":11.0},{"not_picked":["champ:Endure","champ:HeartStrike","champ:DeathBlow"],"picked":"Singing Bowl","floor":12.0},{"not_picked":["champ:AdrenalArmor","champ:StanceDance"],"picked":"champ:FlashCut","floor":14.0},{"not_picked":["champ:BladeFlurry","champ:Circumvent"],"picked":"champ:PreciseThrust","floor":15.0},{"not_picked":["champ:IgnorePain","champ:EnchantCrown"],"picked":"champ:StrikeOfGenius","floor":16.0},{"not_picked":["champ:BringItOn+1","champ:DefensiveShout+1"],"picked":"champ:TornadoPunch+1","floor":19.0},{"not_picked":["champ:BladeFlurry","champ:ShieldSigil"],"picked":"champ:FocusedDefense","floor":20.0},{"not_picked":["champ:EndlessRage","champ:ShieldSigil","champ:Backstep"],"picked":"Singing Bowl","floor":21.0},{"not_picked":["champ:ShieldThrow","champ:HeartStrike+1","champ:PerfectedStrike+1"],"picked":"Singing Bowl","floor":22.0},{"not_picked":["champ:Backstep","champ:GutPunch"],"picked":"champ:RisingSlash+1","floor":25.0},{"not_picked":["champ:CalledShot","champ:BladeFlurry","champ:HeartStrike"],"picked":"Singing Bowl","floor":26.0},{"not_picked":["champ:Backstep","champ:LastStand"],"picked":"champ:FlashCut","floor":28.0},{"not_picked":["champ:PerfectedStrike+1","champ:Shatter","champ:AdrenalArmor"],"picked":"Singing Bowl","floor":29.0},{"not_picked":["champ:BringItOn+1","champ:StanceDance","champ:FanOfKnives"],"picked":"Singing Bowl","floor":32.0},{"not_picked":["champ:Devastate","champ:EnchantShield"],"picked":"champ:EnchantSword","floor":33},{"not_picked":["champ:HeartStrike","champ:IronFortress"],"picked":"champ:Circumvent","floor":38},{"not_picked":["champ:EnGarde","champ:ShieldSigil","champ:FanOfKnives"],"picked":"Singing Bowl","floor":39},{"not_picked":["champ:Shatter+1","champ:Haymaker","champ:Backstep+1"],"picked":"Singing Bowl","floor":42},{"not_picked":["champ:BladeFlurry","champ:BringItOn"],"picked":"champ:RageSigil+1","floor":45},{"not_picked":["champ:EndlessRage","champ:Backstep+1","champ:EnGarde"],"picked":"Singing Bowl","floor":46},{"not_picked":["champ:CrookedStrike+1","champ:RageSigil+1"],"picked":"champ:TripleStrike","floor":47},{"not_picked":["champ:Encircle","champ:EnGarde","champ:RecklessLeap+1"],"picked":"Singing Bowl","floor":48},{"not_picked":["champ:Haymaker","champ:AdrenalArmor+1","champ:SetATrap+1"],"picked":"Singing Bowl","floor":49}],"player_experience":3050207,"relics_obtained":[{"floor":3.0,"key":"hexamod:BolsterEngine"},{"floor":7.0,"key":"Singing Bowl"},{"floor":12.0,"key":"Akabeko"},{"floor":24.0,"key":"White Beast Statue"},{"floor":26.0,"key":"aspiration:FetidBarrel"},{"floor":31.0,"key":"sneckomod:BlankCard"},{"floor":41,"key":"aspiration:HiddenCompartment"},{"floor":48,"key":"Omamori"}],"event_choices":[{"damage_healed":0.0,"max_hp_gain":0.0,"max_hp_loss":0.0,"gold_gain":0.0,"event_name":"Accursed Blacksmith","player_choice":"Forge","floor":9.0,"gold_loss":0.0,"damage_taken":0.0,"cards_upgraded":["champ:Improvising"]},{"cards_removed":["champ:Strike"],"damage_healed":0,"gold_gain":0,"player_choice":"Removed Attack","damage_taken":0,"max_hp_gain":0,"max_hp_loss":0,"event_name":"Falling","floor":36,"gold_loss":0}],"is_beta":false,"boss_relics":[{"not_picked":["Runic Dome","Empty Cage"],"picked":"champ:ChampionCrownUpgraded"},{"not_picked":["Runic Pyramid","Astrolabe"],"picked":"Cursed Key"}],"items_purged_floors":[38,44],"is_endless":false,"potions_floor_spawned":[15,21,22,25,26,28,29,32,33,38,39,42,45,46,47,48,49],"killed_by":"WA_ARCHETYPE_DIVINITY","ascension_level":8}}