{"host":"syfsfjmzue8y1a6l","time":1613889621,"event":{"mods":["AchievementEnabler","BaseMod","Colored Map","DeckTracker","Minty Spire (QoL Compilation)","Permanent Neow","SuperFastMode"],"gold_per_floor":[13,25,25,2,22,49,49,69,69,103,113,123,142,161,161,262,262,275,275,289,305,305,305,305,332,332,344,355,355,373,219,219,219,219],"floor_reached":33,"language":"KOR","playtime":1526,"items_purged":["Defend_R"],"score":283,"play_id":"09144ad8-91db-44cc-9120-9882baebe40f","local_time":"20210221154021","is_ascension_mode":false,"campfire_choices":[{"data":"Shockwave","floor":7,"key":"SMITH"},{"data":"Barricade","floor":15,"key":"SMITH"},{"data":"True Grit","floor":23,"key":"SMITH"},{"data":"Pommel Strike","floor":32,"key":"SMITH"}],"circlet_count":0,"master_deck":["Strike_R","Strike_R","Strike_R","Strike_R","Strike_R","Defend_R","Defend_R","Defend_R","Bash","Barricade+1","Perfected Strike","Pommel Strike+1","Flex","Shockwave+1","True Grit+1","Impervious","Shrug It Off","Uppercut","Perfected Strike","Body Slam","Bandage Up","True Grit+1","Feel No Pain+1","True Grit","Sentinel","Ghostly Armor"],"relics":["Burning Blood","Shuriken","Nunchaku","Mark of Pain","Mercury Hourglass","Dream Catcher","Matryoshka"],"acts_visited":["Exordium","TheCity"],"potions_floor_usage":[6,8,8,8,16,16,21,25,25],"damage_taken":[{"damage":5,"enemies":"Small Slimes","floor":1,"turns":4},{"damage":6,"enemies":"Cultist","floor":2,"turns":3},{"damage":6,"enemies":"Jaw Worm","floor":5,"turns":2},{"damage":34,"enemies":"3 Sentries","floor":6,"turns":6},{"damage":13,"enemies":"Gremlin Gang","floor":8,"turns":4},{"damage":15,"enemies":"Lagavulin","floor":10,"turns":8},{"damage":4,"enemies":"Red Slaver","floor":11,"turns":4},{"damage":18,"enemies":"Large Slime","floor":12,"turns":8},{"damage":1,"enemies":"Exordium Wildlife","floor":13,"turns":4},{"damage":14,"enemies":"3 Louse","floor":14,"turns":3},{"damage":11,"enemies":"The Guardian","floor":16,"turns":9},{"damage":32,"enemies":"3 Byrds","floor":18,"turns":8},{"damage":1,"enemies":"Chosen","floor":20,"turns":4},{"damage":10,"enemies":"Snake Plant","floor":21,"turns":3},{"damage":11,"enemies":"Slavers","floor":25,"turns":6},{"damage":18,"enemies":"Sentry and Sphere","floor":27,"turns":4},{"damage":24,"enemies":"Chosen and Byrds","floor":28,"turns":7},{"damage":12,"enemies":"Snecko","floor":30,"turns":5},{"damage":60,"enemies":"Automaton","floor":33,"turns":6}],"seed_played":"7696593338857457506","potions_obtained":[{"floor":1,"key":"LiquidBronze"},{"floor":3,"key":"EntropicBrew"},{"floor":3,"key":"Fire Potion"},{"floor":3,"key":"Ancient Potion"},{"floor":10,"key":"SpeedPotion"},{"floor":12,"key":"PowerPotion"},{"floor":16,"key":"Weak Potion"},{"floor":18,"key":"Energy Potion"},{"floor":21,"key":"Dexterity Potion"},{"floor":28,"key":"LiquidBronze"},{"floor":30,"key":"SteroidPotion"}],"is_trial":false,"path_per_floor":["M","M","?","$","M","E","R","M","T","E","M","M","M","M","R","B",null,"M","?","M","M","T","R","?","E","T","M","M","?","M","$","R","B"],"character_chosen":"IRONCLAD","items_purchased":["Flex","Ghostly Armor"],"campfire_rested":0,"item_purchase_floors":[4,31],"current_hp_per_floor":[80,80,80,80,80,52,52,45,45,36,38,26,31,23,23,18,80,54,54,63,63,63,63,63,62,62,54,40,40,38,38,38,0,0],"gold":219,"neow_bonus":"THREE_RARE_CARDS","is_daily":false,"chose_seed":false,"campfire_upgraded":4,"win_rate":0.0,"timestamp":1613889621,"path_taken":["M","M","?","$","M","E","R","M","T","E","M","?","M","M","R","BOSS","M","?","M","?","?","R","?","E","T","M","M","?","M","$","R","BOSS"],"items_purchased_type":["Card","Card"],"build_version":"2020-12-22","purchased_purges":1,"victory":false,"max_hp_per_floor":[80,80,80,80,80,80,80,80,80,80,80,80,80,80,80,80,80,80,80,80,80,80,80,80,80,80,80,80,80,80,80,80,80,80],"card_choices":[{"not_picked":["Limit Break","Immolate"],"picked":"Barricade","floor":0},{"not_picked":["Fire Breathing","Feel No Pain"],"picked":"Perfected Strike","floor":1},{"not_picked":["Wild Strike","True Grit"],"picked":"Pommel Strike","floor":2},{"not_picked":["Immolate","Flex"],"picked":"Shockwave","floor":5},{"not_picked":["Heavy Blade","Cleave"],"picked":"True Grit","floor":6},{"not_picked":["Clash","Sword Boomerang"],"picked":"Impervious","floor":8},{"not_picked":["Whirlwind","Twin Strike"],"picked":"Shrug It Off","floor":10},{"not_picked":["Shockwave","Uppercut","Intimidate"],"picked":"SKIP","floor":11},{"not_picked":["Clash","Clothesline","Sword Boomerang"],"picked":"SKIP","floor":12},{"not_picked":["True Grit","Clash"],"picked":"Uppercut","floor":13},{"not_picked":["Corruption","Havoc"],"picked":"Perfected Strike","floor":14},{"not_picked":["Uppercut+1","Whirlwind"],"picked":"Body Slam","floor":18},{"not_picked":["Second Wind","Flex+1"],"picked":"True Grit+1","floor":20},{"not_picked":["Havoc","Clothesline+1"],"picked":"Feel No Pain+1","floor":21},{"not_picked":["Thunderclap","Shrug It Off","Clothesline"],"picked":"SKIP","floor":25},{"not_picked":["Havoc","Berserk","Iron Wave"],"picked":"SKIP","floor":27},{"not_picked":["Disarm","Headbutt"],"picked":"True Grit","floor":28},{"not_picked":["Iron Wave","Armaments","Rupture"],"picked":"SKIP","floor":30}],"player_experience":176234,"relics_obtained":[{"floor":6,"key":"Shuriken"},{"floor":10,"key":"Nunchaku"},{"floor":22,"key":"Mercury Hourglass"},{"floor":25,"key":"Dream Catcher"},{"floor":26,"key":"Matryoshka"}],"event_choices":[{"damage_healed":0,"gold_gain":0,"player_choice":"Got Potions","damage_taken":0,"max_hp_gain":0,"max_hp_loss":0,"event_name":"Lab","floor":3,"gold_loss":0},{"damage_healed":0,"gold_gain":0,"player_choice":"1 cards matched","damage_taken":0,"max_hp_gain":0,"max_hp_loss":0,"event_name":"Match and Keep!","floor":19,"gold_loss":0,"cards_obtained":["Bandage Up"]},{"damage_healed":0,"gold_gain":0,"player_choice":"Ignored","damage_taken":0,"max_hp_gain":0,"max_hp_loss":0,"event_name":"Ghosts","floor":24,"gold_loss":0},{"damage_healed":0,"gold_gain":0,"player_choice":"Read","damage_taken":0,"max_hp_gain":0,"max_hp_loss":0,"event_name":"The Library","floor":29,"gold_loss":0,"cards_obtained":["Sentinel"]}],"is_beta":false,"boss_relics":[{"not_picked":["Fusion Hammer","Sozu"],"picked":"Mark of Pain"}],"items_purged_floors":[31],"is_endless":false,"potions_floor_spawned":[1,10,12,13,16,18,21,28,30],"killed_by":"Automaton","ascension_level":0}}