{"host":"d0btaf6p0msba79e","time":1613911805,"event":{"mods":["BaseMod","BetterRewards","Minty Spire (QoL Compilation)"],"gold_per_floor":[109,109,109,284,140,171,205,244,244,244,264,19,50,66,66,190,190,210,210,210,235,253,253,284,284,284,331,331,374,473,161,161,289,289,312,337,337,54,73,73,122,122,122,162,231,231,231,265,265,265,265,265,66,107,107],"floor_reached":56,"language":"ENG","playtime":3800,"items_purged":["Doubt","Strike_P","SpiritShield"],"score":2198,"play_id":"74278706-3a70-4600-8a79-b335f911fb9c","local_time":"20210221235005","is_ascension_mode":true,"campfire_choices":[{"floor":10.0,"key":"REST"},{"data":"Eruption","floor":15.0,"key":"SMITH"},{"floor":23.0,"key":"REST"},{"data":"ConjureBlade","floor":25.0,"key":"SMITH"},{"floor":28.0,"key":"REST"},{"floor":32.0,"key":"REST"},{"floor":40.0,"key":"RECALL"},{"data":"Ghostly","floor":42.0,"key":"SMITH"},{"data":"DevaForm","floor":46.0,"key":"SMITH"},{"data":"Ghostly","floor":49,"key":"SMITH"},{"data":"Ghostly","floor":52,"key":"SMITH"}],"circlet_count":0,"master_deck":["Strike_P+1","Strike_P+1","Strike_P+1","Defend_P+1","Defend_P","Defend_P","Eruption+1","Vigilance","CutThroughFate","Conclude","BowlingBash","CutThroughFate","DevaForm+1","FlurryOfBlows","SpiritShield","Ghostly+1","Ghostly+1","Ghostly","Ghostly","Ghostly+1","WheelKick","ConjureBlade+1","ClearTheMind+1","CutThroughFate","Scrawl","Wireheading","FlurryOfBlows","CarveReality+1","Tantrum+1"],"relics":["PureWater","Torii","Golden Idol","Incense Burner","Odd Mushroom","Juzu Bracelet","Shuriken","Happy Flower","Bag of Marbles","Black Star","WingedGreaves","Omamori","Oddly Smooth Stone","CeramicFish","Eternal Feather","Pear","Orichalcum","Runic Pyramid","Membership Card","Ornamental Fan","Whetstone","Bottled Lightning","Mercury Hourglass","White Beast Statue","Yang","Toxic Egg 2","InkBottle","Strawberry","Pantograph","Lantern","StoneCalendar"],"acts_visited":["Exordium","TheCity","TheBeyond","TheEnding"],"potions_floor_usage":[50,50,50,55],"damage_taken":[{"damage":2.0,"enemies":"2 Louse","floor":1.0,"turns":5.0},{"damage":0.0,"enemies":"Gremlin Nob","floor":6.0,"turns":2.0},{"damage":0.0,"enemies":"The Mushroom Lair","floor":7.0,"turns":1.0},{"damage":0.0,"enemies":"Lagavulin","floor":8.0,"turns":3.0},{"damage":7.0,"enemies":"Jaw Worm","floor":11.0,"turns":3.0},{"damage":2.0,"enemies":"3 Sentries","floor":13.0,"turns":6.0},{"damage":0.0,"enemies":"Cultist","floor":14.0,"turns":2.0},{"damage":0.0,"enemies":"Slime Boss","floor":16.0,"turns":3.0},{"damage":16.0,"enemies":"Shell Parasite","floor":18.0,"turns":6.0},{"damage":9.0,"enemies":"2 Thieves","floor":21.0,"turns":4.0},{"damage":14.0,"enemies":"Cultist and Chosen","floor":22.0,"turns":6.0},{"damage":3.0,"enemies":"Slavers","floor":24.0,"turns":6.0},{"damage":16.0,"enemies":"Book of Stabbing","floor":27.0,"turns":5.0},{"damage":8.0,"enemies":"Slavers","floor":29.0,"turns":10.0},{"damage":43.0,"enemies":"Champ","floor":33.0,"turns":10.0},{"damage":0.0,"enemies":"Orb Walker","floor":35.0,"turns":3.0},{"damage":8.0,"enemies":"3 Shapes","floor":36.0,"turns":1.0},{"damage":10.0,"enemies":"Maw","floor":39.0,"turns":8.0},{"damage":0.0,"enemies":"Giant Head","floor":41.0,"turns":7.0},{"damage":0.0,"enemies":"Nemesis","floor":44.0,"turns":9.0},{"damage":12.0,"enemies":"2 Orb Walkers","floor":45.0,"turns":4.0},{"damage":0,"enemies":"Giant Head","floor":48,"turns":6},{"damage":0,"enemies":"Donu and Deca","floor":50,"turns":5},{"damage":0,"enemies":"Shield and Spear","floor":54,"turns":4},{"damage":26,"enemies":"The Heart","floor":55,"turns":8}],"seed_played":"2322070167847667951","potions_obtained":[{"floor":1.0,"key":"EntropicBrew"},{"floor":7.0,"key":"Energy Potion"},{"floor":11.0,"key":"Ancient Potion"},{"floor":14.0,"key":"DuplicationPotion"},{"floor":16.0,"key":"FearPotion"},{"floor":21.0,"key":"SpeedPotion"},{"floor":22.0,"key":"PowerPotion"},{"floor":35.0,"key":"LiquidMemories"},{"floor":36.0,"key":"EssenceOfSteel"},{"floor":44.0,"key":"Swift Potion"},{"floor":48,"key":"EntropicBrew"},{"floor":54,"key":"DistilledChaos"}],"is_trial":false,"path_per_floor":["M","?","?","?","$","E","?","E","T","R","M","$","E","M","R","B",null,"M","?","?","M","M","R","E","R","T","E","R","E","?","$","R","B",null,"M","M","?","$","M","R","E","R","T","E","?","R","?","E","R","B",null,"R","$","E","B",null],"character_chosen":"WATCHER","items_purchased":["CutThroughFate","Conclude","Happy Flower","Orichalcum","CutThroughFate","Membership Card","Ornamental Fan","FlurryOfBlows","Strawberry","Pantograph"],"campfire_rested":4,"item_purchase_floors":[0,5,12,31,31,38,38,38,53,53],"current_hp_per_floor":[59,41,27,27,27,27,27,27,27,48,41,41,39,39,39,39,64,48,48,36,27,13,23,20,20,20,4,14,16,16,16,44,1,35,35,27,27,27,17,32,32,46,46,46,34,46,46,46,46,46,46,46,53,53,27],"gold":107,"neow_bonus":"","is_daily":false,"chose_seed":false,"campfire_upgraded":6,"win_rate":0.0,"timestamp":1613911805,"path_taken":["M","?","?","?","$","E","?","E","T","R","M","$","E","M","R","BOSS","M","?","?","M","M","R","E","R","T","E","R","E","?","$","R","BOSS","M","M","?","$","M","R","E","R","T","E","?","R","?","E","R","BOSS","R","$","E","BOSS"],"items_purchased_type":["Card","Card","Relic","Relic","Card","Relic","Relic","Card","Relic","Relic"],"build_version":"2020-12-22","purchased_purges":3,"victory":true,"max_hp_per_floor":[72,72,72,72,72,72,72,72,72,72,72,72,72,72,72,72,72,72,72,36,36,36,36,36,36,36,36,36,46,46,46,46,46,46,46,46,46,46,46,46,46,46,46,46,46,46,46,46,46,46,46,46,53,53,53],"card_choices":[{"not_picked":["Evaluate","FlyingSleeves","CrushJoints"],"picked":"SKIP","floor":1.0},{"not_picked":["JustLucky","CrushJoints","Scrawl"],"picked":"SKIP","floor":6.0},{"not_picked":["CrushJoints","Vengeance"],"picked":"BowlingBash","floor":7.0},{"not_picked":["CrushJoints","Consecrate","EmptyMind"],"picked":"SKIP","floor":8.0},{"not_picked":["Prostrate","BowlingBash"],"picked":"CutThroughFate","floor":11.0},{"not_picked":["Fasting2","Blasphemy"],"picked":"DevaForm","floor":13.0},{"not_picked":["InnerPeace","Swivel"],"picked":"FlurryOfBlows","floor":14.0},{"not_picked":["Alpha","ConjureBlade"],"picked":"SpiritShield","floor":16.0},{"not_picked":["FlyingSleeves","EmptyFist","Study"],"picked":"SKIP","floor":18.0},{"not_picked":["Collect+1","FlyingSleeves","CrushJoints+1"],"picked":"SKIP","floor":21.0},{"not_picked":["FlyingSleeves","CrushJoints+1"],"picked":"WheelKick","floor":22.0},{"not_picked":["BowlingBash","Crescendo"],"picked":"ConjureBlade","floor":24.0},{"not_picked":["PathToVictory","EmptyBody"],"picked":"ClearTheMind+1","floor":27.0},{"not_picked":["FlyingSleeves","Evaluate","Collect+1"],"picked":"SKIP","floor":29.0},{"not_picked":["Brilliance","Establishment"],"picked":"Scrawl","floor":33.0},{"not_picked":["WheelKick","WreathOfFlame"],"picked":"Wireheading","floor":35.0},{"not_picked":["WaveOfTheHand+1","Sanctity","Evaluate+1"],"picked":"SKIP","floor":36.0},{"not_picked":["CrushJoints+1","ThirdEye+1","FollowUp"],"picked":"SKIP","floor":39.0},{"not_picked":["CrushJoints","ForeignInfluence+1"],"picked":"CarveReality+1","floor":41.0},{"not_picked":["SashWhip+1","FlyingSleeves+1"],"picked":"Tantrum+1","floor":44.0},{"not_picked":["FlurryOfBlows","SashWhip","Worship+1"],"picked":"SKIP","floor":48},{"not_picked":["FearNoEvil+1","Swivel+1","Protect+1"],"picked":"SKIP","floor":54}],"player_experience":1087545,"relics_obtained":[{"floor":6.0,"key":"Incense Burner"},{"floor":7.0,"key":"Odd Mushroom"},{"floor":8.0,"key":"Juzu Bracelet"},{"floor":9.0,"key":"Shuriken"},{"floor":13.0,"key":"Bag of Marbles"},{"floor":24.0,"key":"WingedGreaves"},{"floor":24.0,"key":"Omamori"},{"floor":27.0,"key":"Oddly Smooth Stone"},{"floor":27.0,"key":"CeramicFish"},{"floor":29.0,"key":"Eternal Feather"},{"floor":29.0,"key":"Pear"},{"floor":41.0,"key":"Whetstone"},{"floor":41.0,"key":"Bottled Lightning"},{"floor":43.0,"key":"Mercury Hourglass"},{"floor":44.0,"key":"White Beast Statue"},{"floor":44.0,"key":"Yang"},{"floor":48,"key":"Toxic Egg 2"},{"floor":48,"key":"InkBottle"},{"floor":54,"key":"Lantern"},{"floor":54,"key":"StoneCalendar"}],"event_choices":[{"damage_healed":0.0,"max_hp_gain":0.0,"max_hp_loss":0.0,"gold_gain":0.0,"event_name":"Golden Idol","player_choice":"Take Damage","floor":2.0,"gold_loss":0.0,"damage_taken":18.0,"relics_obtained":["Golden Idol"]},{"damage_healed":0.0,"max_hp_gain":0.0,"max_hp_loss":0.0,"gold_gain":0.0,"event_name":"Shining Light","player_choice":"Entered Light","floor":3.0,"gold_loss":0.0,"damage_taken":14.0,"cards_upgraded":["Defend_P","Strike_P"]},{"damage_healed":0.0,"max_hp_gain":0.0,"max_hp_loss":0.0,"gold_gain":175.0,"event_name":"Liars Game","player_choice":"AGREE","floor":4.0,"gold_loss":0.0,"damage_taken":0.0,"cards_obtained":["Doubt"]},{"damage_healed":0.0,"max_hp_gain":0.0,"max_hp_loss":0.0,"gold_gain":0.0,"event_name":"Mushrooms","player_choice":"Fought Mushrooms","floor":7.0,"gold_loss":0.0,"damage_taken":0.0},{"damage_healed":0.0,"max_hp_gain":0.0,"max_hp_loss":0.0,"gold_gain":0.0,"event_name":"Duplicator","player_choice":"Copied","floor":19.0,"gold_loss":0.0,"damage_taken":0.0,"cards_obtained":["SpiritShield"]},{"damage_healed":0.0,"max_hp_gain":0.0,"max_hp_loss":36.0,"gold_gain":0.0,"event_name":"Ghosts","player_choice":"Became a Ghost","floor":20.0,"gold_loss":0.0,"damage_taken":0.0,"cards_obtained":["Ghostly","Ghostly","Ghostly","Ghostly","Ghostly"]},{"damage_healed":0.0,"max_hp_gain":0.0,"max_hp_loss":0.0,"gold_gain":99.0,"event_name":"Nest","player_choice":"Stole From Cult","floor":30.0,"gold_loss":0.0,"damage_taken":0.0},{"cards_removed":["Defend_P"],"damage_healed":0.0,"max_hp_gain":0.0,"max_hp_loss":0.0,"gold_gain":0.0,"event_name":"Falling","player_choice":"Removed Skill","floor":37.0,"gold_loss":0.0,"damage_taken":0.0},{"damage_healed":0.0,"max_hp_gain":0.0,"max_hp_loss":0.0,"gold_gain":0.0,"event_name":"Mysterious Sphere","player_choice":"Fight","floor":45.0,"gold_loss":0.0,"damage_taken":0.0},{"damage_healed":0.0,"max_hp_gain":0.0,"max_hp_loss":0.0,"gold_gain":0.0,"event_name":"Tomb of Lord Red Mask","player_choice":"Ignored","floor":47.0,"gold_loss":0.0,"damage_taken":0.0}],"is_beta":false,"boss_relics":[{"not_picked":["Snecko Eye","Velvet Choker"],"picked":"Black Star"},{"not_picked":["Empty Cage","VioletLotus"],"picked":"Runic Pyramid"}],"items_purged_floors":[5,12,31],"is_endless":false,"potions_floor_spawned":[1,7,11,14,16,21,22,24,35,36,44,45,48,54],"ascension_level":5}}