{"host":"pynofkhbweftzsaw","time":1613878334,"event":{"mods":["BaseMod","Colored Map","Marisa????????","Minty Spire (QoL Compilation)","StSLib","The Servant 0.9.4"],"gold_per_floor":[359,375,390,355,366,366,384,419,419],"floor_reached":8,"language":"ENG","playtime":324,"items_purged":[],"score":60,"play_id":"b21d95a2-8b10-4b57-b59f-50b491fb87fd","local_time":"20210221113214","is_ascension_mode":false,"campfire_choices":[{"data":"Zap","floor":6,"key":"SMITH"}],"circlet_count":0,"master_deck":["Strike_B","Strike_B","Strike_B","Strike_B","Defend_B","Defend_B","Defend_B","Defend_B","Zap+1","Dualcast","Beam Cell","Consume","Lockon","Ball Lightning"],"relics":["Cracked Core","Vajra"],"acts_visited":["Exordium"],"potions_floor_usage":[],"damage_taken":[{"damage":1,"enemies":"Cultist","floor":1,"turns":3},{"damage":0,"enemies":"2 Louse","floor":2,"turns":2},{"damage":8,"enemies":"Jaw Worm","floor":3,"turns":3},{"damage":39,"enemies":"Exordium Thugs","floor":5,"turns":4},{"damage":6,"enemies":"2 Fungi Beasts","floor":7,"turns":3},{"damage":21,"enemies":"Lagavulin","floor":8,"turns":5}],"seed_played":"-1067315323493104801","potions_obtained":[{"floor":5,"key":"LiquidMemories"},{"floor":8,"key":"EssenceOfSteel"}],"is_trial":false,"path_per_floor":["M","M","M","?","M","R","M","E"],"character_chosen":"DEFECT","items_purchased":[],"campfire_rested":0,"item_purchase_floors":[],"current_hp_per_floor":[67,67,59,68,29,29,23,2,2],"gold":419,"neow_bonus":"TWO_FIFTY_GOLD","is_daily":false,"chose_seed":false,"campfire_upgraded":1,"win_rate":0.0,"timestamp":1613878334,"path_taken":["M","M","M","?","M","R","M","E"],"items_purchased_type":[],"build_version":"2020-12-22","purchased_purges":0,"victory":false,"max_hp_per_floor":[68,68,68,68,68,68,68,68,68],"card_choices":[{"not_picked":["Ball Lightning","Turbo"],"picked":"Beam Cell","floor":1},{"not_picked":["Cold Snap","Sweeping Beam","Leap"],"picked":"SKIP","floor":2},{"not_picked":["Compile Driver","Cold Snap"],"picked":"Consume","floor":3},{"not_picked":["Thunder Strike","Steam"],"picked":"Lockon","floor":5},{"not_picked":["Chill","Rebound","Compile Driver"],"picked":"SKIP","floor":7},{"not_picked":["Echo Form","Rebound"],"picked":"Ball Lightning","floor":8}],"player_experience":183919,"relics_obtained":[{"floor":8,"key":"Vajra"}],"event_choices":[{"damage_healed":17,"gold_gain":0,"player_choice":"Healed","damage_taken":0,"max_hp_gain":0,"max_hp_loss":0,"event_name":"The Cleric","floor":4,"gold_loss":35}],"is_beta":false,"boss_relics":[],"items_purged_floors":[],"is_endless":false,"potions_floor_spawned":[5,8],"killed_by":"Lagavulin","ascension_level":0}}