{"host":"ryj999m4rfm064ad","time":1613891278,"event":{"mods":["BaseMod","Colored Map","Downfall","Highlight Path","Minty Spire (QoL Compilation)","Permanent Neow","StSLib","The Servant 0.9.4","UnlockEverythingMod"],"gold_per_floor":[114,134,134,34,53,81,81,69,96,126,126,141,165,181,181,285,285,304,304,319,319,330,330,363,363,390,403,414,434,264,364,364,459,459,477,209,209,229,243,243,253,108,108,108,125,125,125,180,180,180,180],"floor_reached":50,"language":"ENG","playtime":3418,"items_purged":["Defend_G","Strike_G","Strike_G"],"score":499,"play_id":"c7cf049b-6a9f-4bf9-9ba3-6e8b323c87fe","local_time":"20210221020758","is_ascension_mode":false,"campfire_choices":[{"floor":7.0,"key":"REST"},{"floor":11.0,"key":"REST"},{"data":"Blade Dance","floor":15.0,"key":"SMITH"},{"data":"A Thousand Cuts","floor":23.0,"key":"SMITH"},{"data":"Finisher","floor":25.0,"key":"SMITH"},{"floor":32,"key":"REST"},{"data":"Accuracy","floor":40,"key":"SMITH"},{"data":"Accuracy","floor":44,"key":"SMITH"},{"data":"After Image","floor":46,"key":"SMITH"},{"floor":49,"key":"RECALL"}],"circlet_count":0,"master_deck":["Strike_G","Defend_G","Defend_G","Survivor","Neutralize","Finisher+1","Cloak And Dagger","Blade Dance+1","Cloak And Dagger","Burst","Cloak And Dagger","A Thousand Cuts+1","After Image+1","Blade Dance","Accuracy+1","Envenom+1","Accuracy+1"],"relics":["Ring of the Serpent","Nunchaku","Ancient Tea Set","Toy Ornithopter","Odd Mushroom","Empty Cage","Question Card","Thread and Needle","Darkstone Periapt","DollysMirror","Pen Nib","FossilizedHelix"],"acts_visited":["Exordium","TheCity","TheBeyond"],"potions_floor_usage":[31,31,41,48,48],"damage_taken":[{"damage":0.0,"enemies":"Jaw Worm","floor":1.0,"turns":5.0},{"damage":0.0,"enemies":"Cultist","floor":2.0,"turns":3.0},{"damage":5.0,"enemies":"2 Louse","floor":5.0,"turns":2.0},{"damage":43.0,"enemies":"Gremlin Nob","floor":6.0,"turns":5.0},{"damage":5.0,"enemies":"Exordium Thugs","floor":8.0,"turns":4.0},{"damage":18.0,"enemies":"3 Sentries","floor":10.0,"turns":10.0},{"damage":0.0,"enemies":"Exordium Wildlife","floor":12.0,"turns":2.0},{"damage":13.0,"enemies":"The Mushroom Lair","floor":13.0,"turns":6.0},{"damage":0.0,"enemies":"Gremlin Gang","floor":14.0,"turns":4.0},{"damage":14.0,"enemies":"Hexaghost","floor":16.0,"turns":11.0},{"damage":0.0,"enemies":"3 Byrds","floor":18.0,"turns":4.0},{"damage":0.0,"enemies":"Shell Parasite","floor":20.0,"turns":3.0},{"damage":19.0,"enemies":"Snake Plant","floor":22.0,"turns":5.0},{"damage":0.0,"enemies":"Gremlin Leader","floor":24.0,"turns":4.0},{"damage":17.0,"enemies":"Snecko","floor":27.0,"turns":6.0},{"damage":17,"enemies":"Centurion and Healer","floor":28,"turns":4},{"damage":0,"enemies":"3 Cultists","floor":29,"turns":4},{"damage":9,"enemies":"Colosseum Slavers","floor":31,"turns":6},{"damage":0,"enemies":"Colosseum Nobs","floor":31,"turns":3},{"damage":25,"enemies":"Automaton","floor":33,"turns":8},{"damage":0,"enemies":"3 Shapes","floor":35,"turns":4},{"damage":21,"enemies":"3 Darklings","floor":38,"turns":4},{"damage":14,"enemies":"Sphere and 2 Shapes","floor":39,"turns":5},{"damage":2,"enemies":"Writhing Mass","floor":41,"turns":5},{"damage":0,"enemies":"3 Darklings","floor":45,"turns":3},{"damage":0,"enemies":"2 Orb Walkers","floor":48,"turns":3},{"damage":48,"enemies":"Time Eater","floor":50,"turns":8}],"seed_played":"-6545743761731553920","potions_obtained":[{"floor":5.0,"key":"SmokeBomb"},{"floor":10.0,"key":"Block Potion"},{"floor":12.0,"key":"Regen Potion"},{"floor":20.0,"key":"Explosive Potion"},{"floor":24.0,"key":"Guardian:BlockOnCardUsePotion"},{"floor":35,"key":"Explosive Potion"},{"floor":39,"key":"CunningPotion"},{"floor":41,"key":"DuplicationPotion"},{"floor":48,"key":"Ancient Potion"}],"is_trial":false,"path_per_floor":["M","M","?","$","M","E","R","M","T","E","R","M","?","M","R","B",null,"M","?","M","?","M","R","E","R","T","M","M","M","$","?","R","B",null,"M","$","?","M","M","R","M","$","T","R","M","R","$","?","R","B"],"character_chosen":"THE_SILENT","items_purchased":["Blade Dance","Accuracy","DollysMirror","Pen Nib"],"campfire_rested":3,"item_purchase_floors":[4,30,36,42],"current_hp_per_floor":[70,70,70,70,65,22,43,38,38,20,41,41,28,28,28,34,70,70,70,70,70,51,51,51,51,51,34,17,17,17,18,39,14,70,70,70,70,49,35,35,38,38,38,38,38,38,38,48,48,0,0],"gold":180,"neow_bonus":"REMOVE_CARD","is_daily":false,"chose_seed":false,"campfire_upgraded":6,"win_rate":0.0,"timestamp":1613891278,"path_taken":["M","M","?","$","?","E","R","M","T","E","R","M","?","M","R","BOSS","M","?","M","?","M","R","E","R","T","M","?","M","$","?","R","BOSS","M","$","?","M","M","R","?","$","T","R","M","R","$","?","R","BOSS"],"items_purchased_type":["Card","Card","Relic","Relic"],"build_version":"2020-12-22","purchased_purges":3,"victory":false,"max_hp_per_floor":[70,70,70,70,70,70,70,70,70,70,70,70,70,70,70,70,70,70,70,70,70,70,70,70,70,70,70,70,70,70,70,70,70,70,70,70,70,70,70,70,70,70,70,70,70,70,70,70,70,70,70],"card_choices":[{"not_picked":["PiercingWail","Heel Hook"],"picked":"Finisher","floor":1.0},{"not_picked":["Acrobatics","Deflect"],"picked":"Cloak And Dagger","floor":2.0},{"not_picked":["Sucker Punch","Backflip"],"picked":"Cloak And Dagger","floor":5.0},{"not_picked":["Dagger Throw","PiercingWail","Calculated Gamble"],"picked":"SKIP","floor":6.0},{"not_picked":["Quick Slash","Dodge and Roll","Reflex"],"picked":"SKIP","floor":8.0},{"not_picked":["PiercingWail","Outmaneuver","Dagger Throw"],"picked":"SKIP","floor":10.0},{"not_picked":["Quick Slash","Slice"],"picked":"Burst","floor":12.0},{"not_picked":["Bane","Poisoned Stab"],"picked":"Cloak And Dagger","floor":14.0},{"not_picked":["Die Die Die","Corpse Explosion"],"picked":"A Thousand Cuts","floor":16.0},{"not_picked":["PiercingWail","Distraction","Terror"],"picked":"SKIP","floor":18.0},{"not_picked":["Eviscerate","Dash+1","Flying Knee"],"picked":"SKIP","floor":20.0},{"not_picked":["Deadly Poison+1","Bane","Poisoned Stab"],"picked":"SKIP","floor":22.0},{"not_picked":["Dodge and Roll","Poisoned Stab+1","Deflect"],"picked":"SKIP","floor":24.0},{"not_picked":["Dagger Spray","Predator","Masterful Stab","Flying Knee"],"picked":"SKIP","floor":27.0},{"not_picked":["Sucker Punch+1","Slice+1","Dash+1"],"picked":"After Image","floor":28},{"not_picked":["PiercingWail+1","Blur","Deflect+1"],"picked":"Blade Dance","floor":29},{"not_picked":["Grand Finale","Phantasmal Killer","Night Terror"],"picked":"Envenom","floor":33},{"not_picked":["Quick Slash","Heel Hook","Skewer","Blur"],"picked":"SKIP","floor":35},{"not_picked":["Backstab","Dodge and Roll","Slice+1","Tactician"],"picked":"SKIP","floor":38},{"not_picked":["Terror","PiercingWail+1","Acrobatics","Caltrops+1"],"picked":"SKIP","floor":39},{"not_picked":["Leg Sweep","Expertise","Cloak And Dagger+1","Deadly Poison+1"],"picked":"SKIP","floor":41},{"not_picked":["Prepared+1","Deflect+1","Flying Knee","Dodge and Roll+1"],"picked":"SKIP","floor":45}],"player_experience":608067,"relics_obtained":[{"floor":6.0,"key":"Nunchaku"},{"floor":9.0,"key":"Ancient Tea Set"},{"floor":10.0,"key":"Toy Ornithopter"},{"floor":13.0,"key":"Odd Mushroom"},{"floor":24.0,"key":"Question Card"},{"floor":31,"key":"Thread and Needle"},{"floor":31,"key":"Darkstone Periapt"},{"floor":43,"key":"FossilizedHelix"}],"event_choices":[{"damage_healed":0.0,"max_hp_gain":0.0,"max_hp_loss":0.0,"gold_gain":0.0,"event_name":"Match and Keep!","player_choice":"0 cards matched","floor":3.0,"gold_loss":0.0,"damage_taken":0.0,"cards_obtained":[]},{"damage_healed":0.0,"max_hp_gain":0.0,"max_hp_loss":0.0,"gold_gain":0.0,"event_name":"Mushrooms","player_choice":"Fought Mushrooms","floor":13.0,"gold_loss":0.0,"damage_taken":0.0},{"damage_healed":0.0,"max_hp_gain":0.0,"max_hp_loss":0.0,"gold_gain":0.0,"event_name":"Vampires","player_choice":"Ignored","floor":19.0,"gold_loss":0.0,"damage_taken":0.0},{"cards_removed":["Defend_G"],"damage_healed":0.0,"max_hp_gain":0.0,"max_hp_loss":0.0,"gold_gain":0.0,"event_name":"Bonfire Elementals","player_choice":"Offered Basic","floor":21.0,"gold_loss":0.0,"damage_taken":0.0},{"damage_healed":0,"gold_gain":0,"player_choice":"Fight","damage_taken":0,"max_hp_gain":0,"max_hp_loss":0,"event_name":"Colosseum","floor":31,"gold_loss":0},{"damage_healed":0,"gold_gain":0,"player_choice":"Fought Nobs","damage_taken":0,"max_hp_gain":0,"max_hp_loss":0,"event_name":"Colosseum","floor":31,"gold_loss":0},{"damage_healed":0,"gold_gain":0,"player_choice":"Forge","damage_taken":0,"max_hp_gain":0,"max_hp_loss":0,"event_name":"Accursed Blacksmith","floor":37,"gold_loss":0,"cards_upgraded":["Envenom"]},{"damage_healed":0,"gold_gain":0,"player_choice":"Fight","damage_taken":0,"max_hp_gain":0,"max_hp_loss":0,"event_name":"Mysterious Sphere","floor":48,"gold_loss":0}],"is_beta":false,"boss_relics":[{"not_picked":["bronze:MakeshiftBattery","HoveringKite"],"picked":"Empty Cage"},{"not_picked":["SlaversCollar","Runic Dome"],"picked":"Ring of the Serpent"}],"items_purged_floors":[4,30,36],"is_endless":false,"potions_floor_spawned":[5,10,12,14,20,24,28,29,31,35,39,41,48],"killed_by":"Time Eater","ascension_level":0}}