{"host":"yqw1zpryoutrnocq","time":1613947228,"event":{"mods":["2.2 Compatiblity","AchievementEnabler","BaseMod","Colored Map","Custom Start","DeckTracker","Minty Spire (QoL Compilation)","StSLib","SuperFastMode"],"gold_per_floor":[111,111,126,143,68,68,81,81,106,119,136,136,86,86,86,182,182,200,219,147,147,147],"floor_reached":21,"language":"KOR","playtime":642,"items_purged":["Strike_R"],"score":274,"play_id":"3f802c6d-c288-4953-a256-67721f132753","local_time":"20210221164028","is_ascension_mode":true,"campfire_choices":[{"data":"Body Slam","floor":6.0,"key":"SMITH"},{"data":"Clothesline","floor":8.0,"key":"SMITH"},{"data":"Fiend Fire","floor":15.0,"key":"SMITH"}],"circlet_count":0,"master_deck":["AscendersBane","Strike_R","Strike_R","Defend_R","Defend_R","Defend_R","Defend_R","Bash+1","Deep Breath","Shrug It Off","Body Slam+1","Clothesline+1","Fiend Fire+1","Warcry","Barricade","Armaments","Dark Embrace","Feel No Pain"],"relics":["Burning Blood","Omamori","Black Star"],"acts_visited":["Exordium","TheCity"],"potions_floor_usage":[16,21],"damage_taken":[{"damage":18.0,"enemies":"Jaw Worm","floor":1.0,"turns":4.0},{"damage":14.0,"enemies":"Cultist","floor":3.0,"turns":5.0},{"damage":12.0,"enemies":"Small Slimes","floor":4.0,"turns":4.0},{"damage":0.0,"enemies":"3 Louse","floor":7.0,"turns":3.0},{"damage":15.0,"enemies":"Gremlin Gang","floor":10.0,"turns":7.0},{"damage":10.0,"enemies":"Blue Slaver","floor":11.0,"turns":5.0},{"damage":63,"enemies":"Hexaghost","floor":16,"turns":13},{"damage":15,"enemies":"Shell Parasite","floor":18,"turns":5},{"damage":44,"enemies":"Chosen","floor":19,"turns":11},{"damage":18,"enemies":"Centurion and Healer","floor":21,"turns":12}],"seed_played":"5534176152332281491","potions_obtained":[{"floor":4.0,"key":"FearPotion"},{"floor":7.0,"key":"FairyPotion"},{"floor":16,"key":"SpeedPotion"},{"floor":19,"key":"BlessingOfTheForge"}],"is_trial":false,"path_per_floor":["M","?","M","M","$","R","M","R","T","M","M","?","?","?","R","B",null,"M","M","$","M"],"character_chosen":"IRONCLAD","items_purchased":["Feel No Pain"],"campfire_rested":0,"item_purchase_floors":[20],"current_hp_per_floor":[60,60,52,46,46,46,52,52,52,43,39,44,44,44,44,15,68,59,21,21,3,3],"gold":147,"neow_bonus":"RANDOM_COLORLESS","is_daily":false,"chose_seed":false,"campfire_upgraded":3,"win_rate":0.0,"timestamp":1613947228,"path_taken":["M","?","M","?","$","R","M","R","T","M","M","?","?","?","R","BOSS","M","M","$","M"],"items_purchased_type":["Card"],"build_version":"2020-12-22","purchased_purges":1,"victory":false,"max_hp_per_floor":[80,80,80,80,80,80,80,80,80,80,80,85,85,85,85,85,85,85,85,85,85,85],"card_choices":[{"not_picked":["Impatience","Panacea"],"picked":"Deep Breath","floor":0.0},{"not_picked":["Battle Trance","Warcry"],"picked":"Shrug It Off","floor":1.0},{"not_picked":["Disarm","Rupture"],"picked":"Body Slam","floor":3.0},{"not_picked":["Reckless Charge","Sword Boomerang"],"picked":"Clothesline","floor":4.0},{"not_picked":["Twin Strike","Anger","Sword Boomerang"],"picked":"SKIP","floor":7.0},{"not_picked":["Flex","Thunderclap"],"picked":"Fiend Fire","floor":10.0},{"not_picked":["Pommel Strike","Spot Weakness"],"picked":"Warcry","floor":11.0},{"not_picked":["Feed","Immolate"],"picked":"Barricade","floor":16},{"not_picked":["Metallicize","Bloodletting"],"picked":"Armaments","floor":18},{"not_picked":["Second Wind","Shrug It Off"],"picked":"Dark Embrace","floor":19}],"player_experience":354895,"relics_obtained":[{"floor":9.0,"key":"Omamori"}],"event_choices":[{"cards_removed":["Strike_R"],"damage_healed":0.0,"max_hp_gain":0.0,"max_hp_loss":0.0,"gold_gain":0.0,"event_name":"Purifier","player_choice":"Purged","floor":2.0,"gold_loss":0.0,"damage_taken":0.0},{"damage_healed":0.0,"max_hp_gain":5.0,"max_hp_loss":0.0,"gold_gain":0.0,"event_name":"Big Fish","player_choice":"Donut","floor":12.0,"gold_loss":0.0,"damage_taken":0.0},{"cards_removed":["Strike_R"],"damage_healed":0.0,"max_hp_gain":0.0,"max_hp_loss":0.0,"gold_gain":0.0,"event_name":"The Cleric","player_choice":"Card Removal","floor":13.0,"gold_loss":50.0,"damage_taken":0.0},{"damage_healed":0.0,"max_hp_gain":0.0,"max_hp_loss":0.0,"gold_gain":0.0,"event_name":"Upgrade Shrine","player_choice":"Upgraded","floor":14.0,"gold_loss":0.0,"damage_taken":0.0,"cards_upgraded":["Bash"]}],"is_beta":false,"boss_relics":[{"not_picked":["Black Blood","Pandora\u0027s Box"],"picked":"Black Star"}],"items_purged_floors":[5],"is_endless":false,"potions_floor_spawned":[4,7,11,16,19],"killed_by":"Centurion and Healer","ascension_level":12}}