{"host":"sz4vhr3g5wh6zlgr","time":1613944806,"event":{"mods":["2.2 Compatiblity","AchievementEnabler","AlwaysNeverKeys","Ascension Reborn","Bartender","BaseMod","Better Note","BetterRewards","Clawfect","Colored Map","Colored Powertips","Dota2Spire","Faster Ascension Climbing","Highlight Path","Minty Spire (QoL Compilation)","Permanent Neow","Rare Cards Sparkle","Replay The Spire","Shop Mod","StSLib","SuperFastMode","Transform Curses","Uncapped","Unceasing Turn Reminder","[IsaacMod]????"],"gold_per_floor":[122,136,136,153,153,194,194,210,210,228,228,26,60,84,84,199,199,217,217,296,296,236,271,271,271,271,137,177,194,228,242,242,364,364,384,444,444,284,350,350,350,350,392,392,423,423,471,471,524,538,538,546,546,546,196,238,286],"floor_reached":58,"language":"ENG","playtime":4944,"items_purged":["ReplayTheSpireMod:Restless Dread"],"score":1857,"play_id":"eaed6f1e-1a5d-4544-becd-cc1818308195","local_time":"20210221183006","is_ascension_mode":true,"campfire_choices":[{"floor":15,"key":"DIG"},{"data":"Echo Form","floor":24,"key":"SMITH"},{"floor":32,"key":"DIG"},{"data":"Discovery","floor":40,"key":"SMITH"},{"data":"Hologram","floor":44,"key":"SMITH"},{"data":"ReplayTheSpireMod:Faulty Equipment","floor":51,"key":"SMITH"},{"floor":54,"key":"DIG"}],"circlet_count":0,"master_deck":["Gash+1","Gash+1","Gash+1","Gash+1","Gash+1","Defend_B+1","Defend_B+1","Defend_B+1","Defend_B+1","Defend_B+1","Clawfect:ClawLightning","FTL","Defragment+1","FIFO Queue","Hologram+1","Clawfect:ClawForTheEyes","Capacitor+1","Clawfect:ClawSnap","Coolheaded","Coolheaded","Clawfect:Clawline+1","Steam+1","Hologram+1","Echo Form+1","ReplayTheSpireMod:Calculation Training","Steam","Clawfect:ClawAndGloom","Clawfect:ClawCell","Clawfect:ClawCell","Discovery+1","Leap+1","Clawfect:ClawForOne+1","FTL","Stack+1","Rainbow+1","Panache+1","Redo+1","Leap","Defragment+1","Trip+1","Conserve Battery+1","Clawfect:ClawSnap+1","Clawfect:ClawLightning","Bandage Up","Stack+1","Clawfect:Clawter+1","Clawfect:ClawAndTear+1","Panacea+1","FTL+1","Coolheaded+1","Amplify+1"],"relics":["HushsDoor","Runic Pyramid","PunchingBag","Ring of Hypnosis","Dota2Spire:BlackKingBar","Blue Candle","TheBible","Replay:Bottled Eggs","Diplopia","SteamSale","Dota2Spire:MaskOfMadness","Cables","Regal Pillow","Leech","Black Star","GuppysHead","Replay:Multitool","Dream Catcher","Eternal Feather","Dota2Spire:BladeMail","ReplayTheSpireMod:Shallot","Darkstone Periapt","Letter Opener","UnicornStump","Golden Egg","Akabeko","Pocketwatch","Dota2Spire:LinkenSphere","Bird Faced Urn","Cursed Key","GuppysCollar","Torii","DollysMirror","Potion Belt","D6","Girya","Dota2Spire:AghanimScepter","SalivaCoin","Strawberry","Pear","Ornamental Fan","DeathBook","SatanicBible","Dota2Spire:ShadowBlade","BookofShadows","StrikeDummy","Dota2Spire:Butterfly","Thread and Needle","Replay:Bottled Steam","Garlic"],"acts_visited":["Exordium","TheCity","TheBeyond","TheEnding"],"potions_floor_usage":[57,57,57,57],"damage_taken":[{"damage":0,"enemies":"Jaw Worm","floor":1,"turns":3},{"damage":0,"enemies":"Small Slimes","floor":2,"turns":3},{"damage":0,"enemies":"2 Louse","floor":4,"turns":2},{"damage":0,"enemies":"Lagavulin","floor":6,"turns":4},{"damage":0,"enemies":"Blue Slaver","floor":8,"turns":3},{"damage":2,"enemies":"Gremlin Gang","floor":10,"turns":4},{"damage":0,"enemies":"3 Sentries","floor":13,"turns":4},{"damage":0,"enemies":"3 Louse","floor":14,"turns":4},{"damage":0,"enemies":"The Guardian","floor":16,"turns":5},{"damage":0,"enemies":"3 Byrds","floor":18,"turns":4},{"damage":7,"enemies":"Gremlin Leader","floor":23,"turns":5},{"damage":0,"enemies":"Slavers","floor":28,"turns":4},{"damage":0,"enemies":"Chosen","floor":29,"turns":5},{"damage":0,"enemies":"Book of Stabbing","floor":30,"turns":3},{"damage":0,"enemies":"Sentry and Sphere","floor":31,"turns":3},{"damage":0,"enemies":"Collector","floor":33,"turns":6},{"damage":0,"enemies":"Orb Walker","floor":35,"turns":2},{"damage":0,"enemies":"Mind Bloom Boss Battle","floor":36,"turns":4},{"damage":0,"enemies":"2 Orb Walkers","floor":39,"turns":3},{"damage":0,"enemies":"R_Hoarder","floor":43,"turns":5},{"damage":19,"enemies":"Reptomancer","floor":47,"turns":5},{"damage":2,"enemies":"R_Hoarder","floor":49,"turns":4},{"damage":0,"enemies":"3 Darklings","floor":50,"turns":3},{"damage":1,"enemies":"Awakened One","floor":52,"turns":6},{"damage":0,"enemies":"Shield and Spear","floor":56,"turns":4},{"damage":79,"enemies":"Delirium","floor":57,"turns":11}],"seed_played":"-8517806048604918874","potions_obtained":[{"floor":1,"key":"Dota2Spire:Clarity"},{"floor":2,"key":"Venom Potion"},{"floor":10,"key":"Dexterity Potion"},{"floor":16,"key":"Energy Potion"},{"floor":28,"key":"FocusPotion"},{"floor":56,"key":"FocusPotion"},{"floor":56,"key":"SkillPotion"}],"is_trial":false,"path_per_floor":["M","M","?","M","?","E","?","M","T","M","?","$","E","M","R_BF","B",null,"M","?","?","T","?","E","R","?","T","$","E","M","E","M","R_BF","B",null,"M","?","?","$","?","R","PTL","PTL","E","R","T","?","E","T","E","M","R","B",null,"R","$","E","B",null],"character_chosen":"DEFECT","items_purchased":["SteamSale","Dota2Spire:MaskOfMadness","Clawfect:ClawSnap","Coolheaded","GuppysHead","Letter Opener","Clawfect:ClawCell","Discovery","GuppysCollar","Panache","DollysMirror","Potion Belt","Trip","Conserve Battery","Dota2Spire:Butterfly","Panacea","Thread and Needle","FTL","Coolheaded"],"campfire_rested":0,"item_purchase_floors":[12,12,12,12,17,27,27,27,34,34,38,38,38,38,55,55,55,55,55],"current_hp_per_floor":[79,79,79,79,72,72,72,72,72,70,70,70,70,70,70,76,73,73,73,73,73,73,68,73,83,83,83,83,83,83,83,83,87,70,70,70,66,66,66,66,66,66,66,66,79,79,84,92,95,95,95,99,99,99,99,99,38],"gold":286,"neow_bonus":"BOSS_RELIC","is_daily":false,"chose_seed":false,"campfire_upgraded":4,"win_rate":0.0,"timestamp":1613944806,"path_taken":["M","M","?","M","?","E","?","M","T","M","?","$","E","M","R_BF","BOSS","M","?","?","?","?","E","R","?","T","?","E","M","E","M","R_BF","BOSS","M","?","?","$","?","R","PTL","PTL","E","R","T","?","E","?","E","M","R","BOSS","R","$","E","BOSS"],"items_purchased_type":["Relic","Relic","Card","Card","Relic","Relic","Card","Card","Relic","Card","Relic","Relic","Card","Card","Relic","Card","Relic","Undefined","Card"],"build_version":"2020-12-22","purchased_purges":1,"victory":true,"max_hp_per_floor":[79,79,79,79,79,79,79,79,79,79,79,79,79,79,79,83,73,73,73,73,73,73,73,73,83,83,83,83,83,83,83,83,87,70,70,70,66,66,66,66,66,66,66,66,79,79,89,95,95,95,95,99,99,99,99,99,103],"card_choices":[{"not_picked":[],"picked":"BloodyBrimstone","floor":0},{"not_picked":["Turbo","Clawfect:ClawingBeam"],"picked":"Clawfect:ClawLightning","floor":1},{"not_picked":["Clawfect:ClawpileDriver","Fan+1"],"picked":"FTL","floor":2},{"not_picked":["Hologram","Blizzard"],"picked":"Defragment+1","floor":4},{"not_picked":["Clawfect:Clawter","Sunder"],"picked":"FIFO Queue","floor":6},{"not_picked":["Rebound","Clawfect:ScrapingClaw+1"],"picked":"Hologram","floor":6},{"not_picked":["ReplayGash+1","Rebound"],"picked":"Turbo","floor":8},{"not_picked":["Leap","FTL"],"picked":"Clawfect:ClawForTheEyes","floor":10},{"not_picked":["Double Energy","Lockon"],"picked":"Clawfect:Clawline+1","floor":13},{"not_picked":["Meteor Strike","ReplaySort"],"picked":"Steam+1","floor":13},{"not_picked":["Panic Button","ReplayGash"],"picked":"Hologram+1","floor":14},{"not_picked":["Clawfect:ClawForOne","ReplayTheSpireMod:Omega Cannon"],"picked":"Echo Form","floor":16},{"not_picked":["Time Bomb","ReplayTheSpireMod:Reroute Power"],"picked":"ReplayTheSpireMod:Calculation Training","floor":18},{"not_picked":["Sunder","Panic Button"],"picked":"Steam","floor":20},{"not_picked":["Hello World","Clawfect:Clawter+1"],"picked":"Clawfect:ClawAndGloom","floor":23},{"not_picked":["Steam","Clawfect:Clawline"],"picked":"Leap+1","floor":28},{"not_picked":["Clawfect:ClawCell+1","Clawfect:Clawrage"],"picked":"Clawfect:ClawForOne","floor":29},{"not_picked":["Steam","Cancel+1"],"picked":"FTL","floor":30},{"not_picked":["Tempest","Turbo+1"],"picked":"Stack+1","floor":31},{"not_picked":["ReplayTheSpireMod:Omega Cannon","Creative AI"],"picked":"Rainbow","floor":33},{"not_picked":["Auto Shields","Blizzard+1"],"picked":"Redo+1","floor":35},{"not_picked":["ReplayTheSpireMod:Reroute Power+1","Clawfect:ScrapingClaw+1"],"picked":"Leap","floor":36},{"not_picked":["Distribution+1","Fusion+1"],"picked":"Clawfect:ClawSnap+1","floor":39},{"not_picked":["Rebound","Double Energy+1"],"picked":"Clawfect:ClawLightning","floor":43},{"not_picked":["Forethought","Replay:Bootleg Shield Generator"],"picked":"Bandage Up","floor":46},{"not_picked":["Clawfect:ClawAndGloom+1","ReplayTheSpireMod:Omega Cannon"],"picked":"Stack+1","floor":47},{"not_picked":["Clawfect:ClawpileDriver","ReplayGash+1"],"picked":"Clawfect:Clawter+1","floor":49},{"not_picked":["Turbo+1","Stack+1"],"picked":"Clawfect:ClawAndTear+1","floor":50},{"not_picked":["Fusion+1","Self Repair+1"],"picked":"Amplify","floor":56}],"player_experience":1393389,"relics_obtained":[{"floor":3,"key":"Ring of Hypnosis"},{"floor":4,"key":"Dota2Spire:BlackKingBar"},{"floor":6,"key":"Blue Candle"},{"floor":8,"key":"TheBible"},{"floor":9,"key":"Replay:Bottled Eggs"},{"floor":9,"key":"Diplopia"},{"floor":13,"key":"Cables"},{"floor":15,"key":"Regal Pillow"},{"floor":16,"key":"Leech"},{"floor":21,"key":"Replay:Multitool"},{"floor":21,"key":"Dream Catcher"},{"floor":23,"key":"Eternal Feather"},{"floor":23,"key":"Dota2Spire:BladeMail"},{"floor":26,"key":"ReplayTheSpireMod:Shallot"},{"floor":26,"key":"Darkstone Periapt"},{"floor":28,"key":"UnicornStump"},{"floor":28,"key":"Golden Egg"},{"floor":30,"key":"Akabeko"},{"floor":30,"key":"Pocketwatch"},{"floor":32,"key":"Dota2Spire:LinkenSphere"},{"floor":33,"key":"Bird Faced Urn"},{"floor":36,"key":"Torii"},{"floor":39,"key":"D6"},{"floor":43,"key":"Girya"},{"floor":43,"key":"Dota2Spire:AghanimScepter"},{"floor":45,"key":"SalivaCoin"},{"floor":45,"key":"Strawberry"},{"floor":47,"key":"Pear"},{"floor":47,"key":"Ornamental Fan"},{"floor":48,"key":"DeathBook"},{"floor":48,"key":"SatanicBible"},{"floor":49,"key":"Dota2Spire:ShadowBlade"},{"floor":49,"key":"BookofShadows"},{"floor":54,"key":"StrikeDummy"},{"floor":56,"key":"Replay:Bottled Steam"},{"floor":56,"key":"Garlic"}],"event_choices":[{"cards_removed":["Amnesia"],"damage_healed":0,"gold_gain":0,"player_choice":"Card Removal","damage_taken":7,"max_hp_gain":0,"max_hp_loss":0,"event_name":"Golden Wing","floor":5,"gold_loss":0},{"cards_removed":["BloodyBrimstone"],"damage_healed":0,"gold_gain":0,"player_choice":"Offered Rare","damage_taken":0,"max_hp_gain":10,"max_hp_loss":0,"event_name":"Bonfire Elementals","floor":25,"gold_loss":0},{"damage_healed":0,"gold_gain":0,"player_choice":"Fight","damage_taken":0,"max_hp_gain":0,"max_hp_loss":0,"event_name":"MindBloom","floor":36,"gold_loss":0},{"damage_healed":0,"gold_gain":0,"player_choice":"Max HP","damage_taken":0,"max_hp_gain":0,"max_hp_loss":4,"event_name":"Winding Halls","floor":37,"gold_loss":0},{"damage_healed":0,"gold_gain":0,"player_choice":"Fight","damage_taken":0,"max_hp_gain":0,"max_hp_loss":0,"event_name":"Mysterious Sphere","floor":39,"gold_loss":0},{"damage_healed":0,"gold_gain":0,"player_choice":"Memory 1","damage_taken":0,"max_hp_gain":0,"max_hp_loss":0,"event_name":"SensoryStone","floor":46,"gold_loss":0}],"is_beta":false,"boss_relics":[{"not_picked":["SacredBark","Busted Crown"],"picked":"Black Star"},{"not_picked":[]},{"not_picked":["Pandora\u0027s Box","Astrolabe"],"picked":"Cursed Key"},{"not_picked":[]}],"items_purged_floors":[55],"is_endless":false,"potions_floor_spawned":[6,13,14,23,31,33,35,47,56],"ascension_level":0}}