{"host":"rylkjufw9dlhr07b","time":1613865823,"event":{"mods":["AchievementEnabler","BaseMod","Better Note","BetterRewards","Downfall","Hubris","Minty Spire (QoL Compilation)","Quick Restart","StSLib","The Bladedancer","The Servant 0.9.4"],"gold_per_floor":[99,109,23,23,43,35,35,35,56,78,120,120,120,144,169,272,272,272,295,313,313,329,5,5,5,23,42,76,76,76,91,103,203,203,103,129,153,503,503,281,281,291,305,305,345,359,376,101,126,126],"floor_reached":51,"language":"FRA","playtime":4327,"items_purged":["downfall:Aged"],"score":871,"play_id":"a61a6d9f-1f6a-46cd-be82-f33a2f4aba0d","local_time":"20210221010343","is_ascension_mode":true,"campfire_choices":[{"data":"hexamod:Sear","floor":1.0,"key":"SMITH"},{"floor":13.0,"key":"REST"},{"data":"hexamod:SearingWound","floor":18,"key":"SMITH"},{"floor":29,"key":"REST"},{"data":"hexamod:TimeWarp","floor":35,"key":"SMITH"}],"circlet_count":0,"master_deck":["hexamod:Strike","hexamod:Strike","hexamod:Strike","hexamod:Strike","hexamod:Defend","hexamod:Defend","hexamod:Defend","hexamod:Defend","hexamod:Sear+1","hexamod:Float","hexamod:PhantomCloak","hexamod:ThirdSeal","hexamod:GhostOfSpirePast","hexamod:SecondSeal","hexamod:FirstSeal","hexamod:ThirdSeal","hexamod:GhostShield","hexamod:HauntingEcho","hexamod:Rewind","hexamod:SearingWound+1","hexamod:BurningTouch","hexamod:RadiantFlame","hexamod:Hexaguard","hexamod:Hexaguard","hexamod:HeatMetal","hexamod:ParanormalForm","hexamod:GhostShield+1","hexamod:GhostLash","hexamod:DynamicBlow","hexamod:AdvancingGuard","hexamod:GhostLash","blademaster:Empower","hexamod:ExtraCrispy","hexamod:GhostShield","hexamod:AdvancingGuard+1","hexamod:ChargedBarrage","hexamod:HeatCrush+1","Finesse","hexamod:StepThrough","hexamod:FourthSeal","hexamod:FirstSeal","hexamod:Hexaguard+1","hexamod:EmpoweredFlame","hexamod:GiftsFromTheDead","hexamod:GhostShield+1","hexamod:ShieldOfDarkness","hexamod:Haunt+1","hexamod:NightmareStrike+1","hexamod:TimeWarp+1","hexamod:TimeOfNeed","hexamod:HeatCrush","hexamod:SwordOfDarkness","Apotheosis","hexamod:FourthSeal","hexamod:GhostOfSpirePast+1","hexamod:GhostLash","hexamod:ExtraCrispy","expansioncontent:InvincibleStrength"],"relics":["hexamod:SpiritBrand","Lizard Tail","WingedGreaves","hubris:CuriousFeather","downfall:ShatteredFragment","Odd Mushroom","hubris:TerracottaHorce","hubris:EmptyBottle","hubris:BundleOfHerbs","Nilry\u0027s Codex","Bronze Scales","Philosopher\u0027s Stone","downfall:HeartBlessingGreen","Old Coin","Pantograph","hubris:BottledRain","Membership Card","Vajra"],"acts_visited":["Exordium","TheCity","TheBeyond"],"potions_floor_usage":[16,20,22,28,28,28,32,37,37,38,38,40,40,43,43,45,45,46,47,49,50,50,50,50,50],"damage_taken":[{"damage":0.0,"enemies":"Small Slimes","floor":2.0,"turns":3.0},{"damage":0.0,"enemies":"downfall:FleeingMerchant","floor":3.0,"turns":4.0},{"damage":5.0,"enemies":"2 Louse","floor":5.0,"turns":3.0},{"damage":13.0,"enemies":"Jaw Worm","floor":9.0,"turns":6.0},{"damage":13.0,"enemies":"Lots of Slimes","floor":10.0,"turns":5.0},{"damage":19.0,"enemies":"3 Sentries","floor":11.0,"turns":12.0},{"damage":0.0,"enemies":"The Mushroom Lair","floor":14.0,"turns":4.0},{"damage":7.0,"enemies":"2 Fungi Beasts","floor":15.0,"turns":3.0},{"damage":23,"enemies":"DF_ARCHETYPE_STREAMLINE","floor":16,"turns":7},{"damage":5,"enemies":"Spheric Guardian","floor":19,"turns":4},{"damage":1,"enemies":"3 Byrds","floor":20,"turns":3},{"damage":0,"enemies":"3 Cultists","floor":22,"turns":3},{"damage":15,"enemies":"downfall:FleeingMerchant","floor":23,"turns":4},{"damage":0,"enemies":"Snecko","floor":26,"turns":3},{"damage":12,"enemies":"Centurion and Healer","floor":27,"turns":5},{"damage":27,"enemies":"Slavers","floor":28,"turns":4},{"damage":14,"enemies":"Chosen and Byrds","floor":31,"turns":5},{"damage":9,"enemies":"Shelled Parasite and Fungi","floor":32,"turns":3},{"damage":11,"enemies":"WA_ARCHETYPE_CALM","floor":33,"turns":8},{"damage":0,"enemies":"3 Shapes","floor":36,"turns":7},{"damage":31,"enemies":"3 Darklings","floor":37,"turns":5},{"damage":24,"enemies":"3 Darklings","floor":38,"turns":3},{"damage":0,"enemies":"downfall:FleeingMerchant","floor":40,"turns":4},{"damage":5,"enemies":"Writhing Mass","floor":42,"turns":5},{"damage":4,"enemies":"Spire Growth","floor":43,"turns":4},{"damage":36,"enemies":"Giant Head","floor":45,"turns":6},{"damage":3,"enemies":"4 Shapes","floor":46,"turns":4},{"damage":0,"enemies":"Jaw Worm Horde","floor":47,"turns":4},{"damage":24,"enemies":"Writhing Mass","floor":49,"turns":5},{"damage":14,"enemies":"IC_BLOCK_ARCHETYPE","floor":50,"turns":7}],"seed_played":"174677522462551818","potions_obtained":[{"floor":10.0,"key":"CultistPotion"},{"floor":11.0,"key":"champ:CounterPotion"},{"floor":15.0,"key":"SmokeBomb"},{"floor":16,"key":"Explosive Potion"},{"floor":19,"key":"hexamod:SoulburnPotion"},{"floor":22,"key":"CultistPotion"},{"floor":27,"key":"hexamod:SoulburnPotion"},{"floor":31,"key":"Fire Potion"},{"floor":33,"key":"DuplicationPotion"},{"floor":33,"key":"ColorlessPotion"},{"floor":38,"key":"Fire Potion"},{"floor":40,"key":"BlessingOfTheForge"},{"floor":42,"key":"Regen Potion"},{"floor":43,"key":"DistilledChaos"},{"floor":45,"key":"Swift Potion"},{"floor":47,"key":"Fire Potion"},{"floor":49,"key":"Weak Potion"}],"is_trial":false,"path_per_floor":["R","M","$","?","M","?","T","?","M","M","E","?","R","?","M","B",null,"R","M","M","?","M","$","T","?","M","M","E","R","?","M","M","B",null,"R","M","M","?","?","$","T","M","M","T","E","M","M","$","M","B",null],"character_chosen":"THE_SPIRIT","items_purchased":["hexamod:ThirdSeal","hubris:EmptyBottle","Finesse","hexamod:StepThrough","Apotheosis","Pantograph","Dexterity Potion","Membership Card","Vajra","expansioncontent:InvincibleStrength"],"campfire_rested":2,"item_purchase_floors":[3,23,23,23,40,40,40,48,48,48],"current_hp_per_floor":[84,84,84,89,84,77,77,74,68,62,43,22,48,55,55,32,75,75,70,76,76,76,61,61,45,45,40,20,46,46,46,37,33,75,75,89,65,55,55,62,62,57,87,87,58,69,76,76,59,77],"gold":126,"neow_bonus":"TWENTY_PERCENT_HP_BONUS","is_daily":false,"chose_seed":false,"campfire_upgraded":3,"win_rate":0.0,"timestamp":1613865823,"path_taken":["R","M","$","?","M","?","T","?","M","M","E","?","R","?","M","BOSS","R","M","M","?","?","$","T","?","M","M","E","R","?","M","M","BOSS","R","M","M","?","?","$","T","?","M","?","E","?","M","$","M","BOSS"],"items_purchased_type":["Card","Relic","Card","Card","Card","Relic","Potion","Relic","Relic","Card"],"build_version":"2020-12-22","purchased_purges":1,"victory":true,"max_hp_per_floor":[84,84,84,89,89,89,89,89,89,89,89,89,89,89,89,89,89,89,89,89,89,89,89,89,89,89,89,89,89,89,89,89,89,89,89,89,89,89,89,89,89,89,89,89,89,89,89,89,89,89],"card_choices":[{"not_picked":["hexamod:Firestarter","hexamod:SpectralSpark"],"picked":"hexamod:ShieldOfDarkness","floor":2.0},{"not_picked":["hexamod:FastForward","hexamod:SpectersWail"],"picked":"hexamod:PhantomCloak","floor":3.0},{"not_picked":["hexamod:BacktrackSmack","hexamod:SwordOfDarkness"],"picked":"hexamod:GhostOfSpirePast","floor":5.0},{"not_picked":["hexamod:SkipABeat","hexamod:Rewind"],"picked":"hexamod:GhostShield","floor":9.0},{"not_picked":["hexamod:SpectralAdrenaline","hexamod:ShieldOfDarkness"],"picked":"hexamod:HauntingEcho","floor":9.0},{"not_picked":["hexamod:InspiringFlames","hexamod:SpectralAdrenaline"],"picked":"hexamod:Rewind","floor":9.0},{"not_picked":["hexamod:Haunt","hexamod:GhostShield"],"picked":"hexamod:SearingWound","floor":10.0},{"not_picked":["hexamod:NightmareStrike","hexamod:CatchUp"],"picked":"hexamod:BurningTouch","floor":11.0},{"not_picked":["hexamod:BurningTouch","hexamod:GhostflameBarrier"],"picked":"hexamod:RadiantFlame","floor":11.0},{"not_picked":["hexamod:Firestarter","hexamod:NightmareGuise"],"picked":"hexamod:Hexaguard","floor":14.0},{"not_picked":["hexamod:NightmareGuise","hexamod:BacktrackSmack"],"picked":"hexamod:Hexaguard","floor":14.0},{"not_picked":["hexamod:Incineration","hexamod:RainOfEmbers"],"picked":"hexamod:HeatMetal","floor":15.0},{"not_picked":["hexamod:ApocalypseNow","hexamod:GhostOfSpirePresent"],"picked":"hexamod:ParanormalForm","floor":16},{"not_picked":["hexamod:HeatMetal","hexamod:ShieldOfDarkness"],"picked":"hexamod:GhostShield+1","floor":19},{"not_picked":["hexamod:PowerFromBeyond","hexamod:SuperheatedStrike"],"picked":"hexamod:GhostLash","floor":19},{"not_picked":["hexamod:Incineration+1","hexamod:InspiringFlames"],"picked":"hexamod:DynamicBlow","floor":19},{"not_picked":["hexamod:NightmareGuise","hexamod:Firestarter"],"picked":"hexamod:AdvancingGuard","floor":20},{"not_picked":["hexamod:ShieldOfDarkness","hexamod:FastForward"],"picked":"hexamod:GhostLash","floor":20},{"not_picked":["hexamod:Firestarter","hexamod:AdvancingGuard"],"picked":"hexamod:ExtraCrispy","floor":22},{"not_picked":["hexamod:PhantomCloak+1","hexamod:GhostflameInferno"],"picked":"hexamod:GhostShield","floor":22},{"not_picked":["hexamod:GhostLash","hexamod:TurnItUp"],"picked":"hexamod:AdvancingGuard+1","floor":23},{"not_picked":["hexamod:Toasty","hexamod:RetreatToShadows"],"picked":"hexamod:ChargedBarrage","floor":23},{"not_picked":["hexamod:SpectralSpark","hexamod:InspiringFlames"],"picked":"hexamod:HeatCrush+1","floor":23},{"not_picked":["hexamod:NightmareStrike","hexamod:AdvancingGuard"],"picked":"hexamod:FourthSeal","floor":26},{"not_picked":["hexamod:PhantomFireball+1","hexamod:PhantomCloak","hexamod:FastForward"],"picked":"SKIP","floor":26},{"not_picked":["hexamod:InspiringFlames","hexamod:BacktrackSmack"],"picked":"hexamod:FirstSeal","floor":27},{"not_picked":["hexamod:ShieldOfDarkness+1","hexamod:RadiantFlame"],"picked":"hexamod:Hexaguard+1","floor":27},{"not_picked":["hexamod:GhostShield","hexamod:EtherealExpedition"],"picked":"hexamod:EmpoweredFlame","floor":28},{"not_picked":["hexamod:HeatMetal","hexamod:Rewind"],"picked":"hexamod:GiftsFromTheDead","floor":28},{"not_picked":["hexamod:HeatMetal+1","hexamod:InspiringFlames+1"],"picked":"hexamod:GhostShield+1","floor":28},{"not_picked":["hexamod:RetreatToShadows","hexamod:Firestarter"],"picked":"hexamod:ShieldOfDarkness","floor":31},{"not_picked":["hexamod:StepThrough","hexamod:FlamesFromBeyond+1"],"picked":"hexamod:Haunt+1","floor":32},{"not_picked":["hexamod:SkipABeat","hexamod:FlamesFromBeyond"],"picked":"hexamod:NightmareStrike+1","floor":32},{"not_picked":["hexamod:ApocalypseNow","hexamod:ForkedFlame"],"picked":"hexamod:TimeWarp","floor":33},{"not_picked":["hexamod:SpectersWail","hexamod:NightmareGuise+1","hexamod:SwordOfDarkness+1"],"picked":"SKIP","floor":36},{"not_picked":["hexamod:HeatMetal","hexamod:PhantomCloak+1","hexamod:ExtraCrispy+1"],"picked":"SKIP","floor":37},{"not_picked":["hexamod:PhantomFireball+1","hexamod:BacktrackSmack","hexamod:NightmareGuise"],"picked":"SKIP","floor":37},{"not_picked":["hexamod:HeatMetal","hexamod:SwordOfDarkness+1","hexamod:BurningTouch"],"picked":"SKIP","floor":37},{"not_picked":["hexamod:Hexaguard","hexamod:Again"],"picked":"hexamod:TimeOfNeed","floor":38},{"not_picked":["hexamod:ThirdSeal","hexamod:FastForward"],"picked":"hexamod:HeatCrush","floor":40},{"not_picked":["hexamod:RainOfEmbers","hexamod:SuperheatedStrike"],"picked":"hexamod:SwordOfDarkness","floor":40},{"not_picked":["hexamod:InspiringFlames","hexamod:GhostShield","hexamod:Hexaguard"],"picked":"SKIP","floor":40},{"not_picked":["hexamod:Again+1","hexamod:SuperheatedStrike+1"],"picked":"hexamod:FourthSeal","floor":42},{"not_picked":["hexamod:StepThrough+1","hexamod:FlamesFromBeyond"],"picked":"hexamod:GhostOfSpirePast+1","floor":42},{"not_picked":["hexamod:HauntingEcho+1","hexamod:NightmareGuise","hexamod:RadiantFlame"],"picked":"SKIP","floor":43},{"not_picked":["hexamod:NightmareStrike","hexamod:Again+1","hexamod:NecessarySacrifice+1"],"picked":"SKIP","floor":43},{"not_picked":["hexamod:ChargedBarrage","hexamod:GiftsFromTheDead"],"picked":"hexamod:GhostLash","floor":45},{"not_picked":["hexamod:GhostOfSpirePast+1","hexamod:DynamicBlow","hexamod:SoulSteal"],"picked":"SKIP","floor":46},{"not_picked":["hexamod:Hexaguard","hexamod:AdvancingGuard"],"picked":"hexamod:ExtraCrispy","floor":47},{"not_picked":["hexamod:DynamicBlow","hexamod:SpectralSpark+1","hexamod:SkipABeat"],"picked":"SKIP","floor":47},{"not_picked":["hexamod:SpectralAdrenaline+1","hexamod:ThirdSeal","hexamod:FlamesFromBeyond+1"],"picked":"SKIP","floor":49},{"not_picked":["hexamod:RetreatToShadows+1","hexamod:StepThrough","hexamod:Again+1"],"picked":"SKIP","floor":49}],"player_experience":749242,"relics_obtained":[{"floor":7.0,"key":"Lizard Tail"},{"floor":11.0,"key":"hubris:CuriousFeather"},{"floor":14.0,"key":"Odd Mushroom"},{"floor":24,"key":"hubris:BundleOfHerbs"},{"floor":25,"key":"Nilry\u0027s Codex"},{"floor":28,"key":"Bronze Scales"},{"floor":38,"key":"Old Coin"},{"floor":44,"key":"hubris:BottledRain"}],"event_choices":[{"damage_healed":0.0,"max_hp_gain":5.0,"max_hp_loss":0.0,"gold_gain":0.0,"event_name":"Big Fish","player_choice":"Donut","floor":4.0,"gold_loss":0.0,"damage_taken":0.0},{"damage_healed":0.0,"max_hp_gain":0.0,"max_hp_loss":0.0,"gold_gain":0.0,"event_name":"Scrap Ooze","player_choice":"Success","floor":8.0,"gold_loss":0.0,"damage_taken":3.0,"relics_obtained":["WingedGreaves"]},{"damage_healed":0.0,"max_hp_gain":0.0,"max_hp_loss":0.0,"gold_gain":0.0,"event_name":"Mushrooms","player_choice":"Fought Mushrooms","floor":14.0,"gold_loss":0.0,"damage_taken":0.0},{"cards_removed":["hexamod:FirstSeal"],"damage_healed":0,"gold_gain":0,"player_choice":"Take \u0026 Give","damage_taken":0,"max_hp_gain":0,"max_hp_loss":0,"event_name":"betterNote:BetterNote","floor":21,"gold_loss":0,"cards_obtained":["blademaster:Empower"]}],"is_beta":false,"boss_relics":[{"not_picked":["Runic Pyramid","bronze:MakeshiftBattery"],"picked":"hubris:TerracottaHorce"},{"not_picked":["Coffee Dripper","Runic Dome"],"picked":"Philosopher\u0027s Stone"}],"items_purged_floors":[40],"is_endless":false,"potions_floor_spawned":[10,11,15,16,19,22,31,33,38,42,49],"ascension_level":2}}