{"host":"tnmp9bkutp0enjo6","time":1613927482,"event":{"mods":["2.2 Compatiblity","AchievementEnabler","BaseMod","Block Reminder","Colored Powertips","Highlight Path","Minty Spire (QoL Compilation)","Quick Restart","Random Character Button","Rare Cards Sparkle","Relic Stats","StSLib","The Problem Sleuth"],"gold_per_floor":[119,130,130,130,149,149,183,183,208,238,238,254,267,282,282,385,385,401,401,419,419,436,436,466,466,490,490,508,11,337,337,337],"floor_reached":31,"language":"ENG","playtime":1917,"items_purged":[],"score":328,"play_id":"b1b101be-7aad-49d2-bfc4-ff554bb4a7fb","local_time":"20210221181122","is_ascension_mode":true,"campfire_choices":[{"floor":6.0,"key":"RECALL"},{"floor":8.0,"key":"REST"},{"floor":11.0,"key":"REST"},{"data":"Dualcast","floor":15.0,"key":"SMITH"},{"floor":23,"key":"REST"},{"floor":25,"key":"REST"},{"floor":27,"key":"REST"}],"circlet_count":0,"master_deck":["Strike_B+1","Strike_B","Strike_B","Strike_B","Defend_B","Defend_B","Defend_B","Defend_B+1","Zap","Dualcast+1","Go for the Eyes","Gash","Beam Cell","Barrage","Hello World+1","Beam Cell","Gash","Ball Lightning","All For One","Conserve Battery","Beam Cell","PanicButton","Dramatic Entrance","Blind","Panacea","Ball Lightning+1","Steam","Ball Lightning","Hello World","Cold Snap","Stack","Redo","Genetic Algorithm+1"],"relics":["Cracked Core","WingedGreaves","Oddly Smooth Stone","Bronze Scales","Mango","Inserter","Orichalcum","Gambling Chip","Old Coin"],"acts_visited":["Exordium","TheCity"],"potions_floor_usage":[22,22,24,24,30],"damage_taken":[{"damage":0.0,"enemies":"2 Louse","floor":1.0,"turns":2.0},{"damage":0.0,"enemies":"Small Slimes","floor":2.0,"turns":3.0},{"damage":0.0,"enemies":"Cultist","floor":5.0,"turns":3.0},{"damage":25.0,"enemies":"3 Sentries","floor":7.0,"turns":7.0},{"damage":24.0,"enemies":"Gremlin Nob","floor":10.0,"turns":4.0},{"damage":0.0,"enemies":"2 Fungi Beasts","floor":12.0,"turns":3.0},{"damage":4.0,"enemies":"Red Slaver","floor":13.0,"turns":3.0},{"damage":3.0,"enemies":"Blue Slaver","floor":14.0,"turns":3.0},{"damage":12.0,"enemies":"Slime Boss","floor":16.0,"turns":8.0},{"damage":8,"enemies":"Chosen","floor":18,"turns":3},{"damage":20,"enemies":"Spheric Guardian","floor":20,"turns":4},{"damage":16,"enemies":"Chosen and Byrds","floor":22,"turns":5},{"damage":27,"enemies":"Book of Stabbing","floor":24,"turns":5},{"damage":10,"enemies":"Cultist and Chosen","floor":28,"turns":4},{"damage":44,"enemies":"Slavers","floor":30,"turns":5}],"seed_played":"6191582174668063999","potions_obtained":[{"floor":2.0,"key":"SkillPotion"},{"floor":7.0,"key":"GamblersBrew"},{"floor":12.0,"key":"EssenceOfDarkness"},{"floor":14.0,"key":"Weak Potion"},{"floor":16.0,"key":"Dexterity Potion"},{"floor":22,"key":"Weak Potion"},{"floor":28,"key":"ColorlessPotion"}],"is_trial":false,"path_per_floor":["M","M","?","?","M","R","E","R","T","E","R","M","M","M","R","B",null,"M","?","M","?","M","R","E","R","T","R","M","$","E","?"],"character_chosen":"DEFECT","items_purchased":["Gambling Chip","Hello World","Cold Snap","Stack","Redo"],"campfire_rested":5,"item_purchase_floors":[29,29,29,29,29],"current_hp_per_floor":[75,75,60,53,53,53,28,50,50,40,66,66,62,59,59,47,89,81,81,61,25,9,35,8,34,34,60,50,50,6,0,0],"gold":337,"neow_bonus":"ONE_RARE_RELIC","is_daily":false,"chose_seed":false,"campfire_upgraded":1,"win_rate":0.0,"timestamp":1613927482,"path_taken":["M","M","?","?","M","R","E","R","T","E","R","M","M","M","R","BOSS","M","?","?","?","?","R","E","R","T","R","M","$","E","?"],"items_purchased_type":["Relic","Card","Card","Card","Card"],"build_version":"2020-12-22","purchased_purges":0,"victory":false,"max_hp_per_floor":[75,75,75,75,75,75,75,75,75,89,89,89,89,89,89,89,89,89,89,89,89,89,89,89,89,89,89,89,89,89,89,89],"relic_stats":{"Inserter":[13],"counters":[15,62],"Bronze Scales":[126],"Gambling Chip":[1],"Orichalcum":[6],"obtain_stats":[{"Inserter":17,"Bronze Scales":9,"Gambling Chip":29,"Oddly Smooth Stone":7,"Mango":10,"WingedGreaves":0,"Orichalcum":24,"Cracked Core":0,"Old Coin":30},{"Inserter":9,"Bronze Scales":4,"Gambling Chip":14,"Oddly Smooth Stone":4,"Mango":5,"WingedGreaves":0,"Orichalcum":13,"Cracked Core":0,"Old Coin":15},{"Inserter":36,"Bronze Scales":15,"Gambling Chip":57,"Oddly Smooth Stone":15,"Mango":19,"WingedGreaves":0,"Orichalcum":53,"Cracked Core":0,"Old Coin":62}]},"card_choices":[{"not_picked":["Steam Power","Capacitor"],"picked":"Go for the Eyes","floor":1.0},{"not_picked":["Compile Driver","Fusion"],"picked":"Gash","floor":2.0},{"not_picked":["Streamline","Compile Driver"],"picked":"Beam Cell","floor":5.0},{"not_picked":["Compile Driver","Force Field"],"picked":"Barrage","floor":7.0},{"not_picked":["Reinforced Body","Steam"],"picked":"Hello World","floor":10.0},{"not_picked":["Tempest","Heatsinks"],"picked":"Beam Cell","floor":12.0},{"not_picked":["Doom and Gloom","Rebound"],"picked":"Gash","floor":13.0},{"not_picked":["Beam Cell","Stack"],"picked":"Ball Lightning","floor":14.0},{"not_picked":["Core Surge","Biased Cognition"],"picked":"All For One","floor":16.0},{"not_picked":["Streamline","Beam Cell"],"picked":"Conserve Battery","floor":18},{"not_picked":["Barrage","Compile Driver"],"picked":"Beam Cell","floor":20},{"not_picked":["Stack","Barrage"],"picked":"Ball Lightning+1","floor":22},{"not_picked":["Hologram","Thunder Strike"],"picked":"Steam","floor":24},{"not_picked":["Hologram","Sweeping Beam+1"],"picked":"Ball Lightning","floor":28},{"not_picked":["All For One","Recycle"],"picked":"Genetic Algorithm+1","floor":30}],"player_experience":199031,"relics_obtained":[{"floor":7.0,"key":"Oddly Smooth Stone"},{"floor":9.0,"key":"Bronze Scales"},{"floor":10.0,"key":"Mango"},{"floor":24,"key":"Orichalcum"},{"floor":30,"key":"Old Coin"}],"event_choices":[{"damage_healed":0.0,"max_hp_gain":0.0,"max_hp_loss":0.0,"gold_gain":0.0,"event_name":"Shining Light","player_choice":"Entered Light","floor":3.0,"gold_loss":0.0,"damage_taken":15.0,"cards_upgraded":["Strike_B","Defend_B"]},{"cards_removed":["Shame"],"damage_healed":0.0,"max_hp_gain":0.0,"max_hp_loss":0.0,"gold_gain":0.0,"event_name":"Golden Wing","player_choice":"Card Removal","floor":4.0,"gold_loss":0.0,"damage_taken":7.0},{"damage_healed":0,"gold_gain":0,"player_choice":"Forge","damage_taken":0,"max_hp_gain":0,"max_hp_loss":0,"event_name":"Accursed Blacksmith","floor":19,"gold_loss":0,"cards_upgraded":["Hello World"]},{"damage_healed":0,"gold_gain":0,"player_choice":"CARD CARD CARD CARD ","damage_taken":36,"max_hp_gain":0,"max_hp_loss":0,"event_name":"Knowing Skull","floor":21,"potions_obtained":[],"gold_loss":0,"cards_obtained":["PanicButton","Dramatic Entrance","Blind","Panacea"]}],"is_beta":false,"boss_relics":[{"not_picked":["Empty Cage","Runic Pyramid"],"picked":"Inserter"}],"items_purged_floors":[],"is_endless":false,"potions_floor_spawned":[2,7,12,13,14,16,22,28],"ascension_level":3}}