{"host":"4ds1zdmwd19pifst","time":1613870261,"event":{"mods":["BaseMod","Highlight Path","Minty Spire (QoL Compilation)","Relic Sorter","StSLib","Synergy Search"],"gold_per_floor":[218,236,236,254,20,52,52,52,52,71,89,89,89,56,56,56,56],"floor_reached":16,"language":"ENG","playtime":5935,"items_purged":[],"score":110,"play_id":"5bd06cf6-8faf-425a-bd45-cbe27ba1d90c","local_time":"20210220171741","is_ascension_mode":true,"campfire_choices":[{"data":"Fusion","floor":7,"key":"SMITH"},{"floor":13,"key":"REST"},{"data":"Consume","floor":15,"key":"SMITH"}],"circlet_count":0,"master_deck":["Strike_B","Strike_B","Strike_B","Defend_B","Defend_B","Defend_B","Defend_B","Zap","Dualcast","Beam Cell","Fusion+1","Turbo","Cold Snap","Leap","Leap","Consume+1","Force Field"],"relics":["Cracked Core","PreservedInsect","HornCleat","Bag of Preparation","NlothsMask"],"acts_visited":["Exordium"],"potions_floor_usage":[6,6,10],"damage_taken":[{"damage":7,"enemies":"Jaw Worm","floor":1,"turns":3},{"damage":0,"enemies":"Small Slimes","floor":2,"turns":3},{"damage":7,"enemies":"2 Louse","floor":4,"turns":3},{"damage":21,"enemies":"Lagavulin","floor":6,"turns":7},{"damage":3,"enemies":"Gremlin Gang","floor":10,"turns":6},{"damage":2,"enemies":"Exordium Wildlife","floor":11,"turns":4},{"damage":83,"enemies":"Hexaghost","floor":16,"turns":16}],"seed_played":"3887823909893191581","potions_obtained":[{"floor":2,"key":"Fire Potion"},{"floor":4,"key":"Weak Potion"},{"floor":6,"key":"FairyPotion"}],"is_trial":false,"path_per_floor":["M","M","?","M","$","E","R","?","T","M","M","?","R","$","R","B"],"character_chosen":"DEFECT","items_purchased":["Cold Snap","PreservedInsect","SkillPotion","Force Field"],"campfire_rested":1,"item_purchase_floors":[5,5,5,14],"current_hp_per_floor":[68,68,68,61,61,40,40,40,40,37,35,35,57,57,57,0,0],"gold":56,"neow_bonus":"HUNDRED_GOLD","is_daily":false,"chose_seed":false,"campfire_upgraded":2,"win_rate":0.0,"timestamp":1613870261,"path_taken":["M","M","?","M","$","E","R","?","T","M","M","?","R","$","R","BOSS"],"items_purchased_type":["Card","Relic","Potion","Card"],"build_version":"2020-12-22","purchased_purges":0,"victory":false,"max_hp_per_floor":[75,75,75,75,75,75,75,75,75,75,75,75,75,75,75,75,75],"card_choices":[{"not_picked":["Compile Driver","Static Discharge"],"picked":"Beam Cell","floor":1},{"not_picked":["Hologram","Beam Cell"],"picked":"Fusion","floor":2},{"not_picked":["Hologram","Stack"],"picked":"Turbo","floor":4},{"not_picked":["Melter","Gash"],"picked":"Leap","floor":6},{"not_picked":["Reprogram","Beam Cell"],"picked":"Leap","floor":10},{"not_picked":["Steam","Reprogram"],"picked":"Consume","floor":11}],"player_experience":70459,"relics_obtained":[{"floor":6,"key":"HornCleat"},{"floor":9,"key":"Bag of Preparation"}],"event_choices":[{"damage_healed":0,"gold_gain":0,"player_choice":"Leave","damage_taken":0,"max_hp_gain":0,"max_hp_loss":0,"event_name":"The Cleric","floor":3,"gold_loss":0},{"cards_removed":["Strike_B"],"damage_healed":0,"gold_gain":0,"player_choice":"Forget","damage_taken":0,"max_hp_gain":0,"max_hp_loss":0,"event_name":"Living Wall","floor":8,"gold_loss":0},{"damage_healed":0,"gold_gain":0,"player_choice":"Trade","damage_taken":0,"relics_obtained":["NlothsMask"],"max_hp_gain":0,"max_hp_loss":0,"event_name":"FaceTrader","floor":12,"gold_loss":0}],"is_beta":false,"boss_relics":[],"items_purged_floors":[],"is_endless":false,"potions_floor_spawned":[2,4,6],"killed_by":"Hexaghost","ascension_level":2}}