{"host":"snd6571rw3150vxe","time":1613922787,"event":{"mods":["AchievementEnabler","BaseMod","Bestiary","Colored Powertips","Highlight Path","Minty Spire (QoL Compilation)","Quick Restart","Random Character Button","Relic Stats","StSLib","slay the spire mod where everything is the same but ironclad has a cowboy hat"],"gold_per_floor":[114,189,189,206,206,206,240,254,278,131,131,147,4,4,4,4,4],"floor_reached":16,"language":"ENG","playtime":628,"items_purged":[],"score":173,"play_id":"b7abdcfa-08ba-48c5-a98b-b97f3cf0bf90","local_time":"20210221175307","is_ascension_mode":true,"campfire_choices":[{"floor":6,"key":"REST"},{"floor":11,"key":"REST"},{"floor":15,"key":"REST"}],"circlet_count":0,"master_deck":["AscendersBane","Strike_P","Strike_P","Strike_P","Strike_P","Defend_P","Defend_P","Defend_P","Defend_P","Eruption+1","Vigilance","FlurryOfBlows","SashWhip","CarveReality","JustLucky","EmptyBody"],"relics":["PureWater","Strawberry","Blue Candle","Smiling Mask","Pen Nib","Bronze Scales"],"acts_visited":["Exordium"],"potions_floor_usage":[14],"damage_taken":[{"damage":0,"enemies":"2 Louse","floor":1,"turns":3},{"damage":0,"enemies":"Small Slimes","floor":4,"turns":3},{"damage":46,"enemies":"Lagavulin","floor":7,"turns":8},{"damage":1,"enemies":"Jaw Worm","floor":8,"turns":2},{"damage":8,"enemies":"Red Slaver","floor":12,"turns":3},{"damage":0,"enemies":"3 Sentries","floor":14,"turns":1},{"damage":71,"enemies":"Slime Boss","floor":16,"turns":14}],"seed_played":"6809727004318538806","potions_obtained":[{"floor":0,"key":"SmokeBomb"},{"floor":0,"key":"Energy Potion"}],"is_trial":false,"path_per_floor":["M","?","?","M","?","R","E","M","T","$","R","M","$","E","R","B"],"character_chosen":"WATCHER","items_purchased":["Pen Nib","Bronze Scales"],"campfire_rested":3,"item_purchase_floors":[10,13],"current_hp_per_floor":[65,54,54,54,49,72,26,25,25,25,48,40,40,40,63,0,0],"gold":4,"neow_bonus":"THREE_SMALL_POTIONS","is_daily":false,"chose_seed":false,"campfire_upgraded":0,"win_rate":0.0,"timestamp":1613922787,"path_taken":["M","?","?","M","?","R","E","M","T","$","R","?","?","E","R","BOSS"],"items_purchased_type":["Relic","Relic"],"build_version":"2020-12-22","purchased_purges":0,"victory":false,"max_hp_per_floor":[72,72,72,72,79,79,79,79,79,79,79,79,79,79,79,79,79],"relic_stats":{"counters":[7,34],"Blue Candle":[0],"Bronze Scales":[24],"Pen Nib":[4],"Smiling Mask":0,"obtain_stats":[{"Strawberry":5,"Blue Candle":7,"Bronze Scales":13,"Pen Nib":10,"PureWater":0,"Smiling Mask":9},{"Strawberry":2,"Blue Candle":3,"Bronze Scales":5,"Pen Nib":4,"PureWater":0,"Smiling Mask":4},{"Strawberry":6,"Blue Candle":14,"Bronze Scales":19,"Pen Nib":16,"PureWater":0,"Smiling Mask":16}]},"card_choices":[{"not_picked":["Consecrate","Protect"],"picked":"FlurryOfBlows","floor":1},{"not_picked":["CrushJoints","FearNoEvil"],"picked":"SashWhip","floor":4},{"not_picked":["Adaptation","FlyingSleeves"],"picked":"CarveReality","floor":7},{"not_picked":["InnerPeace","Alpha"],"picked":"JustLucky","floor":8},{"not_picked":["FlyingSleeves","Nirvana"],"picked":"EmptyBody","floor":12}],"player_experience":382772,"relics_obtained":[{"floor":7,"key":"Blue Candle"},{"floor":9,"key":"Smiling Mask"}],"event_choices":[{"damage_healed":0,"gold_gain":75,"player_choice":"Gather Gold","damage_taken":11,"max_hp_gain":0,"max_hp_loss":0,"event_name":"World of Goop","floor":2,"gold_loss":0},{"damage_healed":0,"gold_gain":0,"player_choice":"Grow","damage_taken":0,"max_hp_gain":0,"max_hp_loss":0,"event_name":"Living Wall","floor":3,"gold_loss":0,"cards_upgraded":["Eruption"]},{"damage_healed":0,"gold_gain":0,"player_choice":"Success","damage_taken":12,"relics_obtained":["Strawberry"],"max_hp_gain":0,"max_hp_loss":0,"event_name":"Scrap Ooze","floor":5,"gold_loss":0}],"is_beta":false,"boss_relics":[],"items_purged_floors":[],"is_endless":false,"potions_floor_spawned":[1,12],"killed_by":"Slime Boss","ascension_level":12}}