{"host":"ugys05tpep779cl6","time":1613935463,"event":{"mods":["AchievementEnabler","Aspiration","BaseMod","Beaked The Cultist","CatGirl Mod","Colored Powertips","HololiveMod","Lobotomy","Minty Spire (QoL Compilation)","Quick Restart","Replay The Spire","Spicy Shops","StSLib","The Druid"],"gold_per_floor":[111,199,216,234,159,192,209,235,235,250,250,270,282,316,316,316,316],"floor_reached":16,"language":"ENG","playtime":1163,"items_purged":["Strike_R"],"score":136,"play_id":"bf64f743-74d0-40bf-a358-8c26a34c8b1e","local_time":"20210221202423","is_ascension_mode":true,"campfire_choices":[{"data":"Body Slam","floor":11,"key":"SMITH"},{"data":"Flame Barrier","floor":15,"key":"SMITH"}],"circlet_count":0,"master_deck":["Strike_R","Strike_R","Strike_R","Strike_R","Defend_R","Defend_R","Defend_R","Defend_R","Bash","Shrug It Off","Body Slam+1","Iron Wave","Flame Barrier+1"],"relics":["Burning Blood","aspiration:DSix","Orichalcum","Matryoshka","aspiration:FrozenJewel","Blue Doll"],"acts_visited":["Exordium"],"potions_floor_usage":[8,14,16],"damage_taken":[{"damage":7.0,"enemies":"Jaw Worm","floor":1.0,"turns":4.0},{"damage":0.0,"enemies":"Cultist","floor":3.0,"turns":3.0},{"damage":3.0,"enemies":"Small Slimes","floor":4.0,"turns":5.0},{"damage":18.0,"enemies":"3 Sentries","floor":6.0,"turns":12.0},{"damage":3,"enemies":"Blue Slaver","floor":7,"turns":6},{"damage":15,"enemies":"Gremlin Nob","floor":8,"turns":4},{"damage":0,"enemies":"Exordium Wildlife","floor":10,"turns":6},{"damage":0,"enemies":"2 Fungi Beasts","floor":12,"turns":3},{"damage":0,"enemies":"3 Louse","floor":13,"turns":3},{"damage":9,"enemies":"Lagavulin","floor":14,"turns":6},{"damage":78,"enemies":"Hexaghost","floor":16,"turns":14}],"seed_played":"-5456900030532046381","potions_obtained":[{"floor":3.0,"key":"Adrenaline Potion"},{"floor":4.0,"key":"FearPotion"},{"floor":8,"key":"DuplicationPotion"},{"floor":10,"key":"PowerPotion"},{"floor":12,"key":"Toxic Potion"}],"is_trial":false,"path_per_floor":["M","?","M","M","$","E","M","E","T","M","R","M","M","E","R","B"],"character_chosen":"IRONCLAD","items_purchased":[],"campfire_rested":0,"item_purchase_floors":[],"current_hp_per_floor":[79,79,80,80,80,68,71,62,62,68,68,74,80,77,77,0,0],"gold":316,"neow_bonus":"DSIX","is_daily":false,"chose_seed":false,"campfire_upgraded":2,"win_rate":0.0,"timestamp":1613935463,"path_taken":["M","?","M","?","$","E","M","E","T","M","R","M","?","E","R","BOSS"],"items_purchased_type":[],"build_version":"2020-12-22","purchased_purges":1,"victory":false,"max_hp_per_floor":[80,80,80,80,80,80,80,80,80,80,80,80,80,80,80,80,80],"card_choices":[{"not_picked":["Run Through","Thunderclap","Perfected Strike"],"picked":"SKIP","floor":1.0},{"not_picked":["Clash","Warcry"],"picked":"Shrug It Off","floor":2.0},{"not_picked":["Evolve","Bloodletting","Carnage"],"picked":"SKIP","floor":3.0},{"not_picked":["Heavy Blade","Combust"],"picked":"Body Slam","floor":4.0},{"not_picked":["Perfected Strike","Blood for Blood"],"picked":"Iron Wave","floor":6},{"not_picked":["Clothesline","Seeing Red","Heavy Blade"],"picked":"SKIP","floor":7},{"not_picked":["Uppercut","Sentinel"],"picked":"Flame Barrier","floor":8},{"not_picked":["Cleave","Headbutt","Searing Blow"],"picked":"SKIP","floor":10},{"not_picked":["Havoc","Whirlwind","Feed"],"picked":"SKIP","floor":12},{"not_picked":["Carnage","Perfected Strike","Run Through"],"picked":"SKIP","floor":13},{"not_picked":["Flex","Cleave","Battle Trance"],"picked":"SKIP","floor":14}],"player_experience":763316,"relics_obtained":[{"floor":2.0,"key":"Orichalcum"},{"floor":6,"key":"Matryoshka"},{"floor":8,"key":"aspiration:FrozenJewel"},{"floor":14,"key":"Blue Doll"}],"event_choices":[],"is_beta":false,"boss_relics":[],"items_purged_floors":[5],"is_endless":false,"potions_floor_spawned":[3,4,8,10,12],"killed_by":"Hexaghost","ascension_level":2}}