{"host":"rmsq46plbpwfbxcc","time":1613908483,"event":{"mods":["AchievementEnabler","BaseMod","Colored Map","Colored Powertips","DeckTracker","KOR Keyword Fix","Minty Spire (QoL Compilation)","Permanent Neow","Quick Restart","SuperFastMode"],"gold_per_floor":[110,110,129,129,129,129,164,164,212,230,230,288,288,321,321,392,392,402,173,173,189,213,246,272,284,284],"floor_reached":25,"language":"KOR","playtime":748,"items_purged":["Defend_G"],"score":411,"play_id":"2e4482f5-b714-49c2-a1ed-94229e7a7a7d","local_time":"20210221205443","is_ascension_mode":true,"campfire_choices":[{"floor":6,"key":"REST"},{"data":"Cloak And Dagger","floor":8,"key":"SMITH"},{"data":"Survivor","floor":11,"key":"SMITH"},{"floor":13,"key":"REST"},{"data":"PiercingWail","floor":15,"key":"SMITH"}],"circlet_count":0,"master_deck":["AscendersBane","Strike_G+1","Strike_G+1","Defend_G","Defend_G","Defend_G","Survivor+1","Neutralize+1","Die Die Die+1","Backflip+1","Riddle With Holes+1","Choke+1","Cloak And Dagger+1","PiercingWail+1","After Image","Blur"],"relics":["Astrolabe","Potion Belt","Mango","Bag of Marbles","MealTicket","Whetstone","Black Star","Strawberry","Akabeko","MawBank"],"acts_visited":["Exordium","TheCity"],"potions_floor_usage":[12,14,23,24],"damage_taken":[{"damage":0,"enemies":"Small Slimes","floor":1,"turns":3},{"damage":0,"enemies":"2 Louse","floor":3,"turns":2},{"damage":28,"enemies":"Lagavulin","floor":7,"turns":7},{"damage":4,"enemies":"Jaw Worm","floor":10,"turns":2},{"damage":4,"enemies":"3 Sentries","floor":12,"turns":5},{"damage":9,"enemies":"Gremlin Nob","floor":14,"turns":4},{"damage":7,"enemies":"The Guardian","floor":16,"turns":14},{"damage":8,"enemies":"3 Byrds","floor":18,"turns":6},{"damage":11,"enemies":"2 Thieves","floor":21,"turns":4},{"damage":12,"enemies":"Slavers","floor":23,"turns":4},{"damage":25,"enemies":"Sentry and Sphere","floor":24,"turns":8},{"damage":3,"enemies":"Gremlin Leader","floor":25,"turns":7}],"seed_played":"3304737242221971706","potions_obtained":[{"floor":1,"key":"Weak Potion"},{"floor":7,"key":"SteroidPotion"},{"floor":10,"key":"Strength Potion"},{"floor":12,"key":"Weak Potion"},{"floor":23,"key":"GhostInAJar"}],"is_trial":false,"path_per_floor":["M","?","M","?","?","R","E","R","T","M","R","?","R","E","R","B",null,"M","$","?","M","T","E","M","E"],"character_chosen":"THE_SILENT","items_purchased":["Strawberry"],"campfire_rested":2,"item_purchase_floors":[19],"current_hp_per_floor":[59,47,47,34,27,46,32,32,32,28,28,24,48,39,39,32,68,60,82,82,71,71,59,34,31,31],"gold":284,"neow_bonus":"BOSS_RELIC","is_daily":false,"chose_seed":false,"campfire_upgraded":3,"win_rate":0.0,"timestamp":1613908483,"path_taken":["M","?","M","?","?","R","E","R","T","M","R","?","R","E","R","BOSS","M","$","?","M","?","E","M","E"],"items_purchased_type":["Relic"],"build_version":"2020-12-22","purchased_purges":1,"victory":false,"max_hp_per_floor":[66,66,66,66,66,66,80,80,80,80,80,80,80,80,80,80,80,80,87,87,87,87,87,87,87,87],"card_choices":[{"not_picked":["All Out Attack","Bane","Distraction"],"picked":"SKIP","floor":1},{"not_picked":["Terror","Prepared"],"picked":"Choke","floor":3},{"not_picked":["Slice","Prepared"],"picked":"Cloak And Dagger","floor":7},{"not_picked":["Bouncing Flask","Wraith Form v2"],"picked":"PiercingWail","floor":10},{"not_picked":["Setup","Corpse Explosion","Outmaneuver"],"picked":"SKIP","floor":14},{"not_picked":["Glass Knife","A Thousand Cuts"],"picked":"After Image","floor":16},{"not_picked":["Dagger Spray","Riddle With Holes","Expertise"],"picked":"SKIP","floor":18},{"not_picked":["Backflip","Dagger Spray","Bane+1"],"picked":"SKIP","floor":21},{"not_picked":["Heel Hook","Footwork","Underhanded Strike"],"picked":"SKIP","floor":23},{"not_picked":["Quick Slash","Leg Sweep+1","All Out Attack"],"picked":"SKIP","floor":24}],"player_experience":662158,"relics_obtained":[{"floor":7,"key":"Mango"},{"floor":9,"key":"Bag of Marbles"},{"floor":12,"key":"MealTicket"},{"floor":14,"key":"Whetstone"},{"floor":23,"key":"Akabeko"},{"floor":23,"key":"MawBank"}],"event_choices":[{"damage_healed":0,"gold_gain":0,"player_choice":"Success","damage_taken":12,"relics_obtained":["Potion Belt"],"max_hp_gain":0,"max_hp_loss":0,"event_name":"Scrap Ooze","floor":2,"gold_loss":0},{"damage_healed":0,"gold_gain":0,"player_choice":"Entered Light","damage_taken":13,"max_hp_gain":0,"max_hp_loss":0,"event_name":"Shining Light","floor":4,"gold_loss":0,"cards_upgraded":["Choke","Neutralize"]},{"cards_removed":["Strike_G"],"damage_healed":0,"gold_gain":0,"player_choice":"Card Removal","damage_taken":7,"max_hp_gain":0,"max_hp_loss":0,"event_name":"Golden Wing","floor":5,"gold_loss":0},{"damage_healed":0,"gold_gain":0,"player_choice":"Searched \u00272\u0027 times","damage_taken":0,"max_hp_gain":0,"max_hp_loss":0,"event_name":"Dead Adventurer","floor":12,"gold_loss":0},{"damage_healed":0,"gold_gain":0,"player_choice":"Read","damage_taken":0,"max_hp_gain":0,"max_hp_loss":0,"event_name":"The Library","floor":20,"gold_loss":0,"cards_obtained":["Blur"]}],"is_beta":false,"boss_relics":[{"not_picked":["Calling Bell","Runic Dome"],"picked":"Black Star"}],"items_purged_floors":[19],"is_endless":false,"potions_floor_spawned":[1,7,10,12,23],"killed_by":"Gremlin Leader","ascension_level":14}}