{"host":"l7l2v2zs4hqku4vk","time":1613875124,"event":{"mods":["Act Like it!","BaseMod","Colored Powertips","Downfall","Highlight Path","Minty Spire (QoL Compilation)","Replay The Spire","StSLib","TestMod","The Servant 0.9.4","óô»ðÖ¸ÄÏ"],"gold_per_floor":[99,114,129,129,144,144,144,144,159,189,204,204,204,154,169,269,269,269,286,304,408,408,441,516,550,131,131,164,181,181,381,404,519,519,319,343,367,367,390,390,390,415,453,453,492,541,441,499,560,590,590,643,93,93,112,178],"floor_reached":57,"language":"ZHS","playtime":2339,"items_purged":[],"score":2975,"play_id":"440a3dd7-556a-4e55-b6ca-fa01801f9003","local_time":"20210221103844","daily_mods":["Heirloom","Hoarder","Elite Swarm"],"is_ascension_mode":false,"campfire_choices":[{"data":"champ:Execute","floor":1.0,"key":"SMITH"},{"data":"champ:PerfectedStrike","floor":6.0,"key":"SMITH"},{"data":"champ:Taunt","floor":13.0,"key":"SMITH"},{"floor":18.0,"key":"RECALL"},{"data":"Deep Breath","floor":27.0,"key":"SMITH"},{"data":"champ:StrikeOfGenius","floor":35.0,"key":"SMITH"},{"data":"expansioncontent:AwakenDeath","floor":40.0,"key":"SMITH"},{"data":"Replay:SS_forest_2","floor":47.0,"key":"SMITH"},{"data":"champ:ShieldWall","floor":54.0,"key":"SMITH"}],"circlet_count":0,"master_deck":["champ:Strike","champ:Strike","champ:Strike","champ:Strike","champ:Defend","champ:Defend","champ:Defend","champ:Defend","champ:Execute+1","champ:Taunt+1","champ:CrookedStrike","champ:CrookedStrike","champ:CrookedStrike","champ:PerfectedStrike+1","champ:PerfectedStrike+1","champ:PerfectedStrike","champ:CalledShot","champ:CalledShot","champ:PerfectedStrike","champ:PerfectedStrike","champ:PerfectedStrike","champ:BerserkerStyle+1","champ:BerserkerStyle+1","champ:BerserkerStyle+1","champ:PerfectedStrike","champ:PerfectedStrike","champ:PerfectedStrike","champ:StrikeOfGenius","champ:StrikeOfGenius","champ:StrikeOfGenius+1","champ:SteelEdge","champ:SteelEdge","champ:SteelEdge","champ:ShieldSlam","champ:ShieldSlam","champ:ShieldSlam","Deep Breath+1","Deep Breath","Deep Breath","champ:ViciousMockery","champ:ViciousMockery","champ:ViciousMockery","champ:RapidStrikes+1","champ:RapidStrikes+1","champ:RapidStrikes+1","expansioncontent:AwakenDeath+1","expansioncontent:AwakenDeath","expansioncontent:AwakenDeath","Replay:SS_forest_2","Replay:SS_forest_2","Replay:SS_forest_2+1","expansioncontent:PolyBeam+1","expansioncontent:PolyBeam","expansioncontent:PolyBeam","champ:ShieldWall","champ:ShieldWall","champ:ShieldWall+1"],"relics":["champ:ChampionCrown","testmod-TestBox","testmod-SaigiyounoYou","champ:GladiatorsBookOfMartialProwess","Chameleon Ring","testmod-CrystalShield","testmod-DeterminationOfClimber","Replay:Kaleidoscope","hexamod:CandleOfCauterizing","Dream Catcher","testmod-CyclicPeriapt","Gremlin Horn","Orichalcum","Nilry\u0027s Codex","Replay:Grab Bag","Coffee Dripper","Busted Crown","Snecko Eye","downfall:HeartBlessingRed","downfall:HeartBlessingBlue","testmod-TheFather","Garlic","testmod-Antiphasic","Replay:Ringing Soul","downfall:HeartBlessingGreen","Nunchaku","testmod-ArcanaOfDestiny","Golden Egg","Replay:Bandana","ClockworkSouvenir"],"acts_visited":["Exordium","TheCity","TheBeyond","TheEnding"],"potions_floor_usage":[56,56],"damage_taken":[{"damage":16.0,"enemies":"Small Slimes","floor":2.0,"turns":3.0},{"damage":6.0,"enemies":"2 Louse","floor":3.0,"turns":2.0},{"damage":10.0,"enemies":"Cultist","floor":5.0,"turns":2.0},{"damage":16.0,"enemies":"3 Louse","floor":9.0,"turns":3.0},{"damage":0.0,"enemies":"Gremlin Nob","floor":10.0,"turns":1.0},{"damage":21.0,"enemies":"Gremlin Gang","floor":11.0,"turns":4.0},{"damage":0.0,"enemies":"Looter","floor":15.0,"turns":1.0},{"damage":16.0,"enemies":"IC_STATUS_ARCHETYPE","floor":16.0,"turns":4.0},{"damage":15.0,"enemies":"downfall:LooterAlt2","floor":19.0,"turns":3.0},{"damage":5.0,"enemies":"Chosen","floor":20.0,"turns":2.0},{"damage":33.0,"enemies":"IC_STATUS_ARCHETYPE","floor":21.0,"turns":3.0},{"damage":25.0,"enemies":"Book of Stabbing","floor":23.0,"turns":3.0},{"damage":62.0,"enemies":"Slavers","floor":25.0,"turns":5.0},{"damage":20.0,"enemies":"downfall:FleeingMerchant","floor":26.0,"turns":4.0},{"damage":28.0,"enemies":"Book of Stabbing","floor":28.0,"turns":3.0},{"damage":0.0,"enemies":"Snake Plant","floor":29.0,"turns":1.0},{"damage":4.0,"enemies":"Cultist and Chosen","floor":32.0,"turns":2.0},{"damage":0.0,"enemies":"SI_MIRROR_ARCHETYPE","floor":33.0,"turns":1.0},{"damage":0.0,"enemies":"3 Darklings","floor":36.0,"turns":1.0},{"damage":0.0,"enemies":"Orb Walker","floor":37.0,"turns":1.0},{"damage":0.0,"enemies":"downfall:FleeingMerchant","floor":39.0,"turns":1.0},{"damage":3.0,"enemies":"Sphere and 2 Shapes","floor":42.0,"turns":1.0},{"damage":0.0,"enemies":"Nemesis","floor":43.0,"turns":1.0},{"damage":9.0,"enemies":"3 Darklings","floor":45.0,"turns":1.0},{"damage":0.0,"enemies":"Giant Head","floor":46.0,"turns":1.0},{"damage":0.0,"enemies":"Reptomancer","floor":48.0,"turns":1.0},{"damage":10.0,"enemies":"Transient","floor":49.0,"turns":2.0},{"damage":37.0,"enemies":"DF_ARCHETYPE_ORBS","floor":50.0,"turns":3.0},{"damage":0.0,"enemies":"downfall:CharBossMerchant","floor":52.0,"turns":3.0},{"damage":0,"enemies":"downfall:NeowBoss","floor":55,"turns":2},{"damage":40,"enemies":"downfall:NeowBossFinal","floor":56,"turns":3}],"seed_played":"-7397021786818157212","potions_obtained":[{"floor":8.0,"key":"DistilledChaos"},{"floor":8.0,"key":"Energy Potion"},{"floor":10.0,"key":"bronze:BurnAndBuffPotion"},{"floor":11.0,"key":"Elixir"},{"floor":19.0,"key":"Fire Potion"},{"floor":22.0,"key":"CultistPotion"},{"floor":28.0,"key":"Adrenaline Potion"},{"floor":48.0,"key":"champ:OpenerPotion"}],"is_trial":false,"path_per_floor":["R","M","M","?","M","R","T","R","M","E","M","?","R","?","M","B",null,"R","M","M","?","?","E","T","E","$","R","E","M","?","?","M","B",null,"R","M","M","?","$","R","T","M","E","?","M","E","R","E","M","B",null,"E","$","R","B","B",null],"character_chosen":"THE_CHAMP","items_purchased":["Gremlin Horn","champ:ShieldSlam","Deep Breath","testmod-TheFather","Golden Egg","Replay:Bandana","ClockworkSouvenir"],"campfire_rested":0,"item_purchase_floors":[26,26,26,39,53,53,53],"current_hp_per_floor":[90,88,86,86,90,90,90,90,79,83,68,73,73,73,74,65,95,95,88,92,82,82,70,70,53,87,87,73,78,62,62,81,95,95,105,105,105,95,105,105,105,102,105,105,105,105,105,105,108,96,108,108,108,108,108,108],"gold":178,"neow_bonus":"","is_daily":true,"chose_seed":false,"campfire_upgraded":8,"win_rate":0.0,"timestamp":1613875124,"path_taken":["R","M","M","?","M","R","T","R","M","E","M","?","R","?","M","BOSS","R","M","M","?","?","E","T","E","$","R","E","M","?","?","M","BOSS","R","M","?","?","$","R","T","M","E","?","?","E","R","E","M","BOSS","E","$","R","BOSS","BOSS"],"items_purchased_type":["Relic","Card","Card","Relic","Relic","Relic","Relic"],"build_version":"2020-12-22","purchased_purges":0,"victory":true,"max_hp_per_floor":[90,90,90,90,90,90,90,90,90,90,90,95,95,95,95,95,95,95,95,95,95,95,95,95,95,95,95,95,95,95,95,95,95,95,105,105,105,105,105,105,105,105,105,105,105,105,105,105,108,108,108,108,108,108,108,108],"card_choices":[{"not_picked":["champ:BladeFlurry","champ:EnragedBash"],"picked":"champ:CrookedStrike","floor":2.0},{"not_picked":["champ:GutPunch","champ:SkillfulDodge"],"picked":"champ:PerfectedStrike","floor":3.0},{"not_picked":["champ:TornadoPunch","champ:StanceDance"],"picked":"champ:CalledShot","floor":5.0},{"not_picked":["champ:AdrenalArmor","champ:Haymaker"],"picked":"champ:PerfectedStrike","floor":9.0},{"not_picked":["champ:MurderStrike","champ:HeavySlash","champ:SteelEdge"],"picked":"SKIP","floor":10.0},{"not_picked":["champ:AdrenalArmor","champ:TornadoPunch","champ:PreciseThrust"],"picked":"SKIP","floor":11.0},{"not_picked":["champ:GutPunch","champ:Circumvent","champ:StanceDance"],"picked":"SKIP","floor":15.0},{"not_picked":["champ:Backstep","champ:ShieldWall+1"],"picked":"champ:BerserkerStyle+1","floor":19.0},{"not_picked":["champ:Circumvent","champ:FanOfKnives+1"],"picked":"champ:PerfectedStrike","floor":20.0},{"not_picked":["champ:BringItOn","champ:SetATrap+1"],"picked":"champ:StrikeOfGenius","floor":21.0},{"not_picked":["champ:EnchantShield","champ:HoldFirm"],"picked":"champ:SteelEdge","floor":23.0},{"not_picked":["champ:Improvising","champ:GladiatorForm","champ:SteelEdge"],"picked":"SKIP","floor":25.0},{"not_picked":["champ:BerserkerStyle","champ:Circumvent","champ:RecklessLeap"],"picked":"SKIP","floor":26.0},{"not_picked":["champ:DancingMaster","champ:IgnorePain","champ:Devastate"],"picked":"SKIP","floor":28.0},{"not_picked":["champ:BerserkersShout","champ:GutPunch"],"picked":"champ:ViciousMockery","floor":29.0},{"not_picked":["champ:BerserkersShout","champ:FocusedDefense"],"picked":"champ:RapidStrikes+1","floor":32.0},{"not_picked":["champ:Shatter"],"picked":"SKIP","floor":36.0},{"not_picked":["champ:AdrenalArmor+1"],"picked":"SKIP","floor":37.0},{"not_picked":["expansioncontent:InvincibleStrength","expansioncontent:GuardianWhirl"],"picked":"expansioncontent:AwakenDeath","floor":38.0},{"not_picked":["expansioncontent:AwakenDeath","expansioncontent:Chronoboost"],"picked":"Replay:SS_forest_2","floor":38.0},{"not_picked":["expansioncontent:YouAreMine","expansioncontent:GuardianWhirl"],"picked":"expansioncontent:PolyBeam","floor":38.0},{"not_picked":["champ:Parry"],"picked":"SKIP","floor":39.0},{"not_picked":["champ:StanceDance+1"],"picked":"SKIP","floor":42.0},{"not_picked":["champ:SwordThrow"],"picked":"SKIP","floor":43.0},{"not_picked":["champ:BerserkersShout"],"picked":"SKIP","floor":45.0},{"not_picked":["champ:VampiricStrike"],"picked":"SKIP","floor":46.0},{"not_picked":["champ:SteelEdge"],"picked":"SKIP","floor":48.0},{"not_picked":[],"picked":"champ:ShieldWall","floor":49.0},{"not_picked":["champ:SteelEdge"],"picked":"SKIP","floor":52.0}],"player_experience":1831641,"relics_obtained":[{"floor":7.0,"key":"Chameleon Ring"},{"floor":10.0,"key":"testmod-CrystalShield"},{"floor":21.0,"key":"Replay:Kaleidoscope"},{"floor":21.0,"key":"hexamod:CandleOfCauterizing"},{"floor":23.0,"key":"Dream Catcher"},{"floor":25.0,"key":"testmod-CyclicPeriapt"},{"floor":28.0,"key":"Orichalcum"},{"floor":30.0,"key":"Nilry\u0027s Codex"},{"floor":41.0,"key":"Garlic"},{"floor":43.0,"key":"testmod-Antiphasic"},{"floor":46.0,"key":"Replay:Ringing Soul"},{"floor":48.0,"key":"Nunchaku"},{"floor":52.0,"key":"testmod-ArcanaOfDestiny"}],"event_choices":[{"damage_healed":0.0,"max_hp_gain":0.0,"max_hp_loss":0.0,"gold_gain":0.0,"event_name":"Living Wall","player_choice":"Grow","floor":4.0,"gold_loss":0.0,"damage_taken":0.0,"cards_upgraded":["champ:PerfectedStrike"]},{"damage_healed":0.0,"max_hp_gain":5.0,"max_hp_loss":0.0,"gold_gain":0.0,"event_name":"Big Fish","player_choice":"Donut","floor":12.0,"gold_loss":0.0,"damage_taken":0.0},{"cards_removed":["champ:CalledShot"],"damage_healed":0.0,"max_hp_gain":0.0,"max_hp_loss":0.0,"gold_gain":0.0,"event_name":"The Cleric","player_choice":"Card Removal","floor":14.0,"gold_loss":50.0,"damage_taken":0.0}],"is_beta":false,"boss_relics":[{"not_picked":["testmod-StringDisintegrator","testmod-IncinerationGenerator"],"picked":"testmod-DeterminationOfClimber"},{"not_picked":["testmod-CardMagician","bronze:MakeshiftBattery"],"picked":"Replay:Grab Bag"},{"not_picked":["Cursed Key","ChewingGum"],"picked":"Coffee Dripper"},{"not_picked":["Velvet Choker","Sozu"],"picked":"Busted Crown"},{"not_picked":["testmod-Nine","testmod-EnergyCheck"],"picked":"Snecko Eye"}],"items_purged_floors":[],"is_endless":false,"potions_floor_spawned":[10,11,19,28,29,33,42,43,45,46,48],"ascension_level":0}}