{"host":"uhi6g4fgvyietct9","time":1613910258,"event":{"mods":["AchievementEnabler","BaseMod","Colored Map","Colored Powertips","Minty Spire (QoL Compilation)","StSLib","SuperFastMode"],"gold_per_floor":[116,130,205,45,56,56,7,40,40,57,57,57,86,34,34,135,135,148,148,162,162,162,162,162,162,162,22,22,54,14,30,30,128,128,145,163,163,62,79,79,79,79],"floor_reached":41,"language":"KOR","playtime":2541,"items_purged":["Strike_P","Strike_P+1"],"score":468,"play_id":"d015f96b-1f7e-49f0-9d6f-021caab6afb0","local_time":"20210221212418","is_ascension_mode":true,"campfire_choices":[{"data":"BattleHymn","floor":6.0,"key":"SMITH"},{"floor":12.0,"key":"REST"},{"floor":15.0,"key":"REST"},{"floor":23.0,"key":"REST"},{"data":"DevaForm","floor":28.0,"key":"SMITH"},{"floor":32.0,"key":"REST"},{"floor":40.0,"key":"REST"}],"circlet_count":0,"master_deck":["Defend_P+1","Defend_P+1","Defend_P+1","Defend_P+1","Eruption","Vigilance","PathToVictory","Wireheading","BattleHymn+1","PathToVictory","Evaluate","JustLucky","TalkToTheHand","ClearTheMind","EmptyFist","DevaForm+1","Scrawl","Crescendo","LikeWater","ThirdEye+1","Fasting2","ClearTheMind","Establishment","CurseOfTheBell","PathToVictory"],"relics":["PureWater","NeowsBlessing","Bag of Preparation","Pantograph","Odd Mushroom","Black Star","Sundial","Vajra","Regal Pillow","Calling Bell","Strawberry","White Beast Statue","Ginger","Bottled Flame"],"acts_visited":["Exordium","TheCity","TheBeyond"],"potions_floor_usage":[41,41],"damage_taken":[{"damage":0.0,"enemies":"Cultist","floor":1.0,"turns":1.0},{"damage":0.0,"enemies":"Small Slimes","floor":2.0,"turns":1.0},{"damage":0.0,"enemies":"Jaw Worm","floor":5.0,"turns":1.0},{"damage":21.0,"enemies":"Lagavulin","floor":8.0,"turns":5.0},{"damage":8.0,"enemies":"2 Fungi Beasts","floor":10.0,"turns":3.0},{"damage":26.0,"enemies":"The Mushroom Lair","floor":13.0,"turns":5.0},{"damage":17.0,"enemies":"The Guardian","floor":16.0,"turns":7.0},{"damage":20.0,"enemies":"Shell Parasite","floor":18.0,"turns":5.0},{"damage":3.0,"enemies":"Spheric Guardian","floor":20.0,"turns":3.0},{"damage":0.0,"enemies":"Slavers","floor":24.0,"turns":1.0},{"damage":13.0,"enemies":"Book of Stabbing","floor":29.0,"turns":7.0},{"damage":17.0,"enemies":"Snecko","floor":31.0,"turns":5.0},{"damage":59.0,"enemies":"Collector","floor":33.0,"turns":7.0},{"damage":28.0,"enemies":"3 Shapes","floor":35.0,"turns":8.0},{"damage":15.0,"enemies":"Orb Walker","floor":36.0,"turns":5.0},{"damage":8.0,"enemies":"Writhing Mass","floor":39.0,"turns":8.0},{"damage":36,"enemies":"4 Shapes","floor":41,"turns":3}],"seed_played":"3307169884486795251","potions_obtained":[{"floor":2.0,"key":"SmokeBomb"},{"floor":10.0,"key":"SkillPotion"},{"floor":16.0,"key":"LiquidMemories"},{"floor":20.0,"key":"SpeedPotion"},{"floor":35.0,"key":"AttackPotion"},{"floor":36.0,"key":"SpeedPotion"},{"floor":39.0,"key":"SkillPotion"}],"is_trial":false,"path_per_floor":["M","M","?","$","M","R","$","E","T","M","?","R","?","$","R","B",null,"M","?","M","?","?","R","E","?","T","$","R","E","$","M","R","B",null,"M","M","T","$","M","R","M"],"character_chosen":"WATCHER","items_purchased":["BattleHymn","PathToVictory","JustLucky","Dexterity Potion","LikeWater","Fasting2","PathToVictory","LiquidMemories"],"campfire_rested":5,"item_purchase_floors":[4,4,7,14,27,30,38,38],"current_hp_per_floor":[72,72,61,61,61,61,61,40,40,32,18,39,13,13,34,42,72,52,52,49,36,36,59,59,59,59,59,59,46,46,29,67,18,84,56,41,41,41,33,73,37,37],"gold":79,"neow_bonus":"THREE_ENEMY_KILL","is_daily":false,"chose_seed":false,"campfire_upgraded":2,"win_rate":0.0,"timestamp":1613910258,"path_taken":["M","?","?","$","M","R","$","E","T","M","?","R","?","?","R","BOSS","M","?","M","?","?","R","E","?","T","?","R","E","$","?","R","BOSS","M","M","?","$","M","R","M"],"items_purchased_type":["Card","Card","Card","Potion","Card","Card","Card","Potion"],"build_version":"2020-12-22","purchased_purges":2,"victory":false,"max_hp_per_floor":[72,72,72,72,72,72,72,72,72,72,72,72,72,72,72,72,72,72,72,72,77,77,77,77,77,77,77,77,77,77,77,77,77,84,84,84,84,84,84,84,84,84],"card_choices":[{"not_picked":["ClearTheMind","Consecrate"],"picked":"PathToVictory","floor":1.0},{"not_picked":["BowlingBash","ThirdEye"],"picked":"Wireheading","floor":2.0},{"not_picked":["FlyingSleeves","Crescendo"],"picked":"Evaluate","floor":5.0},{"not_picked":["Study","Collect"],"picked":"TalkToTheHand","floor":8.0},{"not_picked":["FlurryOfBlows","ThirdEye"],"picked":"ClearTheMind","floor":10.0},{"not_picked":["FlurryOfBlows","FlyingSleeves"],"picked":"EmptyFist","floor":13.0},{"not_picked":["Vault","LessonLearned"],"picked":"DevaForm","floor":16.0},{"not_picked":["Collect","WheelKick","Conclude"],"picked":"SKIP","floor":18.0},{"not_picked":["Prostrate","FlurryOfBlows","Halt"],"picked":"SKIP","floor":20.0},{"not_picked":["Wireheading","EmptyBody"],"picked":"ThirdEye+1","floor":29.0},{"not_picked":["Evaluate+1","EmptyBody"],"picked":"ClearTheMind","floor":31.0},{"not_picked":["Blasphemy","Alpha"],"picked":"Establishment","floor":33.0},{"not_picked":["Adaptation","Evaluate","WheelKick+1"],"picked":"SKIP","floor":35.0},{"not_picked":["Swivel","SandsOfTime+1","Vengeance"],"picked":"SKIP","floor":36.0},{"not_picked":["Protect+1","EmptyFist+1","Wireheading"],"picked":"SKIP","floor":39.0}],"player_experience":616820,"relics_obtained":[{"floor":8.0,"key":"Bag of Preparation"},{"floor":9.0,"key":"Pantograph"},{"floor":13.0,"key":"Odd Mushroom"},{"floor":26.0,"key":"Sundial"},{"floor":29.0,"key":"Vajra"},{"floor":29.0,"key":"Regal Pillow"},{"floor":34.0,"key":"Strawberry"},{"floor":34.0,"key":"White Beast Statue"},{"floor":34.0,"key":"Ginger"},{"floor":37.0,"key":"Bottled Flame"}],"event_choices":[{"damage_healed":0.0,"max_hp_gain":0.0,"max_hp_loss":0.0,"gold_gain":75.0,"event_name":"World of Goop","player_choice":"Gather Gold","floor":3.0,"gold_loss":0.0,"damage_taken":11.0},{"damage_healed":0.0,"max_hp_gain":0.0,"max_hp_loss":0.0,"gold_gain":0.0,"event_name":"Shining Light","player_choice":"Entered Light","floor":11.0,"gold_loss":0.0,"damage_taken":14.0,"cards_upgraded":["Defend_P","Strike_P"]},{"damage_healed":0.0,"max_hp_gain":0.0,"max_hp_loss":0.0,"gold_gain":0.0,"event_name":"Mushrooms","player_choice":"Fought Mushrooms","floor":13.0,"gold_loss":0.0,"damage_taken":0.0},{"damage_healed":0.0,"max_hp_gain":0.0,"max_hp_loss":0.0,"gold_gain":0.0,"cards_transformed":["Strike_P","Strike_P"],"event_name":"Drug Dealer","player_choice":"Became Test Subject","floor":19.0,"gold_loss":0.0,"damage_taken":0.0,"cards_obtained":["Scrawl","Crescendo"]},{"damage_healed":0.0,"max_hp_gain":5.0,"max_hp_loss":0.0,"gold_gain":0.0,"event_name":"Forgotten Altar","player_choice":"Shed Blood","floor":21.0,"gold_loss":0.0,"damage_taken":18.0},{"damage_healed":0.0,"max_hp_gain":0.0,"max_hp_loss":0.0,"gold_gain":0.0,"event_name":"Ghosts","player_choice":"Ignored","floor":22.0,"gold_loss":0.0,"damage_taken":0.0},{"damage_healed":0.0,"max_hp_gain":0.0,"max_hp_loss":0.0,"gold_gain":0.0,"event_name":"Back to Basics","player_choice":"Simplicity","floor":25.0,"gold_loss":0.0,"damage_taken":0.0,"cards_upgraded":["Defend_P","Defend_P","Defend_P"]}],"is_beta":false,"boss_relics":[{"not_picked":["Velvet Choker","Runic Dome"],"picked":"Black Star"},{"not_picked":["Pandora\u0027s Box","SacredBark"],"picked":"Calling Bell"}],"items_purged_floors":[4,27],"is_endless":false,"potions_floor_spawned":[2,10,16,20,24,35,36,39],"killed_by":"4 Shapes","ascension_level":2}}