{"host":"9ij7vlqro2mzmyov","time":1613914675,"event":{"mods":["BaseMod","Colored Map","DeckTracker","Minty Spire (QoL Compilation)","Permanent Neow","SuperFastMode"],"gold_per_floor":[114,129,144,159,77,107,107,137,137,137,167,197,239,281,293,405,417,444,471,498,525,41,71,71,101,176,206,56,86,86,1,1,101,101,116,131,146,106,106,136,136,166,166,196,226,226,256,131,131,131],"floor_reached":51,"language":"KOR","playtime":2273,"items_purged":["Anger","Iron Wave"],"score":1292,"play_id":"77e6815f-72a7-47f6-8161-a211e2ee2bda","local_time":"20210221223755","daily_mods":["SealedDeck","Flight","Elite Swarm"],"is_ascension_mode":false,"campfire_choices":[{"data":"Pommel Strike","floor":7,"key":"SMITH"},{"data":"True Grit","floor":10,"key":"SMITH"},{"data":"Demon Form","floor":15,"key":"SMITH"},{"data":"Limit Break","floor":24,"key":"SMITH"},{"data":"Apotheosis","floor":32,"key":"SMITH"},{"data":"Demon Form","floor":41,"key":"SMITH"},{"floor":49,"key":"DIG"}],"circlet_count":0,"master_deck":["Wild Strike","Wild Strike","Shrug It Off","Clothesline","Thunderclap","Shrug It Off","True Grit+1","Rampage","Infernal Blade","Headbutt","Power Through","Immolate","Demon Form+1","Limit Break+1","Demon Form","Offering","Flex+1","Twin Strike","Fiend Fire","Apotheosis+1","Feed","Limit Break","Offering","Demon Form+1","Whirlwind","Whirlwind","Dual Wield","Demon Form","Demon Form"],"relics":["Burning Blood","FossilizedHelix","Bronze Scales","White Beast Statue","Girya","MawBank","MealTicket","Letter Opener","Coffee Dripper","Paper Frog","Orichalcum","Mercury Hourglass","Pantograph","Bottled Lightning","Membership Card","HornCleat","Juzu Bracelet","Philosopher\u0027s Stone","Bag of Preparation","Eternal Feather","Meat on the Bone","Sundial","Thread and Needle","Shovel","Anchor","Oddly Smooth Stone"],"acts_visited":["Exordium","TheCity","TheBeyond"],"potions_floor_usage":[12,13,19,19,21,23,25,29,29,44,50,50,50],"damage_taken":[{"damage":0.0,"enemies":"Small Slimes","floor":1.0,"turns":2.0},{"damage":0,"enemies":"2 Louse","floor":2,"turns":1},{"damage":0,"enemies":"Cultist","floor":3,"turns":2},{"damage":6,"enemies":"3 Louse","floor":4,"turns":2},{"damage":1,"enemies":"Gremlin Nob","floor":6,"turns":3},{"damage":3,"enemies":"Lagavulin","floor":8,"turns":4},{"damage":0,"enemies":"Gremlin Nob","floor":11,"turns":3},{"damage":0,"enemies":"Lagavulin","floor":12,"turns":5},{"damage":0,"enemies":"Gremlin Nob","floor":13,"turns":3},{"damage":0,"enemies":"Lagavulin","floor":14,"turns":3},{"damage":33,"enemies":"The Guardian","floor":16,"turns":7},{"damage":11,"enemies":"Chosen","floor":18,"turns":3},{"damage":0,"enemies":"2 Thieves","floor":19,"turns":2},{"damage":10,"enemies":"Cultist and Chosen","floor":20,"turns":5},{"damage":7,"enemies":"Snake Plant","floor":21,"turns":3},{"damage":7,"enemies":"Book of Stabbing","floor":23,"turns":3},{"damage":21,"enemies":"Slavers","floor":25,"turns":2},{"damage":6,"enemies":"Gremlin Leader","floor":27,"turns":4},{"damage":6,"enemies":"Slavers","floor":29,"turns":2},{"damage":21,"enemies":"Collector","floor":33,"turns":5},{"damage":0,"enemies":"3 Darklings","floor":35,"turns":3},{"damage":0,"enemies":"3 Shapes","floor":36,"turns":2},{"damage":6,"enemies":"Transient","floor":37,"turns":5},{"damage":6,"enemies":"Reptomancer","floor":40,"turns":2},{"damage":12,"enemies":"Giant Head","floor":42,"turns":5},{"damage":41,"enemies":"Nemesis","floor":44,"turns":5},{"damage":0,"enemies":"Reptomancer","floor":45,"turns":5},{"damage":13,"enemies":"Nemesis","floor":47,"turns":5},{"damage":43,"enemies":"Donu and Deca","floor":50,"turns":6}],"seed_played":"-7397021786818157212","potions_obtained":[{"floor":4,"key":"Swift Potion"},{"floor":8,"key":"EssenceOfSteel"},{"floor":11,"key":"Block Potion"},{"floor":12,"key":"ColorlessPotion"},{"floor":13,"key":"Fire Potion"},{"floor":16,"key":"Explosive Potion"},{"floor":18,"key":"SteroidPotion"},{"floor":19,"key":"Ancient Potion"},{"floor":20,"key":"Swift Potion"},{"floor":21,"key":"LiquidBronze"},{"floor":23,"key":"BlessingOfTheForge"},{"floor":25,"key":"Energy Potion"},{"floor":27,"key":"Fruit Juice"},{"floor":29,"key":"SteroidPotion"},{"floor":33,"key":"BloodPotion"},{"floor":44,"key":"SteroidPotion"}],"is_trial":false,"path_per_floor":["M","M","M","M","$","E","R","E","T","R","E","E","E","E","R","B",null,"M","M","M","M","$","E","R","E","T","E","$","E","?","?","R","B",null,"M","M","M","$","?","E","R","E","T","E","E","?","E","$","R","B",null],"character_chosen":"IRONCLAD","items_purchased":["Power Through","Apotheosis","Paper Frog","Membership Card","Dual Wield","Anchor"],"campfire_rested":0,"item_purchase_floors":[5,22,22,28,38,48],"current_hp_per_floor":[80,80,80,80,80,80,80,80,80,80,80,80,80,80,80,53,80,75,80,76,75,80,79,79,67,67,67,82,87,87,87,87,77,92,92,92,92,92,92,92,92,86,86,69,75,75,68,83,92,59],"gold":131,"neow_bonus":"","is_daily":true,"chose_seed":false,"campfire_upgraded":6,"win_rate":0.0,"timestamp":1613914675,"path_taken":["M","M","M","M","$","E","R","E","T","R","E","E","E","E","R","BOSS","M","M","M","M","$","E","R","E","T","E","$","E","?","?","R","BOSS","M","M","M","$","?","E","R","E","T","E","E","?","E","$","R","BOSS"],"items_purchased_type":["Card","Card","Relic","Relic","Card","Relic"],"build_version":"2020-12-22","purchased_purges":2,"victory":true,"max_hp_per_floor":[80,80,80,80,80,80,80,80,80,80,80,80,80,80,80,80,80,80,80,80,80,80,80,80,83,83,83,83,88,88,88,88,92,92,92,92,92,92,92,92,92,92,92,92,92,92,92,92,92,96],"card_choices":[{"not_picked":["Anger","True Grit"],"picked":"Rampage","floor":1.0},{"not_picked":["Iron Wave","Cleave"],"picked":"Infernal Blade","floor":2},{"not_picked":["Reckless Charge","Armaments"],"picked":"Headbutt","floor":3},{"not_picked":["True Grit","Clash","Shockwave"],"picked":"SKIP","floor":4},{"not_picked":["Double Tap","Barricade","Exhume"],"picked":"SKIP","floor":6},{"not_picked":["Feed","Impervious"],"picked":"Immolate","floor":8},{"not_picked":["Exhume","Immolate","Impervious"],"picked":"SKIP","floor":11},{"not_picked":["Reaper","Offering"],"picked":"Demon Form","floor":12},{"not_picked":["Impervious","Immolate"],"picked":"Limit Break","floor":13},{"not_picked":["Immolate","Reaper"],"picked":"Demon Form","floor":14},{"not_picked":["Bludgeon","Double Tap"],"picked":"Offering","floor":16},{"not_picked":["Searing Blow+1","Reckless Charge+1"],"picked":"Flex+1","floor":18},{"not_picked":["Headbutt","Metallicize"],"picked":"Twin Strike","floor":19},{"not_picked":["Clash+1","Blood for Blood","Perfected Strike"],"picked":"SKIP","floor":20},{"not_picked":["Blood for Blood","Combust"],"picked":"Fiend Fire","floor":21},{"not_picked":["Exhume","Impervious"],"picked":"Feed","floor":23},{"not_picked":["Immolate","Feed"],"picked":"Limit Break","floor":25},{"not_picked":["Immolate","Juggernaut"],"picked":"Offering","floor":27},{"not_picked":["Juggernaut","Exhume"],"picked":"Demon Form","floor":29},{"not_picked":["Twin Strike+1","Shockwave+1"],"picked":"Whirlwind","floor":35},{"not_picked":["Perfected Strike","True Grit+1"],"picked":"Whirlwind","floor":36},{"not_picked":["Twin Strike","Havoc","Clash+1"],"picked":"SKIP","floor":37},{"not_picked":["Immolate","Reaper"],"picked":"Demon Form","floor":40},{"not_picked":["Offering","Corruption"],"picked":"Demon Form","floor":42},{"not_picked":["Limit Break","Reaper","Corruption"],"picked":"SKIP","floor":44},{"not_picked":["Berserk","Exhume","Juggernaut"],"picked":"SKIP","floor":45},{"not_picked":["Bludgeon","Barricade","Brutality"],"picked":"SKIP","floor":47}],"player_experience":279600,"relics_obtained":[{"floor":6,"key":"FossilizedHelix"},{"floor":8,"key":"Bronze Scales"},{"floor":9,"key":"White Beast Statue"},{"floor":11,"key":"Girya"},{"floor":12,"key":"MawBank"},{"floor":13,"key":"MealTicket"},{"floor":14,"key":"Letter Opener"},{"floor":23,"key":"Orichalcum"},{"floor":25,"key":"Mercury Hourglass"},{"floor":26,"key":"Pantograph"},{"floor":27,"key":"Bottled Lightning"},{"floor":29,"key":"HornCleat"},{"floor":40,"key":"Bag of Preparation"},{"floor":42,"key":"Eternal Feather"},{"floor":43,"key":"Meat on the Bone"},{"floor":44,"key":"Sundial"},{"floor":45,"key":"Thread and Needle"},{"floor":47,"key":"Shovel"},{"floor":49,"key":"Oddly Smooth Stone"}],"event_choices":[{"damage_healed":0,"gold_gain":0,"player_choice":"Ignored","damage_taken":0,"max_hp_gain":0,"max_hp_loss":0,"event_name":"Beggar","floor":30,"gold_loss":0},{"damage_healed":0,"gold_gain":0,"player_choice":"Obtained Relic","damage_taken":0,"relics_obtained":["Juzu Bracelet"],"max_hp_gain":0,"max_hp_loss":0,"event_name":"Addict","floor":31,"gold_loss":85},{"cards_removed":["Pommel Strike"],"damage_healed":0,"gold_gain":0,"player_choice":"Removed Attack","damage_taken":0,"max_hp_gain":0,"max_hp_loss":0,"event_name":"Falling","floor":39,"gold_loss":0},{"damage_healed":0,"gold_gain":0,"player_choice":"Ignored","damage_taken":0,"max_hp_gain":0,"max_hp_loss":0,"event_name":"Tomb of Lord Red Mask","floor":46,"gold_loss":0}],"is_beta":false,"boss_relics":[{"not_picked":["Velvet Choker","Calling Bell"],"picked":"Coffee Dripper"},{"not_picked":["SlaversCollar","Tiny House"],"picked":"Philosopher\u0027s Stone"}],"items_purged_floors":[22,48],"is_endless":false,"potions_floor_spawned":[4,8,11,12,13,14,16,18,19,20,21,23,25,27,29,33,35,36,37,40,42,44,45,47],"ascension_level":0}}