{"host":"6vtgmkkqqeew181q","time":1613867588,"event":{"mods":["BaseMod","Better Skull","Better Third Choice","BetterRewards","Colored Powertips","Downfall","Faster Ascension Climbing","Highlight Path","Minty Spire (QoL Compilation)","Reliquary","Replay The Spire","Spire Birthday Party","StSLib","The Cursed","The IronCluck","The Jungle","The Servant 0.9.4"],"gold_per_floor":[109,119,119,131,56,56,81,81,158,158,189,189,203,216,216,318,418,432,432,432,445,461,493,493,45,45,58,58,58,58,87,87,190,190,208,258,309,309,309,338,338,356,379,396,396,406,419,112,112,112],"floor_reached":51,"language":"ENG","playtime":3211,"items_purged":["Regret"],"score":1255,"play_id":"98ce0edf-75e5-4e59-b8d3-8141e0c54fc9","local_time":"20210220163308","is_ascension_mode":true,"campfire_choices":[{"data":"TheCursedMod:Hemoplague","floor":6,"key":"SMITH"},{"data":"TheCursedMod:SpreadPlague","floor":8,"key":"SMITH"},{"data":"TheCursedMod:CursedStaff","floor":12,"key":"SMITH"},{"data":"TheCursedMod:SaltUponWound","floor":15,"key":"SMITH"},{"data":"TheCursedMod:Neurasthenia","floor":24,"key":"SMITH"},{"data":"TheCursedMod:SmokeScreen","floor":28,"key":"SMITH"},{"data":"TheCursedMod:CursedAmulet","floor":30,"key":"SMITH"},{"data":"TheCursedMod:CleanUpWorkshop","floor":32,"key":"SMITH"},{"data":"TheCursedMod:StunningStrike","floor":41,"key":"SMITH"},{"data":"TheCursedMod:SaltUponWound","floor":45,"key":"SMITH"}],"circlet_count":0,"master_deck":["TheCursedMod:Strike_TheCursed","TheCursedMod:Strike_TheCursed+1","TheCursedMod:Strike_TheCursed","TheCursedMod:Strike_TheCursed","TheCursedMod:Defend_TheCursed","TheCursedMod:Defend_TheCursed","TheCursedMod:Defend_TheCursed","TheCursedMod:Defend_TheCursed","TheCursedMod:CursedWand+1","TheCursedMod:CleanUpWorkshop+1","TheCursedMod:Dregs","TheCursedMod:SpreadPlague+1","TheCursedMod:SmokeScreen+1","TheCursedMod:SurpriseAttack","TheCursedMod:CursedStaff+1","TheCursedMod:Hemoplague+1","TheCursedMod:SaltUponWound+1","TheCursedMod:TacticalStrike+1","TheCursedMod:CursedAmulet+1","TheCursedMod:SpitefulStrike+1","TheCursedMod:CursedSpellbook","TheCursedMod:ShockAndAwe+1","TheCursedMod:CursedMace+1","TheCursedMod:Stigma+1","TheCursedMod:VitalStrike+1","TheCursedMod:Neurasthenia+1","TheCursedMod:FleshFromBone+1","TheCursedMod:ShockAndAwe+1","ReplayTheSpireMod:Splinters","TheCursedMod:ReleasedStrength+1","TheCursedMod:SurpriseAttack+1","TheCursedMod:SaltUponWound+1","TheCursedMod:ReleasedStrength+1","TheCursedMod:HellfireBreathing+1","Slimebound:Darklings"],"relics":["TheCursedMod:BlackMagic101","Prayer Wheel","Whetstone","Bag of Marbles","sneckomod:BlankCard","Anchor","Molten Egg 2","FossilizedHelix","TheCursedMod:Tack","Replay:Wanted Poster","theJungle:WildStrawberry","Dream Catcher","Du-Vu Doll","Pet Ghost","reliquary:Sod","theJungle:BirthdayCakeSlice","reliquary:NewFriend","expansioncontent:StudyCardRelic","TheCursedMod:CrystalBall","Bottled Tornado","Meat on the Bone","Boot","Bronze Scales","Durian"],"acts_visited":["Exordium","Exordium","TheBeyond"],"potions_floor_usage":[31,50,50,50],"damage_taken":[{"damage":0,"enemies":"Cultist","floor":1,"turns":2},{"damage":1,"enemies":"2 Louse","floor":2,"turns":2},{"damage":0,"enemies":"Jaw Worm","floor":4,"turns":1},{"damage":0,"enemies":"Replay:BlueRogue","floor":7,"turns":4},{"damage":0,"enemies":"Gremlin Nob","floor":11,"turns":3},{"damage":0,"enemies":"Blue Slaver","floor":13,"turns":1},{"damage":0,"enemies":"3 Louse","floor":14,"turns":2},{"damage":5,"enemies":"The Guardian","floor":16,"turns":5},{"damage":0,"enemies":"theJungle:GiantWrat","floor":18,"turns":1},{"damage":0,"enemies":"theJungle:MUSHROOMGANG","floor":21,"turns":1},{"damage":0,"enemies":"theJungle:2_Snecko_Cultists","floor":22,"turns":2},{"damage":3,"enemies":"theJungle:MamaSnecko","floor":23,"turns":4},{"damage":0,"enemies":"theJungle:SlimyTreeVines","floor":27,"turns":2},{"damage":0,"enemies":"theJungle:Cassacara","floor":31,"turns":3},{"damage":1,"enemies":"theJungle:FunGuy","floor":33,"turns":6},{"damage":9,"enemies":"3 Darklings","floor":35,"turns":3},{"damage":3,"enemies":"Mind Bloom Boss Battle","floor":36,"turns":5},{"damage":0,"enemies":"Reptomancer","floor":40,"turns":3},{"damage":0,"enemies":"Orb Walker","floor":42,"turns":2},{"damage":0,"enemies":"Transient","floor":44,"turns":5},{"damage":0,"enemies":"Spire Growth","floor":46,"turns":2},{"damage":0,"enemies":"Maw","floor":47,"turns":4},{"damage":0,"enemies":"Time Eater","floor":50,"turns":4}],"seed_played":"2508222391818976187","potions_obtained":[{"floor":2,"key":"Cursed Concoction"},{"floor":4,"key":"FearPotion"},{"floor":11,"key":"Elixir"},{"floor":14,"key":"Block Potion"},{"floor":31,"key":"GamblersBrew"},{"floor":35,"key":"DistilledChaos"},{"floor":37,"key":"Slimebound:ThreeZeroPotion"}],"is_trial":false,"path_per_floor":["M","M","?","M","$","R","E","R","T","?","E","R","M","M","R","B",null,"M","?","?","M","M","E","R","$","T","M","R","?","R","E","R","B",null,"M","?","?","T","$","E","R","M","T","M","R","M","M","$","R","B",null],"character_chosen":"THE_CURSED","items_purchased":["Whetstone","Bag of Marbles","Du-Vu Doll","Pet Ghost","Durian"],"campfire_rested":0,"item_purchase_floors":[0,0,25,25,48],"current_hp_per_floor":[48,47,47,47,47,47,47,47,47,40,40,40,40,40,40,35,75,75,75,68,68,68,65,65,65,65,65,65,70,70,87,87,86,87,78,75,75,75,75,75,75,75,75,75,75,75,75,80,80,92],"gold":112,"neow_bonus":"","is_daily":false,"chose_seed":false,"campfire_upgraded":10,"win_rate":0.0,"timestamp":1613867588,"path_taken":["M","M","?","M","$","R","E","R","T","?","E","R","M","M","R","BOSS","M","?","?","M","M","E","R","$","T","M","R","?","R","E","R","BOSS","M","?","?","?","$","E","R","M","T","?","R","M","M","$","R","BOSS"],"items_purchased_type":["Relic","Relic","Relic","Relic","Relic"],"build_version":"2020-12-22","purchased_purges":1,"victory":true,"max_hp_per_floor":[75,75,75,75,75,75,75,75,75,75,75,75,75,75,75,75,75,75,75,82,82,82,82,82,82,82,82,82,87,87,87,87,87,87,87,87,87,87,87,87,87,87,87,87,87,87,87,92,92,92],"card_choices":[{"not_picked":["TheCursedMod:CircleOfAmplification","TheCursedMod:RavingStaff"],"picked":"TheCursedMod:SpreadPlague","floor":1},{"not_picked":["TheCursedMod:VitalStrike","TheCursedMod:CircleOfAmplification"],"picked":"TheCursedMod:SmokeScreen","floor":1},{"not_picked":["TheCursedMod:RapidMovement","TheCursedMod:Stigma"],"picked":"TheCursedMod:SurpriseAttack","floor":2},{"not_picked":["TheCursedMod:CursedArmor","TheCursedMod:TacticalStrike"],"picked":"TheCursedMod:CursedStaff","floor":2},{"not_picked":["TheCursedMod:CircleOfCorruption","TheCursedMod:SmokeScreen"],"picked":"TheCursedMod:Hemoplague","floor":4},{"not_picked":["TheCursedMod:SmokeScreen","TheCursedMod:WearCloak"],"picked":"TheCursedMod:StunningStrike","floor":4},{"not_picked":["TheCursedMod:CursedShiv","TheCursedMod:SmokeScreen"],"picked":"TheCursedMod:SaltUponWound","floor":7},{"not_picked":["TheCursedMod:CursedShiv+1","TheCursedMod:CircleOfAmplification"],"picked":"TheCursedMod:TacticalStrike+1","floor":11},{"not_picked":["TheCursedMod:CursedSpellbook","TheCursedMod:Wield+1"],"picked":"TheCursedMod:CursedAmulet","floor":13},{"not_picked":["TheCursedMod:ManaBullet+1","TheCursedMod:CursedStaff+1","TheCursedMod:SmokeScreen"],"picked":"SKIP","floor":13},{"not_picked":["TheCursedMod:FleshFromBone","TheCursedMod:RavingStaff+1"],"picked":"TheCursedMod:SpitefulStrike+1","floor":14},{"not_picked":["TheCursedMod:CircleOfWindfury","TheCursedMod:CursedAmulet"],"picked":"TheCursedMod:CursedSpellbook","floor":14},{"not_picked":["TheCursedMod:ManaCirculation","TheCursedMod:ForbiddenAlchemy"],"picked":"TheCursedMod:ShockAndAwe+1","floor":16},{"not_picked":["TheCursedMod:Evocation","TheCursedMod:FleshFromBone"],"picked":"TheCursedMod:CursedMace+1","floor":18},{"not_picked":["TheCursedMod:SmokeScreen","TheCursedMod:SoulCrush+1","TheCursedMod:CircleOfFlame"],"picked":"SKIP","floor":18},{"not_picked":["TheCursedMod:BloodBarrier","TheCursedMod:CircleOfFlame"],"picked":"TheCursedMod:Stigma+1","floor":21},{"not_picked":["TheCursedMod:WearCloak","TheCursedMod:Torture"],"picked":"TheCursedMod:VitalStrike+1","floor":21},{"not_picked":["TheCursedMod:TacticalStrike+1","TheCursedMod:PrepareRite+1"],"picked":"TheCursedMod:Neurasthenia","floor":22},{"not_picked":["TheCursedMod:AshesToAshes","TheCursedMod:Stretching","TheCursedMod:CircleOfCorruption"],"picked":"SKIP","floor":22},{"not_picked":["TheCursedMod:RavingStaff+1","TheCursedMod:CircleOfCorruption+1","TheCursedMod:FleshFromBone"],"picked":"SKIP","floor":23},{"not_picked":["TheCursedMod:Grudge","TheCursedMod:Stigma+1","TheCursedMod:AbyssShockwave+1"],"picked":"SKIP","floor":27},{"not_picked":["TheCursedMod:CircleOfBlood","TheCursedMod:CursedBlade+1","TheCursedMod:Grudge"],"picked":"SKIP","floor":27},{"not_picked":["TheCursedMod:Grudge","TheCursedMod:Stigma+1","TheCursedMod:AbyssShockwave+1"],"picked":"SKIP","floor":27},{"not_picked":["TheCursedMod:CircleOfBlood","TheCursedMod:CursedBlade+1","TheCursedMod:Grudge"],"picked":"SKIP","floor":27},{"not_picked":["TheCursedMod:Stigma+1","TheCursedMod:WearCloak"],"picked":"TheCursedMod:FleshFromBone+1","floor":31},{"not_picked":["TheCursedMod:ParallelWorld","TheCursedMod:ManaCirculation"],"picked":"TheCursedMod:ShockAndAwe+1","floor":33},{"not_picked":["TheCursedMod:CursedBlade+1","TheCursedMod:CursedSpellbook+1","TheCursedMod:TacticalStrike+1"],"picked":"SKIP","floor":35},{"not_picked":["TheCursedMod:Grudge","TheCursedMod:RapidMovement+1","TheCursedMod:Stretching"],"picked":"SKIP","floor":35},{"not_picked":["TheCursedMod:AshesToAshes","TheCursedMod:CircleOfCorruption+1"],"picked":"TheCursedMod:ReleasedStrength+1","floor":37},{"not_picked":["TheCursedMod:WearCloak+1","TheCursedMod:CursedStaff+1","TheCursedMod:DarkBarrier"],"picked":"SKIP","floor":40},{"not_picked":["TheCursedMod:CursedAmulet","TheCursedMod:RapidMovement"],"picked":"TheCursedMod:SurpriseAttack+1","floor":42},{"not_picked":["TheCursedMod:CursedStaff+1","TheCursedMod:RapidMovement+1","TheCursedMod:RavingStaff+1"],"picked":"SKIP","floor":42},{"not_picked":["TheCursedMod:CursedAmulet","TheCursedMod:VitalStrike+1"],"picked":"TheCursedMod:SaltUponWound","floor":44},{"not_picked":["TheCursedMod:RavingStaff+1","TheCursedMod:CircleOfFocus","TheCursedMod:CircleOfAmplification"],"picked":"SKIP","floor":44},{"not_picked":["TheCursedMod:CursedMace+1","TheCursedMod:ManaCirculation"],"picked":"TheCursedMod:ReleasedStrength+1","floor":46},{"not_picked":["TheCursedMod:SpreadPlague+1","TheCursedMod:CursedArmor","TheCursedMod:SurpriseAttack+1"],"picked":"SKIP","floor":46},{"not_picked":["TheCursedMod:AshesToAshes","TheCursedMod:SpitefulStrike+1"],"picked":"TheCursedMod:HellfireBreathing+1","floor":47},{"not_picked":["TheCursedMod:VitalStrike+1","TheCursedMod:CursedAmulet+1","TheCursedMod:AshesToAshes+1"],"picked":"SKIP","floor":47}],"player_experience":697740,"relics_obtained":[{"floor":7,"key":"Anchor"},{"floor":9,"key":"Molten Egg 2"},{"floor":11,"key":"TheCursedMod:Tack"},{"floor":23,"key":"Dream Catcher"},{"floor":26,"key":"reliquary:Sod"},{"floor":31,"key":"reliquary:NewFriend"},{"floor":36,"key":"TheCursedMod:CrystalBall"},{"floor":37,"key":"Bottled Tornado"},{"floor":38,"key":"Meat on the Bone"},{"floor":40,"key":"Boot"},{"floor":43,"key":"Bronze Scales"}],"event_choices":[{"damage_healed":0,"gold_gain":0,"player_choice":"Box","damage_taken":0,"relics_obtained":["sneckomod:BlankCard"],"max_hp_gain":0,"max_hp_loss":0,"event_name":"Big Fish","floor":3,"gold_loss":0,"cards_obtained":["Regret"]},{"damage_healed":0,"gold_gain":0,"player_choice":"Relic ","damage_taken":7,"max_hp_gain":0,"max_hp_loss":0,"event_name":"betterThird:BetterScrap","floor":10,"gold_loss":0,"cards_obtained":["All For One"]},{"damage_healed":0,"gold_gain":0,"player_choice":"Fight","damage_taken":0,"max_hp_gain":0,"max_hp_loss":0,"event_name":"MindBloom","floor":36,"gold_loss":0}],"is_beta":false,"boss_relics":[{"not_picked":["SacredBark","Velvet Choker"],"picked":"Replay:Wanted Poster"},{"not_picked":["ChewingGum","reliquary:RedCape"],"picked":"expansioncontent:StudyCardRelic"}],"items_purged_floors":[5],"is_endless":false,"potions_floor_spawned":[2,4,11,14,22,23,27,31,35,40,42],"ascension_level":2}}