{"host":"mpysornf1vqkhgbh","time":1613908622,"event":{"mods":["AchievementEnabler","Act Like it!","BaseMod","Better Sensory Stone","Better Silent Start","Colored Map","Friendly Minions","Gensokyo","Googly Eyes","Highlight Path","Magitek Elite","Minty Spire (QoL Compilation)","Quick Restart","Robot Space Explorer","Ruina","Spire Arcade","StSLib","The Cursed","The Disciple","The Druid","The Gatherer","The Hierophant","The Jungle","The Marked","The Saiyan","The Senshi","The Witch","TheBandit","TheVacant","thorton"],"gold_per_floor":[116,130,145,145,160,160,160],"floor_reached":6,"language":"ENG","playtime":449,"items_purged":[],"score":38,"play_id":"27702663-1638-4ed6-b4e7-2a5dff2c6465","local_time":"20210221055702","is_ascension_mode":false,"campfire_choices":[],"circlet_count":0,"master_deck":["theMarked:Strike","theMarked:Strike","theMarked:Strike","theMarked:Strike","theMarked:Strike","theMarked:Defend","theMarked:Defend","theMarked:Defend","theMarked:Defend","theMarked:SoldierOfQuellstein","theMarked:Memento","theMarked:SelfDefenseTraining","theMarked:WardOff","theMarked:KeepCalmAndFight"],"relics":["theMarked:ArtifactOfAir"],"acts_visited":["Exordium"],"potions_floor_usage":[],"damage_taken":[{"damage":4,"enemies":"Jaw Worm","floor":1,"turns":4},{"damage":2,"enemies":"2 Louse","floor":2,"turns":3},{"damage":0,"enemies":"Small Slimes","floor":3,"turns":4},{"damage":35,"enemies":"Gremlin Gang","floor":5,"turns":7},{"damage":43,"enemies":"Gremlin Nob","floor":6,"turns":5}],"seed_played":"8113893099248988759","potions_obtained":[{"floor":3,"key":"Dexterity Potion"},{"floor":5,"key":"theMarked:HoverShot"}],"is_trial":false,"path_per_floor":["M","M","M","?","M","E"],"character_chosen":"THE_DEFAULT","items_purchased":[],"campfire_rested":0,"item_purchase_floors":[],"current_hp_per_floor":[75,73,73,73,38,0,0],"gold":160,"neow_bonus":"TEN_PERCENT_HP_BONUS","is_daily":false,"chose_seed":false,"campfire_upgraded":0,"win_rate":0.0,"timestamp":1613908622,"path_taken":["M","M","M","?","M","E"],"items_purchased_type":[],"build_version":"2020-12-22","purchased_purges":0,"victory":false,"max_hp_per_floor":[79,79,79,79,79,79,79],"card_choices":[{"not_picked":["theMarked:ChannelForce","theMarked:RepellingDischarge"],"picked":"theMarked:Memento","floor":1},{"not_picked":["theMarked:Convert","theMarked:RepellingDischarge"],"picked":"theMarked:SelfDefenseTraining","floor":2},{"not_picked":["theMarked:Aftermath","theMarked:WastefulAttack"],"picked":"theMarked:WardOff","floor":3},{"not_picked":["theMarked:Memento","theMarked:Frustration"],"picked":"theMarked:KeepCalmAndFight","floor":5}],"player_experience":1066783,"relics_obtained":[],"event_choices":[{"damage_healed":0,"gold_gain":0,"player_choice":"Ignored","damage_taken":0,"max_hp_gain":0,"max_hp_loss":0,"event_name":"Liars Game","floor":4,"gold_loss":0}],"is_beta":false,"boss_relics":[],"items_purged_floors":[],"is_endless":false,"potions_floor_spawned":[3,5],"killed_by":"Gremlin Nob","ascension_level":0}}