{"host":"lehbxtjrpalkmwwj","time":1613901476,"event":{"mods":["ATMod(°¢èªMod)","Aspiration","BaseMod","Challenge The Spire","Colored Map","Colored Powertips","Conspire","Dota2Spire","Energized Spire","Hunter ÁÔÈË","Minty Spire (QoL Compilation)","Quick Restart","Relic Stats","Reliquary","Replay The Spire","Spicy Shops","StSLib","TestMod","The Cursed","The IronCluck","The Poker Player","Waifu the Spire","Wide Potions","[IsaacMod]ÒÔÈö¼âËþ","¡¾ÒÅÎï¿¨ÅÆ¡¿REMEMod","É³µñ²ÄÖÊ°ümod","óô»ðÖ¸ÄÏ"],"gold_per_floor":[116,16,16,48,64,124,124,193,193,593,636,668,686,686,686,754,754],"floor_reached":16,"language":"ZHS","playtime":513,"items_purged":[],"score":242,"play_id":"48fe3c20-b654-4cb5-b573-c5621c2c6baa","local_time":"20210221175756","is_ascension_mode":true,"campfire_choices":[{"floor":7.0,"key":"RECALL"},{"data":"TheCursedMod:CircleOfBlood","floor":15.0,"key":"SMITH"}],"circlet_count":0,"master_deck":["AscendersBane","conspire:GhostlyStrike","conspire:GhostlyStrike","conspire:GhostlyStrike","conspire:GhostlyStrike","conspire:GhostlyDefend","conspire:GhostlyDefend","conspire:GhostlyDefend","conspire:GhostlyDefend","TheCursedMod:CursedWand","TheCursedMod:CleanUpWorkshop","TheCursedMod:Dregs","EpicFetus","AT_FamilyPortrait+1","Carnage","TheCursedMod:CircleOfBlood+1","conspire:SpireCoStock","conspire:SpireCoStock","TheCursedMod:SoulCrush","TheCursedMod:FuryStrike","TheCursedMod:HellfireBreathing","TheCursedMod:CircleOfAbyss","TheCursedMod:AbyssShockwave","TheCursedMod:FuryStrike","TheCursedMod:Stigma"],"relics":["TheCursedMod:BlackMagic101","HushsDoor","AT_ATBox","testmod-TestBox","SalivaCoin","testmod-ArcanaOfDestiny","NeowsBlessing","Mirror","BloodDonationMachine","HowToJump","Dota2Spire:PhaseBoots"],"acts_visited":["Exordium"],"potions_floor_usage":[],"damage_taken":[{"damage":0.0,"enemies":"Jaw Worm","floor":1.0,"turns":1.0},{"damage":0.0,"enemies":"Small Slimes","floor":4.0,"turns":1.0},{"damage":0.0,"enemies":"2 Louse","floor":5.0,"turns":1.0},{"damage":37.0,"enemies":"Gremlin Nob","floor":6.0,"turns":4.0},{"damage":13.0,"enemies":"3 Sentries","floor":8.0,"turns":7.0},{"damage":3.0,"enemies":"Lagavulin","floor":11.0,"turns":6.0},{"damage":0.0,"enemies":"Red Slaver","floor":12.0,"turns":4.0},{"damage":0.0,"enemies":"Looter","floor":13.0,"turns":3.0},{"damage":23,"enemies":"The Guardian","floor":16,"turns":8}],"seed_played":"7929215488093020899","potions_obtained":[{"floor":1.0,"key":"Energy Potion"},{"floor":6.0,"key":"GamblersBrew"},{"floor":11.0,"key":"ColorlessPotion"}],"is_trial":false,"path_per_floor":["M","?","?","M","M","E","R","E","T","?","E","M","M","?","R","B"],"character_chosen":"THE_CURSED","items_purchased":[],"campfire_rested":0,"item_purchase_floors":[],"current_hp_per_floor":[68,68,68,68,68,35,35,22,22,22,19,19,23,23,23,0,0],"gold":754,"neow_bonus":"THREE_ENEMY_KILL","is_daily":false,"chose_seed":false,"campfire_upgraded":1,"win_rate":0.0,"timestamp":1613901476,"path_taken":["M","?","?","M","?","E","R","E","T","?","E","M","M","?","R","BOSS"],"items_purchased_type":[],"build_version":"2020-12-22","purchased_purges":0,"victory":false,"max_hp_per_floor":[75,75,75,75,75,75,75,75,75,75,75,75,75,75,75,75,75],"relic_stats":{"counters":[9,35],"obtain_stats":[{"KeepersGift":0,"TheCursedMod:BlackMagic101":0,"AT_ATBox":0,"testmod-TestBox":0,"NeowsBlessing":0,"HowToJump":9,"SalivaCoin":0,"HushsDoor":0,"Mirror":6,"testmod-ArcanaOfDestiny":0,"REME_ComplimentaryCards":0,"BloodDonationMachine":8,"Dota2Spire:PhaseBoots":11},{"KeepersGift":0,"TheCursedMod:BlackMagic101":0,"AT_ATBox":0,"testmod-TestBox":0,"NeowsBlessing":0,"HowToJump":5,"SalivaCoin":0,"HushsDoor":0,"Mirror":4,"testmod-ArcanaOfDestiny":0,"REME_ComplimentaryCards":0,"BloodDonationMachine":5,"Dota2Spire:PhaseBoots":6},{"KeepersGift":0,"TheCursedMod:BlackMagic101":0,"AT_ATBox":0,"testmod-TestBox":0,"NeowsBlessing":0,"HowToJump":14,"SalivaCoin":0,"HushsDoor":0,"Mirror":7,"testmod-ArcanaOfDestiny":0,"REME_ComplimentaryCards":0,"BloodDonationMachine":14,"Dota2Spire:PhaseBoots":20}]},"card_choices":[{"not_picked":[],"picked":"EpicFetus","floor":0.0},{"not_picked":["TheCursedMod:CursedShiv","TheCursedMod:CircleOfCorruption"],"picked":"TheCursedMod:CircleOfBlood","floor":1.0},{"not_picked":["TheCursedMod:PrepareRite","TheCursedMod:CursedAmulet"],"picked":"TheCursedMod:SoulCrush","floor":4.0},{"not_picked":["TheCursedMod:Wield","TheCursedMod:SpitefulPray"],"picked":"TheCursedMod:FuryStrike","floor":5.0},{"not_picked":["TheCursedMod:FuryStrike","TheCursedMod:CircleOfFocus"],"picked":"TheCursedMod:HellfireBreathing","floor":6.0},{"not_picked":["TheCursedMod:SaltUponWound","TheCursedMod:CircleOfAmplification"],"picked":"TheCursedMod:CircleOfAbyss","floor":8.0},{"not_picked":["TheCursedMod:FleshFromBone","TheCursedMod:Evocation"],"picked":"TheCursedMod:AbyssShockwave","floor":11.0},{"not_picked":["TheCursedMod:RapidMovement","TheCursedMod:CircleOfCorruption"],"picked":"TheCursedMod:FuryStrike","floor":12.0},{"not_picked":["TheCursedMod:Torture","TheCursedMod:EmpowerCircles"],"picked":"TheCursedMod:Stigma","floor":13.0}],"player_experience":202410,"relics_obtained":[{"floor":6.0,"key":"Mirror"},{"floor":8.0,"key":"BloodDonationMachine"},{"floor":9.0,"key":"HowToJump"},{"floor":11.0,"key":"Dota2Spire:PhaseBoots"}],"event_choices":[{"damage_healed":0.0,"max_hp_gain":0.0,"max_hp_loss":0.0,"gold_gain":0.0,"event_name":"conspire:Investor","player_choice":"Invest 2","floor":2.0,"gold_loss":0.0,"damage_taken":0.0},{"damage_healed":0.0,"max_hp_gain":0.0,"max_hp_loss":0.0,"gold_gain":0.0,"event_name":"conspire:LoneGhost","player_choice":"Agree","floor":3.0,"gold_loss":0.0,"damage_taken":0.0},{"damage_healed":0.0,"max_hp_gain":0.0,"max_hp_loss":0.0,"gold_gain":400.0,"event_name":"¶÷ÂåË¹µÄÅÌ×Ó","player_choice":"Sell","floor":10.0,"relics_lost":["REME_ComplimentaryCards"],"gold_loss":0.0,"damage_taken":0.0},{"damage_healed":0.0,"max_hp_gain":0.0,"max_hp_loss":0.0,"gold_gain":0.0,"event_name":"Living Wall","player_choice":"Grow","floor":14.0,"gold_loss":0.0,"damage_taken":0.0,"cards_upgraded":["AT_FamilyPortrait"]}],"is_beta":false,"boss_relics":[],"items_purged_floors":[],"is_endless":false,"potions_floor_spawned":[1,6,11],"killed_by":"The Guardian","ascension_level":12}}