{"host":"sxaoifcprvg3ww0o","time":1613912562,"event":{"mods":["ATMod(°¢èªMod)","Act Like it!","Arknights","BaseMod","Downfall","Gensokyo","GifTheSpireLib","Hermit","KinomotoSakuraMod(Ä¾Ö®±¾Ó£)","Marisa£¨ìFÓê¡¡Ä§ÀíÉ³£©","Minty Spire (QoL Compilation)","Prisma Mod","Quick Restart","Reimu£¨²©ÀöÁéÃÎ£©","Reliquary","Remilia£¨ÀÙÃ×ÀòÑÇ£©","Replay The Spire","StSLib","The Alterego","The Senshi","Waifu the Spire","Yakumo Yukari mod","Youmu£¨»êÆÇÑýÃÎ£©","Yuyuko","¡¾ÒÅÎï¿¨ÅÆ¡¿REMEMod"],"gold_per_floor":[387,404,414,427,443,474,474,484,484,476,248,282,131,131,131,227,227,244,244,256,216,232,232,261,278,278,383,383,410,115,125,125,227,227,239,289,300,300,316,316,350,350,350,350,350,39,72,91,142,142,142,142,142,175,175],"floor_reached":56,"language":"ZHS","playtime":3534,"items_purged":["Poor:ReiMu"],"score":1782,"play_id":"9d6c5ae6-40f0-4e61-88e6-b1e22a84aaf8","local_time":"20210221210242","is_ascension_mode":true,"campfire_choices":[{"floor":15,"key":"RECALL"},{"floor":23,"key":"REST"},{"floor":28,"key":"REST"},{"floor":32,"key":"REST"},{"floor":40,"key":"REST"},{"data":"1","floor":42,"key":"LIFT"},{"data":"2","floor":44,"key":"LIFT"},{"data":"3","floor":52,"key":"LIFT"}],"circlet_count":0,"master_deck":["AT_purpleEX+1","AT_purpleEX+1","AT_purpleEX+1","AT_purpleEX+1","Defend_purpleEX+1","Defend_purpleEX+1","Defend_purpleEX+1","Defend_purpleEX+1","Observe_purple_1+1","Observe_purple_2+1","AT_OneInchPunch+1","PrismaMod:IllyaGrail+1","StateErode_purple+1","Mirror_FourBoundary_purple+1","WorldDissolvedintheRealm_purple+1","Line_surface_state_purple+1","Line_surface_state_purple+1","ProofOfUnderstanding_purple+1","Mirror_TwoAndThreeElementRealm_purple+1","OmniscientAndOmnipotent_Monster_purple+1","Mirror_WaveAndshot_purple+1","PurpleNeedle_purple+1","RuleDissolution_purple+1","Boundary_LifeAndDeath_purple+1","Fancifulhole_purple+1","AT_FamilyPortrait+1","ZunPunch:ReiMu+1","Know_ledgeAbilityRealm_purple+1","AT_FalsePromise+1","WingOfChimera_purple+1","AT_FamilyPortrait+1","Mirror_Drifter_purple+1","Monsters_DoubleDeathButterfly_purple+1","Madness+1","Bait_Toxicbait_purple+1","DistantPastFriend_purple+1","WangLiang_LineAndCurveDreams_purple","MagicEyes_LaplaceDemon_purple","Human_Monster_Realm_purple"],"relics":["Boundary_crack","Memoryfragments_purpleEX","REME_ComplimentaryCards","AT_ATBox","reliquary:Spinner","YidongShenshe:ReiMu","Antimatter_spacedebris","Slimebound:StickyStick","PreservedInsect","Gremlin Food","REME_LowDesire","reliquary:PartyBalloon","MealTicket","reliquary:IridiumChain","hexamod:Sixitude","Dream Catcher","AT_EbonyIvory","Guide Book","RedLine:ReiMu","Guardian:GemstoneGun","Girya","Chameleon Ring","REME_CardOfGreed","Lizard Tail","AT_Manta","AT_LudenTempest"],"acts_visited":["Exordium","TheCity","TheBeyond","TheEnding"],"potions_floor_usage":[38,38],"damage_taken":[{"damage":0,"enemies":"2 Louse","floor":1,"turns":2},{"damage":0,"enemies":"Small Slimes","floor":2,"turns":2},{"damage":0,"enemies":"Jaw Worm","floor":3,"turns":1},{"damage":5,"enemies":"Looter","floor":4,"turns":2},{"damage":0,"enemies":"3 Louse","floor":5,"turns":3},{"damage":26,"enemies":"Lagavulin","floor":6,"turns":4},{"damage":12,"enemies":"3 Sentries","floor":8,"turns":5},{"damage":0,"enemies":"2 Fungi Beasts","floor":10,"turns":3},{"damage":8,"enemies":"Replay:BlueRogue","floor":12,"turns":3},{"damage":1,"enemies":"Slime Boss","floor":16,"turns":6},{"damage":0,"enemies":"3 Byrds","floor":18,"turns":4},{"damage":9,"enemies":"Chosen","floor":20,"turns":2},{"damage":21,"enemies":"Snake Plant","floor":22,"turns":3},{"damage":19,"enemies":"REME_1_Revenger","floor":24,"turns":2},{"damage":0,"enemies":"Chosen and Byrds","floor":25,"turns":3},{"damage":0,"enemies":"Book of Stabbing","floor":29,"turns":3},{"damage":0,"enemies":"Cultist and Chosen","floor":31,"turns":3},{"damage":7,"enemies":"Pondfish","floor":33,"turns":6},{"damage":19,"enemies":"3 Shapes","floor":35,"turns":2},{"damage":0,"enemies":"Mind Bloom Boss Battle","floor":36,"turns":2},{"damage":0,"enemies":"Orb Walker","floor":37,"turns":2},{"damage":24,"enemies":"Orb Walker","floor":38,"turns":11},{"damage":0,"enemies":"Maw","floor":39,"turns":3},{"damage":0,"enemies":"R_Hoarder","floor":41,"turns":3},{"damage":0,"enemies":"Nemesis","floor":47,"turns":3},{"damage":0,"enemies":"3 Darklings","floor":48,"turns":1},{"damage":4,"enemies":"2 Orb Walkers","floor":49,"turns":2},{"damage":13,"enemies":"Time Eater","floor":50,"turns":3},{"damage":7,"enemies":"Shield and Spear","floor":54,"turns":2},{"damage":3,"enemies":"The Heart","floor":55,"turns":4}],"seed_played":"-1156199845685314625","potions_obtained":[{"floor":1,"key":"RealmPotion"},{"floor":2,"key":"Block Potion"},{"floor":6,"key":"ColorlessPotion"},{"floor":12,"key":"PanachePotion"},{"floor":39,"key":"FairyPotion"},{"floor":49,"key":"Dexterity Potion"}],"is_trial":false,"path_per_floor":["M","M","M","M","M","E","?","E","T","M","$","E","$","?","R","B",null,"M","?","M","?","M","R","E","M","T","?","R","E","$","M","R","B",null,"M","?","M","?","M","R","E","R","T","R","?","$","E","M","R","B",null,"R","$","E","B",null],"character_chosen":"Youkari","items_purchased":["Slimebound:StickyStick","Gremlin Food","AT_EbonyIvory","Guide Book","REME_CardOfGreed","MagicEyes_LaplaceDemon_purple"],"campfire_rested":4,"item_purchase_floors":[11,13,30,30,46,46],"current_hp_per_floor":[63,63,63,59,61,36,36,24,24,25,25,17,17,17,17,18,63,63,63,63,63,63,63,45,47,47,22,40,55,63,63,63,63,63,61,62,62,63,63,63,63,63,63,63,63,63,63,63,63,63,63,63,63,63,62],"gold":175,"neow_bonus":"TWO_FIFTY_GOLD","is_daily":false,"chose_seed":false,"campfire_upgraded":0,"win_rate":0.0,"timestamp":1613912562,"path_taken":["M","M","M","M","M","E","?","E","T","M","$","E","$","?","R","BOSS","M","?","M","?","M","R","E","M","T","?","R","E","$","M","R","BOSS","M","?","M","?","?","R","E","R","T","R","?","$","E","M","R","BOSS","R","$","E","BOSS"],"items_purchased_type":["Relic","Relic","Relic","Relic","Relic","Card"],"build_version":"2020-12-22","purchased_purges":1,"victory":true,"max_hp_per_floor":[63,63,63,63,63,63,63,63,63,63,63,63,63,63,63,63,63,63,63,63,63,63,63,63,63,63,63,63,63,63,63,63,63,63,63,63,63,63,63,63,63,63,63,63,63,63,63,63,63,63,63,63,63,63,63],"card_choices":[{"not_picked":["MeetDecomposer_purple","Worldmountain_purple"],"picked":"StateErode_purple","floor":1},{"not_picked":["RuptureOfTimeAndSpace_purple","OmniscientAndOmnipotent_Monster_purple"],"picked":"Mirror_FourBoundary_purple","floor":2},{"not_picked":["StateDuplicate_purple","ExistenceContinue_purple"],"picked":"WorldDissolvedintheRealm_purple","floor":3},{"not_picked":["Yakumo_Ran_purple","MeetDecomposer_purple"],"picked":"Line_surface_state_purple","floor":4},{"not_picked":["ExistenceContinue_purple","WatchEChange_purple","SfantasyHide_purple"],"picked":"SKIP","floor":5},{"not_picked":["Umbrella_purple","Shallow_ocean_purpleEX"],"picked":"Line_surface_state_purple","floor":6},{"not_picked":["WasteWire_Metro_purple","RealityDreamConfluencek_purple"],"picked":"ProofOfUnderstanding_purple","floor":8},{"not_picked":["Shallow_ocean_purpleEX","Umbrella_purple","StateDuplicate_purple"],"picked":"SKIP","floor":10},{"not_picked":["Shallow_ocean_purpleEX","ExistenceContinue_purple"],"picked":"Mirror_TwoAndThreeElementRealm_purple","floor":12},{"not_picked":["WangLiang_OokamiKakushi_purple","Theboundaryofcreation_purpleEX"],"picked":"Boundary_LifeAndDeath_purple","floor":16},{"not_picked":["Charmbait_purple","ExternalForce_HighSpeedFlying_purple","AdvanceAttack_purple","REME_BodyOfCthun"],"picked":"SKIP","floor":18},{"not_picked":["Boundary_LightAndDark_purple","Line_surface_state_purple","Worldmountain_purple+1"],"picked":"AT_FamilyPortrait","floor":20},{"not_picked":["Umbrella_purple","AdvanceAttack_purple","DimensionStaggered_purple","REME_AllRoundStrike"],"picked":"SKIP","floor":22},{"not_picked":["WeekHit_purple","Umbrella_purple","REME_BodyOfCthun"],"picked":"Know_ledgeAbilityRealm_purple","floor":24},{"not_picked":["MeetDecomposer_purple","Mirror_WaveAndshot_purple","DimensionStaggered_purple","Forethought"],"picked":"SKIP","floor":25},{"not_picked":["EighthInstrument_OneDividesIntoTwo_purple","Realm_recovery_purpleEX+1","Umbrella_purple"],"picked":"AT_FalsePromise","floor":27},{"not_picked":["Realm_recovery_purpleEX","ExistenceContinue_purple","Secret Weapon"],"picked":"WingOfChimera_purple+1","floor":27},{"not_picked":["DimensionStaggered_purple","StateDuplicate_purple","Mirror_FormAndEmptin_purple"],"picked":"AT_FamilyPortrait","floor":29},{"not_picked":["Umbrella_purple+1","Mirror_WaveAndshot_purple","REME_MawOfCthun"],"picked":"Mirror_Drifter_purple+1","floor":31},{"not_picked":["UniverseChoice_purple","WasteWire_Metro_purple","Crow Ritual"],"picked":"Monsters_DoubleDeathButterfly_purple","floor":33},{"not_picked":["OmniscientAndOmnipotent_Monster_purple","MeetDecomposer_purple","Yakumo_Ran_purple+1"],"picked":"Madness","floor":35},{"not_picked":["Realm_recovery_purpleEX","StateDuplicate_purple+1","Panache"],"picked":"Bait_Toxicbait_purple+1","floor":36},{"not_picked":["Boundary_of_Extermination_purpleEX","Line_surface_state_purple","OmniscientAndOmnipotent_Monster_purple+1","REME_MagicPocketWatch"],"picked":"SKIP","floor":37},{"not_picked":["Mirror_FourBoundary_purple+1","Mirror_FormAndEmptin_purple","AdvanceAttack_purple","REME_TheoryOfElimination"],"picked":"SKIP","floor":39},{"not_picked":["AdvanceAttack_purple+1","Mirror_WaveAndshot_purple+1","Enlightenment"],"picked":"WangLiang_LineAndCurveDreams_purple","floor":40},{"not_picked":["StateErode_purple+1","Mirror_FormAndEmptin_purple","Boundary_ObjectiveBoundary_purple","Trip+1"],"picked":"SKIP","floor":41},{"not_picked":["Worldmountain_purple+1","ExistenceContinue_purple+1","Boundary_DreamRealityDamnation_purple","Replay:Parry"],"picked":"SKIP","floor":47},{"not_picked":["DimensionStaggered_purple+1","ButterflyHabitatTemple_purple","StateErode_purple","Violence"],"picked":"SKIP","floor":48},{"not_picked":["WangLiang_LineAndCurveDreams_purple","ButterflyHabitatTemple_purple+1","Survey Options"],"picked":"Human_Monster_Realm_purple","floor":54}],"player_experience":590534,"relics_obtained":[{"floor":6,"key":"reliquary:Spinner"},{"floor":8,"key":"Antimatter_spacedebris"},{"floor":12,"key":"PreservedInsect"},{"floor":17,"key":"reliquary:PartyBalloon"},{"floor":17,"key":"MealTicket"},{"floor":24,"key":"reliquary:IridiumChain"},{"floor":26,"key":"hexamod:Sixitude"},{"floor":29,"key":"Dream Catcher"},{"floor":36,"key":"Guardian:GemstoneGun"},{"floor":41,"key":"Girya"},{"floor":43,"key":"Chameleon Ring"},{"floor":47,"key":"Lizard Tail"},{"floor":49,"key":"AT_Manta"},{"floor":54,"key":"AT_LudenTempest"}],"event_choices":[{"damage_healed":0,"gold_gain":0,"player_choice":"´ø×ßÉñÉç","damage_taken":0,"relics_obtained":["YidongShenshe:ReiMu"],"max_hp_gain":0,"max_hp_loss":0,"event_name":"yidonshenshe","floor":7,"gold_loss":0,"cards_obtained":["Poor:ReiMu"]},{"damage_healed":0,"gold_gain":0,"player_choice":"Read","damage_taken":0,"max_hp_gain":0,"max_hp_loss":0,"event_name":"TheLibraryeventEX","floor":19,"gold_loss":0,"cards_obtained":["Fancifulhole_purple"]},{"damage_healed":0,"gold_gain":0,"player_choice":"½»³öÉñ¾Æ","damage_taken":0,"max_hp_gain":0,"max_hp_loss":0,"event_name":"ZunEvent","floor":21,"relics_lost":["ZunR:ReiMu"],"gold_loss":0,"cards_obtained":["ZunPunch:ReiMu"]},{"damage_healed":0,"gold_gain":0,"player_choice":"Fight","damage_taken":0,"max_hp_gain":0,"max_hp_loss":0,"event_name":"MindBloom","floor":36,"gold_loss":0},{"cards_removed":["WorldDissolvedintheRealm_purple"],"damage_healed":0,"gold_gain":0,"player_choice":"Removed Attack","damage_taken":0,"max_hp_gain":0,"max_hp_loss":0,"event_name":"Falling","floor":45,"gold_loss":0},{"damage_healed":0,"gold_gain":0,"player_choice":"Fight","damage_taken":0,"max_hp_gain":0,"max_hp_loss":0,"event_name":"Mysterious Sphere","floor":49,"gold_loss":0}],"is_beta":false,"boss_relics":[{"not_picked":["Runic Dome","Ectoplasm"],"picked":"REME_LowDesire"},{"not_picked":["REME_DemonsWealth","Pandora\u0027s Box"],"picked":"RedLine:ReiMu"}],"items_purged_floors":[11],"is_endless":false,"potions_floor_spawned":[1,2,6,12,16,22,24,25,31,33,36,39,49],"ascension_level":1}}