{"host":"spd19cimorv47raq","time":1613866497,"event":{"mods":["AchievementEnabler","BaseMod","Colored Map","DeckTracker","Keyboard Shortcuts","Minty Spire (QoL Compilation)","Quick Restart","StSLib","SuperFastMode"],"gold_per_floor":[119,129,129,1,17,66,66,78,155,169,184,184,201,236,236,339,339,359,359,123,135,135,135,155,155,181,181,199,199,219,254,254,359,359,378,378,389,389,409,409,420,440,440,440,453,453,473,8,8,8],"floor_reached":51,"language":"KOR","playtime":3067,"items_purged":["Doppelganger","Decay"],"score":708,"play_id":"91bc602d-d043-474b-9411-4a0be1f1f382","local_time":"20210221091457","is_ascension_mode":false,"campfire_choices":[{"data":"Poisoned Stab","floor":7.0,"key":"SMITH"},{"data":"Neutralize","floor":12.0,"key":"SMITH"},{"data":"Cloak And Dagger","floor":15.0,"key":"SMITH"},{"data":"Terror","floor":25.0,"key":"SMITH"},{"data":"Footwork","floor":27.0,"key":"SMITH"},{"floor":32.0,"key":"REST"},{"data":"Envenom","floor":40.0,"key":"SMITH"},{"data":"Footwork","floor":44.0,"key":"SMITH"},{"data":"Footwork","floor":46.0,"key":"SMITH"},{"floor":49,"key":"REST"}],"circlet_count":0,"master_deck":["Survivor","Neutralize+1","Cloak And Dagger+1","Predator","All Out Attack","Poisoned Stab+1","Blade Dance","Crippling Poison","Finisher","Quick Slash","PiercingWail","Corpse Explosion","Night Terror","Slice","Die Die Die","Terror+1","Endless Agony","Footwork+1","Acrobatics","Bane+1","Good Instincts","Dodge and Roll","PiercingWail","Prepared+1","Footwork+1","Envenom+1","Catalyst+1","Sadistic Nature","Well Laid Plans","Footwork+1","Footwork"],"relics":["Ring of the Snake","Bird Faced Urn","Ornamental Fan","Bag of Preparation","Pandora\u0027s Box","Enchiridion","Centennial Puzzle","Anchor","Philosopher\u0027s Stone","Eternal Feather","Calipers"],"acts_visited":["Exordium","TheCity","TheBeyond"],"potions_floor_usage":[50,50],"damage_taken":[{"damage":0.0,"enemies":"2 Louse","floor":1.0,"turns":3.0},{"damage":0.0,"enemies":"Cultist","floor":2.0,"turns":4.0},{"damage":0.0,"enemies":"Jaw Worm","floor":5.0,"turns":4.0},{"damage":14.0,"enemies":"Gremlin Nob","floor":6.0,"turns":3.0},{"damage":0.0,"enemies":"Large Slime","floor":8.0,"turns":4.0},{"damage":0.0,"enemies":"Looter","floor":10.0,"turns":3.0},{"damage":0.0,"enemies":"Exordium Wildlife","floor":11.0,"turns":3.0},{"damage":0.0,"enemies":"Lots of Slimes","floor":13.0,"turns":1.0},{"damage":5.0,"enemies":"Lagavulin","floor":14.0,"turns":5.0},{"damage":9.0,"enemies":"Hexaghost","floor":16.0,"turns":9.0},{"damage":6.0,"enemies":"2 Thieves","floor":18.0,"turns":3.0},{"damage":0.0,"enemies":"Chosen","floor":21.0,"turns":3.0},{"damage":5.0,"enemies":"Snake Plant","floor":24.0,"turns":3.0},{"damage":8.0,"enemies":"Sentry and Sphere","floor":28.0,"turns":4.0},{"damage":0.0,"enemies":"Shelled Parasite and Fungi","floor":30.0,"turns":3.0},{"damage":2.0,"enemies":"Gremlin Leader","floor":31.0,"turns":4.0},{"damage":42.0,"enemies":"Collector","floor":33.0,"turns":9.0},{"damage":5.0,"enemies":"3 Shapes","floor":35.0,"turns":4.0},{"damage":10.0,"enemies":"Orb Walker","floor":37.0,"turns":3.0},{"damage":9.0,"enemies":"Transient","floor":39.0,"turns":5.0},{"damage":5.0,"enemies":"Spire Growth","floor":41.0,"turns":4.0},{"damage":11.0,"enemies":"Maw","floor":42.0,"turns":6.0},{"damage":1.0,"enemies":"Transient","floor":45.0,"turns":5.0},{"damage":30.0,"enemies":"Spire Growth","floor":47.0,"turns":4.0},{"damage":21,"enemies":"Time Eater","floor":50,"turns":5}],"seed_played":"1022231254238374969","potions_obtained":[{"floor":2.0,"key":"ColorlessPotion"},{"floor":10.0,"key":"BlessingOfTheForge"},{"floor":13.0,"key":"Weak Potion"},{"floor":14.0,"key":"DuplicationPotion"},{"floor":18.0,"key":"Ancient Potion"},{"floor":33.0,"key":"LiquidBronze"},{"floor":41.0,"key":"FearPotion"},{"floor":47.0,"key":"EssenceOfSteel"}],"is_trial":false,"path_per_floor":["M","M","?","$","M","E","R","M","T","M","M","R","M","E","R","B",null,"M","?","$","M","?","?","M","R","T","R","M","?","M","E","R","B",null,"M","?","M","?","M","R","M","M","T","R","M","R","M","$","R","B",null],"character_chosen":"THE_SILENT","items_purchased":["All Out Attack","Poisoned Stab","Good Instincts","Dodge and Roll","PiercingWail","Calipers","Footwork"],"campfire_rested":2,"item_purchase_floors":[4,4,20,20,20,48,48],"current_hp_per_floor":[70,70,63,63,63,49,49,49,49,49,49,49,49,44,44,37,70,64,48,48,52,52,52,49,49,49,49,41,41,45,47,68,28,70,67,67,60,60,61,61,66,65,65,70,70,70,40,40,70,49],"gold":8,"neow_bonus":"REMOVE_CARD","is_daily":false,"chose_seed":false,"campfire_upgraded":8,"win_rate":0.0,"timestamp":1613866497,"path_taken":["M","M","?","$","M","E","R","M","T","M","M","R","M","E","R","BOSS","M","?","$","M","?","?","M","R","T","R","?","?","M","E","R","BOSS","M","?","M","?","M","R","M","M","T","R","M","R","M","$","R","BOSS"],"items_purchased_type":["Card","Card","Card","Card","Card","Relic","Card"],"build_version":"2020-12-22","purchased_purges":2,"victory":true,"max_hp_per_floor":[70,70,70,70,70,70,70,70,70,70,70,70,70,70,70,70,70,70,70,70,70,70,70,70,70,70,70,70,70,70,70,70,70,70,70,70,70,70,70,70,70,70,70,70,70,70,70,70,70,70],"card_choices":[{"not_picked":["Deflect","Blade Dance"],"picked":"Cloak And Dagger","floor":1.0},{"not_picked":["Blur","Backflip"],"picked":"Predator","floor":2.0},{"not_picked":["Outmaneuver","Escape Plan"],"picked":"Blade Dance","floor":5.0},{"not_picked":["Outmaneuver","Masterful Stab"],"picked":"Crippling Poison","floor":6.0},{"not_picked":["Poisoned Stab","Slice"],"picked":"Caltrops","floor":8.0},{"not_picked":["Flechettes","Backstab"],"picked":"Finisher","floor":10.0},{"not_picked":["Underhanded Strike","Flying Knee","Poisoned Stab"],"picked":"SKIP","floor":11.0},{"not_picked":["Distraction","Blade Dance"],"picked":"Quick Slash","floor":13.0},{"not_picked":["Riddle With Holes","Outmaneuver"],"picked":"PiercingWail","floor":14.0},{"not_picked":["Unload","Night Terror"],"picked":"Corpse Explosion","floor":16.0},{"not_picked":["Dagger Throw","Deadly Poison"],"picked":"Bane+1","floor":18.0},{"not_picked":["Dagger Throw","Blade Dance"],"picked":"Prepared+1","floor":21.0},{"not_picked":["Dodge and Roll+1","Quick Slash","Deadly Poison"],"picked":"SKIP","floor":24.0},{"not_picked":["Quick Slash+1","Setup+1","Dagger Spray"],"picked":"SKIP","floor":28.0},{"not_picked":["Backflip","Crippling Poison"],"picked":"Footwork","floor":30.0},{"not_picked":["Sucker Punch","Outmaneuver","Predator+1"],"picked":"SKIP","floor":31.0},{"not_picked":["Venomology","Grand Finale"],"picked":"Envenom","floor":33.0},{"not_picked":["Sucker Punch+1","Masterful Stab+1"],"picked":"Catalyst+1","floor":35.0},{"not_picked":["Skewer","Sucker Punch+1","Bouncing Flask"],"picked":"SKIP","floor":37.0},{"not_picked":["Panache","Flash of Steel"],"picked":"Sadistic Nature","floor":38.0},{"not_picked":["Blade Dance+1","Acrobatics+1","Poisoned Stab+1"],"picked":"SKIP","floor":39.0},{"not_picked":["Finisher","Terror+1"],"picked":"Well Laid Plans","floor":41.0},{"not_picked":["Dagger Throw","Setup+1","Skewer+1"],"picked":"SKIP","floor":42.0},{"not_picked":["Slice+1","Dagger Spray"],"picked":"Footwork","floor":45.0},{"not_picked":["Poisoned Stab+1","Die Die Die","Underhanded Strike"],"picked":"SKIP","floor":47.0}],"player_experience":891062,"relics_obtained":[{"floor":6.0,"key":"Bird Faced Urn"},{"floor":9.0,"key":"Ornamental Fan"},{"floor":14.0,"key":"Bag of Preparation"},{"floor":19.0,"key":"Enchiridion"},{"floor":26.0,"key":"Centennial Puzzle"},{"floor":31.0,"key":"Anchor"},{"floor":43.0,"key":"Eternal Feather"}],"event_choices":[{"cards_removed":["Strike_G"],"damage_healed":0.0,"max_hp_gain":0.0,"max_hp_loss":0.0,"gold_gain":0.0,"event_name":"Golden Wing","player_choice":"Card Removal","floor":3.0,"gold_loss":0.0,"damage_taken":7.0},{"damage_healed":0.0,"max_hp_gain":0.0,"max_hp_loss":0.0,"gold_gain":0.0,"event_name":"Cursed Tome","player_choice":"Obtained Book","floor":19.0,"gold_loss":0.0,"damage_taken":16.0},{"damage_healed":0.0,"max_hp_gain":0.0,"max_hp_loss":0.0,"gold_gain":0.0,"event_name":"Beggar","player_choice":"Ignored","floor":22.0,"gold_loss":0.0,"damage_taken":0.0},{"damage_healed":0.0,"max_hp_gain":0.0,"max_hp_loss":0.0,"gold_gain":0.0,"event_name":"Purifier","player_choice":"Ignored","floor":23.0,"gold_loss":0.0,"damage_taken":0.0},{"damage_healed":0.0,"max_hp_gain":0.0,"max_hp_loss":0.0,"gold_gain":0.0,"event_name":"Forgotten Altar","player_choice":"Smashed Altar","floor":29.0,"gold_loss":0.0,"damage_taken":0.0,"cards_obtained":["Decay"]},{"cards_removed":["Caltrops"],"damage_healed":0.0,"max_hp_gain":0.0,"max_hp_loss":0.0,"gold_gain":0.0,"event_name":"Falling","player_choice":"Removed Power","floor":36.0,"gold_loss":0.0,"damage_taken":0.0},{"damage_healed":0.0,"max_hp_gain":0.0,"max_hp_loss":0.0,"gold_gain":0.0,"event_name":"SensoryStone","player_choice":"Memory 1","floor":38.0,"gold_loss":0.0,"damage_taken":0.0}],"is_beta":false,"boss_relics":[{"not_picked":["Calling Bell","Velvet Choker"],"picked":"Pandora\u0027s Box"},{"not_picked":["Black Star","Runic Pyramid"],"picked":"Philosopher\u0027s Stone"}],"items_purged_floors":[20,48],"is_endless":false,"potions_floor_spawned":[2,10,13,14,18,24,33,37,41,45,47],"ascension_level":0}}