{"host":"tuvyjqp461ike1dm","time":1613944718,"event":{"mods":["BaseMod","Downfall","Duelist Mod","Minty Spire (QoL Compilation)","Replay The Spire","StSLib","Wandering Minibosses"],"gold_per_floor":[239,239,250,175,195,221,221,246,246,266,296,316,316,330,330,428,428,410,410,410,423,423,423,452,452,505,521,552,568,600,613,613,613,613],"floor_reached":33,"language":"ENG","playtime":3268,"items_purged":["theDuelist:CastleWalls"],"score":462,"play_id":"feb790bc-a2d9-4560-b54d-0f7f75d8ae08","local_time":"20210221165838","is_ascension_mode":true,"campfire_choices":[{"data":"theDuelist:CallAtlanteans","floor":7,"key":"SMITH"},{"data":"theDuelist:FluteKuriboh","floor":13,"key":"SMITH"},{"data":"theDuelist:BigFire","floor":15,"key":"SMITH"},{"data":"theDuelist:ThousandEyesRestrict","floor":23,"key":"SMITH"},{"data":"theDuelist:Illusionist","floor":25,"key":"SMITH"},{"floor":32,"key":"REST"}],"circlet_count":0,"master_deck":["theDuelist:CastleWalls","theDuelist:DarkMagician","theDuelist:MysticalElf","theDuelist:MysticalElf","theDuelist:NeoMagic","theDuelist:NeoMagic","theDuelist:Sparks","theDuelist:Sparks","theDuelist:Sparks","theDuelist:CallAtlanteans+1","theDuelist:LostBlueBreaker","theDuelist:SunOrbCard","theDuelist:InjectionFairy","theDuelist:BigFire+1","theDuelist:FluteKuriboh+1","theDuelist:MillenniumGolem","theDuelist:ThousandEyesRestrict+1","theDuelist:Downbeat","theDuelist:BigFire+1","theDuelist:Illusionist+1","theDuelist:WingedKuribohLv9","theDuelist:AltarTribute","theDuelist:GeminiElf+1","theDuelist:RainbowKuriboh"],"relics":["theDuelist:MillenniumPuzzle","theDuelist:CardPoolRelic","theDuelist:CardPoolBasicRelic","theDuelist:BoosterPackPoolRelic","theDuelist:CardPoolAddRelic","theDuelist:CardPoolMinusRelic","theDuelist:CardPoolSaveRelic","theDuelist:CardPoolOptionsRelic","Mummified Hand","ReplayTheSpireMod:Lightbulb","Magic Flower","Bottled Flame","PreservedInsect","Inserter","Lantern","theDuelist:MonsterEggRelic","theDuelist:BoosterPackSpellEgg","theDuelist:MetronomeRelicB","Blue Doll","ReplayTheSpireMod:Ninjato"],"acts_visited":["Exordium","TheCity"],"potions_floor_usage":[6,29],"damage_taken":[{"damage":2,"enemies":"Cultist","floor":1,"turns":4},{"damage":0,"enemies":"Jaw Worm","floor":3,"turns":4},{"damage":6,"enemies":"2 Louse","floor":5,"turns":4},{"damage":10,"enemies":"Gremlin Nob","floor":6,"turns":5},{"damage":17,"enemies":"Lagavulin","floor":8,"turns":7},{"damage":1,"enemies":"Blue Slaver","floor":10,"turns":4},{"damage":11,"enemies":"3 Sentries","floor":11,"turns":6},{"damage":2,"enemies":"Exordium Thugs","floor":12,"turns":4},{"damage":0,"enemies":"2 Fungi Beasts","floor":14,"turns":3},{"damage":0,"enemies":"The Guardian","floor":16,"turns":13},{"damage":6,"enemies":"2 Thieves","floor":18,"turns":4},{"damage":2,"enemies":"Shell Parasite","floor":21,"turns":5},{"damage":0,"enemies":"theDuelist:KaibaA2","floor":24,"turns":2},{"damage":0,"enemies":"Snake Plant","floor":27,"turns":4},{"damage":23,"enemies":"Gremlin Leader","floor":28,"turns":3},{"damage":22,"enemies":"Shelled Parasite and Fungi","floor":29,"turns":11},{"damage":31,"enemies":"Slavers","floor":30,"turns":5},{"damage":18,"enemies":"Sentry and Sphere","floor":31,"turns":7},{"damage":55,"enemies":"Automaton","floor":33,"turns":6}],"seed_played":"6636730613035891566","potions_obtained":[{"floor":1,"key":"theDuelist:FlamingBottle"},{"floor":8,"key":"Doom Potion"},{"floor":10,"key":"DuplicationPotion"},{"floor":11,"key":"theDuelist:SteelBrew"},{"floor":27,"key":"EntropicBrew"},{"floor":29,"key":"theDuelist:BigTributeBottle"}],"is_trial":false,"path_per_floor":["M","?","M","$","M","E","R","E","T","M","E","M","R","M","R","B",null,"M","?","?","M","?","R","E","R","T","M","E","M","E","M","R","B"],"character_chosen":"THE_DUELIST","items_purchased":[],"campfire_rested":1,"item_purchase_floors":[],"current_hp_per_floor":[78,60,60,60,54,44,44,41,41,54,65,69,69,75,75,74,74,68,68,68,70,64,64,68,68,68,66,43,45,20,8,25,0,0],"gold":613,"neow_bonus":"HUNDRED_GOLD","is_daily":false,"chose_seed":false,"campfire_upgraded":5,"win_rate":0.0,"timestamp":1613944718,"path_taken":["M","?","M","$","M","E","R","E","T","M","E","M","R","M","R","BOSS","M","?","?","?","?","R","E","R","T","M","E","M","E","M","R","BOSS"],"items_purchased_type":[],"build_version":"2020-12-22","purchased_purges":1,"victory":false,"max_hp_per_floor":[80,80,80,80,80,80,80,80,80,80,80,78,78,76,76,74,74,72,72,72,70,70,70,68,68,68,66,64,62,60,58,58,58,58],"card_choices":[{"not_picked":["theDuelist:SangaThunder","theDuelist:LordD","theDuelist:Spore","theDuelist:SpellShatteringArrow"],"picked":"theDuelist:CallAtlanteans","floor":1},{"not_picked":["theDuelist:ExodiaRA","theDuelist:BreakDraw"],"picked":"theDuelist:LostBlueBreaker","floor":3},{"not_picked":["theDuelist:DarkOrbCard","theDuelist:SmokeOrbCard","theDuelist:CrystalOrbCard","theDuelist:WhiteOrbCard"],"picked":"theDuelist:SunOrbCard","floor":5},{"not_picked":["theDuelist:MeteorDestruction","theDuelist:CoreBlaster","theDuelist:CombinationAttack","theDuelist:LegendaryExodia"],"picked":"theDuelist:InjectionFairy","floor":6},{"not_picked":["theDuelist:DarkMagician","theDuelist:Hinotama","theDuelist:DoubleTool","theDuelist:GuardianAngel"],"picked":"theDuelist:BigFire","floor":8},{"not_picked":["theDuelist:CallAtlanteans"],"picked":"SKIP","floor":10},{"not_picked":["theDuelist:EarthquakeGiant","theDuelist:PotGenerosity","theDuelist:UltraPolymerization","theDuelist:YamiForm"],"picked":"theDuelist:FluteKuriboh","floor":11},{"not_picked":["theDuelist:ExodiaNecross","theDuelist:ExodiaRA","theDuelist:ExodiaLL","theDuelist:ExodiaLA","theDuelist:ExodiaHead"],"picked":"SKIP","floor":12},{"not_picked":["theDuelist:Fissure","theDuelist:FuryFire","theDuelist:LightningRodLord","theDuelist:LightningVortex"],"picked":"theDuelist:MillenniumGolem","floor":14},{"not_picked":["theDuelist:ExodiaHead","theDuelist:RainbowMagician","theDuelist:Wildfire","theDuelist:KamionTimelord"],"picked":"theDuelist:ThousandEyesRestrict","floor":16},{"not_picked":["theDuelist:Hinotama","theDuelist:CallAtlanteans","theDuelist:LordD+1","theDuelist:MeteorDestruction+1"],"picked":"theDuelist:Downbeat","floor":18},{"not_picked":["theDuelist:DarkBurningAttack","theDuelist:BlizzardWarrior+1","theDuelist:AltarTribute","theDuelist:MagiciansRod"],"picked":"theDuelist:BigFire+1","floor":21},{"not_picked":["theDuelist:MeteorDestruction+1","theDuelist:RainbowNeos","theDuelist:ExodiaRL","theDuelist:PotDichotomy"],"picked":"theDuelist:Illusionist","floor":24},{"not_picked":["theDuelist:IcyCrevasse","theDuelist:Predaponics+1","theDuelist:FairyBox","theDuelist:Downbeat+1"],"picked":"theDuelist:WingedKuribohLv9","floor":27},{"not_picked":["theDuelist:NeoMagic+1","theDuelist:Spore","theDuelist:Invigoration+1","theDuelist:CrossSwordBeetle"],"picked":"theDuelist:AltarTribute","floor":28},{"not_picked":["theDuelist:ApprenticeIllusionMagician","theDuelist:Illusionist","theDuelist:GuardianAngel","theDuelist:FrontierWiseman+1"],"picked":"theDuelist:GeminiElf+1","floor":29},{"not_picked":["theDuelist:FrontierWiseman+1","theDuelist:BlackPendant+1","theDuelist:Tuningware+1","theDuelist:PreventRat","theDuelist:PotDichotomy+1"],"picked":"SKIP","floor":30},{"not_picked":["theDuelist:MagnumShield+1","theDuelist:DarkBurningMagic+1","theDuelist:BattleFootballer","theDuelist:LightLaser+1"],"picked":"theDuelist:RainbowKuriboh","floor":31}],"player_experience":61996,"relics_obtained":[{"floor":6,"key":"ReplayTheSpireMod:Lightbulb"},{"floor":8,"key":"Magic Flower"},{"floor":9,"key":"Bottled Flame"},{"floor":11,"key":"PreservedInsect"},{"floor":24,"key":"theDuelist:BoosterPackSpellEgg"},{"floor":26,"key":"theDuelist:MetronomeRelicB"},{"floor":28,"key":"Blue Doll"},{"floor":30,"key":"ReplayTheSpireMod:Ninjato"}],"event_choices":[{"damage_healed":0,"gold_gain":0,"player_choice":"Success","damage_taken":18,"relics_obtained":["Mummified Hand"],"max_hp_gain":0,"max_hp_loss":0,"event_name":"Scrap Ooze","floor":2,"gold_loss":0},{"damage_healed":0,"gold_gain":0,"player_choice":"Leave","duelist":true,"damage_taken":0,"max_hp_gain":0,"max_hp_loss":0,"event_name":"Relic Duplicator","floor":19,"gold_loss":0},{"damage_healed":0,"gold_gain":0,"player_choice":"Opened","damage_taken":0,"relics_obtained":["Lantern"],"max_hp_gain":0,"max_hp_loss":0,"event_name":"The Mausoleum","floor":20,"gold_loss":0},{"damage_healed":0,"gold_gain":0,"player_choice":"Dig - random Duelist relic","duelist":true,"damage_taken":0,"max_hp_gain":0,"max_hp_loss":0,"event_name":"Aknamkanon\u0027s Tomb","floor":22,"gold_loss":0}],"is_beta":false,"boss_relics":[{"not_picked":["Ring of Chaos","Runic Dome"],"picked":"Inserter"}],"items_purged_floors":[4],"is_endless":false,"potions_floor_spawned":[1,8,10,11,14,21,27,29],"killed_by":"Automaton","ascension_level":3}}