{"host":"17xjy7b7ubl548g2","time":1613870730,"event":{"mods":["2.2 Compatiblity","Act Like it!","Aspiration","Astrologer","Bard","BaseMod","Challenge The Spire","ChefMod","Colored Map","Colored Powertips","Conspire","Elementarium","Energized Spire","Gensokyo","GifTheSpireLib","Halation","Hallownest","Hermit","Hubris","Infinite Spire","Jedi Mod","Jorbs\u0027s Wanderer Trilogy","Marisa（霧雨　魔理沙）","Marked Mod","Menagerie","Minty Spire (QoL Compilation)","Permanent Neow","Reliquary","Replay The Spire","Robot Space Explorer","Ruina","Shapeshifter Mod","Spicy Shops","Spire Arcade","StSLib","Stuff the Spire","The Blue Laboratory","The Bug Knight","The Construct","The Disciple","The Hayseed","The Hierophant","The Marked","The Runesmith","The Sage","TheFirefly"],"gold_per_floor":[111,136,162,162,199,217,217],"floor_reached":6,"language":"ENG","playtime":715,"items_purged":[],"score":40,"play_id":"908a7f53-df2d-46cf-bd5a-3caa97a705e0","local_time":"20210220202530","is_ascension_mode":true,"campfire_choices":[],"circlet_count":0,"master_deck":["StSShapeShifter:ShapeShifter_Strike","StSShapeShifter:ShapeShifter_Strike","StSShapeShifter:ShapeShifter_Strike","StSShapeShifter:ShapeShifter_Defend","StSShapeShifter:ShapeShifter_Defend","StSShapeShifter:ShapeShifter_Defend","StSShapeShifter:ShapeShifter_Defend","StSShapeShifter:Tortoise_Form","StSShapeShifter:Lynx_Form","StSShapeShifter:HydraForm","StSShapeShifter:FoxForm","StSShapeShifter:Wildfire2","StSShapeShifter:Rabid","Choke","Dash","Catalyst","StSShapeShifter:ThornToss"],"relics":["StSShapeShifter:AnimalHeart","StSShapeShifter:TheShapeShiftersMagnolia"],"acts_visited":["Exordium"],"potions_floor_usage":[6],"damage_taken":[{"damage":5,"enemies":"Menagerie:StygianBoar","floor":1,"turns":4},{"damage":0,"enemies":"Menagerie:2_RABBITS","floor":2,"turns":4},{"damage":0,"enemies":"Menagerie:WhisperingWraith","floor":3,"turns":4},{"damage":2,"enemies":"Menagerie:MENAGERIE_WILDLIFE","floor":5,"turns":4},{"damage":13,"enemies":"Menagerie:MaskedSummoner","floor":6,"turns":8}],"seed_played":"-5516415098745601389","potions_obtained":[{"floor":1,"key":"blueLaboratory:AbyssPotion"},{"floor":5,"key":"blueLaboratory:SavagePotion"}],"is_trial":false,"path_per_floor":["M","M","M","?","M","E"],"character_chosen":"SHAPESHIFTER","items_purchased":[],"campfire_rested":0,"item_purchase_floors":[],"current_hp_per_floor":[66,66,66,66,64,51,51],"gold":217,"neow_bonus":"THREE_RARE_CARDS","is_daily":false,"chose_seed":false,"campfire_upgraded":0,"win_rate":0.0,"timestamp":1613870730,"path_taken":["M","?","M","?","M","E"],"items_purchased_type":[],"build_version":"2020-12-22","purchased_purges":0,"victory":false,"max_hp_per_floor":[71,71,71,71,71,71,71],"card_choices":[{"not_picked":["StSShapeShifter:Sap_Burst","StSShapeShifter:Forgiveness"],"picked":"StSShapeShifter:HydraForm","floor":0},{"not_picked":["StSShapeShifter:BearForm","StSShapeShifter:BaskInBloom"],"picked":"StSShapeShifter:FoxForm","floor":1},{"not_picked":["StSShapeShifter:DiverseSpirit","StSShapeShifter:LeapingSlash"],"picked":"StSShapeShifter:Wildfire2","floor":2},{"not_picked":["StSShapeShifter:DeerForm","StSShapeShifter:FlowerShield"],"picked":"StSShapeShifter:Rabid","floor":3},{"not_picked":["StSShapeShifter:RatForm","StSShapeShifter:AdaptiveStrikes"],"picked":"StSShapeShifter:ThornToss","floor":5}],"player_experience":2228111,"relics_obtained":[],"event_choices":[],"is_beta":false,"boss_relics":[],"items_purged_floors":[],"is_endless":false,"potions_floor_spawned":[1,5],"killed_by":"Menagerie:MaskedSummoner","ascension_level":1}}