{"host":"82qk6ob05uum3zoi","time":1613945402,"event":{"mods":["Act Like it!","BaseMod","BetterRewards","Minty Spire (QoL Compilation)","Reliquary","Robot Space Explorer","Ruina","StSLib","The Cursed"],"gold_per_floor":[115,115,115,126,141,170,170,18,18,45,45,59,123,143,143,245,245,245,245],"floor_reached":18,"language":"ENG","playtime":864,"items_purged":[],"score":196,"play_id":"60caa915-25ac-4c88-9727-870f72059d49","local_time":"20210222111002","is_ascension_mode":true,"campfire_choices":[{"floor":7.0,"key":"REST"},{"floor":11.0,"key":"RECALL"},{"floor":15.0,"key":"REST"}],"circlet_count":0,"master_deck":["Strike_G","Strike_G","Strike_G","Strike_G","Strike_G","Defend_G","Defend_G","Defend_G","Defend_G","Defend_G","Survivor","Neutralize","Noxious Fumes","Escape Plan","Expertise","Dash","Noxious Fumes","Slice","Dagger Spray","Glass Knife"],"relics":["Ring of the Snake","Unceasing Top","reliquary:FingerTrap","reliquary:PorcupineQuills","Boot","Velvet Choker","Frozen Eye"],"acts_visited":["Exordium","Exordium"],"potions_floor_usage":[],"damage_taken":[{"damage":0.0,"enemies":"2 Louse","floor":1.0,"turns":4.0},{"damage":6.0,"enemies":"Jaw Worm","floor":4.0,"turns":6.0},{"damage":0.0,"enemies":"Cultist","floor":5.0,"turns":5.0},{"damage":35.0,"enemies":"3 Sentries","floor":6.0,"turns":9.0},{"damage":26.0,"enemies":"Gremlin Nob","floor":10.0,"turns":5.0},{"damage":3.0,"enemies":"Gremlin Gang","floor":12.0,"turns":5.0},{"damage":23.0,"enemies":"Lagavulin Event","floor":13.0,"turns":7.0},{"damage":1.0,"enemies":"2 Fungi Beasts","floor":14.0,"turns":3.0},{"damage":28.0,"enemies":"Slime Boss","floor":16.0,"turns":11.0},{"damage":0,"enemies":"ruina:2_Scarecrows","floor":18,"turns":1}],"seed_played":"-1033234970559216189","potions_obtained":[{"floor":1.0,"key":"Energy Potion"},{"floor":5.0,"key":"SteroidPotion"},{"floor":10.0,"key":"EssenceOfSteel"}],"is_trial":false,"path_per_floor":["M","?","$","M","M","E","R","$","T","E","R","M","?","M","R","B",null,"M"],"character_chosen":"THE_SILENT","items_purchased":["reliquary:FingerTrap"],"campfire_rested":2,"item_purchase_floors":[8],"current_hp_per_floor":[77,77,77,71,71,36,59,59,59,33,33,30,7,6,29,1,77,77,77],"gold":245,"neow_bonus":"TEN_PERCENT_HP_BONUS","is_daily":false,"chose_seed":false,"campfire_upgraded":0,"win_rate":0.0,"timestamp":1613945402,"path_taken":["M","?","?","?","?","E","R","$","T","E","R","M","?","M","R","BOSS","M"],"items_purchased_type":["Relic"],"build_version":"2020-12-22","purchased_purges":0,"victory":false,"max_hp_per_floor":[77,77,77,77,77,77,77,77,77,77,77,77,77,77,77,77,77,77,77],"card_choices":[{"not_picked":["Underhanded Strike","Bane"],"picked":"Noxious Fumes","floor":1.0},{"not_picked":["Cloak And Dagger","Tactician"],"picked":"Escape Plan","floor":4.0},{"not_picked":["Skewer","Cloak And Dagger","Concentrate"],"picked":"SKIP","floor":5.0},{"not_picked":["Phantasmal Killer","Acrobatics"],"picked":"Expertise","floor":6.0},{"not_picked":["Eviscerate","PiercingWail"],"picked":"Dash","floor":10.0},{"not_picked":["Masterful Stab","Prepared"],"picked":"Noxious Fumes","floor":12.0},{"not_picked":["Calculated Gamble","Distraction"],"picked":"Slice","floor":13.0},{"not_picked":["Predator","Dagger Throw"],"picked":"Dagger Spray","floor":14.0},{"not_picked":["Adrenaline","Die Die Die"],"picked":"Glass Knife","floor":16.0}],"player_experience":448338,"relics_obtained":[{"floor":6.0,"key":"Unceasing Top"},{"floor":10.0,"key":"reliquary:PorcupineQuills"},{"floor":13.0,"key":"Boot"}],"event_choices":[{"damage_healed":0.0,"max_hp_gain":0.0,"max_hp_loss":0.0,"gold_gain":0.0,"event_name":"Liars Game","player_choice":"Ignored","floor":2.0,"gold_loss":0.0,"damage_taken":0.0},{"damage_healed":0.0,"max_hp_gain":0.0,"max_hp_loss":0.0,"gold_gain":0.0,"event_name":"Dead Adventurer","player_choice":"Searched \u00272\u0027 times","floor":13.0,"gold_loss":0.0,"damage_taken":0.0}],"is_beta":false,"boss_relics":[{"not_picked":["reliquary:WritOfMandamus","Tiny House"],"picked":"Velvet Choker"}],"items_purged_floors":[],"is_endless":false,"potions_floor_spawned":[1,5,10],"killed_by":"ruina:2_Scarecrows","ascension_level":3}}