{"host":"jz4ul6vrcxqkcr33","time":1613932765,"event":{"mods":["BaseMod","Minty Spire (QoL Compilation)","StSLib"],"gold_per_floor":[112,287,287,302,319,319,347,366,366,0,12,12,40,53,53,155,155,173,189,189,201,49,75,90,90,90,117,131,148,183,212,212,317,317,341,89,89,98,117,159,185,219,219,256,290,7,26,68,68,68,68,68,43,70,70],"floor_reached":56,"language":"ENG","playtime":3111,"items_purged":["Doubt","Strike_G"],"score":1899,"play_id":"c3a94cac-edb6-4f89-a183-0f06069c21b0","local_time":"20210221133925","is_ascension_mode":true,"campfire_choices":[{"data":"Adrenaline","floor":6.0,"key":"SMITH"},{"floor":12.0,"key":"REST"},{"data":"Storm of Steel","floor":15.0,"key":"SMITH"},{"data":"Glass Knife","floor":25.0,"key":"SMITH"},{"data":"Neutralize","floor":32.0,"key":"SMITH"},{"floor":49.0,"key":"RECALL"},{"data":"Footwork","floor":52,"key":"SMITH"}],"circlet_count":0,"master_deck":["Strike_G","Strike_G","Strike_G","Strike_G+1","Defend_G","Defend_G","Defend_G","Defend_G","Defend_G+1","Survivor+1","Neutralize+1","Dramatic Entrance+1","Sucker Punch","Cloak And Dagger","Adrenaline+1","Backflip","Quick Slash+1","Storm of Steel+1","Dodge and Roll+1","Glass Knife+1","Phantasmal Killer+1","Choke+1","Calculated Gamble+1","Acrobatics+1","Night Terror+1","Footwork+1","Malaise+1","Quick Slash+1","Prepared+1","Malaise+1","Acrobatics+1","Unload","Eviscerate+1","Dark Shackles+1","Tactician+1","Choke+1","Dagger Spray+1","Tools of the Trade+1","Burst+1","Tactician+1","Calculated Gamble+1","Cloak And Dagger+1","Accuracy+1"],"relics":["Ring of the Snake","Tough Bandages","Ornamental Fan","Bag of Marbles","Toxic Egg 2","HoveringKite","Nloth\u0027s Gift","Blood Vial","InkBottle","MealTicket","Omamori","CeramicFish","WristBlade","Lantern","Juzu Bracelet","Frozen Egg 2","MawBank","Nunchaku","Whetstone","Snake Skull","Pear"],"acts_visited":["Exordium","TheCity","TheBeyond","TheEnding"],"potions_floor_usage":[54,55,55],"damage_taken":[{"damage":2.0,"enemies":"Jaw Worm","floor":1.0,"turns":4.0},{"damage":0.0,"enemies":"Cultist","floor":4.0,"turns":3.0},{"damage":0.0,"enemies":"2 Louse","floor":5.0,"turns":2.0},{"damage":25.0,"enemies":"Gremlin Nob","floor":7.0,"turns":5.0},{"damage":0.0,"enemies":"2 Fungi Beasts","floor":8.0,"turns":2.0},{"damage":0.0,"enemies":"Looter","floor":11.0,"turns":1.0},{"damage":16.0,"enemies":"Lagavulin","floor":13.0,"turns":9.0},{"damage":0.0,"enemies":"Lots of Slimes","floor":14.0,"turns":1.0},{"damage":20.0,"enemies":"The Guardian","floor":16.0,"turns":14.0},{"damage":6.0,"enemies":"Spheric Guardian","floor":18.0,"turns":4.0},{"damage":0.0,"enemies":"3 Byrds","floor":19.0,"turns":3.0},{"damage":4.0,"enemies":"Cultist and Chosen","floor":21.0,"turns":4.0},{"damage":0.0,"enemies":"Gremlin Leader","floor":23.0,"turns":2.0},{"damage":1.0,"enemies":"Snake Plant","floor":24.0,"turns":2.0},{"damage":3.0,"enemies":"Slavers","floor":27.0,"turns":2.0},{"damage":0.0,"enemies":"Sentry and Sphere","floor":28.0,"turns":3.0},{"damage":0.0,"enemies":"3 Cultists","floor":29.0,"turns":2.0},{"damage":4.0,"enemies":"Book of Stabbing","floor":30.0,"turns":3.0},{"damage":0.0,"enemies":"Shelled Parasite and Fungi","floor":31.0,"turns":3.0},{"damage":39.0,"enemies":"Champ","floor":33.0,"turns":6.0},{"damage":0.0,"enemies":"3 Darklings","floor":35.0,"turns":2.0},{"damage":0.0,"enemies":"Orb Walker","floor":39.0,"turns":1.0},{"damage":0.0,"enemies":"Giant Head","floor":40.0,"turns":5.0},{"damage":5.0,"enemies":"4 Shapes","floor":41.0,"turns":4.0},{"damage":0.0,"enemies":"Reptomancer","floor":42.0,"turns":3.0},{"damage":0.0,"enemies":"Giant Head","floor":44.0,"turns":4.0},{"damage":1.0,"enemies":"Writhing Mass","floor":45.0,"turns":6.0},{"damage":6.0,"enemies":"Maw","floor":47.0,"turns":4.0},{"damage":0.0,"enemies":"Reptomancer","floor":48.0,"turns":2.0},{"damage":3,"enemies":"Awakened One","floor":50,"turns":10},{"damage":4,"enemies":"Shield and Spear","floor":54,"turns":3},{"damage":55,"enemies":"The Heart","floor":55,"turns":8}],"seed_played":"-740258161517574451","potions_obtained":[{"floor":4.0,"key":"DistilledChaos"},{"floor":11.0,"key":"BlessingOfTheForge"},{"floor":14.0,"key":"Regen Potion"},{"floor":16.0,"key":"Poison Potion"},{"floor":21.0,"key":"CunningPotion"},{"floor":23.0,"key":"LiquidBronze"},{"floor":27.0,"key":"PowerPotion"},{"floor":28.0,"key":"AttackPotion"},{"floor":33.0,"key":"GamblersBrew"},{"floor":40.0,"key":"EssenceOfSteel"},{"floor":41.0,"key":"PowerPotion"},{"floor":47.0,"key":"LiquidMemories"}],"is_trial":false,"path_per_floor":["M","?","?","M","M","R","E","M","T","$","M","R","E","M","R","B",null,"M","M","?","M","$","E","M","R","T","E","M","M","E","M","R","B",null,"M","$","?","?","M","E","M","E","T","E","M","$","M","E","R","B",null,"R","$","E","B",null],"character_chosen":"THE_SILENT","items_purchased":["War Paint","Bag of Marbles","Blood Vial","Lantern","Nunchaku","Whetstone","Accuracy+1"],"campfire_rested":1,"item_purchase_floors":[10,10,22,36,46,46,53],"current_hp_per_floor":[61,61,61,61,61,61,36,36,36,36,36,57,41,41,41,36,62,56,56,56,52,52,54,55,55,55,54,56,58,56,58,58,21,58,60,70,66,66,66,66,61,63,63,65,65,66,60,62,62,61,65,65,66,72,19],"gold":70,"neow_bonus":"RANDOM_COLORLESS","is_daily":false,"chose_seed":false,"campfire_upgraded":5,"win_rate":0.0,"timestamp":1613932765,"path_taken":["M","?","?","M","M","R","E","M","T","$","M","R","E","M","R","BOSS","M","?","?","M","$","E","M","R","T","E","?","M","E","M","R","BOSS","M","$","?","?","M","E","M","E","T","E","M","$","M","E","R","BOSS","R","$","E","BOSS"],"items_purchased_type":["Relic","Relic","Relic","Relic","Relic","Relic","Card"],"build_version":"2020-12-13","purchased_purges":2,"victory":true,"max_hp_per_floor":[70,70,70,70,70,70,70,70,70,70,70,70,70,70,70,70,70,70,70,70,70,70,70,70,70,70,70,70,70,70,70,70,70,70,70,70,66,66,66,66,66,66,66,66,66,66,66,66,66,66,66,66,66,76,76],"card_choices":[{"not_picked":["Deep Breath","Jack Of All Trades"],"picked":"Dramatic Entrance","floor":0.0},{"not_picked":["Prepared","Dagger Spray"],"picked":"Sucker Punch","floor":1.0},{"not_picked":["Leg Sweep","Deadly Poison"],"picked":"Cloak And Dagger","floor":4.0},{"not_picked":["Prepared","Infinite Blades"],"picked":"Adrenaline","floor":5.0},{"not_picked":["Distraction","Dagger Spray"],"picked":"Backflip","floor":7.0},{"not_picked":["Dodge and Roll","PiercingWail"],"picked":"Quick Slash","floor":8.0},{"not_picked":["Bane","Calculated Gamble"],"picked":"Storm of Steel","floor":11.0},{"not_picked":["Backflip+1","Eviscerate"],"picked":"Dodge and Roll+1","floor":13.0},{"not_picked":["Bane","Flechettes"],"picked":"Glass Knife","floor":14.0},{"not_picked":["Corpse Explosion+1","Wraith Form v2"],"picked":"Phantasmal Killer+1","floor":16.0},{"not_picked":["All Out Attack+1","Bane"],"picked":"Choke+1","floor":18.0},{"not_picked":["Concentrate+1","Underhanded Strike"],"picked":"Calculated Gamble+1","floor":19.0},{"not_picked":["Bullet Time+1","Outmaneuver+1"],"picked":"Acrobatics+1","floor":21.0},{"not_picked":["Poisoned Stab","Dash+1"],"picked":"Night Terror+1","floor":23.0},{"not_picked":["Finisher","Catalyst+1"],"picked":"Footwork","floor":24.0},{"not_picked":["Predator","Setup+1"],"picked":"Malaise+1","floor":27.0},{"not_picked":["Masterful Stab","Concentrate+1"],"picked":"Quick Slash+1","floor":28.0},{"not_picked":["Sucker Punch","Deadly Poison+1"],"picked":"Prepared+1","floor":29.0},{"not_picked":["Glass Knife","Distraction+1"],"picked":"Malaise+1","floor":30.0},{"not_picked":["Sucker Punch","Slice+1"],"picked":"Acrobatics+1","floor":31.0},{"not_picked":["Grand Finale","Envenom"],"picked":"Unload","floor":33.0},{"not_picked":["Backflip+1","Setup+1"],"picked":"Eviscerate+1","floor":35.0},{"not_picked":["Forethought+1","Impatience+1"],"picked":"Dark Shackles+1","floor":38.0},{"not_picked":["Deadly Poison+1","Distraction+1"],"picked":"Tactician+1","floor":39.0},{"not_picked":["Dodge and Roll+1","Masterful Stab+1"],"picked":"Choke+1","floor":40.0},{"not_picked":["Well Laid Plans","Finisher"],"picked":"Dagger Spray+1","floor":41.0},{"not_picked":["Underhanded Strike","Choke"],"picked":"Tools of the Trade+1","floor":42.0},{"not_picked":["Riddle With Holes","Well Laid Plans+1"],"picked":"Burst+1","floor":44.0},{"not_picked":["Underhanded Strike+1","Crippling Poison+1"],"picked":"Tactician+1","floor":45.0},{"not_picked":["Deadly Poison+1","Prepared+1"],"picked":"Calculated Gamble+1","floor":47.0},{"not_picked":["Footwork+1","Riddle With Holes"],"picked":"Cloak And Dagger+1","floor":48.0},{"not_picked":["Masterful Stab+1","Grand Finale","Dagger Spray"],"picked":"SKIP","floor":54}],"player_experience":266251,"relics_obtained":[{"floor":7.0,"key":"Tough Bandages"},{"floor":9.0,"key":"Ornamental Fan"},{"floor":13.0,"key":"Toxic Egg 2"},{"floor":23.0,"key":"InkBottle"},{"floor":26.0,"key":"MealTicket"},{"floor":27.0,"key":"Omamori"},{"floor":30.0,"key":"CeramicFish"},{"floor":40.0,"key":"Juzu Bracelet"},{"floor":42.0,"key":"Frozen Egg 2"},{"floor":44.0,"key":"MawBank"},{"floor":48.0,"key":"Snake Skull"},{"floor":54,"key":"Pear"}],"event_choices":[{"damage_healed":0.0,"max_hp_gain":0.0,"max_hp_loss":0.0,"gold_gain":175.0,"event_name":"Liars Game","player_choice":"AGREE","floor":2.0,"gold_loss":0.0,"damage_taken":0.0,"cards_obtained":["Doubt"]},{"damage_healed":0.0,"max_hp_gain":0.0,"max_hp_loss":0.0,"gold_gain":0.0,"event_name":"Upgrade Shrine","player_choice":"Upgraded","floor":3.0,"gold_loss":0.0,"damage_taken":0.0,"cards_upgraded":["Dramatic Entrance"]},{"damage_healed":0.0,"max_hp_gain":0.0,"max_hp_loss":0.0,"gold_gain":0.0,"event_name":"N\u0027loth","player_choice":"Traded Relic","floor":20.0,"relics_lost":["War Paint"],"gold_loss":0.0,"damage_taken":0.0,"relics_obtained":["Nloth\u0027s Gift"]},{"damage_healed":0.0,"max_hp_gain":0.0,"max_hp_loss":4.0,"gold_gain":0.0,"event_name":"Winding Halls","player_choice":"Max HP","floor":37.0,"gold_loss":0.0,"damage_taken":0.0},{"damage_healed":0.0,"max_hp_gain":0.0,"max_hp_loss":0.0,"gold_gain":0.0,"event_name":"SensoryStone","player_choice":"Memory 1","floor":38.0,"gold_loss":0.0,"damage_taken":0.0}],"is_beta":false,"boss_relics":[{"not_picked":["Calling Bell","Runic Pyramid"],"picked":"HoveringKite"},{"not_picked":["Velvet Choker","Sozu"],"picked":"WristBlade"}],"items_purged_floors":[10,36],"is_endless":false,"potions_floor_spawned":[4,11,14,16,21,23,27,28,29,33,40,41,47],"ascension_level":7}}