{"host":"fwdkxxz7291ipt0p","time":1613895403,"event":{"mods":["Act Like it!","BaseMod","Downfall","Minty Spire (QoL Compilation)","Relic Filter Mod","Relic Stats","StSLib","The Administrix","The Cursed","Yakumo Yukari mod","Youmu£®ªÍ∆«—˝√Œ£©"],"gold_per_floor":[134,134,148,53,66,100,100,127,127,127,144,144,43,63,63,160,160,179,199,212,67,78,78,105,124,149,149,164,189,205,218,218,322,322,340,360,409,421,53,53,53,53,103,103,121,121,121,138,138,138],"floor_reached":51,"language":"ZHS","playtime":4465,"items_purged":["AT_purpleEX","AT_purpleEX"],"score":726,"play_id":"4d19fd02-fe9f-4d9b-b9e0-87a05ecf3c1e","local_time":"20210221161643","is_ascension_mode":false,"campfire_choices":[{"data":"Nest_LightFlightworm_purple","floor":7.0,"key":"SMITH"},{"data":"Observe_purple_2","floor":10.0,"key":"SMITH"},{"data":"WeekHit_purple","floor":15.0,"key":"SMITH"},{"data":"OmniscientAndOmnipotent_Monster_purple","floor":23.0,"key":"SMITH"},{"data":"Umbrella_purple","floor":27.0,"key":"SMITH"},{"data":"Charmbait_purple","floor":32.0,"key":"SMITH"},{"data":"D_absorption_purple","floor":40,"key":"SMITH"},{"data":"Observe_purple_1","floor":42,"key":"SMITH"},{"data":"UniverseChoice_purple","floor":44,"key":"SMITH"},{"data":"ExternalForce_HighSpeedFlying_purple","floor":46,"key":"SMITH"},{"data":"MonsterNeedle_purple","floor":49,"key":"SMITH"}],"circlet_count":0,"master_deck":["AT_purpleEX","AT_purpleEX","Defend_purpleEX","Defend_purpleEX","Defend_purpleEX","Observe_purple_1+1","Observe_purple_2+1","Umbrella_purple+1","WeekHit_purple+1","OmniscientAndOmnipotent_Monster_purple+1","ExternalForce_HighSpeedFlying_purple+1","Nest_LightFlightworm_purple+1","Mirror_FormAndEmptin_purple","MeetDecomposer_purple","DimensionStaggered_purple","StateErode_purple","Mirror_FormAndEmptin_purple+1","Boundary_LifeAndDeath_purple","Charmbait_purple+1","DimensionStaggered_purple","Nest_LightFlightworm_purple+1","D_absorption_purple+1","Erosivefilter_purple+1","CommonSense_AntiCommonSense_purple","MonsterNeedle_purple+1"],"relics":["Boundary_crack","Memoryfragments_purpleEX","Meat on the Bone","Pocketwatch","Unceasing Top","Coffee Dripper","Regal Pillow","Blood Vial","Darkstone Periapt","Busted Crown","Shovel","Oddly Smooth Stone","Dream Catcher"],"acts_visited":["Exordium","TheCity","TheBeyond"],"potions_floor_usage":[50],"damage_taken":[{"damage":8.0,"enemies":"Jaw Worm","floor":1.0,"turns":5.0},{"damage":0.0,"enemies":"Cultist","floor":3.0,"turns":3.0},{"damage":2.0,"enemies":"2 Louse","floor":5.0,"turns":2.0},{"damage":38.0,"enemies":"3 Sentries","floor":6.0,"turns":7.0},{"damage":22.0,"enemies":"Gremlin Nob","floor":8.0,"turns":3.0},{"damage":3.0,"enemies":"Gremlin Gang","floor":11.0,"turns":2.0},{"damage":0.0,"enemies":"Looter","floor":14.0,"turns":2.0},{"damage":0.0,"enemies":"Hexaghost","floor":16.0,"turns":6.0},{"damage":4.0,"enemies":"2 Thieves","floor":18.0,"turns":3.0},{"damage":0.0,"enemies":"Spheric Guardian","floor":19.0,"turns":4.0},{"damage":0.0,"enemies":"Cultist and Chosen","floor":20.0,"turns":3.0},{"damage":0.0,"enemies":"Sentry and Sphere","floor":22.0,"turns":2.0},{"damage":23.0,"enemies":"Book of Stabbing","floor":24.0,"turns":3.0},{"damage":0.0,"enemies":"Shelled Parasite and Fungi","floor":25.0,"turns":2.0},{"damage":17.0,"enemies":"Snecko","floor":28.0,"turns":4.0},{"damage":15.0,"enemies":"Gremlin Leader","floor":29.0,"turns":4.0},{"damage":19.0,"enemies":"Snake Plant","floor":30.0,"turns":3.0},{"damage":0.0,"enemies":"Cultist and Chosen","floor":31.0,"turns":3.0},{"damage":43.0,"enemies":"Automaton","floor":33.0,"turns":7.0},{"damage":0.0,"enemies":"3 Darklings","floor":35.0,"turns":4.0},{"damage":0.0,"enemies":"3 Shapes","floor":36.0,"turns":2.0},{"damage":6.0,"enemies":"2 Orb Walkers","floor":37.0,"turns":3.0},{"damage":5.0,"enemies":"Sphere and 2 Shapes","floor":38.0,"turns":3.0},{"damage":0,"enemies":"3 Darklings","floor":45,"turns":3},{"damage":0,"enemies":"Writhing Mass","floor":48,"turns":4},{"damage":25,"enemies":"Time Eater","floor":50,"turns":9}],"seed_played":"-6642091739572310134","potions_obtained":[{"floor":2.0,"key":"AttackPotion"},{"floor":2.0,"key":"SpeedPotion"},{"floor":2.0,"key":"SteroidPotion"},{"floor":6.0,"key":"Fire Potion"},{"floor":11.0,"key":"LiquidBronze"},{"floor":19.0,"key":"FairyPotion"},{"floor":24.0,"key":"FairyPotion"},{"floor":29.0,"key":"Swift Potion"},{"floor":36.0,"key":"AttackPotion"}],"is_trial":false,"path_per_floor":["M","?","M","$","M","E","R","E","T","R","M","?","$","M","R","B",null,"M","M","M","$","M","R","E","M","T","R","M","E","M","M","R","B",null,"M","M","?","M","$","R","$","R","T","R","M","R","?","M","R","B",null],"character_chosen":"Youkari","items_purchased":["OmniscientAndOmnipotent_Monster_purple","ExternalForce_HighSpeedFlying_purple","DimensionStaggered_purple","Boundary_LifeAndDeath_purple","Oddly Smooth Stone","CommonSense_AntiCommonSense_purple","MonsterNeedle_purple"],"campfire_rested":0,"item_purchase_floors":[4,4,13,21,39,39,39],"current_hp_per_floor":[71,71,73,73,72,36,36,26,26,26,39,39,39,42,42,47,77,77,77,77,77,77,77,59,60,60,60,46,34,31,48,48,24,77,77,77,76,76,76,76,76,76,76,76,77,77,77,77,77,57],"gold":138,"neow_bonus":"TEN_PERCENT_HP_BONUS","is_daily":false,"chose_seed":false,"campfire_upgraded":11,"win_rate":0.0,"timestamp":1613895403,"path_taken":["M","?","M","$","?","E","R","E","T","R","M","?","$","M","R","BOSS","M","M","M","$","M","R","E","M","T","R","M","E","M","M","R","BOSS","M","?","?","M","$","R","?","R","T","R","M","R","?","?","R","BOSS"],"items_purchased_type":["Card","Card","Card","Card","Relic","Card","Card"],"build_version":"2020-12-22","purchased_purges":2,"victory":true,"max_hp_per_floor":[77,77,77,77,77,77,77,77,77,77,77,77,77,77,77,77,77,77,77,77,77,77,77,77,77,77,77,77,77,77,77,77,77,77,77,77,77,77,77,77,77,77,77,77,77,77,77,77,77,77],"relic_stats":{"Blood Vial":12,"Darkstone Periapt":0,"Regal Pillow":0,"Dream Catcher":0,"Busted Crown":12,"Shovel":0,"counters":[26,96],"obtain_stats":[{"Darkstone Periapt":29,"Regal Pillow":24,"Oddly Smooth Stone":39,"Boundary_crack":0,"Blood Vial":26,"Dream Catcher":43,"Busted Crown":34,"Shovel":37,"Coffee Dripper":17,"Unceasing Top":9,"Memoryfragments_purpleEX":0,"Meat on the Bone":6,"Pocketwatch":8},{"Darkstone Periapt":16,"Regal Pillow":13,"Oddly Smooth Stone":23,"Boundary_crack":0,"Blood Vial":14,"Dream Catcher":23,"Busted Crown":19,"Shovel":22,"Coffee Dripper":8,"Unceasing Top":5,"Memoryfragments_purpleEX":0,"Meat on the Bone":4,"Pocketwatch":5},{"Darkstone Periapt":55,"Regal Pillow":45,"Oddly Smooth Stone":80,"Boundary_crack":0,"Blood Vial":47,"Dream Catcher":80,"Busted Crown":68,"Shovel":77,"Coffee Dripper":30,"Unceasing Top":20,"Memoryfragments_purpleEX":0,"Meat on the Bone":17,"Pocketwatch":20}],"Unceasing Top":[2],"Meat on the Bone":60,"Pocketwatch":[39]},"card_choices":[{"not_picked":["Shallow_ocean_purpleEX","SharpContractionReality_purple"],"picked":"Umbrella_purple","floor":1.0},{"not_picked":["StateDuplicate_purple","Shallow_ocean_purpleEX"],"picked":"WeekHit_purple","floor":3.0},{"not_picked":["RuptureOfTimeAndSpace_purple","WatchEChange_purple"],"picked":"Nest_LightFlightworm_purple","floor":5.0},{"not_picked":["SfantasyHide_purple","Computing_the_future_purpleEX","MetroBOOM_purple"],"picked":"SKIP","floor":6.0},{"not_picked":["Umbrella_purple","Line_surface_state_purple"],"picked":"Mirror_FormAndEmptin_purple","floor":8.0},{"not_picked":["WangLiang_LineAndCurveDreams_purple","SharpContractionReality_purple"],"picked":"MeetDecomposer_purple","floor":11.0},{"not_picked":["EighthInstrument_OneDividesIntoTwo_purple","StateDuplicate_purple","Shallow_ocean_purpleEX"],"picked":"SKIP","floor":14.0},{"not_picked":["Human_Monster_Realm_purple","Mirror_TwoAndThreeElementRealm_purple"],"picked":"UniverseChoice_purple","floor":16.0},{"not_picked":["SharpContractionReality_purple","RuleDissolution_purple"],"picked":"StateErode_purple","floor":18.0},{"not_picked":["Shallow_ocean_purpleEX+1","Worldmountain_purple"],"picked":"Mirror_FormAndEmptin_purple+1","floor":19.0},{"not_picked":["SfantasyHide_purple","DimensionStaggered_purple","Mirror_FormAndEmptin_purple+1"],"picked":"SKIP","floor":20.0},{"not_picked":["Line_surface_state_purple","WatchEChange_purple","SfantasyHide_purple"],"picked":"SKIP","floor":22.0},{"not_picked":["MagicEyes_LaplaceDemon_purple","Line_surface_state_purple+1"],"picked":"Charmbait_purple","floor":24.0},{"not_picked":["DimensionStaggered_purple","OmniscientAndOmnipotent_Monster_purple","Charmbait_purple+1"],"picked":"SKIP","floor":25.0},{"not_picked":["Fantasy_PerpetualMotionMachine_purple","Boundary_DreamRealityDamnation_purple"],"picked":"DimensionStaggered_purple","floor":28.0},{"not_picked":["Extrememeaning_purpleEX","Umbrella_purple+1"],"picked":"Nest_LightFlightworm_purple+1","floor":29.0},{"not_picked":["ExternalForce_HighSpeedFlying_purple","RuleDissolution_purple","Line_surface_state_purple"],"picked":"SKIP","floor":30.0},{"not_picked":["ExternalForce_HighSpeedFlying_purple","RuleDissolution_purple","Line_surface_state_purple"],"picked":"SKIP","floor":30.0},{"not_picked":["WeekHit_purple+1","Boundary_DynamicStaticEquilibrium_purple","Boundary_ObjectiveBoundary_purple+1"],"picked":"SKIP","floor":31.0},{"not_picked":["MagicEyes_LaplaceDemon_purple","UniverseChoice_purple"],"picked":"D_absorption_purple","floor":33.0},{"not_picked":["Line_surface_state_purple+1"],"picked":"SKIP","floor":35.0},{"not_picked":[],"picked":"Erosivefilter_purple+1","floor":36.0},{"not_picked":["StateErode_purple+1"],"picked":"SKIP","floor":38.0},{"not_picked":["StateErode_purple+1"],"picked":"SKIP","floor":45},{"not_picked":["Mirror_FormAndEmptin_purple"],"picked":"SKIP","floor":48}],"player_experience":582589,"relics_obtained":[{"floor":6.0,"key":"Meat on the Bone"},{"floor":8.0,"key":"Pocketwatch"},{"floor":9.0,"key":"Unceasing Top"},{"floor":24.0,"key":"Regal Pillow"},{"floor":26.0,"key":"Blood Vial"},{"floor":29.0,"key":"Darkstone Periapt"},{"floor":37.0,"key":"Shovel"},{"floor":43,"key":"Dream Catcher"}],"event_choices":[{"damage_healed":0.0,"max_hp_gain":0.0,"max_hp_loss":0.0,"gold_gain":0.0,"event_name":"Lab","player_choice":"Got Potions","floor":2.0,"gold_loss":0.0,"damage_taken":0.0},{"damage_healed":0.0,"max_hp_gain":0.0,"max_hp_loss":0.0,"gold_gain":0.0,"event_name":"NoteForYourself","player_choice":"Ignored","floor":12.0,"gold_loss":0.0,"damage_taken":0.0},{"damage_healed":0.0,"max_hp_gain":0.0,"max_hp_loss":0.0,"gold_gain":0.0,"event_name":"Mysterious Sphere","player_choice":"Fight","floor":37.0,"gold_loss":0.0,"damage_taken":0.0},{"cards_removed":["Defend_purpleEX"],"damage_healed":0,"gold_gain":0,"player_choice":"Offered Basic","damage_taken":0,"max_hp_gain":0,"max_hp_loss":0,"event_name":"Bonfire Elementals","floor":47,"gold_loss":0}],"is_beta":false,"boss_relics":[{"not_picked":["Seventeenyearold_girl_Forever","Runic Dome"],"picked":"Coffee Dripper"},{"not_picked":["Pandora\u0027s Box","Cursed Key"],"picked":"Busted Crown"}],"items_purged_floors":[13,39],"is_endless":false,"potions_floor_spawned":[5,6,11,16,19,24,29,31,36,38,45],"ascension_level":0}}