{"host":"1a8lb11wemezctea","time":1613922576,"event":{"mods":["BaseMod","Colored Powertips","Highlight Path","Minty Spire (QoL Compilation)"],"gold_per_floor":[217,234,184,184,43,43,70,80,154,168,203,214,229,241,241,342,342,358,358,47,47,57,57,57,57],"floor_reached":24,"language":"ENG","playtime":1331,"items_purged":[],"score":284,"play_id":"a4284fe7-e191-473f-9a58-04ee39ffc0f4","local_time":"20210221104936","is_ascension_mode":true,"campfire_choices":[{"data":"Loop","floor":6,"key":"SMITH"},{"data":"Rainbow","floor":15,"key":"SMITH"},{"data":"Loop","floor":23,"key":"SMITH"}],"circlet_count":0,"master_deck":["Strike_B","Strike_B","Strike_B","Defend_B","Defend_B","Defend_B","Defend_B","Zap","Dualcast","Beam Cell","Undo","Reinforced Body","Loop+1","Rainbow+1","Barrage","Streamline","Cold Snap","Ball Lightning","Turbo","Skim","Sweeping Beam","Biased Cognition","Steam+1","Ball Lightning","Panacea","Static Discharge","Loop+1","Go for the Eyes"],"relics":["FrozenCore","Blood Vial","The Courier","Nunchaku","Happy Flower"],"acts_visited":["Exordium","TheCity"],"potions_floor_usage":[11,14,16,21],"damage_taken":[{"damage":8,"enemies":"2 Louse","floor":1,"turns":3},{"damage":2,"enemies":"Jaw Worm","floor":2,"turns":3},{"damage":11,"enemies":"Lagavulin","floor":7,"turns":6},{"damage":0,"enemies":"Cultist","floor":8,"turns":4},{"damage":0,"enemies":"Exordium Wildlife","floor":10,"turns":2},{"damage":24,"enemies":"Gremlin Nob","floor":11,"turns":4},{"damage":9,"enemies":"Exordium Thugs","floor":12,"turns":3},{"damage":1,"enemies":"Blue Slaver","floor":13,"turns":3},{"damage":13,"enemies":"Gremlin Gang","floor":14,"turns":5},{"damage":6,"enemies":"Hexaghost","floor":16,"turns":7},{"damage":10,"enemies":"Chosen","floor":18,"turns":6},{"damage":0,"enemies":"2 Thieves","floor":21,"turns":1},{"damage":16,"enemies":"Centurion and Healer","floor":22,"turns":6},{"damage":44,"enemies":"Gremlin Leader","floor":24,"turns":6}],"seed_played":"-240597805469250162","potions_obtained":[{"floor":8,"key":"EssenceOfDarkness"},{"floor":10,"key":"Swift Potion"},{"floor":11,"key":"LiquidMemories"},{"floor":16,"key":"SmokeBomb"}],"is_trial":false,"path_per_floor":["M","M","?","?","$","R","E","M","T","M","E","M","M","M","R","B",null,"M","?","$","M","M","R","E"],"character_chosen":"DEFECT","items_purchased":["Loop","Rainbow","Panacea","Static Discharge","Loop","Happy Flower"],"campfire_rested":0,"item_purchase_floors":[5,5,20,20,20,20],"current_hp_per_floor":[60,58,58,58,58,58,47,49,49,51,29,22,23,12,12,8,58,50,50,50,52,38,38,0,0],"gold":57,"neow_bonus":"HUNDRED_GOLD","is_daily":false,"chose_seed":false,"campfire_upgraded":3,"win_rate":0.0,"timestamp":1613922576,"path_taken":["M","M","?","?","$","R","E","M","T","M","E","M","?","M","R","BOSS","M","?","?","?","M","R","E"],"items_purchased_type":["Card","Card","Card","Card","Card","Relic"],"build_version":"2020-12-22","purchased_purges":0,"victory":false,"max_hp_per_floor":[75,75,75,75,75,75,75,75,75,75,75,75,75,75,75,75,75,75,75,75,75,75,75,75,75],"card_choices":[{"not_picked":["Leap","Go for the Eyes"],"picked":"Beam Cell","floor":1},{"not_picked":["Hologram","Beam Cell"],"picked":"Undo","floor":2},{"not_picked":["Gash","Rainbow"],"picked":"Barrage","floor":7},{"not_picked":["Skim","Hologram"],"picked":"Streamline","floor":8},{"not_picked":["Auto Shields","Go for the Eyes"],"picked":"Cold Snap","floor":10},{"not_picked":["Barrage","Scrape"],"picked":"Ball Lightning","floor":11},{"not_picked":["Redo","Undo"],"picked":"Turbo","floor":12},{"not_picked":["Compile Driver","Genetic Algorithm"],"picked":"Skim","floor":13},{"not_picked":["Steam","Turbo"],"picked":"Sweeping Beam","floor":14},{"not_picked":["Meteor Strike","Buffer"],"picked":"Biased Cognition","floor":16},{"not_picked":["Reprogram","Force Field"],"picked":"Steam+1","floor":18},{"not_picked":["Streamline","Ball Lightning"],"picked":"Go for the Eyes","floor":22}],"player_experience":281364,"relics_obtained":[{"floor":7,"key":"Blood Vial"},{"floor":9,"key":"The Courier"},{"floor":11,"key":"Nunchaku"}],"event_choices":[{"cards_removed":["Strike_B"],"damage_healed":0,"gold_gain":0,"player_choice":"Card Removal","damage_taken":0,"max_hp_gain":0,"max_hp_loss":0,"event_name":"The Cleric","floor":3,"gold_loss":50},{"damage_healed":0,"gold_gain":0,"player_choice":"1 cards matched","damage_taken":0,"max_hp_gain":0,"max_hp_loss":0,"event_name":"Match and Keep!","floor":4,"gold_loss":0,"cards_obtained":["Reinforced Body"]},{"damage_healed":0,"gold_gain":0,"player_choice":"Copied","damage_taken":0,"max_hp_gain":0,"max_hp_loss":0,"event_name":"Duplicator","floor":19,"gold_loss":0,"cards_obtained":["Ball Lightning"]}],"is_beta":false,"boss_relics":[{"not_picked":["Nuclear Battery","Snecko Eye"],"picked":"FrozenCore"}],"items_purged_floors":[],"is_endless":false,"potions_floor_spawned":[8,10,11,16,21],"killed_by":"Gremlin Leader","ascension_level":7}}