{"host":"b0hicta09nhxha44","time":1613919648,"event":{"mods":["BaseMod","Highlight Path","Minty Spire (QoL Compilation)","Slay-I"],"gold_per_floor":[165,180,54,127,80,80,109,109,109,134,134,134,194,214,214,286,286,298,309,309,328,243,243,85,85,85,85,118,118,118,68,68,141,141,159,159,184,184,198,198,198,198,224,224,251,270,3,29,29,29,29],"floor_reached":50,"language":"ENG","playtime":8473,"items_purged":["Strike_B","Defend_B","Defend_B"],"score":1030,"play_id":"131cab45-6ab9-4942-b57d-992482db2b0b","local_time":"20210221150048","is_ascension_mode":true,"campfire_choices":[{"data":"Sunder","floor":6,"key":"SMITH"},{"data":"Go for the Eyes","floor":8,"key":"SMITH"},{"floor":15,"key":"DIG"},{"floor":23,"key":"REST"},{"floor":25,"key":"DIG"},{"floor":27,"key":"DIG"},{"floor":32,"key":"REST"},{"floor":40,"key":"DIG"},{"floor":42,"key":"DIG"},{"floor":44,"key":"DIG"},{"floor":49,"key":"DIG"}],"circlet_count":0,"master_deck":["AscendersBane","Strike_B","Strike_B","Defend_B+1","Defend_B","Zap+1","Dualcast+1","Steam","Sunder+1","Self Repair","Go for the Eyes+1","Darkness","Seek+1","Turbo","Beam Cell","Core Surge","Skim","Chill","Sweeping Beam","Electrodynamics","Trip","Ball Lightning","All For One"],"relics":["Tiny House","Ornamental Fan","War Paint","Dead Branch","Shovel","Kunai","Happy Flower","Fusion Hammer","Darkstone Periapt","Medical Kit","Smiling Mask","Torii","Blue Candle","Gremlin Horn","Inserter","Bird Faced Urn","Singing Bowl","Incense Burner","Orichalcum","DataDisk","The Courier","Cables","Calipers","Vajra"],"acts_visited":["Exordium","TheCity","TheBeyond"],"potions_floor_usage":[12,12,16,28,33,37,37,46],"damage_taken":[{"damage":2,"enemies":"Cultist","floor":1,"turns":4},{"damage":3,"enemies":"2 Louse","floor":2,"turns":2},{"damage":18,"enemies":"3 Sentries","floor":7,"turns":8},{"damage":16,"enemies":"Lagavulin","floor":10,"turns":5},{"damage":3,"enemies":"Gremlin Nob","floor":12,"turns":3},{"damage":22,"enemies":"Gremlin Nob","floor":13,"turns":4},{"damage":8,"enemies":"Small Slimes","floor":14,"turns":3},{"damage":6,"enemies":"Slime Boss","floor":16,"turns":10},{"damage":22,"enemies":"Shell Parasite","floor":18,"turns":4},{"damage":10,"enemies":"Spheric Guardian","floor":19,"turns":5},{"damage":13,"enemies":"Snake Plant","floor":21,"turns":2},{"damage":1,"enemies":"Gremlin Leader","floor":28,"turns":6},{"damage":48,"enemies":"Automaton","floor":33,"turns":11},{"damage":1,"enemies":"Orb Walker","floor":35,"turns":3},{"damage":3,"enemies":"Mind Bloom Boss Battle","floor":37,"turns":9},{"damage":17,"enemies":"3 Darklings","floor":39,"turns":3},{"damage":19,"enemies":"Nemesis","floor":45,"turns":7},{"damage":1,"enemies":"4 Shapes","floor":46,"turns":3},{"damage":19,"enemies":"Reptomancer","floor":48,"turns":6},{"damage":94,"enemies":"Time Eater","floor":50,"turns":10}],"seed_played":"8315072454518361323","potions_obtained":[{"floor":0,"key":"SmokeBomb"},{"floor":2,"key":"EssenceOfDarkness"},{"floor":14,"key":"DistilledChaos"},{"floor":21,"key":"AttackPotion"},{"floor":28,"key":"PowerPotion"},{"floor":33,"key":"Regen Potion"},{"floor":35,"key":"SneckoOil"},{"floor":45,"key":"Fire Potion"}],"is_trial":false,"path_per_floor":["M","M","$","T","?","R","E","R","T","E","?","E","?","M","R","B",null,"M","M","?","M","?","R","$","R","T","R","E","$","?","$","R","B",null,"M","?","?","?","M","R","?","R","T","R","E","M","$","E","R","B"],"character_chosen":"DEFECT","items_purchased":["Go for the Eyes","Medical Kit","Cables"],"campfire_rested":2,"item_purchase_floors":[3,24,47],"current_hp_per_floor":[67,64,64,64,64,64,53,53,53,44,44,41,19,18,18,19,62,47,44,22,9,9,33,33,33,33,33,39,39,39,39,63,22,66,65,65,81,81,75,75,75,75,75,75,71,81,81,69,69,0,0],"gold":29,"neow_bonus":"BOSS_RELIC","is_daily":false,"chose_seed":false,"campfire_upgraded":2,"win_rate":0.0,"timestamp":1613919648,"path_taken":["M","M","$","?","?","R","E","R","T","E","?","E","?","?","R","BOSS","M","M","?","M","?","R","$","R","T","R","E","?","?","$","R","BOSS","M","?","?","?","M","R","?","R","T","R","E","?","$","E","R","BOSS"],"items_purchased_type":["Card","Relic","Relic"],"build_version":"2020-12-22","purchased_purges":3,"victory":false,"max_hp_per_floor":[76,76,76,76,76,76,76,76,76,76,76,76,76,76,76,76,76,76,76,81,81,81,81,81,81,81,81,81,81,81,81,81,81,81,81,81,81,81,81,81,77,77,77,77,79,81,81,81,81,81,81],"card_choices":[{"not_picked":["Hologram","Sweeping Beam"],"picked":"Steam","floor":0},{"not_picked":["Reprogram","Beam Cell"],"picked":"Sunder","floor":1},{"not_picked":["Go for the Eyes","Consume"],"picked":"Self Repair","floor":2},{"not_picked":["Barrage","Steam"],"picked":"Darkness","floor":7},{"not_picked":["Go for the Eyes","Storm"],"picked":"Seek","floor":10},{"not_picked":["Coolheaded","Stack"],"picked":"Turbo","floor":13},{"not_picked":["Steam","Go for the Eyes"],"picked":"Beam Cell","floor":14},{"not_picked":["Meteor Strike","Reboot"],"picked":"Core Surge","floor":16},{"not_picked":["BootSequence","Go for the Eyes","Sunder"],"picked":"SKIP","floor":18},{"not_picked":["Static Discharge","Go for the Eyes"],"picked":"Skim","floor":19},{"not_picked":["Gash","Rebound"],"picked":"Chill","floor":21},{"not_picked":["Redo","Gash"],"picked":"Sweeping Beam","floor":28},{"not_picked":["Core Surge","Thunder Strike"],"picked":"Electrodynamics","floor":33},{"not_picked":["Streamline","Lockon","Recycle"],"picked":"SKIP","floor":35},{"not_picked":["Swift Strike","Chrysalis"],"picked":"Trip","floor":36},{"not_picked":["Hello World","Leap+1"],"picked":"Ball Lightning","floor":37},{"not_picked":["Self Repair","Aggregate+1","Conserve Battery"],"picked":"SKIP","floor":39},{"not_picked":["Reinforced Body","Leap","Steam"],"picked":"Singing Bowl","floor":45},{"not_picked":["Leap","FTL","Conserve Battery+1"],"picked":"Singing Bowl","floor":46},{"not_picked":["BootSequence","Genetic Algorithm"],"picked":"All For One","floor":48}],"player_experience":3609029,"relics_obtained":[{"floor":4,"key":"Ornamental Fan"},{"floor":7,"key":"War Paint"},{"floor":9,"key":"Dead Branch"},{"floor":10,"key":"Shovel"},{"floor":13,"key":"Kunai"},{"floor":15,"key":"Happy Flower"},{"floor":25,"key":"Smiling Mask"},{"floor":26,"key":"Torii"},{"floor":27,"key":"Blue Candle"},{"floor":28,"key":"Gremlin Horn"},{"floor":37,"key":"Bird Faced Urn"},{"floor":40,"key":"Singing Bowl"},{"floor":42,"key":"Incense Burner"},{"floor":43,"key":"Orichalcum"},{"floor":44,"key":"DataDisk"},{"floor":45,"key":"The Courier"},{"floor":48,"key":"Calipers"},{"floor":49,"key":"Vajra"}],"event_choices":[{"damage_healed":0,"gold_gain":0,"player_choice":"Left Gold","damage_taken":0,"max_hp_gain":0,"max_hp_loss":0,"event_name":"World of Goop","floor":5,"gold_loss":47},{"damage_healed":0,"gold_gain":0,"player_choice":"Grow","damage_taken":0,"max_hp_gain":0,"max_hp_loss":0,"event_name":"Living Wall","floor":11,"gold_loss":0,"cards_upgraded":["Seek"]},{"damage_healed":0,"gold_gain":0,"player_choice":"Searched \u00271\u0027 times","damage_taken":0,"max_hp_gain":0,"max_hp_loss":0,"event_name":"Dead Adventurer","floor":13,"gold_loss":0},{"damage_healed":0,"gold_gain":0,"player_choice":"Shed Blood","damage_taken":27,"max_hp_gain":5,"max_hp_loss":0,"event_name":"Forgotten Altar","floor":20,"gold_loss":0},{"damage_healed":0,"gold_gain":0,"player_choice":"Obtained Relic","damage_taken":0,"relics_obtained":["Darkstone Periapt"],"max_hp_gain":0,"max_hp_loss":0,"event_name":"Addict","floor":22,"gold_loss":85},{"damage_healed":0,"gold_gain":0,"player_choice":"Ignored","damage_taken":0,"max_hp_gain":0,"max_hp_loss":0,"event_name":"Vampires","floor":30,"gold_loss":0},{"damage_healed":0,"gold_gain":0,"player_choice":"Memory 1","damage_taken":0,"max_hp_gain":0,"max_hp_loss":0,"event_name":"SensoryStone","floor":36,"gold_loss":0},{"damage_healed":0,"gold_gain":0,"player_choice":"Fight","damage_taken":0,"max_hp_gain":0,"max_hp_loss":0,"event_name":"MindBloom","floor":37,"gold_loss":0},{"cards_removed":["Strike_B"],"damage_healed":0,"gold_gain":0,"player_choice":"Removed Attack","damage_taken":0,"max_hp_gain":0,"max_hp_loss":0,"event_name":"Falling","floor":38,"gold_loss":0},{"damage_healed":0,"gold_gain":0,"player_choice":"Max HP","damage_taken":0,"max_hp_gain":0,"max_hp_loss":4,"event_name":"Winding Halls","floor":41,"gold_loss":0}],"is_beta":false,"boss_relics":[{"not_picked":["SlaversCollar","Empty Cage"],"picked":"Fusion Hammer"},{"not_picked":["Cursed Key","Velvet Choker"],"picked":"Inserter"}],"items_purged_floors":[3,31,47],"is_endless":false,"potions_floor_spawned":[2,7,14,21,28,33,35,45],"killed_by":"Time Eater","ascension_level":19}}