{"host":"g","time":1613884824,"event":{"mods":["BaseMod","Bestiary","Block Reminder","Colored Powertips","Curses Come First","Highlight Path","Minty Spire (QoL Compilation)","Quick Restart","Relic Filter Mod","Relic Stats","StSLib","The Dragon Tamer","The Marked","everything is the same but u backflip on backflip"],"gold_per_floor":[115,115,14,27,46,46,71,91,143,143,162,195,87,106,106,209,209,193,193,213,231,244,272,292,319,343,376,376,376,386,386,386,486,486,504,519,6,106,121,121,134,152,152,165,195,195,226,275,275,275,275,275,54,80,80,80],"floor_reached":55,"language":"ENG","playtime":24094,"items_purged":["theMarked:Defend","theMarked:Strike","theMarked:Strike"],"score":801,"play_id":"2b476f25-d382-4c67-87dc-1e3771200b3c","local_time":"20210220222024","is_ascension_mode":false,"campfire_choices":[{"data":"theMarked:SwordAndMagic","floor":6.0,"key":"SMITH"},{"data":"theMarked:Determination","floor":15.0,"key":"SMITH"},{"data":"theMarked:Abjuration","floor":32.0,"key":"SMITH"},{"data":"theMarked:Aftermath","floor":40.0,"key":"SMITH"},{"floor":46.0,"key":"RECALL"},{"floor":49,"key":"REST"},{"data":"theMarked:Heritage","floor":52,"key":"SMITH"}],"circlet_count":0,"master_deck":["theMarked:Strike+1","theMarked:Strike","theMarked:Defend+1","theMarked:Defend","theMarked:Defend","theMarked:SoldierOfQuellstein","theMarked:SwordAndMagic+1","theMarked:Aftermath+1","theMarked:WardOff","theMarked:Parry","theMarked:MysticalArsenal","theMarked:WardOff","theMarked:HeightenedSenses","theMarked:Determination+1","theMarked:Pokerface","theMarked:BanishingStrike","theMarked:Vacuum","theMarked:BanishingStrike+1","theMarked:MagusForm","theMarked:Abjuration+1","theMarked:Heritage+1","theMarked:TheMission","theMarked:TurnInvisible","theMarked:ElectricStrings","theMarked:TakeOffHeels","theMarked:EnhanceMovement+1","theMarked:CreepingChasm+1","theMarked:Vacuum","theMarked:Convert+1","theMarked:StartUp+1","theMarked:BanishingStrike+1","theMarked:AttractMetal+1","theMarked:MagusForm"],"relics":["theMarked:ArtifactOfAir","Kunai","Oddly Smooth Stone","Pen Nib","Velvet Choker","Nloth\u0027s Gift","Bronze Scales","Omamori","Vajra","Bird Faced Urn","Enchiridion","WarpedTongs","Cursed Key","theMarked:DemonDagger","theMarked:Gun","Happy Flower","Letter Opener","CaptainsWheel","Blue Candle"],"acts_visited":["Exordium","TheCity","TheBeyond","TheEnding"],"potions_floor_usage":[48,55,55,55,55,55,55],"damage_taken":[{"damage":0.0,"enemies":"Small Slimes","floor":1.0,"turns":1.0},{"damage":0.0,"enemies":"Jaw Worm","floor":4.0,"turns":1.0},{"damage":0.0,"enemies":"Cultist","floor":5.0,"turns":1.0},{"damage":20.0,"enemies":"Lagavulin","floor":7.0,"turns":6.0},{"damage":6.0,"enemies":"3 Louse","floor":8.0,"turns":4.0},{"damage":0.0,"enemies":"Exordium Thugs","floor":11.0,"turns":5.0},{"damage":9.0,"enemies":"3 Sentries","floor":12.0,"turns":8.0},{"damage":4.0,"enemies":"Large Slime","floor":14.0,"turns":7.0},{"damage":16.0,"enemies":"Hexaghost","floor":16.0,"turns":9.0},{"damage":5.0,"enemies":"2 Thieves","floor":18.0,"turns":4.0},{"damage":0.0,"enemies":"3 Byrds","floor":20.0,"turns":4.0},{"damage":5.0,"enemies":"Cultist and Chosen","floor":21.0,"turns":4.0},{"damage":2.0,"enemies":"Snake Plant","floor":22.0,"turns":3.0},{"damage":5.0,"enemies":"Book of Stabbing","floor":23.0,"turns":3.0},{"damage":2.0,"enemies":"Sentry and Sphere","floor":24.0,"turns":5.0},{"damage":0.0,"enemies":"Gremlin Leader","floor":25.0,"turns":4.0},{"damage":11.0,"enemies":"Book of Stabbing","floor":27.0,"turns":4.0},{"damage":1.0,"enemies":"Shelled Parasite and Fungi","floor":30.0,"turns":3.0},{"damage":21.0,"enemies":"Automaton","floor":33.0,"turns":8.0},{"damage":6.0,"enemies":"Orb Walker","floor":35.0,"turns":2.0},{"damage":9.0,"enemies":"3 Darklings","floor":36.0,"turns":5.0},{"damage":9.0,"enemies":"Jaw Worm Horde","floor":39.0,"turns":3.0},{"damage":1.0,"enemies":"Writhing Mass","floor":41.0,"turns":5.0},{"damage":0.0,"enemies":"3 Darklings","floor":42.0,"turns":3.0},{"damage":15.0,"enemies":"Jaw Worm Horde","floor":44.0,"turns":4.0},{"damage":0.0,"enemies":"Reptomancer","floor":45.0,"turns":5.0},{"damage":13.0,"enemies":"Giant Head","floor":47.0,"turns":6.0},{"damage":29,"enemies":"2 Orb Walkers","floor":48,"turns":3},{"damage":70,"enemies":"Awakened One","floor":50,"turns":13},{"damage":18,"enemies":"Shield and Spear","floor":54,"turns":5},{"damage":75,"enemies":"The Heart","floor":55,"turns":5}],"seed_played":"3258883703335228846","potions_obtained":[{"floor":4.0,"key":"theMarked:SummonPotion"},{"floor":8.0,"key":"GamblersBrew"},{"floor":11.0,"key":"FearPotion"},{"floor":16.0,"key":"Block Potion"},{"floor":18.0,"key":"Swift Potion"},{"floor":20.0,"key":"Ancient Potion"},{"floor":24.0,"key":"EssenceOfSteel"},{"floor":36.0,"key":"Block Potion"},{"floor":39.0,"key":"FearPotion"},{"floor":44.0,"key":"SkillPotion"},{"floor":47.0,"key":"theMarked:ChargePotion"}],"is_trial":false,"path_per_floor":["M","?","$","M","M","R","E","M","T","?","M","E","$","M","R","B",null,"M","?","M","M","M","E","M","E","T","E","?","?","M","?","R","B",null,"M","M","$","?","M","R","M","M","T","M","E","R","E","?","R","B",null,"R","$","E","B"],"character_chosen":"THE_DEFAULT","items_purchased":["theMarked:Aftermath","theMarked:Determination","theMarked:Pokerface","theMarked:DemonDagger","theMarked:Gun","EntropicBrew"],"campfire_rested":1,"item_purchase_floors":[3,13,13,37,37,53],"current_hp_per_floor":[72,58,58,58,58,58,38,32,32,56,56,47,47,43,43,27,72,67,67,67,62,60,55,53,53,53,42,26,26,29,29,29,20,72,68,67,67,67,62,62,69,72,72,59,65,65,64,43,64,6,72,72,72,60,0,0],"gold":80,"neow_bonus":"THREE_ENEMY_KILL","is_daily":false,"chose_seed":false,"campfire_upgraded":5,"win_rate":0.0,"timestamp":1613884824,"path_taken":["M","?","?","?","M","R","E","M","T","?","M","E","$","M","R","BOSS","M","?","M","?","M","E","M","E","T","E","?","?","?","?","R","BOSS","M","M","$","?","M","R","M","?","T","?","E","R","E","?","R","BOSS","R","$","E","BOSS"],"items_purchased_type":["Card","Card","Card","Relic","Relic","Potion"],"build_version":"2020-12-18","purchased_purges":3,"victory":false,"max_hp_per_floor":[72,72,72,72,72,72,72,72,72,72,72,72,72,72,72,72,72,72,72,72,72,72,72,72,72,72,72,72,72,72,72,72,72,72,72,72,72,72,72,72,72,72,72,72,72,72,72,72,72,72,72,72,72,72,72,72],"relic_stats":{"Happy Flower":[10],"counters":[31,142],"Bronze Scales":[344],"Bird Faced Urn":[101],"Blue Candle":[0],"Pen Nib":[23],"Nloth\u0027s Gift":8,"Kunai":[46],"Letter Opener":[35],"Cursed Key":1,"obtain_stats":[{"theMarked:DemonDagger":37,"theMarked:Gun":37,"NeowsBlessing":0,"Happy Flower":45,"Blue Candle":54,"Oddly Smooth Stone":9,"Velvet Choker":17,"Vajra":26,"Enchiridion":28,"Pen Nib":12,"Omamori":25,"Letter Opener":47,"Cursed Key":34,"WarpedTongs":29,"theMarked:ArtifactOfAir":0,"CaptainsWheel":48,"Bronze Scales":23,"Bird Faced Urn":27,"Nloth\u0027s Gift":19,"Kunai":7},{"theMarked:DemonDagger":21,"theMarked:Gun":21,"NeowsBlessing":0,"Happy Flower":26,"Blue Candle":30,"Oddly Smooth Stone":5,"Velvet Choker":9,"Vajra":16,"Enchiridion":17,"Pen Nib":7,"Omamori":16,"Letter Opener":27,"Cursed Key":19,"WarpedTongs":17,"theMarked:ArtifactOfAir":0,"CaptainsWheel":28,"Bronze Scales":14,"Bird Faced Urn":17,"Nloth\u0027s Gift":10,"Kunai":4},{"theMarked:DemonDagger":91,"theMarked:Gun":91,"NeowsBlessing":0,"Happy Flower":110,"Blue Candle":137,"Oddly Smooth Stone":13,"Velvet Choker":42,"Vajra":69,"Enchiridion":73,"Pen Nib":26,"Omamori":69,"Letter Opener":116,"Cursed Key":84,"WarpedTongs":73,"theMarked:ArtifactOfAir":0,"CaptainsWheel":119,"Bronze Scales":60,"Bird Faced Urn":73,"Nloth\u0027s Gift":46,"Kunai":9}],"WarpedTongs":[69]},"card_choices":[{"not_picked":["theMarked:Memento","theMarked:TwofoldDefense"],"picked":"theMarked:SwordAndMagic","floor":1.0},{"not_picked":["theMarked:TakeCover","theMarked:Aftermath"],"picked":"theMarked:WardOff","floor":4.0},{"not_picked":["theMarked:EmpowerWeapon","theMarked:ResourceFulStrike"],"picked":"theMarked:Parry","floor":5.0},{"not_picked":["theMarked:Static","theMarked:Panic"],"picked":"theMarked:MysticalArsenal","floor":7.0},{"not_picked":["theMarked:Parkour","theMarked:SwordAndMagic"],"picked":"theMarked:WardOff","floor":8.0},{"not_picked":["theMarked:SwordAndMagic","theMarked:Aftermath"],"picked":"theMarked:HeightenedSenses","floor":11.0},{"not_picked":["theMarked:WardOff","theMarked:TwofoldDefense","theMarked:UnarmedFury"],"picked":"SKIP","floor":12.0},{"not_picked":["theMarked:Memento","theMarked:ResourceFulStrike"],"picked":"theMarked:BanishingStrike","floor":14.0},{"not_picked":["theMarked:TakeOffHeels","theMarked:DispelDoubt"],"picked":"theMarked:Vacuum","floor":16.0},{"not_picked":["theMarked:ContemptForTheProud","theMarked:SwordAndMagic"],"picked":"theMarked:BanishingStrike+1","floor":18.0},{"not_picked":["theMarked:Parkour","theMarked:SwordAndMagic"],"picked":"theMarked:MagusForm","floor":20.0},{"not_picked":["theMarked:WardOff+1","theMarked:EmpowerWeapon"],"picked":"theMarked:Abjuration","floor":21.0},{"not_picked":["theMarked:ResourceFulStrike","theMarked:TunnelVision","theMarked:Frustration"],"picked":"SKIP","floor":22.0},{"not_picked":["theMarked:Improvise","theMarked:TakeCover","theMarked:SelfDefenseTraining"],"picked":"SKIP","floor":23.0},{"not_picked":["theMarked:Improvise","theMarked:Aftermath","theMarked:ChainLightning"],"picked":"SKIP","floor":24.0},{"not_picked":["theMarked:DispelDoubt","theMarked:HeightenedSenses"],"picked":"theMarked:Heritage","floor":25.0},{"not_picked":["theMarked:EmpowerWeapon","theMarked:Panic"],"picked":"theMarked:TheMission","floor":27.0},{"not_picked":["theMarked:Indomitable","theMarked:SwordAndMagic"],"picked":"theMarked:TurnInvisible","floor":30.0},{"not_picked":["theMarked:Challenge","theMarked:EternalStudent"],"picked":"theMarked:TakeOffHeels","floor":33.0},{"not_picked":["theMarked:ResourceFulStrike+1","theMarked:TakeCover"],"picked":"theMarked:EnhanceMovement+1","floor":35.0},{"not_picked":["theMarked:Aftermath+1","theMarked:Static"],"picked":"theMarked:CreepingChasm+1","floor":36.0},{"not_picked":["theMarked:SelfDefenseTraining","theMarked:ChainLightning+1"],"picked":"theMarked:Vacuum","floor":39.0},{"not_picked":["theMarked:WastefulAttack+1","theMarked:Snap"],"picked":"theMarked:Convert+1","floor":41.0},{"not_picked":["theMarked:ElectricStrings","theMarked:ResourceFulStrike"],"picked":"theMarked:StartUp+1","floor":42.0},{"not_picked":["theMarked:TakeCover+1","theMarked:Pokerface+1"],"picked":"theMarked:BanishingStrike+1","floor":44.0},{"not_picked":["theMarked:FavorableWinds","theMarked:KeepCalmAndFight"],"picked":"theMarked:AttractMetal+1","floor":45.0},{"not_picked":["theMarked:KeepCalmAndFight+1","theMarked:ContemptForTheProud+1"],"picked":"theMarked:MagusForm","floor":47.0},{"not_picked":["theMarked:Snap","theMarked:Parkour","theMarked:EternalStudent"],"picked":"SKIP","floor":54}],"player_experience":4167158,"relics_obtained":[{"floor":7.0,"key":"Kunai"},{"floor":9.0,"key":"Oddly Smooth Stone"},{"floor":12.0,"key":"Pen Nib"},{"floor":23.0,"key":"Bronze Scales"},{"floor":25.0,"key":"Omamori"},{"floor":26.0,"key":"Vajra"},{"floor":27.0,"key":"Bird Faced Urn"},{"floor":28.0,"key":"Enchiridion"},{"floor":45.0,"key":"Happy Flower"},{"floor":47.0,"key":"Letter Opener"},{"floor":48,"key":"CaptainsWheel"},{"floor":54,"key":"Blue Candle"}],"event_choices":[{"damage_healed":0.0,"max_hp_gain":0.0,"max_hp_loss":0.0,"gold_gain":0.0,"event_name":"Shining Light","player_choice":"Entered Light","floor":2.0,"gold_loss":0.0,"damage_taken":14.0,"cards_upgraded":["theMarked:Defend","theMarked:Strike"]},{"damage_healed":24.0,"max_hp_gain":0.0,"max_hp_loss":0.0,"gold_gain":0.0,"event_name":"Big Fish","player_choice":"Banana","floor":10.0,"gold_loss":0.0,"damage_taken":0.0},{"damage_healed":0.0,"max_hp_gain":0.0,"max_hp_loss":0.0,"gold_gain":0.0,"event_name":"N\u0027loth","player_choice":"Traded Relic","floor":19.0,"relics_lost":["NeowsBlessing"],"gold_loss":0.0,"damage_taken":0.0,"relics_obtained":["Nloth\u0027s Gift"]},{"damage_healed":0.0,"max_hp_gain":0.0,"max_hp_loss":0.0,"gold_gain":0.0,"event_name":"Cursed Tome","player_choice":"Obtained Book","floor":28.0,"gold_loss":0.0,"damage_taken":16.0},{"damage_healed":0.0,"max_hp_gain":0.0,"max_hp_loss":0.0,"gold_gain":0.0,"event_name":"Accursed Blacksmith","player_choice":"Rummage","floor":29.0,"gold_loss":0.0,"damage_taken":0.0,"relics_obtained":["WarpedTongs"],"cards_obtained":["Pain"]},{"damage_healed":0.0,"max_hp_gain":0.0,"max_hp_loss":0.0,"gold_gain":0.0,"cards_transformed":["theMarked:Strike"],"event_name":"Transmorgrifier","player_choice":"Transformed","floor":31.0,"gold_loss":0.0,"damage_taken":0.0,"cards_obtained":["theMarked:ElectricStrings"]},{"damage_healed":0.0,"max_hp_gain":0.0,"max_hp_loss":0.0,"gold_gain":100.0,"event_name":"Golden Shrine","player_choice":"Pray","floor":38.0,"gold_loss":0.0,"damage_taken":0.0},{"damage_healed":0,"gold_gain":0,"player_choice":"Fight","damage_taken":0,"max_hp_gain":0,"max_hp_loss":0,"event_name":"Mysterious Sphere","floor":48,"gold_loss":0}],"is_beta":true,"boss_relics":[{"not_picked":["Empty Cage","Black Star"],"picked":"Velvet Choker"},{"not_picked":["Busted Crown","Calling Bell"],"picked":"Cursed Key"}],"items_purged_floors":[3,37,53],"is_endless":false,"potions_floor_spawned":[4,8,11,16,18,20,24,36,39,42,44,47],"killed_by":"The Heart","ascension_level":0}}