{"host":"00olc56ucl6mk3pv","time":1613890603,"event":{"mods":["AchievementEnabler","BaseMod","Keyboard Shortcuts","Minty Spire (QoL Compilation)","Quick Restart","SuperFastMode"],"gold_per_floor":[109,128,147,147,72,72,84,84,160,160,179,254,282,300,300,300,300],"floor_reached":16,"language":"KOR","playtime":1232,"items_purged":[],"score":254,"play_id":"2b6c81b4-d5b0-40cf-bd13-19a769158b24","local_time":"20210221155643","is_ascension_mode":true,"campfire_choices":[{"data":"Zap","floor":6.0,"key":"SMITH"},{"floor":10.0,"key":"REST"},{"floor":15.0,"key":"REST"}],"circlet_count":0,"master_deck":["AscendersBane","Strike_B+1","Defend_B","Defend_B","Defend_B","Defend_B","Zap+1","Dualcast","Machine Learning","Gash+1","Go for the Eyes","BootSequence","Creative AI","Beam Cell"],"relics":["Cracked Core","Singing Bowl","Bag of Preparation"],"acts_visited":["Exordium"],"potions_floor_usage":[16],"damage_taken":[{"damage":2.0,"enemies":"Cultist","floor":1.0,"turns":4.0},{"damage":11.0,"enemies":"Small Slimes","floor":2.0,"turns":3.0},{"damage":2.0,"enemies":"2 Louse","floor":3.0,"turns":3.0},{"damage":12.0,"enemies":"Large Slime","floor":7.0,"turns":6.0},{"damage":4.0,"enemies":"3 Louse","floor":11.0,"turns":3.0},{"damage":0.0,"enemies":"Lagavulin","floor":13.0,"turns":6.0},{"damage":11.0,"enemies":"Exordium Wildlife","floor":14.0,"turns":4.0},{"damage":34,"enemies":"The Guardian","floor":16,"turns":5}],"seed_played":"-486180997098570209","potions_obtained":[{"floor":2.0,"key":"Energy Potion"},{"floor":3.0,"key":"DistilledChaos"},{"floor":13.0,"key":"PowerPotion"},{"floor":14.0,"key":"SteroidPotion"}],"is_trial":false,"path_per_floor":["M","M","M","?","?","R","M","?","T","R","M","?","E","M","R","B"],"character_chosen":"DEFECT","items_purchased":[],"campfire_rested":2,"item_purchase_floors":[],"current_hp_per_floor":[62,51,49,42,42,42,30,9,9,30,26,15,17,8,30,0,0],"gold":300,"neow_bonus":"TRANSFORM_CARD","is_daily":false,"chose_seed":false,"campfire_upgraded":1,"win_rate":0.0,"timestamp":1613890603,"path_taken":["M","?","M","?","?","R","M","?","T","R","M","?","E","M","R","BOSS"],"items_purchased_type":[],"build_version":"2020-12-22","purchased_purges":0,"victory":false,"max_hp_per_floor":[71,71,71,71,71,71,71,71,71,71,71,71,73,75,75,75,75],"card_choices":[{"not_picked":["Redo","Recycle"],"picked":"Gash","floor":1.0},{"not_picked":["Leap","Undo"],"picked":"Go for the Eyes","floor":2.0},{"not_picked":["Heatsinks","Scrape"],"picked":"BootSequence","floor":3.0},{"not_picked":["Compile Driver","Sweeping Beam"],"picked":"Creative AI","floor":7.0},{"not_picked":["White Noise","Force Field"],"picked":"Beam Cell","floor":11.0},{"not_picked":["Scrape","Steam Power","Streamline"],"picked":"Singing Bowl","floor":13.0},{"not_picked":["Reprogram","Steam","Barrage"],"picked":"Singing Bowl","floor":14.0}],"player_experience":600000,"relics_obtained":[{"floor":9.0,"key":"Singing Bowl"},{"floor":13.0,"key":"Bag of Preparation"}],"event_choices":[{"cards_removed":["Strike_B"],"damage_healed":0.0,"max_hp_gain":0.0,"max_hp_loss":0.0,"gold_gain":0.0,"event_name":"Golden Wing","player_choice":"Card Removal","floor":4.0,"gold_loss":0.0,"damage_taken":7.0},{"cards_removed":["Strike_B"],"damage_healed":0.0,"max_hp_gain":0.0,"max_hp_loss":0.0,"gold_gain":0.0,"event_name":"The Cleric","player_choice":"Card Removal","floor":5.0,"gold_loss":75.0,"damage_taken":0.0},{"damage_healed":0.0,"max_hp_gain":0.0,"max_hp_loss":0.0,"gold_gain":0.0,"event_name":"Shining Light","player_choice":"Entered Light","floor":8.0,"gold_loss":0.0,"damage_taken":21.0,"cards_upgraded":["Gash","Strike_B"]},{"damage_healed":0.0,"max_hp_gain":0.0,"max_hp_loss":0.0,"gold_gain":75.0,"event_name":"World of Goop","player_choice":"Gather Gold","floor":12.0,"gold_loss":0.0,"damage_taken":11.0}],"is_beta":false,"boss_relics":[],"items_purged_floors":[],"is_endless":false,"potions_floor_spawned":[2,3,13,14],"killed_by":"The Guardian","ascension_level":20}}