{"host":"ppqll9nf92xyjrj9","time":1613887833,"event":{"mods":["Act Like it!","Arknights","BaseMod","Bestiary","Better Third Choice","Bossed Relics","Curses Come First","Ekko","Evolution","Hermit","Jorbs\u0027s Wanderer Trilogy","Keyboard Shortcuts","Marked Mod","Minty Spire (QoL Compilation)","Relic Stats","Shapeshifter Mod","Spicy Shops","StS++","StSLib","The Marked","The Runesmith","Weighted Paths","【遗物卡牌】REMEMod"],"gold_per_floor":[18,33,52,69,69,102,120,120,172,186,176,204,204,23,23,119,119,166,184,34,49,49,49,49,49],"floor_reached":24,"language":"ENG","playtime":1404,"items_purged":[],"score":221,"play_id":"9ec1835f-d5d5-44f3-8f35-aae01d8ada62","local_time":"20210220221033","is_ascension_mode":true,"campfire_choices":[{"data":"Deadly Poison","floor":15,"key":"SMITH"},{"floor":23,"key":"REST"}],"circlet_count":0,"master_deck":["Strike_G","Strike_G","Defend_G","Defend_G","Defend_G","Defend_G","Defend_G","Survivor","Neutralize","Quick Slash","Well Laid Plans","Runesmith:NanitesCloud","Noxious Fumes","Footwork","Skewer","A Thousand Cuts+1","Prepared","Skewer","StSpp:StrikeFirst","Deadly Poison+1","Venomology","StSpp:Lure","Heel Hook+1"],"relics":["Ring of the Snake","EVO:Axolotl","REME_ComplimentaryCards","Gambling Chip","StSpp:BrokenTotem","Darkstone Periapt","Tiny Chest","SlaversCollar","Sling"],"acts_visited":["Exordium","TheCity"],"potions_floor_usage":[6,11,12,16,18,19,21,21,24],"damage_taken":[{"damage":0,"enemies":"2 Louse","floor":1,"turns":3},{"damage":0,"enemies":"Jaw Worm","floor":2,"turns":4},{"damage":1,"enemies":"Cultist","floor":3,"turns":4},{"damage":0,"enemies":"Lots of Slimes","floor":4,"turns":5},{"damage":22,"enemies":"Lagavulin","floor":6,"turns":9},{"damage":7,"enemies":"Large Slime","floor":7,"turns":8},{"damage":0,"enemies":"Red Slaver","floor":10,"turns":7},{"damage":12,"enemies":"Exordium Thugs","floor":11,"turns":6},{"damage":6,"enemies":"3 Sentries","floor":12,"turns":7},{"damage":1,"enemies":"Slime Boss","floor":16,"turns":7},{"damage":28,"enemies":"3 Byrds","floor":18,"turns":4},{"damage":21,"enemies":"Spheric Guardian","floor":19,"turns":6},{"damage":18,"enemies":"Snake Plant","floor":21,"turns":5},{"damage":38,"enemies":"Slavers","floor":24,"turns":2}],"seed_played":"6602956755569308030","potions_obtained":[{"floor":2,"key":"Fruit Juice"},{"floor":4,"key":"PowerPotion"},{"floor":6,"key":"Block Potion"},{"floor":7,"key":"Dexterity Potion"},{"floor":11,"key":"LiquidMemories"},{"floor":16,"key":"REME_GoldPotion"}],"is_trial":false,"path_per_floor":["M","M","M","M","?","E","M","?","T","M","M","E","?","$","R","B",null,"M","M","$","M","$","R","E"],"character_chosen":"THE_SILENT","items_purchased":["Tiny Chest","Deadly Poison","Sling"],"campfire_rested":1,"item_purchase_floors":[14,14,20],"current_hp_per_floor":[70,70,69,69,69,47,40,45,45,45,38,32,32,32,32,31,80,52,31,31,13,13,37,0,0],"gold":49,"neow_bonus":"TRANSFORM_TWO_CARDS","is_daily":false,"chose_seed":false,"campfire_upgraded":1,"win_rate":0.0,"timestamp":1613887833,"path_taken":["M","M","M","M","?","E","M","?","T","M","M","E","?","$","R","BOSS","M","?","?","M","$","R","E"],"items_purchased_type":["Relic","Card","Relic"],"build_version":"2020-12-22","purchased_purges":0,"victory":false,"max_hp_per_floor":[70,70,70,70,70,70,70,75,75,75,80,80,80,80,80,80,80,80,80,80,80,80,80,80,80],"relic_stats":{"Darkstone Periapt":0,"counters":[14,77],"Gambling Chip":[34],"Tiny Chest":0,"obtain_stats":[{"Darkstone Periapt":12,"SlaversCollar":17,"Nunchaku":6,"Gambling Chip":6,"StSpp:BrokenTotem":9,"Tiny Chest":14,"EVO:Axolotl":0,"Sling":20,"Ring of the Snake":0,"REME_ComplimentaryCards":0},{"Darkstone Periapt":9,"SlaversCollar":10,"Nunchaku":5,"Gambling Chip":5,"StSpp:BrokenTotem":6,"Tiny Chest":9,"EVO:Axolotl":0,"Sling":12,"Ring of the Snake":0,"REME_ComplimentaryCards":0},{"Darkstone Periapt":53,"SlaversCollar":60,"Nunchaku":22,"Gambling Chip":25,"StSpp:BrokenTotem":33,"Tiny Chest":53,"EVO:Axolotl":0,"Sling":70,"Ring of the Snake":0,"REME_ComplimentaryCards":0}],"Ring of the Snake":[28]},"card_choices":[{"not_picked":["Distraction","Outmaneuver","Bane"],"picked":"SKIP","floor":1},{"not_picked":["Prepared","Eviscerate"],"picked":"Noxious Fumes","floor":2},{"not_picked":["Prepared","Deadly Poison"],"picked":"Footwork","floor":3},{"not_picked":["Acrobatics","StSpp:Dive"],"picked":"Skewer","floor":4},{"not_picked":["A Thousand Cuts","Heel Hook","Dodge and Roll"],"picked":"SKIP","floor":6},{"not_picked":["Heel Hook","Dodge and Roll"],"picked":"A Thousand Cuts","floor":6},{"not_picked":["Deadly Poison","Catalyst"],"picked":"Prepared","floor":7},{"not_picked":["Deadly Poison","Expertise","Sucker Punch"],"picked":"SKIP","floor":10},{"not_picked":["Predator","Dagger Throw"],"picked":"Skewer","floor":11},{"not_picked":["Outmaneuver","Caltrops"],"picked":"StSpp:StrikeFirst","floor":12},{"not_picked":["Unload","Bullet Time"],"picked":"Venomology","floor":16},{"not_picked":["Sucker Punch+1","Dagger Throw"],"picked":"StSpp:Lure","floor":18},{"not_picked":["Poisoned Stab","Flechettes","Underhanded Strike"],"picked":"SKIP","floor":19},{"not_picked":["Poisoned Stab","StSpp:Dive"],"picked":"Heel Hook+1","floor":21}],"player_experience":158502,"relics_obtained":[{"floor":6,"key":"Gambling Chip"},{"floor":9,"key":"StSpp:BrokenTotem"},{"floor":12,"key":"Darkstone Periapt"}],"event_choices":[{"cards_removed":["Strike_G"],"damage_healed":0,"gold_gain":0,"player_choice":"Forget","damage_taken":0,"max_hp_gain":0,"max_hp_loss":0,"event_name":"Living Wall","floor":5,"gold_loss":0},{"damage_healed":0,"gold_gain":0,"player_choice":"Donut","damage_taken":0,"max_hp_gain":5,"max_hp_loss":0,"event_name":"Big Fish","floor":8,"gold_loss":0},{"damage_healed":0,"gold_gain":0,"player_choice":"Forge","damage_taken":0,"max_hp_gain":0,"max_hp_loss":0,"event_name":"Accursed Blacksmith","floor":13,"gold_loss":0,"cards_upgraded":["A Thousand Cuts"]}],"is_beta":false,"boss_relics":[{"not_picked":["Runic Dome","Busted Crown"],"picked":"SlaversCollar"}],"items_purged_floors":[],"is_endless":false,"potions_floor_spawned":[2,4,6,7,11,16,21],"killed_by":"Slavers","ascension_level":1}}