{"host":"nj4msrt0z6tj4wtb","time":1613877684,"event":{"mods":["AchievementEnabler","BaseMod","Colored Map","Colored Powertips","DeckTracker","Highlight Path","Keyboard Shortcuts","Minty Spire (QoL Compilation)","Quick Restart","Random Character Button","StSLib","SuperFastMode"],"gold_per_floor":[111,126,141,156,12,12,37,49,73,83,183,196,196,5,5,103,103,121,138,138,165,165,194,210,210,210,210,243,243,37,52,52,154,154,171,186,237,256,269,302,402,427,451,467,164,175,175,186,186,186,186,186,67,98,98],"floor_reached":56,"language":"KOR","playtime":3508,"items_purged":["Strike_G","Strike_G","Strike_G","Strike_G"],"score":1589,"play_id":"9dbbc6f6-4f56-45f3-9058-8b304ec90628","local_time":"20210221122124","is_ascension_mode":true,"campfire_choices":[{"data":"Bouncing Flask","floor":6.0,"key":"SMITH"},{"floor":13.0,"key":"REST"},{"floor":15.0,"key":"REST"},{"floor":25.0,"key":"REST"},{"data":"Noxious Fumes","floor":27.0,"key":"SMITH"},{"data":"Footwork","floor":29.0,"key":"SMITH"},{"data":"Footwork","floor":32.0,"key":"SMITH"},{"floor":47.0,"key":"RECALL"},{"floor":49.0,"key":"REST"},{"data":"Catalyst","floor":52.0,"key":"SMITH"}],"circlet_count":0,"master_deck":["Strike_G","Defend_G","Defend_G","Defend_G","Defend_G","Defend_G","Survivor","Neutralize","Backflip","Footwork+1","Footwork+1","Bouncing Flask+1","Corpse Explosion","Burst","Noxious Fumes+1","Backflip","After Image","Crippling Poison","Blur","Escape Plan+1","Catalyst+1","PiercingWail+1","Acrobatics+1","Backflip+1","Venomology","Deflect+1","PiercingWail+1","Tactician+1","Well Laid Plans"],"relics":["Ring of the Snake","Potion Belt","Mummified Hand","Snake Skull","SlaversCollar","Incense Burner","Red Mask","Orichalcum","Anchor","Oddly Smooth Stone","Tough Bandages","Black Star","Shovel","Pen Nib","HornCleat","MealTicket","InkBottle","Strange Spoon","The Specimen","StoneCalendar"],"acts_visited":["Exordium","TheCity","TheBeyond","TheEnding"],"potions_floor_usage":[55,55,55,55,55,55],"damage_taken":[{"damage":6.0,"enemies":"Cultist","floor":1.0,"turns":3.0},{"damage":6.0,"enemies":"Jaw Worm","floor":2.0,"turns":4.0},{"damage":0.0,"enemies":"2 Louse","floor":3.0,"turns":4.0},{"damage":11.0,"enemies":"Exordium Thugs","floor":4.0,"turns":13.0},{"damage":26.0,"enemies":"3 Sentries","floor":7.0,"turns":13.0},{"damage":1.0,"enemies":"Large Slime","floor":8.0,"turns":6.0},{"damage":13.0,"enemies":"Exordium Wildlife","floor":10.0,"turns":3.0},{"damage":0.0,"enemies":"Red Slaver","floor":12.0,"turns":4.0},{"damage":2.0,"enemies":"Hexaghost","floor":16.0,"turns":8.0},{"damage":17.0,"enemies":"Shell Parasite","floor":18.0,"turns":5.0},{"damage":0.0,"enemies":"3 Byrds","floor":19.0,"turns":3.0},{"damage":21.0,"enemies":"Masked Bandits","floor":21.0,"turns":4.0},{"damage":0.0,"enemies":"Gremlin Leader","floor":23.0,"turns":7.0},{"damage":0.0,"enemies":"Snake Plant","floor":24.0,"turns":5.0},{"damage":0.0,"enemies":"Slavers","floor":28.0,"turns":4.0},{"damage":0.0,"enemies":"Centurion and Healer","floor":31.0,"turns":7.0},{"damage":0.0,"enemies":"Automaton","floor":33.0,"turns":9.0},{"damage":11.0,"enemies":"3 Darklings","floor":35.0,"turns":5.0},{"damage":3.0,"enemies":"Orb Walker","floor":36.0,"turns":3.0},{"damage":26.0,"enemies":"2 Orb Walkers","floor":37.0,"turns":4.0},{"damage":0.0,"enemies":"3 Darklings","floor":38.0,"turns":6.0},{"damage":0.0,"enemies":"Spire Growth","floor":39.0,"turns":7.0},{"damage":1.0,"enemies":"Reptomancer","floor":40.0,"turns":6.0},{"damage":10.0,"enemies":"Nemesis","floor":42.0,"turns":7.0},{"damage":0.0,"enemies":"Jaw Worm Horde","floor":44.0,"turns":8.0},{"damage":0.0,"enemies":"Maw","floor":46.0,"turns":6.0},{"damage":2.0,"enemies":"Spire Growth","floor":48.0,"turns":7.0},{"damage":4.0,"enemies":"Awakened One","floor":50.0,"turns":19.0},{"damage":5.0,"enemies":"Shield and Spear","floor":54.0,"turns":7.0},{"damage":31,"enemies":"The Heart","floor":55,"turns":8}],"seed_played":"-4683974467909729088","potions_obtained":[{"floor":3.0,"key":"GamblersBrew"},{"floor":8.0,"key":"LiquidMemories"},{"floor":10.0,"key":"SteroidPotion"},{"floor":12.0,"key":"CunningPotion"},{"floor":21.0,"key":"SkillPotion"},{"floor":23.0,"key":"GhostInAJar"},{"floor":28.0,"key":"Dexterity Potion"},{"floor":31.0,"key":"Explosive Potion"},{"floor":35.0,"key":"GamblersBrew"},{"floor":36.0,"key":"ColorlessPotion"},{"floor":37.0,"key":"SpeedPotion"},{"floor":40.0,"key":"DuplicationPotion"},{"floor":42.0,"key":"FearPotion"},{"floor":44.0,"key":"AttackPotion"}],"is_trial":false,"path_per_floor":["M","M","M","M","$","R","E","M","T","M","?","M","R","$","R","B",null,"M","M","T","?","?","E","M","R","T","R","E","R","$","M","R","B",null,"M","M","?","M","M","E","?","E","T","M","$","M","R","M","R","B",null,"R","$","E","B",null],"character_chosen":"THE_SILENT","items_purchased":["Bouncing Flask","Noxious Fumes","Backflip","Catalyst","Strange Spoon","Well Laid Plans","Swift Potion"],"campfire_rested":4,"item_purchase_floors":[5,14,14,30,45,53,53],"current_hp_per_floor":[64,58,58,47,47,47,21,20,20,7,7,7,28,28,49,47,64,47,47,47,26,26,26,26,47,47,47,47,47,47,47,47,47,64,53,50,24,24,24,23,23,13,13,13,28,28,28,26,47,43,63,63,70,65,34],"gold":98,"neow_bonus":"RANDOM_COMMON_RELIC","is_daily":false,"chose_seed":false,"campfire_upgraded":5,"win_rate":0.0,"timestamp":1613877684,"path_taken":["M","M","M","M","?","R","E","?","T","M","?","M","R","$","R","BOSS","M","M","?","?","?","E","?","R","T","R","E","R","$","M","R","BOSS","M","M","?","M","M","E","?","E","T","M","$","?","R","M","R","BOSS","R","$","E","BOSS"],"items_purchased_type":["Card","Card","Card","Card","Relic","Card","Potion"],"build_version":"2020-12-22","purchased_purges":4,"victory":true,"max_hp_per_floor":[70,70,70,70,70,70,70,70,70,70,70,70,70,70,70,70,70,70,70,70,70,70,70,70,70,70,70,70,70,70,70,70,70,70,70,70,70,70,70,70,70,70,70,70,70,70,70,70,70,70,70,70,70,70,70],"card_choices":[{"not_picked":["Prepared","Masterful Stab"],"picked":"Backflip","floor":1.0},{"not_picked":["Poisoned Stab","Underhanded Strike"],"picked":"Footwork","floor":2.0},{"not_picked":["Dodge and Roll","Quick Slash"],"picked":"Footwork","floor":3.0},{"not_picked":["Choke","Slice","Cloak And Dagger"],"picked":"SKIP","floor":4.0},{"not_picked":["PiercingWail","Terror"],"picked":"Corpse Explosion","floor":7.0},{"not_picked":["Blade Dance","Quick Slash","Skewer"],"picked":"SKIP","floor":8.0},{"not_picked":["Blade Dance","Finisher","Flying Knee"],"picked":"SKIP","floor":10.0},{"not_picked":["Backflip","Dagger Spray"],"picked":"Burst","floor":12.0},{"not_picked":["Tools of the Trade","Storm of Steel"],"picked":"After Image","floor":16.0},{"not_picked":["Setup","Predator"],"picked":"Crippling Poison","floor":18.0},{"not_picked":["Predator+1","Infinite Blades"],"picked":"Blur","floor":19.0},{"not_picked":["Dagger Throw","Predator+1"],"picked":"Escape Plan+1","floor":23.0},{"not_picked":["Flying Knee","Underhanded Strike","Dagger Throw+1"],"picked":"SKIP","floor":24.0},{"not_picked":["Outmaneuver+1","Dagger Throw","Glass Knife"],"picked":"SKIP","floor":28.0},{"not_picked":["Flying Knee","Masterful Stab+1"],"picked":"PiercingWail+1","floor":31.0},{"not_picked":["Masterful Stab+1","Leg Sweep+1","Bane+1"],"picked":"SKIP","floor":35.0},{"not_picked":["Bane","Bouncing Flask+1"],"picked":"Acrobatics+1","floor":36.0},{"not_picked":["Dagger Spray","Concentrate"],"picked":"Backflip+1","floor":37.0},{"not_picked":["Backflip","Predator+1"],"picked":"Venomology","floor":38.0},{"not_picked":["Cloak And Dagger","Dagger Spray"],"picked":"Deflect+1","floor":39.0},{"not_picked":["Flying Knee+1","Infinite Blades"],"picked":"PiercingWail+1","floor":40.0},{"not_picked":["Blade Dance","Unload","Slice+1"],"picked":"SKIP","floor":42.0},{"not_picked":["Quick Slash+1","All Out Attack","Endless Agony"],"picked":"SKIP","floor":44.0},{"not_picked":["Slice+1","Backflip","Poisoned Stab"],"picked":"SKIP","floor":46.0},{"not_picked":["Leg Sweep+1","Blade Dance"],"picked":"Tactician+1","floor":48.0},{"not_picked":["Poisoned Stab","Deflect+1","Dodge and Roll+1"],"picked":"SKIP","floor":54.0}],"player_experience":676700,"relics_obtained":[{"floor":7.0,"key":"Mummified Hand"},{"floor":9.0,"key":"Snake Skull"},{"floor":20.0,"key":"Incense Burner"},{"floor":21.0,"key":"Red Mask"},{"floor":23.0,"key":"Anchor"},{"floor":26.0,"key":"Oddly Smooth Stone"},{"floor":28.0,"key":"Tough Bandages"},{"floor":37.0,"key":"Shovel"},{"floor":40.0,"key":"Pen Nib"},{"floor":40.0,"key":"HornCleat"},{"floor":42.0,"key":"MealTicket"},{"floor":42.0,"key":"InkBottle"},{"floor":54.0,"key":"The Specimen"},{"floor":54.0,"key":"StoneCalendar"}],"event_choices":[{"damage_healed":0.0,"max_hp_gain":0.0,"max_hp_loss":0.0,"gold_gain":100.0,"event_name":"Golden Shrine","player_choice":"Pray","floor":11.0,"gold_loss":0.0,"damage_taken":0.0},{"damage_healed":0.0,"max_hp_gain":0.0,"max_hp_loss":0.0,"gold_gain":0.0,"event_name":"Masked Bandits","player_choice":"Fought Bandits","floor":21.0,"gold_loss":0.0,"damage_taken":0.0},{"damage_healed":0.0,"max_hp_gain":0.0,"max_hp_loss":0.0,"gold_gain":0.0,"event_name":"WeMeetAgain","player_choice":"Gave Potion","floor":22.0,"gold_loss":0.0,"damage_taken":0.0,"relics_obtained":["Orichalcum"]},{"damage_healed":0.0,"max_hp_gain":0.0,"max_hp_loss":0.0,"gold_gain":0.0,"event_name":"Mysterious Sphere","player_choice":"Fight","floor":37.0,"gold_loss":0.0,"damage_taken":0.0},{"damage_healed":0.0,"max_hp_gain":0.0,"max_hp_loss":0.0,"gold_gain":100.0,"event_name":"Golden Shrine","player_choice":"Pray","floor":41.0,"gold_loss":0.0,"damage_taken":0.0}],"is_beta":false,"boss_relics":[{"not_picked":["Sozu","SacredBark"],"picked":"SlaversCollar"},{"not_picked":["Cursed Key","Astrolabe"],"picked":"Black Star"}],"items_purged_floors":[5,14,30,45],"is_endless":false,"potions_floor_spawned":[3,8,10,12,21,23,28,31,35,36,37,40,42,44,54],"ascension_level":5}}