{"host":"iv24d026eac8pm4e","time":1613929314,"event":{"mods":["BaseMod","Minty Spire (QoL Compilation)"],"gold_per_floor":[19,19,43,43,67,67,27,60,87,87,123,123,147,237,237,237,237],"floor_reached":16,"language":"ENG","playtime":718,"items_purged":[],"score":189,"play_id":"e9cb4280-74c8-4389-a402-075c67d76fe5","local_time":"20210221094154","is_ascension_mode":true,"campfire_choices":[{"data":"Inflame","floor":6,"key":"SMITH"},{"data":"Clothesline","floor":10,"key":"SMITH"},{"data":"Bash","floor":12,"key":"SMITH"},{"floor":15,"key":"REST"}],"circlet_count":0,"master_deck":["AscendersBane","Strike_R","Strike_R","Strike_R","Strike_R","Defend_R","Defend_R","Defend_R","Defend_R","Bash+1","Hemokinesis","Clothesline+1","Inflame+1","Metallicize","Shrug It Off","Hemokinesis","Evolve","Bludgeon"],"relics":["Burning Blood","Du-Vu Doll","Golden Idol","Pen Nib","Bottled Flame","CeramicFish"],"acts_visited":["Exordium"],"potions_floor_usage":[8,13,16],"damage_taken":[{"damage":5,"enemies":"Small Slimes","floor":1,"turns":4},{"damage":4,"enemies":"Jaw Worm","floor":3,"turns":3},{"damage":0,"enemies":"2 Louse","floor":5,"turns":2},{"damage":14,"enemies":"Gremlin Nob","floor":8,"turns":4},{"damage":20,"enemies":"Lagavulin","floor":11,"turns":6},{"damage":11,"enemies":"Large Slime","floor":13,"turns":5},{"damage":14,"enemies":"Gremlin Nob","floor":14,"turns":3},{"damage":34,"enemies":"Hexaghost","floor":16,"turns":9}],"seed_played":"-5310482487464634024","potions_obtained":[{"floor":1,"key":"EssenceOfSteel"},{"floor":3,"key":"Block Potion"},{"floor":5,"key":"Block Potion"},{"floor":14,"key":"CultistPotion"}],"is_trial":false,"path_per_floor":["M","?","M","?","M","R","$","E","T","R","E","R","M","?","R","B"],"character_chosen":"IRONCLAD","items_purchased":["Metallicize"],"campfire_rested":1,"item_purchase_floors":[7],"current_hp_per_floor":[69,43,45,38,44,44,44,36,36,36,22,22,17,9,31,0,0],"gold":237,"neow_bonus":"ONE_RARE_RELIC","is_daily":false,"chose_seed":false,"campfire_upgraded":3,"win_rate":0.0,"timestamp":1613929314,"path_taken":["M","?","M","?","M","R","?","E","T","R","E","R","M","?","R","BOSS"],"items_purchased_type":["Card"],"build_version":"2020-12-22","purchased_purges":0,"victory":false,"max_hp_per_floor":[75,75,75,75,75,75,75,75,75,75,75,75,75,75,75,75,75],"card_choices":[{"not_picked":["Havoc","Bloodletting"],"picked":"Hemokinesis","floor":1},{"not_picked":["Perfected Strike","Body Slam"],"picked":"Clothesline","floor":3},{"not_picked":["Dual Wield","Seeing Red"],"picked":"Inflame","floor":5},{"not_picked":["Warcry","Perfected Strike"],"picked":"Shrug It Off","floor":8},{"not_picked":["Headbutt","Feel No Pain"],"picked":"Hemokinesis","floor":11},{"not_picked":["Twin Strike","Havoc"],"picked":"Evolve","floor":13},{"not_picked":["Armaments","Sword Boomerang"],"picked":"Bludgeon","floor":14}],"player_experience":2556679,"relics_obtained":[{"floor":8,"key":"Pen Nib"},{"floor":11,"key":"Bottled Flame"}],"event_choices":[{"damage_healed":0,"gold_gain":0,"player_choice":"Take Damage","damage_taken":26,"relics_obtained":["Golden Idol"],"max_hp_gain":0,"max_hp_loss":0,"event_name":"Golden Idol","floor":2,"gold_loss":0},{"cards_removed":["Strike_R"],"damage_healed":0,"gold_gain":0,"player_choice":"Card Removal","damage_taken":7,"max_hp_gain":0,"max_hp_loss":0,"event_name":"Golden Wing","floor":4,"gold_loss":0},{"damage_healed":0,"gold_gain":0,"player_choice":"Searched \u00272\u0027 times","damage_taken":0,"relics_obtained":["CeramicFish"],"max_hp_gain":0,"max_hp_loss":0,"event_name":"Dead Adventurer","floor":14,"gold_loss":0}],"is_beta":false,"boss_relics":[],"items_purged_floors":[],"is_endless":false,"potions_floor_spawned":[1,3,5,14],"killed_by":"Hexaghost","ascension_level":15}}