{"host":"ttzdpsscxkem3xrs","time":1613870684,"event":{"mods":["BaseMod","Colored Map","Downfall","Hermit","Minty Spire (QoL Compilation)","Replay The Spire","StSLib","The Cursed","The Hierophant"],"gold_per_floor":[369,23,80,80,100,100,120,120,120],"floor_reached":8,"language":"ENG","playtime":279,"items_purged":[],"score":46,"play_id":"566aadff-2f76-4b64-8695-7615858bfc20","local_time":"20210220172444","is_ascension_mode":true,"campfire_choices":[{"floor":6,"key":"REST"}],"circlet_count":0,"master_deck":["hermit:Strike_Hermit","hermit:Strike_Hermit","hermit:Strike_Hermit","hermit:Strike_Hermit","hermit:Defend_Hermit","hermit:Defend_Hermit","hermit:Defend_Hermit","hermit:Defend_Hermit","hermit:Snapshot","hermit:Covet","hermit:WideOpen","Replay:BasicMightCard","hermit:NoHoldsBarred"],"relics":["hermit:Momento","Darkstone Periapt","Golden Egg","Odd Mushroom"],"acts_visited":["Exordium"],"potions_floor_usage":[],"damage_taken":[{"damage":0,"enemies":"Cultist","floor":1,"turns":3},{"damage":10,"enemies":"2 Louse","floor":5,"turns":3},{"damage":29,"enemies":"The Mushroom Lair","floor":7,"turns":5},{"damage":31,"enemies":"Lagavulin","floor":8,"turns":5}],"seed_played":"7371078058304867092","potions_obtained":[],"is_trial":false,"path_per_floor":["M","$","?","T","M","R","?","E"],"character_chosen":"HERMIT","items_purchased":["Darkstone Periapt","Replay:BasicMightCard"],"campfire_rested":1,"item_purchase_floors":[2,2],"current_hp_per_floor":[54,54,54,54,44,66,37,6,6],"gold":120,"neow_bonus":"TWO_FIFTY_GOLD","is_daily":false,"chose_seed":false,"campfire_upgraded":0,"win_rate":0.0,"timestamp":1613870684,"path_taken":["M","?","?","?","M","R","?","E"],"items_purchased_type":["Relic","Card"],"build_version":"2020-12-22","purchased_purges":0,"victory":false,"max_hp_per_floor":[75,75,75,75,75,75,75,75,75],"card_choices":[{"not_picked":["hermit:Desperado","hermit:TakeCover"],"picked":"hermit:WideOpen","floor":1},{"not_picked":["hermit:TrackingShot","hermit:Quickdraw","hermit:LowProfile"],"picked":"SKIP","floor":5},{"not_picked":["hermit:TakeCover","hermit:HighCaliber"],"picked":"hermit:NoHoldsBarred","floor":7}],"player_experience":1446489,"relics_obtained":[{"floor":4,"key":"Golden Egg"},{"floor":7,"key":"Odd Mushroom"}],"event_choices":[{"damage_healed":0,"gold_gain":57,"player_choice":"Gained Gold","damage_taken":0,"max_hp_gain":0,"max_hp_loss":0,"event_name":"Golden Wing","floor":3,"gold_loss":0},{"damage_healed":0,"gold_gain":0,"player_choice":"Fought Mushrooms","damage_taken":0,"max_hp_gain":0,"max_hp_loss":0,"event_name":"Mushrooms","floor":7,"gold_loss":0}],"is_beta":false,"boss_relics":[],"items_purged_floors":[],"is_endless":false,"potions_floor_spawned":[],"killed_by":"Lagavulin","ascension_level":1}}