{"host":"w3q5ijqu8eoknil3","time":1613947186,"event":{"mods":["AchievementEnabler","BaseMod","Block Reminder","Colored Map","Colored Powertips","Curses Come First","Dark Map","Minty Spire (QoL Compilation)","Quick Restart","Relic Stats","StSLib","ojb\u0027s Better Paths Mod","ojb\u0027s Info Mod","slay the spire mod where everything is the same but ironclad has a cowboy hat"],"gold_per_floor":[113,113,113,56,75,155,155,170,193,218,237,249,266,279,279,352,352,370,48,66,66,66,66],"floor_reached":22,"language":"ENG","playtime":562,"items_purged":[],"score":367,"play_id":"3c946c4c-5dce-4092-a32f-7ef7476eaa01","local_time":"20210221223946","is_ascension_mode":true,"campfire_choices":[{"data":"Poisoned Stab","floor":7,"key":"SMITH"},{"floor":15,"key":"REST"}],"circlet_count":0,"master_deck":["AscendersBane","Strike_G","Strike_G","Strike_G","Strike_G","Defend_G","Defend_G","Defend_G","Defend_G","Defend_G","Survivor","Neutralize","Poisoned Stab+1","Grand Finale","Flying Knee","Sucker Punch","Blade Dance","After Image","Poisoned Stab","Noxious Fumes","Backflip","Skewer","Corpse Explosion","Catalyst+1","Cloak And Dagger"],"relics":["Ring of the Snake","NeowsBlessing","Vajra","Darkstone Periapt","WristBlade","Ice Cream","The Courier"],"acts_visited":["Exordium","TheCity"],"potions_floor_usage":[12,13,14,20],"damage_taken":[{"damage":0,"enemies":"2 Louse","floor":1,"turns":1},{"damage":0,"enemies":"Jaw Worm","floor":5,"turns":1},{"damage":0,"enemies":"Cultist","floor":8,"turns":1},{"damage":30,"enemies":"Gremlin Nob","floor":10,"turns":4},{"damage":12,"enemies":"Exordium Wildlife","floor":11,"turns":4},{"damage":10,"enemies":"3 Louse","floor":12,"turns":3},{"damage":3,"enemies":"Red Slaver","floor":13,"turns":3},{"damage":0,"enemies":"2 Fungi Beasts","floor":14,"turns":3},{"damage":19,"enemies":"The Guardian","floor":16,"turns":12},{"damage":1,"enemies":"Chosen","floor":18,"turns":3},{"damage":15,"enemies":"2 Thieves","floor":20,"turns":3},{"damage":35,"enemies":"Centurion and Healer","floor":22,"turns":5}],"seed_played":"5045790998021831612","potions_obtained":[{"floor":10,"key":"LiquidBronze"},{"floor":11,"key":"Dexterity Potion"},{"floor":13,"key":"Explosive Potion"},{"floor":16,"key":"Strength Potion"}],"is_trial":false,"path_per_floor":["M","?","?","$","M","?","R","M","T","E","M","M","M","M","R","B",null,"M","$","M","?","M"],"character_chosen":"THE_SILENT","items_purchased":["Flying Knee","Ice Cream"],"campfire_rested":1,"item_purchase_floors":[4,19],"current_hp_per_floor":[59,59,59,59,59,59,59,59,59,29,17,7,4,4,23,4,51,50,50,35,35,0,0],"gold":66,"neow_bonus":"THREE_ENEMY_KILL","is_daily":false,"chose_seed":false,"campfire_upgraded":1,"win_rate":0.0,"timestamp":1613947186,"path_taken":["M","?","?","$","M","?","R","M","T","E","M","M","?","M","R","BOSS","M","$","M","?","?"],"items_purchased_type":["Card","Relic"],"build_version":"2020-12-22","purchased_purges":0,"victory":false,"max_hp_per_floor":[66,66,66,66,66,66,66,66,66,66,66,66,66,66,66,66,66,66,66,66,66,66,66],"relic_stats":{"Darkstone Periapt":0,"counters":[12,43],"obtain_stats":[{"Darkstone Periapt":10,"Ice Cream":19,"NeowsBlessing":0,"WristBlade":17,"Vajra":9,"The Courier":21,"Ring of the Snake":0},{"Darkstone Periapt":4,"Ice Cream":10,"NeowsBlessing":0,"WristBlade":9,"Vajra":3,"The Courier":11,"Ring of the Snake":0},{"Darkstone Periapt":7,"Ice Cream":35,"NeowsBlessing":0,"WristBlade":32,"Vajra":3,"The Courier":38,"Ring of the Snake":0}],"Ring of the Snake":[24]},"card_choices":[{"not_picked":["Catalyst","Prepared"],"picked":"Poisoned Stab","floor":1},{"not_picked":["Backflip","Bane"],"picked":"Sucker Punch","floor":5},{"not_picked":["Underhanded Strike","Caltrops"],"picked":"Blade Dance","floor":8},{"not_picked":["PiercingWail","Endless Agony"],"picked":"After Image","floor":10},{"not_picked":["Underhanded Strike","Flying Knee"],"picked":"Poisoned Stab","floor":11},{"not_picked":["Blur","Dodge and Roll"],"picked":"Noxious Fumes","floor":12},{"not_picked":["Caltrops","Bane"],"picked":"Backflip","floor":13},{"not_picked":["Heel Hook","Concentrate"],"picked":"Skewer","floor":14},{"not_picked":["Burst","Bullet Time"],"picked":"Corpse Explosion","floor":16},{"not_picked":["Backflip","Acrobatics"],"picked":"Catalyst+1","floor":18},{"not_picked":["Sucker Punch+1","Bane"],"picked":"Cloak And Dagger","floor":20}],"player_experience":1058349,"relics_obtained":[{"floor":9,"key":"Vajra"},{"floor":10,"key":"Darkstone Periapt"},{"floor":21,"key":"The Courier"}],"event_choices":[{"damage_healed":0,"gold_gain":0,"player_choice":"Leave","damage_taken":0,"max_hp_gain":0,"max_hp_loss":0,"event_name":"The Cleric","floor":2,"gold_loss":0},{"damage_healed":0,"gold_gain":0,"cards_transformed":["Strike_G"],"player_choice":"Change","damage_taken":0,"max_hp_gain":0,"max_hp_loss":0,"event_name":"Living Wall","floor":3,"gold_loss":0,"cards_obtained":["Grand Finale"]},{"damage_healed":0,"gold_gain":80,"player_choice":"Gained Gold","damage_taken":0,"max_hp_gain":0,"max_hp_loss":0,"event_name":"Golden Wing","floor":6,"gold_loss":0},{"damage_healed":0,"gold_gain":0,"player_choice":"Relic","damage_taken":0,"max_hp_gain":0,"max_hp_loss":0,"event_name":"Wheel of Change","floor":21,"gold_loss":0}],"is_beta":false,"boss_relics":[{"not_picked":["Empty Cage","Sozu"],"picked":"WristBlade"}],"items_purged_floors":[],"is_endless":false,"potions_floor_spawned":[10,11,13,16],"killed_by":"Centurion and Healer","ascension_level":19}}