{"host":"lnfs5t5iydkm2lft","time":1613947740,"event":{"mods":["AchievementEnabler","Aspiration","BaseMod","Better Third Choice","BetterRewards","Colored Powertips","Downfall","Hermit","Hubris","Infinite Spire","Marisa????????","Minty Spire (QoL Compilation)","Quick Restart","Reliquary","Replay The Spire","StSLib","The Runesmith","TheBandit","everything is the same but u backflip on backflip"],"gold_per_floor":[109,109,123,137,154,154,185,214,214,266,266,289,344,76,76,201,201,246,246,246,246,246],"floor_reached":21,"language":"ENG","playtime":1582,"items_purged":["Decay"],"score":436,"play_id":"7e9dad0a-528a-4472-a33f-fc212b884001","local_time":"20210221164900","is_ascension_mode":true,"campfire_choices":[{"data":"Seeing Red","floor":6,"key":"SMITH"},{"data":"Replay:Many Hands","floor":11,"key":"SMITH"},{"data":"Perfected Strike","floor":15,"key":"SMITH"}],"circlet_count":0,"master_deck":["Strike_R","Strike_R","Strike_R","Strike_R","Strike_R","Defend_R","Defend_R","Defend_R","Defend_R","Bash","Twin Strike+1","Armaments","Offering","Seeing Red+1","Cleave","Ghostly Armor","Perfected Strike+1","Replay:Many Hands+1","Perfected Strike","Defy Death","Fire Breathing","Master of Strategy","Double Tap","Armaments+1"],"relics":["Burning Blood","ReplayTheSpireMod:CursedCoin","Replay:Bandana","Slimebound:PreparedRelic","ReplayTheSpireMod:TigerMarble","hubris:SphereOfDissonance","hubris:Backtick","reliquary:Stiletto","hubris:BottledHeart"],"acts_visited":["Exordium","TheCity"],"potions_floor_usage":[7,10,13,16],"damage_taken":[{"damage":2,"enemies":"Jaw Worm","floor":1,"turns":3},{"damage":1,"enemies":"Cultist","floor":3,"turns":3},{"damage":0,"enemies":"2 Louse","floor":4,"turns":2},{"damage":18,"enemies":"Large Slime","floor":5,"turns":5},{"damage":19,"enemies":"Gremlin Nob","floor":7,"turns":3},{"damage":3,"enemies":"Exordium Wildlife","floor":8,"turns":4},{"damage":5,"enemies":"3 Sentries","floor":10,"turns":5},{"damage":0,"enemies":"Looter","floor":12,"turns":2},{"damage":14,"enemies":"Lagavulin","floor":13,"turns":4},{"damage":6,"enemies":"Slime Boss","floor":16,"turns":2},{"damage":23,"enemies":"2 Thieves","floor":18,"turns":3}],"seed_played":"-5276964067300993946","potions_obtained":[{"floor":3,"key":"Strength Potion"},{"floor":8,"key":"LiquidBronze"},{"floor":12,"key":"Strength Potion"},{"floor":13,"key":"Energy Potion"},{"floor":16,"key":"Energy Potion"}],"is_trial":false,"path_per_floor":["M","?","M","M","M","R","E","M","T","E","R","M","E","$","R","B",null,"M","?","?","?"],"character_chosen":"IRONCLAD","items_purchased":["ReplayTheSpireMod:CursedCoin","Twin Strike+1","Dark Embrace","Fire Breathing","Master of Strategy"],"campfire_rested":0,"item_purchase_floors":[0,0,0,14,14],"current_hp_per_floor":[80,80,80,80,68,68,55,58,58,59,59,65,57,57,57,63,76,59,59,1,0,0],"gold":246,"neow_bonus":"","is_daily":false,"chose_seed":false,"campfire_upgraded":3,"win_rate":0.0,"timestamp":1613947740,"path_taken":["M","?","M","M","M","R","E","M","T","E","R","?","E","$","R","BOSS","M","?","?","?"],"items_purchased_type":["Relic","Card","Card","Card","Card"],"build_version":"2020-12-22","purchased_purges":1,"victory":false,"max_hp_per_floor":[80,80,80,80,80,80,80,80,80,80,80,80,80,80,80,80,80,80,80,1,1,1],"card_choices":[{"not_picked":["Warcry","hubris:ReadiedAction","Clash"],"picked":"SKIP","floor":1},{"not_picked":["Iron Wave","True Grit"],"picked":"Offering","floor":3},{"not_picked":["Clash","Infernal Blade"],"picked":"Seeing Red","floor":4},{"not_picked":["Pommel Strike","Entrench"],"picked":"Cleave","floor":5},{"not_picked":["True Grit","Sever Soul"],"picked":"Ghostly Armor","floor":7},{"not_picked":["Twin Strike","Burning Pact"],"picked":"Perfected Strike","floor":8},{"not_picked":["Run Through","Warcry"],"picked":"Replay:Many Hands","floor":10},{"not_picked":["Clothesline","Fire Breathing"],"picked":"Perfected Strike","floor":12},{"not_picked":["Infernal Blade","Sword Boomerang"],"picked":"Defy Death","floor":13},{"not_picked":["Bludgeon","Corruption"],"picked":"Double Tap","floor":16},{"not_picked":["Second Wind","Dropkick"],"picked":"Armaments+1","floor":18}],"player_experience":418631,"relics_obtained":[{"floor":7,"key":"Replay:Bandana"},{"floor":9,"key":"Slimebound:PreparedRelic"},{"floor":10,"key":"ReplayTheSpireMod:TigerMarble"},{"floor":13,"key":"hubris:SphereOfDissonance"}],"event_choices":[{"damage_healed":0,"gold_gain":0,"cards_transformed":["Dark Embrace"],"player_choice":"Transformed","damage_taken":0,"max_hp_gain":0,"max_hp_loss":0,"event_name":"Transmorgrifier","floor":2,"gold_loss":0,"cards_obtained":["Armaments"]},{"damage_healed":0,"gold_gain":0,"player_choice":"Ignored","damage_taken":0,"max_hp_gain":0,"max_hp_loss":0,"event_name":"Ghosts","floor":19,"gold_loss":0},{"damage_healed":0,"gold_gain":0,"player_choice":"Dagger","damage_taken":6,"max_hp_gain":0,"max_hp_loss":0,"event_name":"betterThird:BetterNest","floor":21,"gold_loss":0,"cards_obtained":["RitualDagger"]}],"is_beta":false,"boss_relics":[{"not_picked":["SacredBark","aspiration:RitualDagger"],"picked":"hubris:Backtick"}],"items_purged_floors":[0],"is_endless":false,"potions_floor_spawned":[3,8,12,13,16],"ascension_level":5}}