{"host":"ywif2ugnepgiw45s","time":1613938526,"event":{"mods":["Act Like it!","BaseMod","Better Skull","Bossed Relics","Downfall","GifTheSpireLib","Gremlin Mod","Hermit","Lobotomy","Mimic Mod","Minty Spire (QoL Compilation)","Quick Restart","READ ME - Guardian Mod","Replay The Spire","Shade Mod","Shapeshifter Mod","Shop Mod","StSLib","The Cursed","The Exalted","The Hierophant","The Jungle","The Necromancer","The Servant 0.9.4"],"gold_per_floor":[119,137,155,7,106,133,133,133,159,159,173,201,220,235,235,332,332,348,2,16,16,16,16,28,98,110,110],"floor_reached":26,"language":"ENG","playtime":1162,"items_purged":["Strike_W"],"score":286,"play_id":"2dbac03e-57ea-4426-8c27-f2e503ffc29c","local_time":"20210221151526","is_ascension_mode":true,"campfire_choices":[{"floor":10,"key":"REST"},{"data":"Blood_for_Blood","floor":15,"key":"SMITH"},{"data":"Detonate_Bones","floor":23,"key":"SMITH"}],"circlet_count":0,"master_deck":["Strike_W","Strike_W","Strike_W","Defend_W","Defend_W","Defend_W","Defend_W","Negative_Energy_Arrows","Bone_Wall","Grasp_Heart","Siphon_Strength","Blood_for_Blood+1","Life_Drain","Summon_Undead_Army","Bone_Armory","Blood_Whip","Detonate_Bones+1","Bone_Armory","Blood_Shield"],"relics":["Vampire_Amulet","Blue Doll","Bromod:ArcaneNullifier","PreservedInsect","Bag of Preparation","Bronze Scales","Busted Crown","Replay:Bottled Flurry","Replay:Bandana"],"acts_visited":["Exordium","Exordium"],"potions_floor_usage":[16,18,25,26],"damage_taken":[{"damage":1,"enemies":"Cultist","floor":1,"turns":4},{"damage":2,"enemies":"Small Slimes","floor":2,"turns":3},{"damage":0,"enemies":"2 Louse","floor":3,"turns":3},{"damage":24,"enemies":"Lagavulin","floor":6,"turns":7},{"damage":22,"enemies":"Exordium Thugs","floor":11,"turns":7},{"damage":27,"enemies":"3 Sentries","floor":12,"turns":7},{"damage":16,"enemies":"Exordium Wildlife","floor":13,"turns":4},{"damage":18,"enemies":"Large Slime","floor":14,"turns":7},{"damage":31,"enemies":"Fading Forest","floor":16,"turns":11},{"damage":9,"enemies":"theJungle:MUSHROOMGANG","floor":18,"turns":5},{"damage":4,"enemies":"theJungle:Flameango_and_Byrd","floor":20,"turns":5},{"damage":36,"enemies":"theJungle:Lyon","floor":24,"turns":5},{"damage":48,"enemies":"theJungle:2_Phrogs","floor":25,"turns":7},{"damage":14,"enemies":"theJungle:SlimyTreeVines","floor":26,"turns":4}],"seed_played":"4603744337498250241","potions_obtained":[{"floor":6,"key":"hexamod:SoulburnPotion"},{"floor":11,"key":"Elixir"},{"floor":13,"key":"Explosive Potion"},{"floor":14,"key":"PowerPotion"},{"floor":25,"key":"LiquidMemories"}],"is_trial":false,"path_per_floor":["M","M","M","$","?","E","?","?","T","R","M","E","M","M","R","B",null,"M","$","M","?","$","R","M","E","MIM"],"character_chosen":"NECROMANCER","items_purchased":["Blue Doll","Bone_Armory","Replay:Bottled Flurry"],"campfire_rested":1,"item_purchase_floors":[4,19,19],"current_hp_per_floor":[75,75,75,75,57,45,33,33,33,54,46,35,29,25,25,22,72,71,71,72,72,72,72,44,12,0,0],"gold":110,"neow_bonus":"THREE_RARE_CARDS","is_daily":false,"chose_seed":false,"campfire_upgraded":2,"win_rate":0.0,"timestamp":1613938526,"path_taken":["M","M","M","$","?","E","?","?","T","R","M","E","M","?","R","BOSS","M","$","M","?","$","R","M","E","MIM"],"items_purchased_type":["Relic","Card","Relic"],"build_version":"2020-12-22","purchased_purges":1,"victory":false,"max_hp_per_floor":[75,75,75,75,75,75,75,72,72,72,72,72,72,72,72,72,72,72,72,72,72,72,72,72,72,72,72],"card_choices":[{"not_picked":["Summon_Death_Knight","Reap_The_Weak"],"picked":"Grasp_Heart","floor":0},{"not_picked":["Negative_Energy_Shield","Negative_Energy_Mist"],"picked":"Siphon_Strength","floor":1},{"not_picked":["Bone_Shift","Whirlwind_of_Bones","Shackles_Of_Pain"],"picked":"SKIP","floor":2},{"not_picked":["Death_Coil","Consume_Illness"],"picked":"Blood_for_Blood","floor":3},{"not_picked":["Consume_Illness","Blood_Curse"],"picked":"Life_Drain","floor":5},{"not_picked":["Negative_Energy_Javelin","Bone_Armor"],"picked":"Summon_Undead_Army","floor":5},{"not_picked":["Exploit","Strike_from_Beyond"],"picked":"Bone_Armory","floor":6},{"not_picked":["Negative_Energy_Shield","Corrupt","Scare"],"picked":"SKIP","floor":11},{"not_picked":["Spectral_Armor","Scare","Reap_The_Weak"],"picked":"SKIP","floor":12},{"not_picked":["Finger_Of_Death","Summon_Undead"],"picked":"Blood_Whip","floor":13},{"not_picked":["Spectral_Walk","Blood_Whip","Negative_Energy_Burst"],"picked":"SKIP","floor":14},{"not_picked":["Cloudkill","Reap_The_Weak"],"picked":"Detonate_Bones","floor":16},{"not_picked":["Blood_Curse"],"picked":"SKIP","floor":18},{"not_picked":["Strike_from_Beyond+1"],"picked":"SKIP","floor":20},{"not_picked":["Pandemic"],"picked":"SKIP","floor":24},{"not_picked":[],"picked":"Blood_Shield","floor":25}],"player_experience":1836562,"relics_obtained":[{"floor":6,"key":"Bromod:ArcaneNullifier"},{"floor":9,"key":"Bag of Preparation"},{"floor":12,"key":"Bronze Scales"},{"floor":25,"key":"Replay:Bandana"}],"event_choices":[{"damage_healed":0,"gold_gain":0,"player_choice":"Success","damage_taken":12,"relics_obtained":["PreservedInsect"],"max_hp_gain":0,"max_hp_loss":0,"event_name":"Scrap Ooze","floor":7,"gold_loss":0},{"cards_removed":["Parasite"],"damage_healed":0,"gold_gain":0,"player_choice":"Forget","damage_taken":0,"max_hp_gain":0,"max_hp_loss":0,"event_name":"Living Wall","floor":8,"gold_loss":0}],"is_beta":false,"boss_relics":[{"not_picked":["Coffee Dripper","ReplayTheSpireMod:DimensionalGlitch"],"picked":"Busted Crown"}],"items_purged_floors":[19],"is_endless":false,"potions_floor_spawned":[6,11,13,14],"killed_by":"theJungle:SlimyTreeVines","ascension_level":4}}