{"host":"nz11ypxva4e39b7q","time":1613869894,"event":{"mods":["BaseMod","Better Third Choice","Better Vampires","Colored Map","Minty Spire (QoL Compilation)","Quick Restart","Shapeshifter Mod","StSLib"],"gold_per_floor":[117,77,77,97,111,136,136,154,180,180,213,213,248,263,263,359,359,371,421,258,158,168,201,201,228,228,242,261,292,309,108,108,211,211,227,227,227,239,91,125,125,153,235,250,285,303,153,178,178,178,178,178,3,30,30],"floor_reached":56,"language":"ENG","playtime":3901,"items_purged":["StSShapeShifter:WolfsBane","StSShapeShifter:ShapeShifter_Defend","StSShapeShifter:ShapeShifter_Defend","StSShapeShifter:ShapeShifter_Strike","StSShapeShifter:ShapeShifter_Strike"],"score":1824,"play_id":"46573cb2-97a6-44cb-b29f-ecd863c8fb52","local_time":"20210221021134","is_ascension_mode":true,"campfire_choices":[{"data":"StSShapeShifter:WolfForm","floor":7.0,"key":"SMITH"},{"data":"StSShapeShifter:BloomingSlash","floor":10.0,"key":"SMITH"},{"data":"StSShapeShifter:SquirrelForm","floor":12.0,"key":"SMITH"},{"data":"StSShapeShifter:RockSlide","floor":15.0,"key":"SMITH"},{"data":"StSShapeShifter:Synchronicity","floor":24.0,"key":"SMITH"},{"data":"StSShapeShifter:Sapling","floor":32.0,"key":"SMITH"},{"data":"StSShapeShifter:MysticalSeed","floor":41.0,"key":"SMITH"},{"floor":49.0,"key":"RECALL"},{"data":"StSShapeShifter:Sapling","floor":52.0,"key":"SMITH"}],"circlet_count":0,"master_deck":["StSShapeShifter:ShapeShifter_Strike+1","StSShapeShifter:ShapeShifter_Strike+1","StSShapeShifter:ShapeShifter_Defend","StSShapeShifter:ShapeShifter_Defend","StSShapeShifter:ShapeShifter_Defend+1","StSShapeShifter:WolfForm+1","StSShapeShifter:ShiftingStrike","StSShapeShifter:BloomingSlash+1","StSShapeShifter:SquirrelForm+1","StSShapeShifter:RockSlide+1","StSShapeShifter:WolfsBane+1","StSShapeShifter:PoisonIvy+1","StSShapeShifter:PhoenixForm+1","StSShapeShifter:Synchronicity+1","Flash of Steel","StSShapeShifter:FesteringBite","StSShapeShifter:SpiritOfTheEarth+1","StSShapeShifter:BarkSkin+1","StSShapeShifter:Sapling+1","StSShapeShifter:MysticalSeed+1","StSShapeShifter:Synchronicity","StSShapeShifter:DeerForm+1","StSShapeShifter:Sapling+1","StSShapeShifter:ClimbTree+1"],"relics":["StSShapeShifter:AnimalHeart","StSShapeShifter:TheShapeShiftersMagnolia","Whetstone","betterThird:SlimedRelic","Bag of Marbles","StSShapeShifter:DruidicMedallion","Akabeko","Nunchaku","Girya","Astrolabe","Bronze Scales","Bird Faced Urn","Turnip","Gambling Chip","SlaversCollar","Medical Kit","War Paint","PreservedInsect","Omamori","Ice Cream","Bottled Flame"],"acts_visited":["Exordium","TheCity","TheBeyond","TheEnding"],"potions_floor_usage":[],"damage_taken":[{"damage":2.0,"enemies":"Small Slimes","floor":1.0,"turns":6.0},{"damage":0.0,"enemies":"2 Louse","floor":4.0,"turns":3.0},{"damage":0.0,"enemies":"Cultist","floor":5.0,"turns":3.0},{"damage":25.0,"enemies":"Lagavulin","floor":6.0,"turns":6.0},{"damage":2.0,"enemies":"2 Fungi Beasts","floor":8.0,"turns":4.0},{"damage":20.0,"enemies":"Gremlin Nob","floor":11.0,"turns":5.0},{"damage":0.0,"enemies":"3 Sentries","floor":13.0,"turns":4.0},{"damage":0.0,"enemies":"Exordium Thugs","floor":14.0,"turns":1.0},{"damage":32.0,"enemies":"Hexaghost","floor":16.0,"turns":8.0},{"damage":7.0,"enemies":"Chosen","floor":18.0,"turns":4.0},{"damage":5.0,"enemies":"2 Thieves","floor":22.0,"turns":3.0},{"damage":52.0,"enemies":"Gremlin Leader","floor":23.0,"turns":6.0},{"damage":48.0,"enemies":"Book of Stabbing","floor":25.0,"turns":5.0},{"damage":8.0,"enemies":"Snake Plant","floor":27.0,"turns":3.0},{"damage":0.0,"enemies":"Centurion and Healer","floor":28.0,"turns":7.0},{"damage":37.0,"enemies":"Slavers","floor":29.0,"turns":5.0},{"damage":22.0,"enemies":"Snecko","floor":30.0,"turns":4.0},{"damage":55.0,"enemies":"Champ","floor":33.0,"turns":9.0},{"damage":16.0,"enemies":"Orb Walker","floor":35.0,"turns":4.0},{"damage":22.0,"enemies":"3 Darklings","floor":38.0,"turns":7.0},{"damage":30.0,"enemies":"Nemesis","floor":40.0,"turns":7.0},{"damage":68.0,"enemies":"Giant Head","floor":42.0,"turns":8.0},{"damage":13.0,"enemies":"Sphere and 2 Shapes","floor":44.0,"turns":5.0},{"damage":24.0,"enemies":"Reptomancer","floor":45.0,"turns":4.0},{"damage":27.0,"enemies":"Spire Growth","floor":46.0,"turns":5.0},{"damage":54.0,"enemies":"Nemesis","floor":48.0,"turns":5.0},{"damage":49.0,"enemies":"Donu and Deca","floor":50.0,"turns":8.0},{"damage":41,"enemies":"Shield and Spear","floor":54,"turns":8},{"damage":76,"enemies":"The Heart","floor":55,"turns":11}],"seed_played":"-1450600414638616281","potions_obtained":[{"floor":1.0,"key":"SteroidPotion"},{"floor":5.0,"key":"Energy Potion"},{"floor":6.0,"key":"Regen Potion"},{"floor":8.0,"key":"Energy Potion"},{"floor":27.0,"key":"FearPotion"},{"floor":29.0,"key":"BlessingOfTheForge"},{"floor":33.0,"key":"Energy Potion"},{"floor":40.0,"key":"Explosive Potion"},{"floor":46.0,"key":"Block Potion"}],"is_trial":false,"path_per_floor":["M","?","?","M","M","E","R","M","T","R","E","R","E","M","R","B",null,"M","?","$","$","M","E","R","E","T","M","M","E","M","$","R","B",null,"M","?","?","M","$","E","R","E","T","M","E","M","$","E","R","B",null,"R","$","E","B",null],"character_chosen":"SHAPESHIFTER","items_purchased":["Flash of Steel","StSShapeShifter:BarkSkin","StSShapeShifter:Sapling","Medical Kit"],"campfire_rested":0,"item_purchase_floors":[20,31,31,39],"current_hp_per_floor":[68,57,57,57,61,44,44,57,57,57,43,43,58,58,58,77,78,78,78,78,78,78,29,29,8,8,20,73,67,59,59,59,52,72,65,65,65,74,74,66,66,35,35,35,24,25,25,36,36,34,64,64,64,50,43],"gold":30,"neow_bonus":"RANDOM_COMMON_RELIC","is_daily":false,"chose_seed":false,"campfire_upgraded":8,"win_rate":0.0,"timestamp":1613869894,"path_taken":["M","?","?","M","M","E","R","M","T","R","E","R","E","?","R","BOSS","M","?","?","$","M","E","R","E","T","M","M","E","M","$","R","BOSS","M","?","?","M","$","E","R","E","T","M","E","M","$","E","R","BOSS","R","$","E","BOSS"],"items_purchased_type":["Card","Card","Card","Relic"],"build_version":"2020-12-22","purchased_purges":5,"victory":true,"max_hp_per_floor":[78,78,78,78,78,78,78,78,78,78,78,78,78,78,78,78,78,78,78,78,78,78,78,78,78,78,78,78,78,78,78,78,78,78,78,78,74,74,74,74,74,74,74,74,74,74,74,74,74,74,74,74,74,74,74],"card_choices":[{"not_picked":["StSShapeShifter:OakBlade","StSShapeShifter:ThornToss","StSShapeShifter:SunflowerShuriken"],"picked":"SKIP","floor":1.0},{"not_picked":["StSShapeShifter:OakBlade","StSShapeShifter:ThornToss"],"picked":"StSShapeShifter:SunflowerShuriken","floor":1.0},{"not_picked":["StSShapeShifter:FoxForm","StSShapeShifter:Sapling"],"picked":"StSShapeShifter:WolfForm","floor":4.0},{"not_picked":["StSShapeShifter:Hunt","StSShapeShifter:ThornToss"],"picked":"StSShapeShifter:ShiftingStrike","floor":5.0},{"not_picked":["StSShapeShifter:BloomingSlash","StSShapeShifter:Rest","StSShapeShifter:LeapingSlash"],"picked":"SKIP","floor":6.0},{"not_picked":["StSShapeShifter:Rest","StSShapeShifter:LeapingSlash"],"picked":"StSShapeShifter:BloomingSlash","floor":6.0},{"not_picked":["StSShapeShifter:OakBlade","StSShapeShifter:FesteringBite","StSShapeShifter:RatForm"],"picked":"SKIP","floor":8.0},{"not_picked":["StSShapeShifter:PorcupineForm","StSShapeShifter:BloomingSlash"],"picked":"StSShapeShifter:SquirrelForm","floor":11.0},{"not_picked":["StSShapeShifter:ReplenishingNectar","StSShapeShifter:HummingbirdForm"],"picked":"StSShapeShifter:RockSlide","floor":13.0},{"not_picked":["StSShapeShifter:SquirrelForm","StSShapeShifter:WolfForm","StSShapeShifter:PantherForm"],"picked":"SKIP","floor":14.0},{"not_picked":["StSShapeShifter:LionForm","StSShapeShifter:FullMoon"],"picked":"StSShapeShifter:WolfsBane","floor":16.0},{"not_picked":["StSShapeShifter:RockSlide","StSShapeShifter:BloomingSlash"],"picked":"StSShapeShifter:Synchronicity","floor":18.0},{"not_picked":["StSShapeShifter:DiverseSpirit","StSShapeShifter:LeapingSlash+1","StSShapeShifter:ThrashAbout"],"picked":"SKIP","floor":22.0},{"not_picked":["StSShapeShifter:FullMoon","StSShapeShifter:ThornToss","StSShapeShifter:ShiftingStrike+1"],"picked":"SKIP","floor":23.0},{"not_picked":["StSShapeShifter:FallingLeaves+1","StSShapeShifter:PoisonIvy","StSShapeShifter:BloomingSlash"],"picked":"SKIP","floor":25.0},{"not_picked":["StSShapeShifter:FlowerShield","StSShapeShifter:IntimidatingAura","StSShapeShifter:RatForm"],"picked":"SKIP","floor":27.0},{"not_picked":["StSShapeShifter:RockSlide","StSShapeShifter:FesteringBite","StSShapeShifter:DiverseSpirit"],"picked":"SKIP","floor":28.0},{"not_picked":["StSShapeShifter:RockSlide","StSShapeShifter:DiverseSpirit"],"picked":"StSShapeShifter:FesteringBite","floor":28.0},{"not_picked":["StSShapeShifter:SunflowerShuriken","StSShapeShifter:Summer"],"picked":"StSShapeShifter:SpiritOfTheEarth+1","floor":29.0},{"not_picked":["StSShapeShifter:AdaptiveStrikes","StSShapeShifter:Rabid","StSShapeShifter:BladeOfGrass"],"picked":"SKIP","floor":30.0},{"not_picked":["StSShapeShifter:Uproot_Redwood","StSShapeShifter:Earthquake"],"picked":"StSShapeShifter:MysticalSeed","floor":33.0},{"not_picked":["StSShapeShifter:RaptorForm+1","StSShapeShifter:WolfForm+1"],"picked":"StSShapeShifter:Synchronicity","floor":35.0},{"not_picked":["StSShapeShifter:DeepWound","StSShapeShifter:OakBlade+1","StSShapeShifter:ThornedSkin+1"],"picked":"SKIP","floor":38.0},{"not_picked":["StSShapeShifter:PoisonIvy","StSShapeShifter:ThrashAbout+1"],"picked":"StSShapeShifter:DeerForm+1","floor":40.0},{"not_picked":["StSShapeShifter:SunflowerShuriken+1","StSShapeShifter:PhoenixForm"],"picked":"StSShapeShifter:Sapling","floor":42.0},{"not_picked":["StSShapeShifter:WiltingWrath+1","StSShapeShifter:BarkSkin","StSShapeShifter:AdaptiveStrikes"],"picked":"SKIP","floor":44.0},{"not_picked":["StSShapeShifter:MysticalSeed","StSShapeShifter:ThornToss","StSShapeShifter:BearForm"],"picked":"SKIP","floor":45.0},{"not_picked":["StSShapeShifter:Maul","StSShapeShifter:IntimidatingAura+1","StSShapeShifter:BloomingSlash"],"picked":"SKIP","floor":46.0},{"not_picked":["StSShapeShifter:MonkeyForm","StSShapeShifter:LeapingSlash","StSShapeShifter:Roar"],"picked":"SKIP","floor":48.0},{"not_picked":["StSShapeShifter:Maul","StSShapeShifter:CosmicShifter"],"picked":"StSShapeShifter:ClimbTree+1","floor":54}],"player_experience":1080794,"relics_obtained":[{"floor":6.0,"key":"StSShapeShifter:DruidicMedallion"},{"floor":9.0,"key":"Akabeko"},{"floor":11.0,"key":"Nunchaku"},{"floor":13.0,"key":"Girya"},{"floor":23.0,"key":"Bronze Scales"},{"floor":25.0,"key":"Bird Faced Urn"},{"floor":26.0,"key":"Turnip"},{"floor":29.0,"key":"Gambling Chip"},{"floor":40.0,"key":"War Paint"},{"floor":42.0,"key":"PreservedInsect"},{"floor":45.0,"key":"Omamori"},{"floor":48.0,"key":"Ice Cream"},{"floor":54,"key":"Bottled Flame"}],"event_choices":[{"damage_healed":0.0,"max_hp_gain":0.0,"max_hp_loss":0.0,"gold_gain":0.0,"event_name":"betterThird:BetterGoop","player_choice":"Slimed","floor":2.0,"gold_loss":40.0,"damage_taken":11.0},{"cards_removed":["StSShapeShifter:SunflowerShuriken"],"damage_healed":0.0,"max_hp_gain":0.0,"max_hp_loss":0.0,"gold_gain":0.0,"event_name":"WeMeetAgain","player_choice":"Gave Card","floor":3.0,"gold_loss":0.0,"damage_taken":0.0,"relics_obtained":["Bag of Marbles"]},{"damage_healed":0.0,"max_hp_gain":0.0,"max_hp_loss":0.0,"gold_gain":100.0,"event_name":"The Joust","player_choice":"Bet on Murderer","floor":19.0,"gold_loss":50.0,"damage_taken":0.0},{"damage_healed":0.0,"max_hp_gain":0.0,"max_hp_loss":4.0,"gold_gain":0.0,"event_name":"Winding Halls","player_choice":"Max HP","floor":37.0,"gold_loss":0.0,"damage_taken":0.0}],"is_beta":false,"boss_relics":[{"not_picked":["Cursed Key","StSShapeShifter:LemurHeaddress"],"picked":"Astrolabe"},{"not_picked":["Philosopher\u0027s Stone","Black Star"],"picked":"SlaversCollar"}],"items_purged_floors":[20,21,31,47,53],"is_endless":false,"potions_floor_spawned":[1,5,6,8,16,18,27,29,33,40,44,46],"ascension_level":9}}