{"host":"n6qxj7a4gnapjcui","time":1613900015,"event":{"mods":["2.2 Compatiblity","AchievementEnabler","BaseMod","Colored Map","Minty Spire (QoL Compilation)"],"gold_per_floor":[112,129,142,142,153,183,183,212,236,236,269,68,89,114,114,244,244,269,289,289,305,305,305,305],"floor_reached":23,"language":"POL","playtime":1336,"items_purged":[],"score":330,"play_id":"a8a361f1-d2c4-4970-bf81-9758b3df0979","local_time":"20210221103335","is_ascension_mode":true,"campfire_choices":[{"data":"Flame Barrier","floor":7,"key":"SMITH"},{"floor":15,"key":"REST"}],"circlet_count":0,"master_deck":["AscendersBane","Strike_R","Strike_R","Strike_R","Defend_R+1","Defend_R","Defend_R","Defend_R","Bash","Flame Barrier+1","Spot Weakness","Seeing Red","Battle Trance","Bloodletting+1","Spot Weakness","Shockwave","Cleave","Thunderclap","Warcry","Pommel Strike","Armaments","Feed","Metallicize+1"],"relics":["Burning Blood","PreservedInsect","Matryoshka","Juzu Bracelet","Vajra","Centennial Puzzle","Golden Idol","War Paint","Orrery","Runic Pyramid","MutagenicStrength"],"acts_visited":["Exordium","TheCity"],"potions_floor_usage":[6,8,11,16,19],"damage_taken":[{"damage":8,"enemies":"Jaw Worm","floor":1,"turns":6},{"damage":0,"enemies":"2 Louse","floor":2,"turns":4},{"damage":8,"enemies":"Cultist","floor":3,"turns":6},{"damage":7,"enemies":"Blue Slaver","floor":5,"turns":6},{"damage":16,"enemies":"3 Sentries","floor":6,"turns":8},{"damage":26,"enemies":"Gremlin Nob","floor":8,"turns":4},{"damage":8,"enemies":"Lagavulin","floor":11,"turns":6},{"damage":7,"enemies":"Large Slime","floor":13,"turns":6},{"damage":5,"enemies":"Exordium Thugs","floor":14,"turns":4},{"damage":25,"enemies":"The Guardian","floor":16,"turns":14},{"damage":7,"enemies":"Chosen","floor":18,"turns":4},{"damage":40,"enemies":"Shell Parasite","floor":19,"turns":9},{"damage":46,"enemies":"Snecko","floor":21,"turns":7},{"damage":19,"enemies":"Gremlin Leader","floor":23,"turns":3}],"seed_played":"-2212101320248409974","potions_obtained":[{"floor":1,"key":"Block Potion"},{"floor":2,"key":"Dexterity Potion"},{"floor":5,"key":"Weak Potion"},{"floor":8,"key":"ColorlessPotion"},{"floor":16,"key":"FairyPotion"},{"floor":18,"key":"SneckoOil"},{"floor":21,"key":"SpeedPotion"}],"is_trial":false,"path_per_floor":["M","M","M","?","M","E","R","E","T","?","E","$","M","M","R","B",null,"M","M","?","M","?","E"],"character_chosen":"IRONCLAD","items_purchased":["Orrery","Dexterity Potion"],"campfire_rested":1,"item_purchase_floors":[12,12],"current_hp_per_floor":[70,76,74,67,66,56,56,36,36,16,14,14,13,14,38,19,65,64,30,30,17,17,0,0],"gold":305,"neow_bonus":"RANDOM_COMMON_RELIC","is_daily":false,"chose_seed":false,"campfire_upgraded":1,"win_rate":0.0,"timestamp":1613900015,"path_taken":["M","M","M","?","M","E","R","E","T","?","E","?","M","M","R","BOSS","M","M","?","M","?","E"],"items_purchased_type":["Relic","Potion"],"build_version":"2020-12-22","purchased_purges":0,"victory":false,"max_hp_per_floor":[80,80,80,80,80,80,80,80,80,80,80,80,80,80,80,80,80,80,80,80,83,83,83,83],"card_choices":[{"not_picked":["Flex","Infernal Blade"],"picked":"Flame Barrier","floor":1},{"not_picked":["Entrench","Body Slam"],"picked":"Spot Weakness","floor":2},{"not_picked":["Shockwave","True Grit"],"picked":"Seeing Red","floor":3},{"not_picked":["Flame Barrier","Heavy Blade"],"picked":"Battle Trance","floor":5},{"not_picked":["Rupture","Brutality"],"picked":"Bloodletting","floor":6},{"not_picked":["Flame Barrier","Blood for Blood"],"picked":"Spot Weakness","floor":8},{"not_picked":["Perfected Strike","Warcry"],"picked":"Shockwave","floor":11},{"not_picked":["Sword Boomerang","Wild Strike"],"picked":"Cleave","floor":12},{"not_picked":["Wild Strike","Brutality"],"picked":"Thunderclap","floor":12},{"not_picked":["Twin Strike","Dual Wield"],"picked":"Warcry","floor":12},{"not_picked":["Body Slam","Corruption"],"picked":"Pommel Strike","floor":12},{"not_picked":["Cleave","Perfected Strike"],"picked":"Armaments","floor":13},{"not_picked":["Havoc","Searing Blow","True Grit"],"picked":"SKIP","floor":14},{"not_picked":["Demon Form","Impervious"],"picked":"Feed","floor":16},{"not_picked":["Burning Pact+1","Carnage"],"picked":"Metallicize+1","floor":18},{"not_picked":["Thunderclap","Metallicize","Clothesline+1"],"picked":"SKIP","floor":19},{"not_picked":["Rampage","Clothesline","Sword Boomerang"],"picked":"SKIP","floor":21}],"player_experience":336130,"relics_obtained":[{"floor":6,"key":"Matryoshka"},{"floor":8,"key":"Juzu Bracelet"},{"floor":9,"key":"Vajra"},{"floor":9,"key":"Centennial Puzzle"},{"floor":11,"key":"War Paint"}],"event_choices":[{"cards_removed":["Strike_R"],"damage_healed":0,"gold_gain":0,"player_choice":"Card Removal","damage_taken":7,"max_hp_gain":0,"max_hp_loss":0,"event_name":"Golden Wing","floor":4,"gold_loss":0},{"damage_healed":0,"gold_gain":0,"player_choice":"Take Damage","damage_taken":20,"relics_obtained":["Golden Idol"],"max_hp_gain":0,"max_hp_loss":0,"event_name":"Golden Idol","floor":10,"gold_loss":0},{"damage_healed":0,"gold_gain":0,"player_choice":"Inject Mutagens","damage_taken":0,"relics_obtained":["MutagenicStrength"],"max_hp_gain":0,"max_hp_loss":0,"event_name":"Drug Dealer","floor":20,"gold_loss":0},{"cards_removed":["Strike_R"],"damage_healed":0,"gold_gain":0,"player_choice":"Card Removal","damage_taken":0,"max_hp_gain":0,"max_hp_loss":0,"event_name":"Wheel of Change","floor":22,"gold_loss":0}],"is_beta":false,"boss_relics":[{"not_picked":["Ectoplasm","Busted Crown"],"picked":"Runic Pyramid"}],"items_purged_floors":[],"is_endless":false,"potions_floor_spawned":[1,2,5,8,16,18,21],"killed_by":"Gremlin Leader","ascension_level":11}}