{"host":"1v3mnj67s3trvm6y","time":1613912557,"event":{"mods":["BaseMod","Challenge The Spire","Minty Spire (QoL Compilation)","StSLib","The Cursed"],"gold_per_floor":[112,130,143,143,143,143,171,185,239,249,261,274,274,304,304,404,404,423,434,452,467,483,508,524,524,578,628,704,733,733,783,783,880,880,900,1004,364,379,389,389,401,401,401,401,247,297,373,473,473,473,473,473,40,73,73,73],"floor_reached":55,"language":"ENG","playtime":3378,"items_purged":["TheCursedMod:FuryStrike"],"score":844,"play_id":"d7c959ff-4f3b-4e0d-b209-c1c53c93f390","local_time":"20210221220237","is_ascension_mode":false,"campfire_choices":[{"data":"TheCursedMod:SpitefulPray","floor":6,"key":"SMITH"},{"data":"TheCursedMod:CircleOfCorruption","floor":15,"key":"SMITH"},{"floor":30,"key":"REST"},{"data":"TheCursedMod:StingEye","floor":32,"key":"SMITH"},{"floor":40,"key":"REST"},{"floor":42,"key":"REST"},{"floor":44,"key":"REST"},{"floor":49,"key":"RECALL"},{"data":"TheCursedMod:ManaCirculation","floor":52,"key":"SMITH"}],"circlet_count":0,"master_deck":["TheCursedMod:CursedWand","TheCursedMod:CleanUpWorkshop","TheCursedMod:Dregs","TheCursedMod:Obscuration+1","TheCursedMod:AshesToAshes","TheCursedMod:SpitefulPray+1","TheCursedMod:SmokeScreen","TheCursedMod:CircleOfCorruption+1","TheCursedMod:TroublousMinions","TheCursedMod:EmpowerCircles","TheCursedMod:CircleOfAbyss+1","Parasite","TheCursedMod:TroublousMinions+1","TheCursedMod:Neurasthenia+1","TheCursedMod:SpreadPlague+1","TheCursedMod:CursedBlade","TheCursedMod:UltimatePain+1","TheCursedMod:AbyssShockwave","TheCursedMod:CursedArmor+1","TheCursedMod:ManaBullet","TheCursedMod:HellfireBreathing","TheCursedMod:StingEye+1","TheCursedMod:HellfireBreathing+1","TheCursedMod:Evocation+1","TheCursedMod:Obscuration+1","TheCursedMod:FleshFromBone+1","TheCursedMod:Torture+1","Shame","TheCursedMod:VoidForm","TheCursedMod:WearCloak+1","TheCursedMod:Wield","TheCursedMod:RapidMovement+1","TheCursedMod:SpitefulStrike+1","TheCursedMod:Torture+1","TheCursedMod:HellfireBreathing","TheCursedMod:AshesToAshes+1","TheCursedMod:ManaCirculation+1","TheCursedMod:CircleOfFocus+1","TheCursedMod:HellfireBreathing"],"relics":["TheCursedMod:BlackMagic101","Mummified Hand","Tiny Chest","Juzu Bracelet","Toxic Egg 2","Pandora\u0027s Box","TheCursedMod:MagicCandle","SsserpentHead","Art of War","Enchiridion","Nunchaku","Singing Bowl","TheCursedMod:OminousMark","Lizard Tail","Pantograph","TheCursedMod:CrystalBall","Molten Egg 2","War Paint","Mango","Vajra","ClockworkSouvenir","Bronze Scales"],"acts_visited":["Exordium","TheCity","TheBeyond","TheEnding"],"potions_floor_usage":[7,23,23,38,50,54,55],"damage_taken":[{"damage":0,"enemies":"2 Louse","floor":1,"turns":2},{"damage":0,"enemies":"Cultist","floor":2,"turns":4},{"damage":1,"enemies":"Jaw Worm","floor":3,"turns":8},{"damage":21,"enemies":"3 Sentries","floor":7,"turns":18},{"damage":3,"enemies":"2 Fungi Beasts","floor":8,"turns":5},{"damage":2,"enemies":"Looter","floor":10,"turns":4},{"damage":3,"enemies":"Red Slaver","floor":11,"turns":3},{"damage":0,"enemies":"Blue Slaver","floor":12,"turns":3},{"damage":0,"enemies":"Lagavulin","floor":14,"turns":8},{"damage":3,"enemies":"The Guardian","floor":16,"turns":12},{"damage":0,"enemies":"3 Byrds","floor":18,"turns":4},{"damage":0,"enemies":"Shell Parasite","floor":19,"turns":3},{"damage":0,"enemies":"Snake Plant","floor":20,"turns":3},{"damage":12,"enemies":"Centurion and Healer","floor":21,"turns":6},{"damage":0,"enemies":"Cultist and Chosen","floor":22,"turns":3},{"damage":5,"enemies":"Gremlin Leader","floor":23,"turns":5},{"damage":6,"enemies":"3 Cultists","floor":24,"turns":4},{"damage":8,"enemies":"Book of Stabbing","floor":29,"turns":4},{"damage":0,"enemies":"Champ","floor":33,"turns":11},{"damage":18,"enemies":"3 Darklings","floor":35,"turns":2},{"damage":44,"enemies":"2 Orb Walkers","floor":36,"turns":5},{"damage":9,"enemies":"Orb Walker","floor":38,"turns":2},{"damage":0,"enemies":"Maw","floor":39,"turns":6},{"damage":0,"enemies":"Sphere and 2 Shapes","floor":41,"turns":3},{"damage":0,"enemies":"Mind Bloom Boss Battle","floor":48,"turns":5},{"damage":77,"enemies":"Donu and Deca","floor":50,"turns":7},{"damage":73,"enemies":"Shield and Spear","floor":54,"turns":6},{"damage":147,"enemies":"The Heart","floor":55,"turns":8}],"seed_played":"5217220985595120107","potions_obtained":[{"floor":3,"key":"SneckoOil"},{"floor":8,"key":"EssenceOfSteel"},{"floor":12,"key":"LiquidBronze"},{"floor":14,"key":"DuplicationPotion"},{"floor":21,"key":"Ancient Potion"},{"floor":33,"key":"DuplicationPotion"},{"floor":36,"key":"ColorlessPotion"},{"floor":38,"key":"GamblersBrew"}],"is_trial":false,"path_per_floor":["M","M","M","?","?","R","E","M","T","M","M","M","?","E","R","B",null,"M","M","M","M","M","E","M","?","T","?","T","E","R","?","R","B",null,"M","?","$","M","M","R","M","R","T","R","$","?","T","?","R","B",null,"R","$","E","B"],"character_chosen":"THE_CURSED","items_purchased":["Pantograph","TheCursedMod:CrystalBall","TheCursedMod:HellfireBreathing","TheCursedMod:AshesToAshes+1","Vajra","TheCursedMod:CircleOfFocus+1","TheCursedMod:HellfireBreathing","ClockworkSouvenir"],"campfire_rested":4,"item_purchase_floors":[37,37,45,45,53,53,53,53],"current_hp_per_floor":[75,75,74,56,56,56,35,32,32,30,27,27,45,45,45,42,75,75,75,75,63,63,58,52,52,52,36,36,28,50,50,50,50,75,57,13,13,4,4,26,26,48,48,70,70,70,70,89,89,12,89,89,89,18,0,0],"gold":73,"neow_bonus":"REMOVE_CARD","is_daily":false,"chose_seed":false,"campfire_upgraded":4,"win_rate":0.0,"timestamp":1613912557,"path_taken":["M","M","M","?","?","R","E","M","T","M","M","M","?","E","R","BOSS","M","M","M","M","M","E","M","?","T","?","?","E","R","?","R","BOSS","M","?","$","M","M","R","M","R","T","R","$","?","?","?","R","BOSS","R","$","E","BOSS"],"items_purchased_type":["Relic","Relic","Card","Card","Relic","Card","Card","Relic"],"build_version":"2020-12-22","purchased_purges":1,"victory":false,"max_hp_per_floor":[75,75,75,75,75,75,75,75,75,75,75,75,75,75,75,75,75,75,75,75,75,75,75,75,75,75,75,75,75,75,75,75,75,75,75,75,75,75,75,75,75,75,75,75,75,75,75,89,89,89,89,89,89,91,91,91],"card_choices":[{"not_picked":["TheCursedMod:VitalStrike","TheCursedMod:AbyssShockwave"],"picked":"TheCursedMod:Obscuration","floor":1},{"not_picked":["TheCursedMod:BloodBarrier","TheCursedMod:HellfireBreathing"],"picked":"TheCursedMod:AshesToAshes","floor":2},{"not_picked":["TheCursedMod:TacticalStrike","TheCursedMod:EmpowerCircles"],"picked":"TheCursedMod:SpitefulPray","floor":3},{"not_picked":["TheCursedMod:CircleOfFlame","TheCursedMod:CircleOfWindfury"],"picked":"TheCursedMod:SmokeScreen","floor":7},{"not_picked":["TheCursedMod:SurpriseAttack","TheCursedMod:Torture"],"picked":"TheCursedMod:CircleOfCorruption","floor":8},{"not_picked":["TheCursedMod:Obscuration","TheCursedMod:StingEye"],"picked":"TheCursedMod:TroublousMinions","floor":10},{"not_picked":["TheCursedMod:Torture","TheCursedMod:WearCloak"],"picked":"TheCursedMod:EmpowerCircles","floor":11},{"not_picked":["TheCursedMod:Stigma","TheCursedMod:SpitefulPlan"],"picked":"TheCursedMod:CircleOfAbyss","floor":12},{"not_picked":["TheCursedMod:ReleasedStrength+1","TheCursedMod:AbyssShockwave"],"picked":"TheCursedMod:TroublousMinions+1","floor":14},{"not_picked":["TheCursedMod:CircleOfAbyss+1","TheCursedMod:DemonicPact"],"picked":"TheCursedMod:Neurasthenia+1","floor":16},{"not_picked":["TheCursedMod:SpitefulPlan","TheCursedMod:CursedShiv"],"picked":"TheCursedMod:ManaBullet","floor":18},{"not_picked":["TheCursedMod:AbyssShockwave","TheCursedMod:SpitefulPlan"],"picked":"TheCursedMod:HellfireBreathing","floor":19},{"not_picked":["TheCursedMod:SpitefulStrike+1","TheCursedMod:CursedBlade"],"picked":"TheCursedMod:StingEye","floor":20},{"not_picked":["TheCursedMod:RavingStaff","TheCursedMod:TacticalStrike"],"picked":"TheCursedMod:HellfireBreathing+1","floor":21},{"not_picked":["TheCursedMod:Obscuration+1","TheCursedMod:CursedAmulet+1"],"picked":"TheCursedMod:Evocation+1","floor":22},{"not_picked":["TheCursedMod:SoulCrush","TheCursedMod:CursedShiv"],"picked":"TheCursedMod:Obscuration+1","floor":23},{"not_picked":["TheCursedMod:TroublousMinions+1","TheCursedMod:SoulCrush"],"picked":"TheCursedMod:FleshFromBone+1","floor":24},{"not_picked":["TheCursedMod:SmokeScreen+1","TheCursedMod:CursedBlade"],"picked":"TheCursedMod:Torture+1","floor":29},{"not_picked":["TheCursedMod:ParallelWorld+1","TheCursedMod:DarkBarrier+1"],"picked":"TheCursedMod:VoidForm","floor":33},{"not_picked":["TheCursedMod:CursedAmulet+1","TheCursedMod:VitalStrike"],"picked":"TheCursedMod:WearCloak+1","floor":35},{"not_picked":["TheCursedMod:CircleOfFlame+1","TheCursedMod:CursedRelics"],"picked":"TheCursedMod:Wield","floor":36},{"not_picked":["TheCursedMod:CircleOfCorruption+1","TheCursedMod:WearCloak+1"],"picked":"TheCursedMod:RapidMovement+1","floor":38},{"not_picked":["TheCursedMod:CircleOfFlame+1","TheCursedMod:SmokeScreen+1"],"picked":"TheCursedMod:SpitefulStrike+1","floor":39},{"not_picked":["TheCursedMod:CursedBlade","TheCursedMod:RavingStaff"],"picked":"TheCursedMod:Torture+1","floor":41},{"not_picked":["TheCursedMod:RavingStaff+1","TheCursedMod:HellfireBreathing"],"picked":"TheCursedMod:ManaCirculation","floor":48},{"not_picked":["TheCursedMod:CircleOfFlame+1","TheCursedMod:PrepareRite+1","TheCursedMod:CursedArmor+1"],"picked":"Singing Bowl","floor":54}],"player_experience":1584111,"relics_obtained":[{"floor":7,"key":"Tiny Chest"},{"floor":9,"key":"Juzu Bracelet"},{"floor":14,"key":"Toxic Egg 2"},{"floor":23,"key":"TheCursedMod:MagicCandle"},{"floor":26,"key":"Art of War"},{"floor":27,"key":"Enchiridion"},{"floor":29,"key":"Nunchaku"},{"floor":36,"key":"Lizard Tail"},{"floor":43,"key":"Molten Egg 2"},{"floor":47,"key":"War Paint"},{"floor":48,"key":"Mango"},{"floor":54,"key":"Bronze Scales"}],"event_choices":[{"damage_healed":0,"gold_gain":0,"player_choice":"Success","damage_taken":18,"relics_obtained":["Mummified Hand"],"max_hp_gain":0,"max_hp_loss":0,"event_name":"Scrap Ooze","floor":4,"gold_loss":0},{"cards_removed":["TheCursedMod:Defend_TheCursed"],"damage_healed":0,"gold_gain":0,"player_choice":"Forget","damage_taken":0,"max_hp_gain":0,"max_hp_loss":0,"event_name":"Living Wall","floor":5,"gold_loss":0},{"damage_healed":18,"gold_gain":0,"player_choice":"Healed and dodged fight","damage_taken":0,"max_hp_gain":0,"max_hp_loss":0,"event_name":"Mushrooms","floor":13,"gold_loss":0,"cards_obtained":["Parasite"]},{"damage_healed":0,"gold_gain":0,"player_choice":"Trade","damage_taken":0,"relics_obtained":["SsserpentHead"],"max_hp_gain":0,"max_hp_loss":0,"event_name":"FaceTrader","floor":25,"gold_loss":0},{"damage_healed":0,"gold_gain":0,"player_choice":"Obtained Book","damage_taken":16,"max_hp_gain":0,"max_hp_loss":0,"event_name":"Cursed Tome","floor":27,"gold_loss":0},{"damage_healed":0,"gold_gain":0,"player_choice":"Stole Relic","damage_taken":0,"relics_obtained":["Singing Bowl"],"max_hp_gain":0,"max_hp_loss":0,"event_name":"Addict","floor":31,"gold_loss":0,"cards_obtained":["Shame"]},{"damage_healed":0,"gold_gain":0,"player_choice":"Fight","damage_taken":0,"max_hp_gain":0,"max_hp_loss":0,"event_name":"Mysterious Sphere","floor":36,"gold_loss":0},{"damage_healed":0,"gold_gain":0,"player_choice":"Ignored","damage_taken":0,"max_hp_gain":0,"max_hp_loss":0,"event_name":"Tomb of Lord Red Mask","floor":46,"gold_loss":0},{"damage_healed":0,"gold_gain":0,"player_choice":"Fight","damage_taken":0,"max_hp_gain":0,"max_hp_loss":0,"event_name":"MindBloom","floor":48,"gold_loss":0}],"is_beta":false,"boss_relics":[{"not_picked":["Tiny House","TheCursedMod:BlackMagicAdvanced"],"picked":"Pandora\u0027s Box"},{"not_picked":["Sozu","Coffee Dripper"],"picked":"TheCursedMod:OminousMark"}],"items_purged_floors":[37],"is_endless":false,"potions_floor_spawned":[3,8,12,14,16,19,20,21,22,33,36,38,41],"killed_by":"The Heart","ascension_level":0}}