{"host":"e8hwgc5hwysw32tq","time":1613898523,"event":{"mods":["BaseMod","Downfall","Googly Eyes","Minty Spire (QoL Compilation)","StSLib","Together in Spire"],"gold_per_floor":[111,131,16,91,14,47,47,12,58,100,119,146,146,160,160,274,274,288,35,44,44,65,100,100,137,188,188,188,216,216,216,216,320,320,332,332,344,344,67,67,87,120,166,216,258,83,83,102,111,111,111,111,59,92,92,92],"floor_reached":55,"language":"ENG","playtime":4061,"items_purged":["Defend_P","Strike_P","Collect","LessonLearned+1"],"score":744,"play_id":"2d2087bd-f56a-4e0e-bd27-9014f3afdaf5","local_time":"20210221010843","is_ascension_mode":false,"campfire_choices":[{"data":"Vigilance","floor":7.0,"key":"SMITH"},{"data":"Eruption","floor":13.0,"key":"SMITH"},{"data":"Nirvana","floor":15.0,"key":"SMITH"},{"data":"LessonLearned","floor":24.0,"key":"SMITH"},{"data":"CrushJoints","floor":27.0,"key":"SMITH"},{"data":"Nirvana","floor":30.0,"key":"SMITH"},{"data":"LikeWater","floor":32.0,"key":"SMITH"},{"data":"WaveOfTheHand","floor":40,"key":"SMITH"},{"data":"Weave","floor":47,"key":"SMITH"},{"floor":49,"key":"REST"},{"data":"Ragnarok","floor":52,"key":"SMITH"}],"circlet_count":0,"master_deck":["Strike_P+1","Strike_P+1","Strike_P+1","Defend_P+1","Defend_P+1","Defend_P+1","Eruption+1","Vigilance+1","CurseOfTheBell","WaveOfTheHand+1","LikeWater+1","Nirvana+1","CutThroughFate+1","CrushJoints+1","Wireheading+1","ThirdEye+1","Nirvana+1","DevaForm+1","CutThroughFate+1","Weave+1","Ragnarok+1"],"relics":["Calling Bell","Bag of Preparation","Question Card","GoldenEye","MealTicket","CeramicFish","Dream Catcher","SlaversCollar","War Paint","Pocketwatch","Akabeko","Juzu Bracelet","Centennial Puzzle","Enchiridion","Philosopher\u0027s Stone","Lantern","Singing Bowl","Whetstone","StoneCalendar","Strawberry","Bottled Tornado"],"acts_visited":["TheEnding"],"potions_floor_usage":[37,48,50,54,55],"damage_taken":[{"damage":3.0,"enemies":"Jaw Worm","floor":1.0,"turns":2.0},{"damage":5.0,"enemies":"2 Louse","floor":2.0,"turns":3.0},{"damage":9.0,"enemies":"3 Sentries","floor":6.0,"turns":7.0},{"damage":11.0,"enemies":"Gremlin Nob","floor":10.0,"turns":3.0},{"damage":0.0,"enemies":"Small Slimes","floor":11.0,"turns":2.0},{"damage":2.0,"enemies":"Exordium Wildlife","floor":12.0,"turns":2.0},{"damage":0.0,"enemies":"Exordium Thugs","floor":14.0,"turns":2.0},{"damage":0.0,"enemies":"Slime Boss","floor":16.0,"turns":6.0},{"damage":3.0,"enemies":"2 Thieves","floor":18.0,"turns":2.0},{"damage":0.0,"enemies":"Spheric Guardian","floor":22.0,"turns":3.0},{"damage":10.0,"enemies":"Gremlin Leader","floor":23.0,"turns":4.0},{"damage":3.0,"enemies":"Book of Stabbing","floor":25.0,"turns":3.0},{"damage":7.0,"enemies":"Shelled Parasite and Fungi","floor":29.0,"turns":2.0},{"damage":0.0,"enemies":"Champ","floor":33.0,"turns":4.0},{"damage":0.0,"enemies":"Orb Walker","floor":35.0,"turns":2.0},{"damage":16,"enemies":"3 Shapes","floor":37,"turns":5},{"damage":5,"enemies":"3 Darklings","floor":41,"turns":3},{"damage":0,"enemies":"Giant Head","floor":42,"turns":5},{"damage":23,"enemies":"Mind Bloom Boss Battle","floor":44,"turns":6},{"damage":0,"enemies":"Reptomancer","floor":45,"turns":2},{"damage":0,"enemies":"Writhing Mass","floor":48,"turns":6},{"damage":43,"enemies":"Awakened One","floor":50,"turns":7},{"damage":0,"enemies":"Shield and Spear","floor":54,"turns":3},{"damage":68,"enemies":"The Heart","floor":55,"turns":6}],"seed_played":"-6876789465327544300","potions_obtained":[{"floor":2.0,"key":"bronze:BurnAndBuffPotion"},{"floor":12.0,"key":"Swift Potion"},{"floor":14.0,"key":"bronze:BurnAndBuffPotion"},{"floor":18.0,"key":"Strength Potion"},{"floor":29.0,"key":"sneckomod:MuddlingPotion"},{"floor":44,"key":"Block Potion"},{"floor":45,"key":"Dexterity Potion"},{"floor":48,"key":"Energy Potion"},{"floor":54,"key":"SkillPotion"}],"is_trial":false,"path_per_floor":["M","M","$","?","$","E","R","?","T","E","M","M","R","M","R","B",null,"M","$","?","?","M","E","R","E","T","R","?","M","R","?","R","B",null,"M","?","M","?","$","R","M","E","T","?","E","$","R","M","R","B",null,"R","$","E","B"],"character_chosen":"WATCHER","items_purchased":["LikeWater","Nirvana","War Paint","Lantern","Weave","hexamod:SoulburnPotion"],"campfire_rested":1,"item_purchase_floors":[3,5,19,39,46,53],"current_hp_per_floor":[69,64,64,53,53,44,44,62,62,51,51,49,49,49,49,49,72,69,72,72,72,72,62,62,59,59,59,43,36,36,36,36,36,72,72,72,56,56,71,71,66,68,68,47,54,69,69,71,85,42,85,85,85,87,19,19],"gold":92,"neow_bonus":"BOSS_RELIC","is_daily":false,"chose_seed":false,"campfire_upgraded":10,"win_rate":0.0,"timestamp":1613898523,"path_taken":["M","M","$","?","$","E","R","?","T","E","M","M","R","M","R","BOSS","M","$","?","?","M","E","R","E","T","R","?","M","R","?","R","BOSS","M","?","M","?","$","R","M","E","T","?","E","$","R","M","R","BOSS","R","$","E","BOSS"],"items_purchased_type":["Card","Card","Relic","Relic","Card","Potion"],"build_version":"2020-12-22","purchased_purges":4,"victory":false,"max_hp_per_floor":[72,72,72,72,72,72,72,72,72,72,72,72,72,72,72,72,72,72,72,72,72,72,72,72,72,72,72,72,72,72,72,72,72,72,72,72,72,72,72,72,72,74,74,76,83,83,83,85,85,85,85,85,85,87,87,87],"card_choices":[{"not_picked":["ForeignInfluence","ReachHeaven","FollowUp","SignatureMove"],"picked":"SKIP","floor":1.0},{"not_picked":["Crescendo","Worship","Protect"],"picked":"WaveOfTheHand","floor":2.0},{"not_picked":["Perseverance","ReachHeaven","PathToVictory"],"picked":"CutThroughFate","floor":6.0},{"not_picked":["FollowUp","EmptyFist","EmptyBody"],"picked":"CrushJoints","floor":10.0},{"not_picked":["InnerPeace","CrushJoints","ClearTheMind","BowlingBash"],"picked":"SKIP","floor":11.0},{"not_picked":["Conclude","MasterReality","Indignation"],"picked":"Collect","floor":12.0},{"not_picked":["Protect","SashWhip","Prostrate","SignatureMove"],"picked":"SKIP","floor":14.0},{"not_picked":["SpiritShield","Ragnarok","Wish"],"picked":"LessonLearned","floor":16.0},{"not_picked":["FollowUp","Protect+1","PathToVictory"],"picked":"Meditate","floor":18.0},{"not_picked":["TalkToTheHand","JustLucky","FlurryOfBlows+1"],"picked":"Wireheading+1","floor":22.0},{"not_picked":["EmptyFist","FlurryOfBlows","Indignation","EmptyBody"],"picked":"SKIP","floor":23.0},{"not_picked":["WindmillStrike+1","BowlingBash","FlurryOfBlows"],"picked":"ThirdEye+1","floor":25.0},{"not_picked":["EmptyBody+1","ClearTheMind","Crescendo"],"picked":"Nirvana","floor":29.0},{"not_picked":["ConjureBlade","Vault","MasterReality"],"picked":"DevaForm","floor":33.0},{"not_picked":["Protect","CrushJoints","Adaptation","Tantrum+1"],"picked":"SKIP","floor":35.0},{"not_picked":["Protect","CrushJoints","Adaptation","Tantrum+1"],"picked":"SKIP","floor":37},{"not_picked":["Vengeance","Protect","FlurryOfBlows+1","Evaluate"],"picked":"SKIP","floor":41},{"not_picked":["EmptyFist+1","InnerPeace","ClearTheMind+1","MentalFortress"],"picked":"Singing Bowl","floor":42},{"not_picked":["Adaptation","FlyingSleeves","WheelKick+1","EmptyBody+1"],"picked":"Singing Bowl","floor":44},{"not_picked":["ThirdEye+1","Protect+1","Wallop"],"picked":"CutThroughFate+1","floor":45},{"not_picked":["EmptyBody+1","Vengeance","Consecrate+1","Perseverance"],"picked":"Singing Bowl","floor":48},{"not_picked":["PathToVictory+1","FlyingSleeves","ThirdEye"],"picked":"Ragnarok","floor":49},{"not_picked":["EmptyBody","Consecrate+1","Wallop+1","ThirdEye"],"picked":"Singing Bowl","floor":54}],"player_experience":463786,"relics_obtained":[{"floor":0.0,"key":"Bag of Preparation"},{"floor":0.0,"key":"Question Card"},{"floor":0.0,"key":"GoldenEye"},{"floor":6.0,"key":"MealTicket"},{"floor":9.0,"key":"CeramicFish"},{"floor":10.0,"key":"Dream Catcher"},{"floor":23.0,"key":"Akabeko"},{"floor":25.0,"key":"Juzu Bracelet"},{"floor":26.0,"key":"Centennial Puzzle"},{"floor":28.0,"key":"Enchiridion"},{"floor":42,"key":"Singing Bowl"},{"floor":43,"key":"Whetstone"},{"floor":44,"key":"StoneCalendar"},{"floor":45,"key":"Strawberry"},{"floor":54,"key":"Bottled Tornado"}],"event_choices":[{"damage_healed":0.0,"max_hp_gain":0.0,"max_hp_loss":0.0,"gold_gain":75.0,"event_name":"World of Goop","player_choice":"Gather Gold","floor":4.0,"gold_loss":0.0,"damage_taken":11.0},{"damage_healed":18.0,"max_hp_gain":0.0,"max_hp_loss":0.0,"gold_gain":0.0,"event_name":"The Cleric","player_choice":"Healed","floor":8.0,"gold_loss":35.0,"damage_taken":0.0},{"damage_healed":0.0,"max_hp_gain":0.0,"max_hp_loss":0.0,"gold_gain":0.0,"event_name":"The Mausoleum","player_choice":"Opened","floor":20.0,"gold_loss":0.0,"damage_taken":0.0,"relics_obtained":["Pocketwatch"],"cards_obtained":["Writhe"]},{"damage_healed":0.0,"max_hp_gain":0.0,"max_hp_loss":0.0,"gold_gain":0.0,"event_name":"Ghosts","player_choice":"Ignored","floor":21.0,"gold_loss":0.0,"damage_taken":0.0},{"damage_healed":0.0,"max_hp_gain":0.0,"max_hp_loss":0.0,"gold_gain":0.0,"event_name":"Cursed Tome","player_choice":"Obtained Book","floor":28.0,"gold_loss":0.0,"damage_taken":16.0},{"cards_removed":["Writhe"],"damage_healed":0.0,"max_hp_gain":0.0,"max_hp_loss":0.0,"gold_gain":0.0,"event_name":"Fountain of Cleansing","player_choice":"Removed Curses","floor":31.0,"gold_loss":0.0,"damage_taken":0.0},{"cards_removed":["Meditate"],"damage_healed":0.0,"max_hp_gain":0.0,"max_hp_loss":0.0,"gold_gain":0.0,"event_name":"Falling","player_choice":"Removed Skill","floor":36.0,"gold_loss":0.0,"damage_taken":0.0},{"damage_healed":0,"gold_gain":0,"player_choice":"Ignored","damage_taken":0,"max_hp_gain":0,"max_hp_loss":0,"event_name":"Tomb of Lord Red Mask","floor":38,"gold_loss":0},{"damage_healed":0,"gold_gain":0,"player_choice":"Fight","damage_taken":0,"max_hp_gain":0,"max_hp_loss":0,"event_name":"MindBloom","floor":44,"gold_loss":0}],"is_beta":false,"boss_relics":[{"not_picked":["Coffee Dripper","SacredBark"],"picked":"SlaversCollar"},{"not_picked":["Snecko Eye","Runic Pyramid"],"picked":"Philosopher\u0027s Stone"}],"items_purged_floors":[3,19,39,46],"is_endless":false,"potions_floor_spawned":[2,12,14,18,29,44,45,48,54],"killed_by":"The Heart","ascension_level":0}}