{"host":"17xjy7b7ubl548g2","time":1613878449,"event":{"mods":["2.2 Compatiblity","Act Like it!","Aspiration","Astrologer","Bard","BaseMod","Challenge The Spire","ChefMod","Colored Map","Colored Powertips","Conspire","Elementarium","Energized Spire","Gensokyo","GifTheSpireLib","Halation","Hallownest","Hermit","Hubris","Infinite Spire","Jedi Mod","Jorbs\u0027s Wanderer Trilogy","Marisa（霧雨　魔理沙）","Marked Mod","Menagerie","Minty Spire (QoL Compilation)","Permanent Neow","Reliquary","Replay The Spire","Robot Space Explorer","Ruina","Shapeshifter Mod","Spicy Shops","Spire Arcade","StSLib","Stuff the Spire","The Blue Laboratory","The Bug Knight","The Construct","The Disciple","The Hayseed","The Hierophant","The Marked","The Runesmith","The Sage","TheFirefly"],"gold_per_floor":[12,12,22,36,48,48,59,59,59,91,108,141,159,191,191,293,293,311,33,48,66,85,85,96,96,173,173,173,173,173,208,208,208,208,304,304,321,321,321,321,331,331,350,385,385,385,104,134,134,244,244,246],"floor_reached":53,"language":"ENG","playtime":6177,"items_purged":["StSShapeShifter:ShapeShifter_Strike","Parasite"],"score":780,"play_id":"af4fec36-5b1f-4cb7-8db8-94e4fd4d9b83","local_time":"20210220223409","is_ascension_mode":true,"campfire_choices":[{"data":"StSShapeShifter:WolfForm","floor":6,"key":"SMITH"},{"data":"StSShapeShifter:BurstingSpore","floor":8,"key":"SMITH"},{"data":"StSShapeShifter:FruitBasket","floor":15,"key":"SMITH"},{"data":"StSShapeShifter:SkullBash","floor":23,"key":"SMITH"},{"data":"Sucker Punch","floor":25,"key":"SMITH"},{"data":"StuffTheSpire:CelestialWarden","floor":30,"key":"SMITH"},{"data":"StSShapeShifter:BulwarkOfDiscovery","floor":34,"key":"SMITH"},{"data":"StSShapeShifter:Tortoise_Form","floor":42,"key":"SMITH"},{"data":"StSShapeShifter:Hunt","floor":46,"key":"SMITH"},{"data":"StSShapeShifter:Consume","floor":49,"key":"SMITH"},{"data":"StSShapeShifter:Lynx_Form","floor":51,"key":"SMITH"}],"circlet_count":0,"master_deck":["StSShapeShifter:ShapeShifter_Strike","StSShapeShifter:ShapeShifter_Defend","StSShapeShifter:ShapeShifter_Defend","StSShapeShifter:ShapeShifter_Defend","StSShapeShifter:ShapeShifter_Defend","StSShapeShifter:ShapeShifter_Defend","StSShapeShifter:Tortoise_Form+1","StSShapeShifter:Lynx_Form+1","Poisoned Strike","StSShapeShifter:RockSlide","Sucker Punch+1","Underhanded Strike","Choke","StSShapeShifter:BurstingSpore+1","StSShapeShifter:Consume+1","StSShapeShifter:WolfForm+1","StSShapeShifter:Wildfire2+1","StSShapeShifter:FruitBasket+1","StSShapeShifter:BurrBomb","StSShapeShifter:PoisonIvy","StSShapeShifter:BulwarkOfDiscovery+1","StSShapeShifter:SkullBash+1","StSShapeShifter:Hunt+1","StSShapeShifter:Guard+1","StSShapeShifter:FallingLeaves+1","StuffTheSpire:CelestialWarden+1","StSShapeShifter:Hunt+1","StSShapeShifter:RhinoCalfForm","StSShapeShifter:SunflowerShuriken+1","StSShapeShifter:FlowerShield+1","StSShapeShifter:Rabid+1","StSShapeShifter:Roar+1","StSShapeShifter:Sapling+1","StSShapeShifter:BarkSkin+1"],"relics":["StSShapeShifter:AnimalHeart","StSShapeShifter:TheShapeShiftersMagnolia","Replay:Rubber Ducky","Runesmith:Nanobots","SlaversCollar","reliquary:ExpiredCoupon","StSShapeShifter:LoyalLobster","Pet Ghost","Sozu","hubris:Backtick","jedi:heavyjacket","Quantum Egg","infinitespire:Midas Blood","Onion Ring","ReplayTheSpireMod:TigerMarble","hubris:DeckOfHolding"],"acts_visited":["Exordium","Menagerie:Menagerie","TheBeyond"],"potions_floor_usage":[12,14,20,21,31,52,52],"damage_taken":[{"damage":0,"enemies":"Menagerie:StygianBoar","floor":1,"turns":2},{"damage":2,"enemies":"Menagerie:2_RABBITS","floor":3,"turns":2},{"damage":5,"enemies":"Menagerie:MonstrousExperiment","floor":4,"turns":3},{"damage":7,"enemies":"Menagerie:STYGIAN_BOAR_AND_RABBIT","floor":5,"turns":4},{"damage":9,"enemies":"Menagerie:KEEPER_AND_YOUNG_SUNEATER","floor":7,"turns":5},{"damage":17,"enemies":"Menagerie:MOSSY_WILDLIFE","floor":10,"turns":4},{"damage":1,"enemies":"Menagerie:EntropyWarlock","floor":11,"turns":2},{"damage":8,"enemies":"Menagerie:Hydra","floor":12,"turns":5},{"damage":7,"enemies":"Menagerie:BEAST_MAGE_AND_PROWLING_AMALGAM","floor":13,"turns":6},{"damage":7,"enemies":"Menagerie:MaskedSummoner","floor":14,"turns":3},{"damage":24,"enemies":"Menagerie:Suneater","floor":16,"turns":9},{"damage":13,"enemies":"ruina:BadWolf","floor":18,"turns":2},{"damage":23,"enemies":"ruina:3_Bats","floor":20,"turns":5},{"damage":58,"enemies":"ruina:KnightOfDespair","floor":21,"turns":9},{"damage":16,"enemies":"ruina:3_Scarecrows","floor":22,"turns":4},{"damage":27,"enemies":"ruina:Nos_and_Bat","floor":24,"turns":7},{"damage":6,"enemies":"ruina:Mountain","floor":31,"turns":9},{"damage":76,"enemies":"ruina:Red_and_Wolf","floor":35,"turns":13},{"damage":0,"enemies":"3 Darklings","floor":37,"turns":5},{"damage":0,"enemies":"3 Shapes","floor":41,"turns":3},{"damage":0,"enemies":"Writhing Mass","floor":43,"turns":5},{"damage":0,"enemies":"Reptomancer","floor":44,"turns":5},{"damage":0,"enemies":"Giant Head","floor":48,"turns":7},{"damage":4,"enemies":"Time Eater","floor":52,"turns":7}],"seed_played":"4217324180326014150","potions_obtained":[{"floor":3,"key":"blueLaboratory:NullPotion"},{"floor":4,"key":"EssenceOfSteel"},{"floor":12,"key":"SkillPotion"},{"floor":13,"key":"SteroidPotion"},{"floor":16,"key":"blueLaboratory:EnragingPotion"},{"floor":20,"key":"blueLaboratory:PyrophylliteBrew"},{"floor":24,"key":"blueLaboratory:PyrophylliteBrew"},{"floor":31,"key":"Adrenaline Potion"}],"is_trial":false,"path_per_floor":["M","?","M","M","M","R","M","R","T","?","M","E","M","E","R","B",null,"M","$","M","M","M","R","M","R","T","PTL","PTL","?","R","E","?","AVR","R","B",null,"M","?","?","?","M","R","M","E","T","R","$","E","R","?","R","B",null],"character_chosen":"SHAPESHIFTER","items_purchased":["blueLaboratory:EmptyBottle","reliquary:ExpiredCoupon","StSShapeShifter:Guard+1","StSShapeShifter:Roar+1","ReplayTheSpireMod:TigerMarble"],"campfire_rested":0,"item_purchase_floors":[19,19,19,47,47],"current_hp_per_floor":[78,78,76,71,64,64,77,77,77,78,77,74,78,71,71,70,78,67,67,68,34,30,30,23,23,23,23,23,23,23,47,47,47,47,14,78,78,78,78,78,78,78,78,78,78,78,75,75,75,57,57,71],"gold":246,"neow_bonus":"RANDOM_COLORLESS_2","is_daily":false,"chose_seed":false,"campfire_upgraded":11,"win_rate":0.0,"timestamp":1613878449,"path_taken":["M","?","M","M","?","R","M","R","T","?","?","E","M","E","R","BOSS","M","$","M","M","M","R","M","R","T","PTL","PTL","?","R","E","?","AVR","R","BOSS","M","?","?","?","?","R","M","E","T","R","$","E","R","?","R","BOSS"],"items_purchased_type":["Potion","Relic","Card","Card","Relic"],"build_version":"2020-12-22","purchased_purges":2,"victory":true,"max_hp_per_floor":[78,78,78,78,78,78,78,78,78,78,78,78,78,78,78,78,78,78,78,78,78,78,78,78,78,78,78,78,78,78,78,78,78,78,78,78,78,78,78,78,78,78,78,78,78,78,75,75,75,75,75,75],"card_choices":[{"not_picked":["Transmutation","Secret Weapon"],"picked":"Poisoned Strike","floor":0},{"not_picked":["StSShapeShifter:BladeOfGrass","StSShapeShifter:DeerForm"],"picked":"StSShapeShifter:RockSlide","floor":1},{"not_picked":["StSShapeShifter:Sapling","StSShapeShifter:DeerForm"],"picked":"StSShapeShifter:BurstingSpore","floor":3},{"not_picked":["StSShapeShifter:RockSlide","StSShapeShifter:FesteringBite"],"picked":"StSShapeShifter:Consume","floor":4},{"not_picked":["StSShapeShifter:Maul","StSShapeShifter:Rabid"],"picked":"StSShapeShifter:WolfForm","floor":5},{"not_picked":["StSShapeShifter:Consume","StSShapeShifter:ThornToss"],"picked":"StSShapeShifter:Wildfire2","floor":7},{"not_picked":["StSShapeShifter:Flourish","StSShapeShifter:ClimbTree"],"picked":"StSShapeShifter:FruitBasket","floor":11},{"not_picked":["StSShapeShifter:VineHandcuffs","StSShapeShifter:PoisonIvy"],"picked":"StSShapeShifter:BurrBomb","floor":12},{"not_picked":["StSShapeShifter:Efflorescence","StSShapeShifter:ShiftingStrike"],"picked":"StSShapeShifter:PoisonIvy","floor":13},{"not_picked":["StSShapeShifter:BladeOfGrass","StSShapeShifter:MonkeyForm"],"picked":"StSShapeShifter:BulwarkOfDiscovery","floor":14},{"not_picked":["StSShapeShifter:HydraForm","StSShapeShifter:MooseForm"],"picked":"StSShapeShifter:SkullBash","floor":16},{"not_picked":["StSShapeShifter:ShiftingStrike","StSShapeShifter:FallingLeaves"],"picked":"StSShapeShifter:Hunt","floor":18},{"not_picked":["StSShapeShifter:BurstingSpore","StSShapeShifter:OwlForm"],"picked":"StSShapeShifter:FallingLeaves+1","floor":20},{"not_picked":["StSShapeShifter:Garden","StSShapeShifter:EmbraceTheCycle","StSShapeShifter:BladeOfGrass"],"picked":"SKIP","floor":21},{"not_picked":["StSShapeShifter:Evolution+1","StSShapeShifter:Roar","StSShapeShifter:PantherForm"],"picked":"SKIP","floor":22},{"not_picked":["StSShapeShifter:ThornToss","StSShapeShifter:AdaptiveStrikes","StSShapeShifter:OpportuneSwoop"],"picked":"SKIP","floor":24},{"not_picked":["StuffTheSpire:Ambrosia","StuffTheSpire:Vigor"],"picked":"StuffTheSpire:CelestialWarden","floor":29},{"not_picked":["StSShapeShifter:EagleForm","StSShapeShifter:MonkeyForm+1"],"picked":"StSShapeShifter:Hunt+1","floor":31},{"not_picked":["StSShapeShifter:WolfsBane","StSShapeShifter:Uproot_Redwood"],"picked":"StSShapeShifter:RhinoCalfForm","floor":35},{"not_picked":["StSShapeShifter:BurstingSpore","StSShapeShifter:BaskInBloom","StSShapeShifter:RockSlide+1"],"picked":"SKIP","floor":37},{"not_picked":["StSShapeShifter:RockSlide+1","StSShapeShifter:SquirrelForm"],"picked":"StSShapeShifter:SunflowerShuriken+1","floor":41},{"not_picked":["StSShapeShifter:MysticalSeed","StSShapeShifter:DeerForm"],"picked":"StSShapeShifter:FlowerShield+1","floor":43},{"not_picked":["StSShapeShifter:ThornToss","StSShapeShifter:Roar"],"picked":"StSShapeShifter:Rabid+1","floor":44},{"not_picked":["StSShapeShifter:DeerForm+1","StSShapeShifter:MammothForm"],"picked":"StSShapeShifter:Sapling+1","floor":48},{"not_picked":["StSShapeShifter:Guard+1","StSShapeShifter:ForestFire+1"],"picked":"StSShapeShifter:BarkSkin+1","floor":50}],"player_experience":2230283,"relics_obtained":[{"floor":9,"key":"Bag of Marbles"},{"floor":12,"key":"Replay:Rubber Ducky"},{"floor":14,"key":"Runesmith:Nanobots"},{"floor":26,"key":"StSShapeShifter:LoyalLobster"},{"floor":31,"key":"Pet Ghost"},{"floor":44,"key":"infinitespire:Midas Blood"},{"floor":45,"key":"Onion Ring"},{"floor":48,"key":"hubris:DeckOfHolding"}],"event_choices":[{"damage_healed":0,"gold_gain":0,"player_choice":"Detour","damage_taken":0,"max_hp_gain":0,"max_hp_loss":0,"event_name":"Menagerie:MossyPath","floor":10,"gold_loss":0}],"is_beta":false,"boss_relics":[{"not_picked":["halation:Yufonium","SacredBark"],"picked":"SlaversCollar"},{"not_picked":["halation:PinkAlligatorPlush","StuffTheSpire:RunicHypercube"],"picked":"hubris:Backtick"}],"items_purged_floors":[33,47],"is_endless":false,"potions_floor_spawned":[3,4,12,13,16,20,24,31,35,43],"ascension_level":1}}