{"host":"b2wyehkzh0jyd7g0","time":1613896397,"event":{"mods":["Act Like it!","BaseMod","Friendly Minions","Hermit","KinomotoSakuraMod(Ä¾Ö®±¾Ó£)","Marisa£¨ìFÓê¡¡Ä§ÀíÉ³£©","Minty Spire (QoL Compilation)","StSLib","The Administrix"],"gold_per_floor":[110,32,48,62,74,100,100,130,154,180,197,54,65,80,80,181,181,192,192,117,130,5,5,5],"floor_reached":23,"language":"ZHS","playtime":1048,"items_purged":["Strike_B","Strike_B"],"score":193,"play_id":"8683973a-e0d1-4472-b983-c54e177cd471","local_time":"20210221163317","is_ascension_mode":false,"campfire_choices":[{"data":"Redo","floor":7,"key":"SMITH"},{"floor":15,"key":"REST"}],"circlet_count":0,"master_deck":["Strike_B","Defend_B","Defend_B","Defend_B","Defend_B","Zap","Dualcast","Sweeping Beam","Defragment","Redo+1","Ball Lightning","Cold Snap","Self Repair","Conserve Battery","Redo","Defragment","Cold Snap","Redo","Fission","CurseOfTheBell","Loop","Blizzard","Glacier","Hologram","Cold Snap"],"relics":["Cracked Core","PreservedInsect","Smiling Mask","Regal Pillow","Calling Bell","Pen Nib","Blue Candle","StoneCalendar"],"acts_visited":["Exordium","TheCity"],"potions_floor_usage":[11,16,21],"damage_taken":[{"damage":1,"enemies":"Cultist","floor":1,"turns":3},{"damage":8,"enemies":"Jaw Worm","floor":3,"turns":3},{"damage":0,"enemies":"2 Louse","floor":4,"turns":1},{"damage":17,"enemies":"Large Slime","floor":5,"turns":4},{"damage":10,"enemies":"Gremlin Nob","floor":6,"turns":3},{"damage":11,"enemies":"Exordium Wildlife","floor":11,"turns":2},{"damage":16,"enemies":"Exordium Thugs","floor":13,"turns":4},{"damage":9,"enemies":"Red Slaver","floor":14,"turns":3},{"damage":46,"enemies":"Hexaghost","floor":16,"turns":12},{"damage":15,"enemies":"Spheric Guardian","floor":18,"turns":4},{"damage":11,"enemies":"Shell Parasite","floor":21,"turns":7},{"damage":63,"enemies":"Slavers","floor":23,"turns":3}],"seed_played":"5270687829574087396","potions_obtained":[{"floor":4,"key":"Explosive Potion"},{"floor":5,"key":"Swift Potion"},{"floor":6,"key":"Dexterity Potion"},{"floor":16,"key":"Block Potion"},{"floor":18,"key":"SkillPotion"}],"is_trial":false,"path_per_floor":["M","$","M","M","M","E","R","?","T","T","M","$","M","M","R","B",null,"M","?","?","M","$","E"],"character_chosen":"DEFECT","items_purchased":["Defragment","Redo","Defragment","Hologram","Cold Snap"],"campfire_rested":1,"item_purchase_floors":[2,12,12,22,22],"current_hp_per_floor":[74,74,66,66,49,39,39,39,39,39,35,35,26,24,61,22,75,67,67,67,63,63,0,0],"gold":5,"neow_bonus":"RANDOM_COMMON_RELIC","is_daily":false,"chose_seed":false,"campfire_upgraded":1,"win_rate":0.0,"timestamp":1613896397,"path_taken":["M","?","M","M","M","E","R","?","T","?","M","$","M","M","R","BOSS","M","?","?","M","$","E"],"items_purchased_type":["Card","Card","Card","Card","Card"],"build_version":"2020-12-22","purchased_purges":2,"victory":false,"max_hp_per_floor":[75,75,75,75,75,75,75,75,75,75,75,75,75,75,75,75,75,75,75,75,75,75,75,75],"card_choices":[{"not_picked":["Stack","Aggregate"],"picked":"Sweeping Beam","floor":1},{"not_picked":["Storm","Compile Driver"],"picked":"Redo","floor":3},{"not_picked":["Gash","Defragment"],"picked":"Ball Lightning","floor":4},{"not_picked":["Barrage","Redo"],"picked":"Cold Snap","floor":5},{"not_picked":["Hello World","Skim"],"picked":"Self Repair","floor":6},{"not_picked":["Buffer","Skim"],"picked":"Conserve Battery","floor":11},{"not_picked":["Auto Shields","Sweeping Beam"],"picked":"Cold Snap","floor":13},{"not_picked":["Rip and Tear","Stack"],"picked":"Redo","floor":14},{"not_picked":["Machine Learning","Amplify"],"picked":"Fission","floor":16},{"not_picked":["Leap+1","Ball Lightning"],"picked":"Loop","floor":18},{"not_picked":["Conserve Battery","Doom and Gloom"],"picked":"Glacier","floor":21}],"player_experience":290637,"relics_obtained":[{"floor":6,"key":"Smiling Mask"},{"floor":10,"key":"Regal Pillow"},{"floor":17,"key":"Pen Nib"},{"floor":17,"key":"Blue Candle"},{"floor":17,"key":"StoneCalendar"}],"event_choices":[{"damage_healed":0,"gold_gain":30,"player_choice":"Searched \u00272\u0027 times","damage_taken":0,"max_hp_gain":0,"max_hp_loss":0,"event_name":"Dead Adventurer","floor":8,"gold_loss":0},{"damage_healed":0,"gold_gain":0,"player_choice":"Read","damage_taken":0,"max_hp_gain":0,"max_hp_loss":0,"event_name":"The Library","floor":19,"gold_loss":0,"cards_obtained":["Blizzard"]},{"cards_removed":["Strike_B"],"damage_healed":0,"gold_gain":0,"player_choice":"Gave Gold","damage_taken":0,"max_hp_gain":0,"max_hp_loss":0,"event_name":"Beggar","floor":20,"gold_loss":75}],"is_beta":false,"boss_relics":[{"not_picked":["Busted Crown","Cursed Key"],"picked":"Calling Bell"}],"items_purged_floors":[12,22],"is_endless":false,"potions_floor_spawned":[4,5,6,16,18],"killed_by":"Slavers","ascension_level":0}}