{"host":"f76wcztdlwlduum6","time":1613867122,"event":{"mods":["BaseMod","BetterRewards","Colored Powertips","Minty Spire (QoL Compilation)","Quick Restart","Rare Cards Sparkle","Relic Stats","StSLib","SuperFastMode","everything is the same but u backflip on backflip"],"gold_per_floor":[109,126,176,194,212,212,242,242,242,258,284,294,314,314,314],"floor_reached":14,"language":"ENG","playtime":440,"items_purged":[],"score":208,"play_id":"e894d90c-2535-4196-b872-3f2026606a25","local_time":"20210220182522","is_ascension_mode":true,"campfire_choices":[{"data":"Zap","floor":6,"key":"SMITH"},{"data":"Dualcast","floor":8,"key":"SMITH"}],"circlet_count":0,"master_deck":["AscendersBane","Strike_B","Strike_B+1","Strike_B","Strike_B","Defend_B","Defend_B","Defend_B","Defend_B","Zap+1","Dualcast+1","CurseOfTheBell","Glacier","BootSequence","Ball Lightning+1","Compile Driver","Coolheaded","Doom and Gloom","FTL","Sweeping Beam","Scrape"],"relics":["Calling Bell","Anchor","Ornamental Fan","Ice Cream","Bag of Preparation","Whetstone","Mummified Hand"],"acts_visited":["Exordium"],"potions_floor_usage":[11,11,12,14],"damage_taken":[{"damage":6,"enemies":"Cultist","floor":1,"turns":4},{"damage":3,"enemies":"Jaw Worm","floor":2,"turns":6},{"damage":4,"enemies":"Small Slimes","floor":4,"turns":4},{"damage":4,"enemies":"Exordium Wildlife","floor":5,"turns":4},{"damage":25,"enemies":"Lagavulin","floor":7,"turns":9},{"damage":7,"enemies":"Gremlin Gang","floor":10,"turns":6},{"damage":5,"enemies":"Gremlin Nob","floor":11,"turns":3},{"damage":0,"enemies":"Looter","floor":12,"turns":2},{"damage":0,"enemies":"2 Fungi Beasts","floor":13,"turns":2},{"damage":12,"enemies":"Lagavulin","floor":14,"turns":5}],"seed_played":"-8837973846104253019","potions_obtained":[{"floor":2,"key":"Strength Potion"},{"floor":4,"key":"Strength Potion"},{"floor":11,"key":"AttackPotion"},{"floor":13,"key":"AttackPotion"}],"is_trial":false,"path_per_floor":["M","M","?","M","M","R","E","R","T","M","E","M","M","E"],"character_chosen":"DEFECT","items_purchased":[],"campfire_rested":0,"item_purchase_floors":[],"current_hp_per_floor":[58,55,55,51,47,47,22,22,22,15,10,10,10,0,0],"gold":314,"neow_bonus":"BOSS_RELIC","is_daily":false,"chose_seed":false,"campfire_upgraded":2,"win_rate":0.0,"timestamp":1613867122,"path_taken":["M","M","?","M","M","R","E","R","T","?","E","M","M","E"],"items_purchased_type":[],"build_version":"2020-12-22","purchased_purges":0,"victory":false,"max_hp_per_floor":[71,71,71,71,71,71,71,71,71,71,71,71,71,71,71],"relic_stats":{"counters":[10,45],"Ornamental Fan":[36],"Mummified Hand":[0],"Bag of Preparation":[10],"Whetstone":["Strike_B","Ball Lightning"],"obtain_stats":[{"Calling Bell":0,"Ice Cream":0,"Anchor":0,"Ornamental Fan":0,"Mummified Hand":11,"Bag of Preparation":7,"Whetstone":9,"Cracked Core":0},{"Calling Bell":0,"Ice Cream":0,"Anchor":0,"Ornamental Fan":0,"Mummified Hand":7,"Bag of Preparation":5,"Whetstone":5,"Cracked Core":0},{"Calling Bell":0,"Ice Cream":0,"Anchor":0,"Ornamental Fan":0,"Mummified Hand":36,"Bag of Preparation":27,"Whetstone":27,"Cracked Core":0}]},"card_choices":[{"not_picked":["Gash","Steam"],"picked":"Glacier","floor":1},{"not_picked":["Rebound","Hello World"],"picked":"BootSequence","floor":2},{"not_picked":["Glacier","Barrage"],"picked":"Ball Lightning","floor":4},{"not_picked":["Heatsinks","Force Field"],"picked":"Compile Driver","floor":5},{"not_picked":["Stack","Hologram"],"picked":"Coolheaded","floor":7},{"not_picked":["Go for the Eyes","Barrage"],"picked":"Doom and Gloom","floor":10},{"not_picked":["Undo","Melter"],"picked":"FTL","floor":11},{"not_picked":["Barrage","Thunder Strike"],"picked":"Sweeping Beam","floor":12},{"not_picked":["Capacitor","Go for the Eyes"],"picked":"Scrape","floor":13}],"player_experience":369845,"relics_obtained":[{"floor":0,"key":"Anchor"},{"floor":0,"key":"Ornamental Fan"},{"floor":0,"key":"Ice Cream"},{"floor":7,"key":"Bag of Preparation"},{"floor":9,"key":"Whetstone"},{"floor":11,"key":"Mummified Hand"}],"event_choices":[{"damage_healed":0,"gold_gain":50,"player_choice":"Pray","damage_taken":0,"max_hp_gain":0,"max_hp_loss":0,"event_name":"Golden Shrine","floor":3,"gold_loss":0}],"is_beta":false,"boss_relics":[],"items_purged_floors":[],"is_endless":false,"potions_floor_spawned":[2,4,11,13],"killed_by":"Lagavulin","ascension_level":20}}