{"host":"coel31jtabpraq8l","time":1613911036,"event":{"mods":["BaseMod","Highlight Path","Minty Spire (QoL Compilation)","SuperFastMode"],"gold_per_floor":[110,35,35,35,35,35,63,63,63,95,95,129,146,107,107,207,207,224,224,224,242,260,260,294,294,294,294,294,305,305,305,305,305,305],"floor_reached":33,"language":"ENG","playtime":775,"items_purged":["Strike_B"],"score":330,"play_id":"e786a34b-c5d6-40cd-a61c-0fcdb297422f","local_time":"20210221073716","is_ascension_mode":true,"campfire_choices":[{"data":"Zap","floor":6,"key":"SMITH"},{"floor":8,"key":"REST"},{"floor":11,"key":"REST"},{"floor":15,"key":"REST"},{"floor":23,"key":"REST"},{"floor":25,"key":"REST"},{"floor":27,"key":"REST"},{"floor":30,"key":"REST"},{"floor":32,"key":"REST"}],"circlet_count":0,"master_deck":["Strike_B","Strike_B","Strike_B","Defend_B","Defend_B","Defend_B","Zap+1","Dualcast","Cold Snap","Static Discharge","Rainbow","Storm","CurseOfTheBell","Zap+1"],"relics":["Cracked Core","Mummified Hand","Pear","Molten Egg 2","MealTicket","Calling Bell","Bag of Marbles","Eternal Feather","StoneCalendar","Ornamental Fan","Bird Faced Urn","Sundial"],"acts_visited":["Exordium","TheCity"],"potions_floor_usage":[18,21,22,24,24],"damage_taken":[{"damage":7,"enemies":"Jaw Worm","floor":1,"turns":3},{"damage":17,"enemies":"3 Sentries","floor":7,"turns":8},{"damage":27,"enemies":"Lagavulin","floor":10,"turns":5},{"damage":18,"enemies":"Gremlin Nob","floor":12,"turns":4},{"damage":0,"enemies":"2 Louse","floor":13,"turns":1},{"damage":59,"enemies":"The Guardian","floor":16,"turns":11},{"damage":24,"enemies":"2 Thieves","floor":18,"turns":4},{"damage":10,"enemies":"3 Byrds","floor":21,"turns":2},{"damage":28,"enemies":"Centurion and Healer","floor":22,"turns":7},{"damage":64,"enemies":"Slavers","floor":24,"turns":6},{"damage":43,"enemies":"3 Cultists","floor":29,"turns":5},{"damage":96,"enemies":"Automaton","floor":33,"turns":8}],"seed_played":"4647602211235575092","potions_obtained":[{"floor":10,"key":"Ancient Potion"},{"floor":13,"key":"Fire Potion"},{"floor":16,"key":"Block Potion"},{"floor":21,"key":"FearPotion"},{"floor":22,"key":"SteroidPotion"}],"is_trial":false,"path_per_floor":["M","$","?","?","?","R","E","R","T","E","R","E","M","?","R","B",null,"M","?","?","M","M","R","E","R","T","R","T","M","R","?","R","B"],"character_chosen":"DEFECT","items_purchased":[],"campfire_rested":8,"item_purchase_floors":[],"current_hp_per_floor":[68,68,68,68,85,85,68,85,95,68,95,77,77,77,95,36,95,71,71,71,61,33,67,3,37,37,71,71,32,66,66,95,0,0],"gold":305,"neow_bonus":"ONE_RANDOM_RARE_CARD","is_daily":false,"chose_seed":false,"campfire_upgraded":1,"win_rate":0.0,"timestamp":1613911036,"path_taken":["M","$","?","?","?","R","E","R","T","E","R","E","?","?","R","BOSS","M","?","?","M","?","R","E","R","T","R","?","?","R","?","R","BOSS"],"items_purchased_type":[],"build_version":"2020-12-22","purchased_purges":1,"victory":false,"max_hp_per_floor":[75,75,75,75,85,85,85,85,95,95,95,95,95,95,95,95,95,95,95,95,95,95,95,95,95,95,95,95,95,95,95,95,95,95],"card_choices":[{"not_picked":["Hologram","Reinforced Body","Compile Driver"],"picked":"SKIP","floor":1},{"not_picked":["Undo","Doom and Gloom"],"picked":"Static Discharge","floor":7},{"not_picked":["Go for the Eyes+1","Glacier"],"picked":"Rainbow","floor":10},{"not_picked":["Chill","Aggregate"],"picked":"Storm","floor":12},{"not_picked":["Doom and Gloom+1","Coolheaded","Skim"],"picked":"SKIP","floor":13},{"not_picked":["Streamline+1","Blizzard+1","Fusion"],"picked":"SKIP","floor":18},{"not_picked":["Coolheaded","Turbo","Hologram"],"picked":"SKIP","floor":21},{"not_picked":["Compile Driver+1","Steam+1","White Noise"],"picked":"SKIP","floor":22},{"not_picked":["Sweeping Beam+1","Gash+1","Beam Cell+1"],"picked":"SKIP","floor":24},{"not_picked":["Hello World","Undo+1","Reinforced Body"],"picked":"SKIP","floor":29}],"player_experience":632802,"relics_obtained":[{"floor":7,"key":"Mummified Hand"},{"floor":9,"key":"Pear"},{"floor":10,"key":"Molten Egg 2"},{"floor":12,"key":"MealTicket"},{"floor":17,"key":"Bag of Marbles"},{"floor":17,"key":"Eternal Feather"},{"floor":17,"key":"StoneCalendar"},{"floor":24,"key":"Ornamental Fan"},{"floor":26,"key":"Bird Faced Urn"},{"floor":28,"key":"Sundial"}],"event_choices":[{"damage_healed":0,"gold_gain":0,"player_choice":"Leave","damage_taken":0,"max_hp_gain":0,"max_hp_loss":0,"event_name":"The Cleric","floor":3,"gold_loss":0},{"damage_healed":0,"gold_gain":0,"cards_transformed":["Defend_B"],"player_choice":"Change","damage_taken":0,"max_hp_gain":0,"max_hp_loss":0,"event_name":"Living Wall","floor":4,"gold_loss":0,"cards_obtained":["Cold Snap"]},{"cards_removed":["Amplify"],"damage_healed":7,"gold_gain":0,"player_choice":"Offered Rare","damage_taken":0,"max_hp_gain":10,"max_hp_loss":0,"event_name":"Bonfire Elementals","floor":5,"gold_loss":0},{"damage_healed":0,"gold_gain":0,"player_choice":"Left Gold","damage_taken":0,"max_hp_gain":0,"max_hp_loss":0,"event_name":"World of Goop","floor":14,"gold_loss":39},{"damage_healed":0,"gold_gain":0,"player_choice":"Ignored","damage_taken":0,"max_hp_gain":0,"max_hp_loss":0,"event_name":"Ghosts","floor":19,"gold_loss":0},{"damage_healed":0,"gold_gain":0,"player_choice":"0 cards matched","damage_taken":0,"max_hp_gain":0,"max_hp_loss":0,"event_name":"Match and Keep!","floor":20,"gold_loss":0,"cards_obtained":[]},{"damage_healed":0,"gold_gain":0,"player_choice":"Copied","damage_taken":0,"max_hp_gain":0,"max_hp_loss":0,"event_name":"Duplicator","floor":31,"gold_loss":0,"cards_obtained":["Zap"]}],"is_beta":false,"boss_relics":[{"not_picked":["Busted Crown","Runic Dome"],"picked":"Calling Bell"}],"items_purged_floors":[2],"is_endless":false,"potions_floor_spawned":[10,13,16,21,22],"killed_by":"Automaton","ascension_level":2}}