{"host":"p5axfb00mxhraew6","time":1613906768,"event":{"mods":["100% Spire Juice","Abigail Mod","Act Like it!","BaseMod","CapriCore","Friendly Minions","GifTheSpireLib","Jedi Mod","KomeijiMod","MarisaÅiñ∂âJÅ@ñÇóùçπÅj","Minty Spire (QoL Compilation)","Prisma Mod","ReimuÅiîé??öÎÅj","RemiliaÅiÂQïƒ‰ª?Åj","SOSÅiézîb?îVéqÅj","StSLib","Td1madao Mod","The Alterego","The Immortal","The Problem Sleuth","Yakumo Yukari mod"],"gold_per_floor":[133,133,133,133,133,167,167,196,196,221,238,238,250,277,277,355,355,369,389,122,172,172,207,207,235,262,262,275,275,275,36,36,107,107,118,131,146,46,66,66,93,106,106,117,147,147,147,172,172,172,172,172,172,66,97,97],"floor_reached":57,"language":"ENG","playtime":2525,"items_purged":["AT_purpleEX","RealityDreamConfluencek_purple","Anti_communist_purple"],"score":3173,"play_id":"49a5890f-1c8b-4130-8b8f-40bdcec7253b","local_time":"20210221202608","is_ascension_mode":true,"campfire_choices":[{"floor":7.0,"key":"REST"},{"data":"Nest_LightFlightworm_purple","floor":12.0,"key":"SMITH"},{"floor":15.0,"key":"REST"},{"data":"Umbrella_purple","floor":24.0,"key":"SMITH"},{"data":"RuleDissolution_purple","floor":27.0,"key":"SMITH"},{"data":"Mirror_FourBoundary_purple","floor":32.0,"key":"SMITH"},{"data":"Nest_LightFlightworm_purple","floor":40,"key":"SMITH"},{"floor":47,"key":"RECALL"},{"data":"Monsters_DoubleDeathButterfly_purple","floor":49,"key":"SMITH"},{"data":"Charmbait_purple","floor":53,"key":"SMITH"}],"circlet_count":0,"master_deck":["AscendersBane","AT_purpleEX","AT_purpleEX","AT_purpleEX","Defend_purpleEX","Defend_purpleEX","Defend_purpleEX","Defend_purpleEX","Observe_purple_1","Observe_purple_2+1","RuleDissolution_purple+1","Line_surface_state_purple","Umbrella_purple+1","DimensionStaggered_purple","MeetDecomposer_purple","Umbrella_purple+1","Mirror_WaveAndshot_purple+1","Nest_LightFlightworm_purple+1","Shallow_ocean_purpleEX","Charmbait_purple","DarkRealmRedLine_purple","MonsterNeedle_purple+1","Dramatic Entrance","OmniscientAndOmnipotent_Monster_purple","Bait_HighSpeedFlying_purple+1","WorldDissolvedintheRealm_purple+1","Mirror_FourBoundary_purple+1","Monsters_DoubleDeathButterfly_purple+1","Charmbait_purple+1","Charmbait_purple+1","RuleDissolution_purple+1","Nest_LightFlightworm_purple+1","MNeedle_purple","Bait_Toxicbait_purple+1","DimensionStaggered_purple+1","AdvanceAttack_purple","RuptureOfTimeAndSpace_purple+1","SfantasyHide_purple+1","Mirror_FourBoundary_purple"],"relics":["Boundary_crack","Memoryfragments_purpleEX","Blood Vial","ThirstyCross","ThegodofHakurei_purpleEX","Bag of Preparation","Toxic Egg 2","jedi:heavyjacket","The Courier","RedLine:ReiMu","Lantern","RuthlessExorcism:ReiMu","PureWhite:ReiMu","theSleuth:SaltedMelon","MutagenicStrength","Vajra","jedi:paperlyon","Juzu Bracelet","Mastiff:ReiMu","Antimatter_spacedebris","Prayer Wheel","Toy Ornithopter"],"acts_visited":["Exordium","TheCity","TheBeyond","TheEnding"],"potions_floor_usage":[56],"damage_taken":[{"damage":1.0,"enemies":"2 Louse","floor":1.0,"turns":3.0},{"damage":33.0,"enemies":"Lagavulin","floor":6.0,"turns":8.0},{"damage":27.0,"enemies":"Gremlin Nob","floor":8.0,"turns":4.0},{"damage":6.0,"enemies":"Lagavulin","floor":10.0,"turns":4.0},{"damage":0.0,"enemies":"Small Slimes","floor":11.0,"turns":2.0},{"damage":0.0,"enemies":"Cultist","floor":13.0,"turns":2.0},{"damage":10.0,"enemies":"Gremlin Nob","floor":14.0,"turns":3.0},{"damage":24.0,"enemies":"Hexaghost","floor":16.0,"turns":5.0},{"damage":1.0,"enemies":"2 Thieves","floor":18.0,"turns":3.0},{"damage":0.0,"enemies":"3 Byrds","floor":19.0,"turns":4.0},{"damage":0.0,"enemies":"Gremlin Leader","floor":23.0,"turns":4.0},{"damage":0.0,"enemies":"Slavers","floor":25.0,"turns":1.0},{"damage":0.0,"enemies":"Snake Plant","floor":28.0,"turns":2.0},{"damage":0.0,"enemies":"Collector","floor":33.0,"turns":4.0},{"damage":0.0,"enemies":"3 Darklings","floor":35.0,"turns":1.0},{"damage":0.0,"enemies":"Orb Walker","floor":36.0,"turns":1.0},{"damage":0.0,"enemies":"Spire Growth","floor":37.0,"turns":1.0},{"damage":0,"enemies":"Maw","floor":39,"turns":4},{"damage":0,"enemies":"Nemesis","floor":41,"turns":3},{"damage":0,"enemies":"3 Darklings","floor":42,"turns":1},{"damage":0,"enemies":"Writhing Mass","floor":44,"turns":2},{"damage":0,"enemies":"Reptomancer","floor":45,"turns":2},{"damage":0,"enemies":"Mind Bloom Boss Battle","floor":48,"turns":3},{"damage":0,"enemies":"Awakened One","floor":50,"turns":7},{"damage":23,"enemies":"Time Eater","floor":51,"turns":7},{"damage":0,"enemies":"Shield and Spear","floor":55,"turns":2},{"damage":79,"enemies":"The Heart","floor":56,"turns":7}],"seed_played":"-9152769582301878390","potions_obtained":[{"floor":6.0,"key":"jedi:StrikingPotion"},{"floor":10.0,"key":"Block Potion"},{"floor":11.0,"key":"FairyPotion"},{"floor":13.0,"key":"LiquidMemories"},{"floor":36.0,"key":"DistilledChaos"}],"is_trial":false,"path_per_floor":["M","?","?","?","?","E","R","E","T","E","M","R","M","E","R","B",null,"M","M","$","?","?","E","R","E","T","R","M","?","?","$","R","B",null,"M","M","M","$","M","R","E","M","T","M","E","?","R","?","R","B","B",null,"R","$","E","B",null],"character_chosen":"Youkari","items_purchased":["Lantern","Dramatic Entrance","Mirror_FourBoundary_purple","Vajra","RuptureOfTimeAndSpace_purple+1","SfantasyHide_purple+1"],"campfire_rested":2,"item_purchase_floors":[20,20,31,31,54,54],"current_hp_per_floor":[60,60,34,34,34,8,27,7,7,8,14,14,20,16,35,17,53,57,64,64,64,64,65,65,65,65,65,65,65,65,65,66,66,66,66,66,66,66,66,67,67,67,67,67,67,67,68,68,69,69,46,63,64,64,67,17],"gold":97,"neow_bonus":"UPGRADE_CARD","is_daily":false,"chose_seed":false,"campfire_upgraded":7,"win_rate":0.0,"timestamp":1613906768,"path_taken":["M","?","?","?","?","E","R","E","T","E","?","R","M","E","R","BOSS","M","M","$","?","?","E","R","E","T","R","?","?","?","?","R","BOSS","M","M","M","$","M","R","E","M","T","M","E","?","R","?","R","BOSS","BOSS","R","$","E","BOSS"],"items_purchased_type":["Relic","Card","Card","Relic","Card","Card"],"build_version":"2020-12-22","purchased_purges":3,"victory":true,"max_hp_per_floor":[65,65,65,65,65,65,65,65,65,65,65,65,65,65,65,65,65,65,65,65,65,65,65,65,65,65,65,65,65,65,65,66,66,66,66,66,66,66,66,67,67,67,67,67,67,67,68,68,69,69,69,69,70,70,70,70],"card_choices":[{"not_picked":["ButterflyHabitatTemple_purple","StateErode_purple"],"picked":"RuleDissolution_purple","floor":1.0},{"not_picked":["DimensionStaggered_purple","GluttonyofRealm_purpleEX"],"picked":"MeetDecomposer_purple","floor":6.0},{"not_picked":["PurpleNeedle_purple","Price_of_realm_purpleEX"],"picked":"Umbrella_purple","floor":8.0},{"not_picked":["Shallow_ocean_purpleEX","SharpContractionReality_purple"],"picked":"Mirror_WaveAndshot_purple+1","floor":10.0},{"not_picked":["Shallow_ocean_purpleEX","Boundary_LightAndDark_purple+1"],"picked":"Nest_LightFlightworm_purple","floor":11.0},{"not_picked":["Mirror_FormAndEmptin_purple+1","StateDuplicate_purple+1"],"picked":"Shallow_ocean_purpleEX","floor":13.0},{"not_picked":["Line_surface_state_purple+1","Yakumo_Ran_purple+1"],"picked":"Charmbait_purple","floor":14.0},{"not_picked":["StateDuplicate_purple+1","AdvanceAttack_purple"],"picked":"DarkRealmRedLine_purple","floor":18.0},{"not_picked":["StateErode_purple","OmniscientAndOmnipotent_Monster_purple"],"picked":"MonsterNeedle_purple+1","floor":19.0},{"not_picked":["WingOfChimera_purple+1","DarkRealmRedLine_purple"],"picked":"OmniscientAndOmnipotent_Monster_purple","floor":23.0},{"not_picked":["PurpleNeedle_purple+1","ButterflyHabitatTemple_purple+1"],"picked":"Bait_HighSpeedFlying_purple+1","floor":25.0},{"not_picked":["SharpContractionReality_purple","ExternalForce_HighSpeedFlying_purple"],"picked":"WorldDissolvedintheRealm_purple+1","floor":28.0},{"not_picked":["BarrageBoundary_PipeDream_purple","WangLiang_LineAndCurveDreams_purple"],"picked":"Monsters_DoubleDeathButterfly_purple","floor":33.0},{"not_picked":["ExistenceContinue_purple","Bait_HighSpeedFlying_purple"],"picked":"Charmbait_purple","floor":35.0},{"not_picked":["MeetDecomposer_purple+1","PurpleNeedle_purple"],"picked":"Charmbait_purple+1","floor":36.0},{"not_picked":["SharpContractionReality_purple","Bait_HighSpeedFlying_purple"],"picked":"RuleDissolution_purple+1","floor":37.0},{"not_picked":["PurpleNeedle_purple","StateDuplicate_purple+1"],"picked":"Nest_LightFlightworm_purple","floor":39},{"not_picked":["Charmbait_purple","RealityDreamConfluencek_purple+1"],"picked":"MNeedle_purple","floor":41},{"not_picked":["MetroBOOM_purple+1","Human_Monster_Realm_purple+1"],"picked":"Bait_Toxicbait_purple+1","floor":42},{"not_picked":["WatchEChange_purple+1","OmniscientAndOmnipotent_Monster_purple"],"picked":"DimensionStaggered_purple+1","floor":44},{"not_picked":["ExistenceContinue_purple","Realm_recovery_purpleEX+1"],"picked":"AdvanceAttack_purple","floor":45},{"not_picked":["Mirror_Drifter_purple+1","StateErode_purple+1"],"picked":"Mirror_FourBoundary_purple","floor":55}],"player_experience":1245621,"relics_obtained":[{"floor":6.0,"key":"ThegodofHakurei_purpleEX"},{"floor":8.0,"key":"Bag of Preparation"},{"floor":9.0,"key":"Toxic Egg 2"},{"floor":10.0,"key":"jedi:heavyjacket"},{"floor":14.0,"key":"The Courier"},{"floor":23.0,"key":"RuthlessExorcism:ReiMu"},{"floor":25.0,"key":"PureWhite:ReiMu"},{"floor":41,"key":"Juzu Bracelet"},{"floor":43,"key":"Mastiff:ReiMu"},{"floor":45,"key":"Antimatter_spacedebris"},{"floor":48,"key":"Prayer Wheel"},{"floor":55,"key":"Toy Ornithopter"}],"event_choices":[{"damage_healed":0.0,"max_hp_gain":0.0,"max_hp_loss":0.0,"gold_gain":0.0,"event_name":"Scrap Ooze","player_choice":"Success","floor":3.0,"gold_loss":0.0,"damage_taken":26.0,"relics_obtained":["Blood Vial"]},{"damage_healed":0.0,"max_hp_gain":0.0,"max_hp_loss":0.0,"gold_gain":0.0,"event_name":"Accursed Blacksmith","player_choice":"Forge","floor":5.0,"gold_loss":0.0,"damage_taken":0.0,"cards_upgraded":["Umbrella_purple"]},{"damage_healed":0.0,"max_hp_gain":0.0,"max_hp_loss":0.0,"gold_gain":50.0,"event_name":"Nest","player_choice":"Stole From Cult","floor":21.0,"gold_loss":0.0,"damage_taken":0.0},{"damage_healed":0.0,"max_hp_gain":0.0,"max_hp_loss":0.0,"gold_gain":0.0,"event_name":"Drug Dealer","player_choice":"Inject Mutagens","floor":30.0,"gold_loss":0.0,"damage_taken":0.0,"relics_obtained":["MutagenicStrength"]},{"damage_healed":0,"gold_gain":0,"player_choice":"Memory 1","damage_taken":0,"max_hp_gain":0,"max_hp_loss":0,"event_name":"SensoryStone","floor":46,"gold_loss":0},{"damage_healed":0,"gold_gain":0,"player_choice":"Fight","damage_taken":0,"max_hp_gain":0,"max_hp_loss":0,"event_name":"MindBloom","floor":48,"gold_loss":0}],"is_beta":false,"boss_relics":[{"not_picked":["SacredBark","Astrolabe"],"picked":"RedLine:ReiMu"},{"not_picked":["Seventeenyearold_girl_Forever","Pandora\u0027s Box"],"picked":"jedi:paperlyon"}],"items_purged_floors":[20,31,38],"is_endless":false,"potions_floor_spawned":[6,10,11,13,14,18,25,28,36,39,42,45],"ascension_level":20}}