{"host":"o9mthrra9t7lisis","time":1613949532,"event":{"mods":["BaseMod","Colored Map","Downfall","Minty Spire (QoL Compilation)","StSLib"],"gold_per_floor":[99,118,135,235,294,204,204,223,223,11,24,74,90,101,117,214,214,214,228,328,50,50,60,83,100,100,117,100,100,117,29,43,146,146,146,158,175,175,175,207,259,270,301,1,1,33,33,44,60,60,60,89,15,15,15,15],"floor_reached":57,"language":"ENG","playtime":5815,"items_purged":["Decay","downfall:Aged","downfall:Haunted","Decay","downfall:Haunted"],"score":1261,"play_id":"aac482dd-987c-4ff8-8daf-8215bd5ef90b","local_time":"20210221171852","is_ascension_mode":false,"campfire_choices":[{"data":"champ:Execute","floor":1.0,"key":"SMITH"},{"data":"champ:HeartStrike","floor":9.0,"key":"SMITH"},{"data":"champ:UltimateStance","floor":18.0,"key":"SMITH"},{"floor":26.0,"key":"REST"},{"data":"champ:TripleStrike","floor":29.0,"key":"SMITH"},{"floor":35,"key":"RECALL"},{"floor":44,"key":"REST"},{"floor":54,"key":"REST"}],"circlet_count":0,"master_deck":["champ:Strike","champ:Strike","champ:Strike","champ:Defend","champ:Defend","champ:Defend","champ:Execute+1","champ:Taunt","champ:StanceDance","champ:AdrenalArmor","downfall:Haunted","champ:IgnorePain","champ:GutPunch","champ:EnragedBash","champ:ShieldWall","champ:CrookedStrike","champ:FlashCut","champ:BladeFlurry","champ:StrikeOfGenius+1","champ:UltimateStance+1","champ:BringItOn","champ:FanOfKnives","champ:DeathBlow","J.A.X.+1","champ:Haymaker","champ:RecklessLeap","champ:PreciseThrust","champ:TripleStrike+1","champ:Endure","champ:GutPunch","champ:EndlessRage","champ:FalseCounter+1","champ:MurderStrike","champ:Shatter+1","champ:CalledShot","Parasite"],"relics":["champ:ChampionCrown","Darkstone Periapt","Blood Vial","Centennial Puzzle","Membership Card","Bag of Marbles","Runic Dome","MutagenicStrength","ClockworkSouvenir","Pantograph","Happy Flower","Lee\u0027s Waffle","Singing Bowl","SlaversCollar","Mummified Hand","Potion Belt","downfall:HeartBlessingRed","downfall:HeartBlessingGreen","downfall:HeartBlessingBlue","InkBottle","Mercury Hourglass","Bottled Tornado","Akabeko"],"acts_visited":["Exordium","TheCity","TheBeyond","TheEnding"],"potions_floor_usage":[33,36,40,56,56,56],"damage_taken":[{"damage":10.0,"enemies":"2 Louse","floor":2.0,"turns":2.0},{"damage":23.0,"enemies":"Jaw Worm","floor":3.0,"turns":6.0},{"damage":143.0,"enemies":"Lagavulin Event","floor":5.0,"turns":11.0},{"damage":7.0,"enemies":"downfall:FleeingMerchant","floor":6.0,"turns":4.0},{"damage":17.0,"enemies":"Small Slimes","floor":8.0,"turns":4.0},{"damage":30.0,"enemies":"downfall:FleeingMerchant","floor":10.0,"turns":4.0},{"damage":33.0,"enemies":"Gremlin Gang","floor":11.0,"turns":7.0},{"damage":30.0,"enemies":"Lots of Slimes","floor":13.0,"turns":4.0},{"damage":25.0,"enemies":"2 Fungi Beasts","floor":14.0,"turns":3.0},{"damage":19.0,"enemies":"Blue Slaver","floor":15.0,"turns":4.0},{"damage":11.0,"enemies":"IC_STATUS_ARCHETYPE","floor":16.0,"turns":8.0},{"damage":61.0,"enemies":"downfall:LooterAlt2","floor":19.0,"turns":6.0},{"damage":65.0,"enemies":"downfall:Augmenter","floor":20.0,"turns":6.0},{"damage":40.0,"enemies":"downfall:FleeingMerchant","floor":21.0,"turns":4.0},{"damage":20.0,"enemies":"Chosen","floor":23.0,"turns":4.0},{"damage":35.0,"enemies":"Sentry and Sphere","floor":25.0,"turns":4.0},{"damage":45.0,"enemies":"Centurion and Healer","floor":27.0,"turns":4.0},{"damage":55.0,"enemies":"downfall:FleeingMerchant","floor":28.0,"turns":4.0},{"damage":3.0,"enemies":"Snecko","floor":30.0,"turns":3.0},{"damage":23.0,"enemies":"Cultist and Chosen","floor":32.0,"turns":4.0},{"damage":147,"enemies":"DF_ARCHETYPE_CLAW","floor":33,"turns":8},{"damage":39,"enemies":"3 Shapes","floor":36,"turns":3},{"damage":52,"enemies":"3 Darklings","floor":37,"turns":3},{"damage":110,"enemies":"Nemesis","floor":40,"turns":5},{"damage":35,"enemies":"Jaw Worm Horde","floor":42,"turns":5},{"damage":46,"enemies":"Reptomancer","floor":43,"turns":5},{"damage":66,"enemies":"Giant Head","floor":46,"turns":5},{"damage":38,"enemies":"Writhing Mass","floor":48,"turns":5},{"damage":14,"enemies":"Sphere and 2 Shapes","floor":49,"turns":3},{"damage":78,"enemies":"SI_POISON_ARCHETYPE","floor":50,"turns":6},{"damage":177,"enemies":"downfall:CharBossMerchant","floor":52,"turns":7},{"damage":133,"enemies":"downfall:NeowBoss","floor":55,"turns":11},{"damage":143,"enemies":"downfall:NeowBossFinal","floor":56,"turns":10}],"seed_played":"1819185650853820458","potions_obtained":[{"floor":5.0,"key":"sneckomod:MuddlingPotion"},{"floor":8.0,"key":"BlessingOfTheForge"},{"floor":13.0,"key":"LiquidMemories"},{"floor":16.0,"key":"Regen Potion"},{"floor":20.0,"key":"sneckomod:MuddlingPotion"},{"floor":23.0,"key":"champ:CounterPotion"},{"floor":27.0,"key":"ColorlessPotion"},{"floor":30.0,"key":"DuplicationPotion"},{"floor":32.0,"key":"DuplicationPotion"},{"floor":36,"key":"Fruit Juice"},{"floor":46,"key":"Guardian:BlockOnCardUsePotion"},{"floor":48,"key":"Block Potion"}],"is_trial":false,"path_per_floor":["R","M","M","?","?","$","T","M","R","$","M","T","M","M","M","B",null,"R","M","?","$","?","M","T","M","R","M","$","R","M","$","M","B",null,"R","M","M","?","$","E","T","M","E","R","?","E","?","M","M","B",null,"E","$","R","B","B",null],"character_chosen":"THE_CHAMP","items_purchased":["Membership Card","ClockworkSouvenir","Pantograph","Lee\u0027s Waffle","champ:Endure","Singing Bowl","champ:GutPunch","champ:EndlessRage","Akabeko"],"campfire_rested":3,"item_purchase_floors":[10,21,21,28,28,28,28,28,53],"current_hp_per_floor":[99,99,91,126,48,48,48,48,48,45,34,34,31,23,21,17,134,134,98,60,52,58,55,55,57,99,91,147,147,144,144,145,62,149,149,145,102,102,102,75,75,59,45,106,106,99,99,96,96,100,182,65,65,120,99,23],"gold":15,"neow_bonus":"TEN_PERCENT_HP_BONUS","is_daily":false,"chose_seed":false,"campfire_upgraded":4,"win_rate":0.0,"timestamp":1613949532,"path_taken":["R","M","M","?","?","$","T","M","R","$","M","?","M","M","M","BOSS","R","M","?","$","?","M","T","M","R","M","$","R","?","?","M","BOSS","R","M","M","?","$","E","T","M","E","R","?","E","?","M","M","BOSS","E","$","R","BOSS","BOSS"],"items_purchased_type":["Relic","Relic","Relic","Relic","Card","Relic","Card","Card","Relic"],"build_version":"2020-12-22","purchased_purges":5,"victory":true,"max_hp_per_floor":[99,99,99,134,134,134,134,134,134,134,134,134,134,134,134,134,134,134,134,134,134,140,140,140,140,140,140,147,147,147,147,149,149,149,149,154,156,156,156,158,158,160,160,170,170,172,172,180,182,182,182,184,184,184,184,184],"card_choices":[{"not_picked":["champ:FlashCut","champ:FalseCounter"],"picked":"champ:StanceDance","floor":2.0},{"not_picked":["champ:EndlessRage","champ:BringItOn"],"picked":"champ:AdrenalArmor","floor":3.0},{"not_picked":["champ:BerserkersShout","champ:Circumvent"],"picked":"champ:GutPunch","floor":5.0},{"not_picked":["champ:PreciseThrust","champ:GladiatorStyle"],"picked":"champ:EnragedBash","floor":6.0},{"not_picked":["champ:DefensiveShout","champ:TornadoPunch"],"picked":"champ:HeartStrike","floor":8.0},{"not_picked":["champ:FocusedDefense","champ:PerfectedStrike"],"picked":"champ:ShieldWall","floor":10.0},{"not_picked":["champ:HeartStrike","champ:EnGarde"],"picked":"champ:CrookedStrike","floor":11.0},{"not_picked":["champ:DefensiveShout","champ:TornadoPunch"],"picked":"champ:FlashCut","floor":13.0},{"not_picked":["champ:ShieldWall","champ:PerfectedStrike"],"picked":"champ:BladeFlurry","floor":14.0},{"not_picked":["champ:SkillfulDodge","champ:BringItOn"],"picked":"champ:StrikeOfGenius","floor":15.0},{"not_picked":["champ:Devastate","champ:DancingMaster"],"picked":"champ:UltimateStance","floor":16.0},{"not_picked":["champ:FlashCut+1","champ:GutPunch"],"picked":"champ:BringItOn","floor":19.0},{"not_picked":[],"picked":"J.A.X.","floor":20.0},{"not_picked":["champ:AdrenalArmor+1","champ:CrookedStrike"],"picked":"champ:Haymaker","floor":20.0},{"not_picked":["champ:EnragedBash","champ:FanOfKnives"],"picked":"champ:RecklessLeap","floor":21.0},{"not_picked":["champ:Parry+1","champ:GladiatorStyle","champ:DeathBlow"],"picked":"SKIP","floor":23.0},{"not_picked":["champ:RecklessLeap+1","champ:Circumvent"],"picked":"champ:PreciseThrust","floor":25.0},{"not_picked":["champ:Lariat","champ:FancyFootwork"],"picked":"champ:TripleStrike","floor":27.0},{"not_picked":["champ:FlashCut","champ:DefensiveShout","champ:BerserkersShout"],"picked":"SKIP","floor":28.0},{"not_picked":["champ:BladeFlurry","champ:Parry"],"picked":"champ:FalseCounter+1","floor":30.0},{"not_picked":["champ:BladeFlurry","champ:PreciseThrust+1","champ:HeartStrike"],"picked":"Singing Bowl","floor":32.0},{"not_picked":["champ:DancingMaster","champ:Improvising"],"picked":"champ:MurderStrike","floor":33},{"not_picked":["champ:PreciseThrust+1","champ:AdrenalArmor+1"],"picked":"champ:Shatter+1","floor":36},{"not_picked":["champ:GladiatorStyle","champ:RisingSlash+1","champ:FocusedBerserking+1"],"picked":"Singing Bowl","floor":37},{"not_picked":["champ:Devastate","champ:FlashCut+1","champ:Circumvent+1"],"picked":"Singing Bowl","floor":40},{"not_picked":["champ:EnragedBash","champ:FaceSlap+1","champ:StanceDance"],"picked":"Singing Bowl","floor":42},{"not_picked":["champ:FanOfKnives+1","champ:HeartStrike"],"picked":"champ:CalledShot","floor":43},{"not_picked":["champ:PerfectedStrike+1","champ:HeavySlash","champ:GutPunch+1"],"picked":"Singing Bowl","floor":46},{"not_picked":["champ:CrookedStrike+1","champ:DefensiveShout","champ:FlashCut+1"],"picked":"Singing Bowl","floor":48},{"not_picked":["champ:EnGarde","champ:PreciseThrust","champ:Circumvent+1"],"picked":"Singing Bowl","floor":49},{"not_picked":["champ:Circumvent+1","champ:GutPunch","champ:FalseCounter+1"],"picked":"Singing Bowl","floor":52}],"player_experience":534318,"relics_obtained":[{"floor":5.0,"key":"Blood Vial"},{"floor":7.0,"key":"Centennial Puzzle"},{"floor":12.0,"key":"Bag of Marbles"},{"floor":20.0,"key":"MutagenicStrength"},{"floor":24.0,"key":"Happy Flower"},{"floor":40,"key":"Mummified Hand"},{"floor":43,"key":"Potion Belt"},{"floor":45,"key":"InkBottle"},{"floor":46,"key":"Mercury Hourglass"},{"floor":52,"key":"Bottled Tornado"}],"event_choices":[{"cards_removed":["champ:HeartStrike"],"damage_healed":0,"gold_gain":0,"player_choice":"Removed Attack","damage_taken":0,"max_hp_gain":0,"max_hp_loss":0,"event_name":"Falling","floor":38,"gold_loss":0},{"damage_healed":0,"gold_gain":0,"player_choice":"Ignored","damage_taken":0,"max_hp_gain":0,"max_hp_loss":0,"event_name":"Mysterious Sphere","floor":47,"gold_loss":0}],"is_beta":false,"boss_relics":[{"not_picked":["Astrolabe","Busted Crown"],"picked":"Runic Dome"},{"not_picked":["SacredBark","Pandora\u0027s Box"],"picked":"SlaversCollar"}],"items_purged_floors":[6,10,21,28,31],"is_endless":false,"potions_floor_spawned":[5,8,13,16,20,23,27,30,32,36,46,48],"ascension_level":0}}