{"host":"l2lylj0omvglf5x0","time":1613910635,"event":{"mods":["2.2 Compatiblity","BaseMod","Bestiary","Block Reminder","Colored Map","Colored Powertips","Curses Come First","Highlight Path","Keyboard Shortcuts","Minty Spire (QoL Compilation)","Relic Sorter","Relic Stats","Slay the Relics Exporter","StSLib","SuperFastMode"],"gold_per_floor":[118,118,118,129,34,34,62,62,62,62,98,110,137,149,161,173,173],"floor_reached":16,"language":"ENG","playtime":1732,"items_purged":[],"score":216,"play_id":"ed68a7bf-7629-403b-a649-673ff8dc80b7","local_time":"20210221133035","is_ascension_mode":true,"campfire_choices":[{"data":"Rupture","floor":6,"key":"SMITH"},{"data":"Bash","floor":8,"key":"SMITH"},{"data":"Dual Wield","floor":12,"key":"SMITH"},{"data":"Pummel","floor":15,"key":"SMITH"}],"circlet_count":0,"master_deck":["AscendersBane","Strike_R","Strike_R","Strike_R","Strike_R","Strike_R","Defend_R","Defend_R","Defend_R","Defend_R","Bash+1","Whirlwind+1","Twin Strike","Rupture+1","Shrug It Off","Shrug It Off","Dual Wield+1","Pummel+1"],"relics":["Burning Blood","NeowsBlessing","Toy Ornithopter","Letter Opener","Golden Idol","MawBank"],"acts_visited":["Exordium"],"potions_floor_usage":[11,16,16,16],"damage_taken":[{"damage":0,"enemies":"Small Slimes","floor":1,"turns":1},{"damage":0,"enemies":"Jaw Worm","floor":4,"turns":1},{"damage":0,"enemies":"Gremlin Nob","floor":7,"turns":1},{"damage":27,"enemies":"3 Sentries","floor":11,"turns":5},{"damage":0,"enemies":"2 Louse","floor":13,"turns":1},{"damage":127,"enemies":"The Guardian","floor":16,"turns":16}],"seed_played":"1608224826401693784","potions_obtained":[{"floor":4,"key":"ColorlessPotion"},{"floor":14,"key":"FairyPotion"},{"floor":14,"key":"EntropicBrew"}],"is_trial":false,"path_per_floor":["M","?","?","M","$","R","E","R","T","?","E","R","M","?","R","B"],"character_chosen":"IRONCLAD","items_purchased":["Rupture","Shrug It Off"],"campfire_rested":0,"item_purchase_floors":[5,5],"current_hp_per_floor":[78,78,83,85,85,85,85,85,85,64,48,48,54,54,54,0,0],"gold":173,"neow_bonus":"THREE_ENEMY_KILL","is_daily":false,"chose_seed":false,"campfire_upgraded":4,"win_rate":0.0,"timestamp":1613910635,"path_taken":["M","?","?","M","$","R","E","R","T","?","E","R","M","?","R","BOSS"],"items_purchased_type":["Card","Card"],"build_version":"2020-12-22","purchased_purges":0,"victory":false,"max_hp_per_floor":[80,80,85,85,85,85,85,85,85,85,85,85,85,85,85,85,85],"relic_stats":{"counters":[6,25],"Golden Idol":10,"Letter Opener":[0],"MawBank":60,"obtain_stats":[{"NeowsBlessing":0,"Golden Idol":10,"Letter Opener":9,"MawBank":11,"Burning Blood":0,"Toy Ornithopter":7},{"NeowsBlessing":0,"Golden Idol":3,"Letter Opener":3,"MawBank":4,"Burning Blood":0,"Toy Ornithopter":3},{"NeowsBlessing":0,"Golden Idol":3,"Letter Opener":3,"MawBank":8,"Burning Blood":0,"Toy Ornithopter":3}],"Burning Blood":20,"Toy Ornithopter":20},"card_choices":[{"not_picked":["True Grit","Thunderclap"],"picked":"Whirlwind","floor":1},{"not_picked":["Heavy Blade","Perfected Strike"],"picked":"Twin Strike","floor":4},{"not_picked":["Reckless Charge","Inflame"],"picked":"Shrug It Off","floor":7},{"not_picked":["Thunderclap","Pommel Strike"],"picked":"Dual Wield","floor":11},{"not_picked":["Rampage","Sword Boomerang"],"picked":"Pummel","floor":13}],"player_experience":1026888,"relics_obtained":[{"floor":7,"key":"Toy Ornithopter"},{"floor":9,"key":"Letter Opener"},{"floor":11,"key":"MawBank"}],"event_choices":[{"damage_healed":0,"gold_gain":0,"player_choice":"Grow","damage_taken":0,"max_hp_gain":0,"max_hp_loss":0,"event_name":"Living Wall","floor":2,"gold_loss":0,"cards_upgraded":["Whirlwind"]},{"damage_healed":0,"gold_gain":0,"player_choice":"Donut","damage_taken":0,"max_hp_gain":5,"max_hp_loss":0,"event_name":"Big Fish","floor":3,"gold_loss":0},{"damage_healed":0,"gold_gain":0,"player_choice":"Take Damage","damage_taken":21,"relics_obtained":["Golden Idol"],"max_hp_gain":0,"max_hp_loss":0,"event_name":"Golden Idol","floor":10,"gold_loss":0},{"damage_healed":0,"gold_gain":0,"player_choice":"Got Potions","damage_taken":0,"max_hp_gain":0,"max_hp_loss":0,"event_name":"Lab","floor":14,"gold_loss":0}],"is_beta":false,"boss_relics":[],"items_purged_floors":[],"is_endless":false,"potions_floor_spawned":[4],"killed_by":"The Guardian","ascension_level":13}}