{"host":"kmq7aw60w430zvtx","time":1613937243,"event":{"mods":["BaseMod","Downfall","GifTheSpireLib","Hermit","Hubris","Infinite Spire","Minty Spire (QoL Compilation)","Reliquary","Replay The Spire","Spire Arcade","StSLib","The Construct","The Cursed","The Hierophant","The Jungle","The Necromancer","The Runesmith"],"gold_per_floor":[91,91,111,41,64,89,99,11,37,49,72,97,109,109],"floor_reached":13,"language":"ENG","playtime":466,"items_purged":[],"score":85,"play_id":"30be96eb-cd19-4234-9b7f-55e36fe932f7","local_time":"20210221205403","is_ascension_mode":false,"campfire_choices":[{"floor":10,"key":"RECALL"}],"circlet_count":0,"master_deck":["hierophant:Strike_Hierophant","hierophant:Strike_Hierophant","hierophant:Strike_Hierophant","hierophant:Strike_Hierophant","hierophant:Punish","hierophant:Defend_Hierophant","hierophant:Defend_Hierophant","hierophant:Defend_Hierophant","hierophant:Defend_Hierophant","hierophant:ChurchCoffers","hierophant:PristineSoul","hierophant:DisplayOfPower","hierophant:HolyVerse","hierophant:Repentance","hierophant:RepressedViolence","hierophant:DisplayOfPower","Panacea","hierophant:Shelter","hierophant:Flagellation"],"relics":["hierophant:PropheticMaskRelic","FaceOfCleric","Mummified Hand","MawBank"],"acts_visited":["Exordium"],"potions_floor_usage":[13,13],"damage_taken":[{"damage":2,"enemies":"Jaw Worm","floor":1,"turns":3},{"damage":1,"enemies":"Cultist","floor":3,"turns":4},{"damage":13,"enemies":"3 Sentries","floor":6,"turns":6},{"damage":0,"enemies":"2 Louse","floor":7,"turns":1},{"damage":0,"enemies":"Exordium Wildlife","floor":11,"turns":2},{"damage":13,"enemies":"Lots of Slimes","floor":12,"turns":3},{"damage":67,"enemies":"Gremlin Nob","floor":13,"turns":6}],"seed_played":"1336673095714027331","potions_obtained":[{"floor":6,"key":"Ancient Potion"},{"floor":7,"key":"Adrenaline Potion"}],"is_trial":false,"path_per_floor":["M","?","M","$","T","E","M","$","T","R","M","M","E"],"character_chosen":"HIEROPHANT","items_purchased":["hierophant:Repentance","Panacea"],"campfire_rested":0,"item_purchase_floors":[4,8],"current_hp_per_floor":[73,73,73,73,73,61,62,62,62,62,63,51,0,0],"gold":109,"neow_bonus":"THREE_CARDS","is_daily":false,"chose_seed":false,"campfire_upgraded":0,"win_rate":0.0,"timestamp":1613937243,"path_taken":["M","?","M","?","?","E","?","$","T","R","M","M","E"],"items_purchased_type":["Card","Card"],"build_version":"2020-12-22","purchased_purges":0,"victory":false,"max_hp_per_floor":[75,75,76,76,76,77,78,78,78,78,79,80,80,80],"card_choices":[{"not_picked":["hierophant:Encroach","hierophant:ThreeLashes"],"picked":"hierophant:PristineSoul","floor":0},{"not_picked":["hierophant:Sermon","hierophant:RustyCrate"],"picked":"hierophant:DisplayOfPower","floor":1},{"not_picked":["hierophant:SolarFlare","hierophant:Shelter"],"picked":"hierophant:HolyVerse","floor":3},{"not_picked":["hierophant:Anathema","hierophant:Alms"],"picked":"hierophant:RepressedViolence","floor":6},{"not_picked":["hierophant:HammerAndAnvil","hierophant:Upheaval"],"picked":"hierophant:DisplayOfPower","floor":7},{"not_picked":["hierophant:AuricBeam","hierophant:Dazzle"],"picked":"hierophant:Shelter","floor":11},{"not_picked":["hierophant:Martyrdom","hierophant:Doubloon"],"picked":"hierophant:Flagellation","floor":12}],"player_experience":405690,"relics_obtained":[{"floor":6,"key":"Mummified Hand"},{"floor":9,"key":"MawBank"}],"event_choices":[{"damage_healed":0,"gold_gain":0,"player_choice":"Trade","damage_taken":0,"relics_obtained":["FaceOfCleric"],"max_hp_gain":0,"max_hp_loss":0,"event_name":"FaceTrader","floor":2,"gold_loss":0}],"is_beta":false,"boss_relics":[],"items_purged_floors":[],"is_endless":false,"potions_floor_spawned":[6,7],"killed_by":"Gremlin Nob","ascension_level":0}}