{"host":"ga4s3hj9m6nkn6gp","time":1613941261,"event":{"mods":["AchievementEnabler","BaseMod","Bestiary","Colored Powertips","Highlight Path","Minty Spire (QoL Compilation)","Relic Stats","everything is the same but u backflip on backflip"],"gold_per_floor":[118,118,118,7,25,54,54,71,94,109,109,109,120,136,136,136,136],"floor_reached":16,"language":"ENG","playtime":412,"items_purged":["Defend_G"],"score":254,"play_id":"3c939435-7f27-4212-b8d7-aa7accce092d","local_time":"20210221220101","is_ascension_mode":true,"campfire_choices":[{"data":"Skewer","floor":7,"key":"SMITH"},{"data":"Leg Sweep","floor":12,"key":"SMITH"},{"data":"Slice","floor":15,"key":"SMITH"}],"circlet_count":0,"master_deck":["AscendersBane","Strike_G","Strike_G","Strike_G","Strike_G","Defend_G","Defend_G","Defend_G","Defend_G","Survivor","Neutralize","Heel Hook","Tactician","Leg Sweep+1","Skewer+1","Slice+1","Endless Agony"],"relics":["Ring of the Snake","NeowsBlessing","Akabeko","Art of War","The Courier"],"acts_visited":["Exordium"],"potions_floor_usage":[16],"damage_taken":[{"damage":0,"enemies":"Small Slimes","floor":1,"turns":1},{"damage":0,"enemies":"Cultist","floor":5,"turns":1},{"damage":0,"enemies":"Lagavulin","floor":6,"turns":1},{"damage":4,"enemies":"Jaw Worm","floor":8,"turns":2},{"damage":2,"enemies":"3 Louse","floor":10,"turns":4},{"damage":0,"enemies":"Blue Slaver","floor":13,"turns":2},{"damage":6,"enemies":"2 Fungi Beasts","floor":14,"turns":4},{"damage":59,"enemies":"Slime Boss","floor":16,"turns":7}],"seed_played":"-6079356977771927009","potions_obtained":[{"floor":3,"key":"FairyPotion"},{"floor":3,"key":"ColorlessPotion"}],"is_trial":false,"path_per_floor":["M","?","?","$","M","E","R","M","T","M","T","R","M","M","R","B"],"character_chosen":"THE_SILENT","items_purchased":["Leg Sweep"],"campfire_rested":0,"item_purchase_floors":[4],"current_hp_per_floor":[59,59,59,59,59,59,59,55,55,53,53,53,53,47,47,19,19],"gold":136,"neow_bonus":"THREE_ENEMY_KILL","is_daily":false,"chose_seed":false,"campfire_upgraded":3,"win_rate":0.0,"timestamp":1613941261,"path_taken":["M","?","?","$","?","E","R","M","T","?","?","R","M","?","R","BOSS"],"items_purchased_type":["Card"],"build_version":"2020-12-22","purchased_purges":1,"victory":false,"max_hp_per_floor":[66,66,66,66,66,66,66,66,66,66,66,66,66,66,66,66,66],"relic_stats":{"counters":[8,22],"Art of War":[5],"obtain_stats":[{"NeowsBlessing":0,"The Courier":11,"Art of War":9,"Akabeko":6,"Ring of the Snake":0},{"NeowsBlessing":0,"The Courier":5,"Art of War":4,"Akabeko":3,"Ring of the Snake":0},{"NeowsBlessing":0,"The Courier":9,"Art of War":5,"Akabeko":3,"Ring of the Snake":0}],"Ring of the Snake":[16]},"card_choices":[{"not_picked":["Deadly Poison","Noxious Fumes"],"picked":"Heel Hook","floor":1},{"not_picked":["Catalyst","Dodge and Roll"],"picked":"Skewer","floor":5},{"not_picked":["Concentrate","Underhanded Strike"],"picked":"Slice","floor":6},{"not_picked":["Poisoned Stab","Catalyst","Dodge and Roll"],"picked":"SKIP","floor":8},{"not_picked":["Corpse Explosion","Deflect","Underhanded Strike"],"picked":"SKIP","floor":10},{"not_picked":["Bane","Expertise"],"picked":"Endless Agony","floor":13},{"not_picked":["Slice","Quick Slash","Bane"],"picked":"SKIP","floor":14}],"player_experience":793376,"relics_obtained":[{"floor":6,"key":"Akabeko"},{"floor":9,"key":"Art of War"},{"floor":11,"key":"The Courier"}],"event_choices":[{"damage_healed":0,"gold_gain":0,"cards_transformed":["Strike_G"],"player_choice":"Change","damage_taken":0,"max_hp_gain":0,"max_hp_loss":0,"event_name":"Living Wall","floor":2,"gold_loss":0,"cards_obtained":["Tactician"]},{"damage_healed":0,"gold_gain":0,"player_choice":"Got Potions","damage_taken":0,"max_hp_gain":0,"max_hp_loss":0,"event_name":"Lab","floor":3,"gold_loss":0}],"is_beta":false,"boss_relics":[],"items_purged_floors":[4],"is_endless":false,"potions_floor_spawned":[5,6,8],"killed_by":"Slime Boss","ascension_level":20}}