{"host":"jfbo3eu2ui08ej1u","time":1613884412,"event":{"mods":["2.2 Compatiblity","AchievementEnabler","Act Like it!","Aspiration","BaseMod","Better Altar","Better Match","Better Note","Better Sensory Stone","Better Skull","Better Third Choice","Block Reminder","Colored Map","Colored Powertips","Conspire","DeckTracker","Displayed Cursed Tome","Energized Spire","Fox Events","GifTheSpireLib","Hermit","Hubris","Infinite Spire","Marked Mod","Minty Spire (QoL Compilation)","Monster B Gone","Pale of the Ancients","Poor People Problems","Quick Restart","Relic Filter","Reliquary","Reorder Act Four","Replay The Spire","Shop Mod","Spicy Shops","Spire Arcade","StSLib","Stuff the Spire","The Blue Laboratory","The Disciple","The Forsaken","The Hierophant","The Marked","Uncapped","Unceasing Turn Reminder","Wandering Minibosses"],"gold_per_floor":[111,111,30,49,49,49,62,62,62,88,88,88,88,106,106,185,185,203,217,217,217],"floor_reached":20,"language":"ENG","playtime":628,"items_purged":[],"score":344,"play_id":"39e96613-1456-4503-977e-47e91af6a049","local_time":"20210221001332","is_ascension_mode":true,"campfire_choices":[{"data":"Bash","floor":6.0,"key":"SMITH"},{"data":"Hologram","floor":8.0,"key":"SMITH"},{"floor":13.0,"key":"REST"},{"data":"Body Slam","floor":15,"key":"SMITH"}],"circlet_count":0,"master_deck":["AscendersBane","Strike_B+1","Strike_B","Strike_B","Defend_B","Defend_B","Defend_B","Zap+1","ReplayGash","Rebound","Hologram+1","Compile Driver","Bash+1","Body Slam+1","Juggernaut","Headbutt","Firewall","Beam Cell","Go for the Eyes"],"relics":["Iron Core","infinitespire:Joker Card","FossilizedHelix","reliquary:RoseTintedGlasses","Empty Cage"],"acts_visited":["Exordium","TheCity"],"potions_floor_usage":[14,14,14],"damage_taken":[{"damage":3.0,"enemies":"2 Louse","floor":1.0,"turns":3.0},{"damage":5.0,"enemies":"Small Slimes","floor":4.0,"turns":3.0},{"damage":2.0,"enemies":"Jaw Worm","floor":7.0,"turns":3.0},{"damage":20.0,"enemies":"Lagavulin","floor":10.0,"turns":4.0},{"damage":2,"enemies":"Exordium Thugs","floor":14,"turns":4},{"damage":32,"enemies":"Slime Boss","floor":16,"turns":7},{"damage":28,"enemies":"2 Thieves","floor":18,"turns":4},{"damage":11,"enemies":"Spheric Guardian","floor":19,"turns":4},{"damage":28,"enemies":"conspire:HollyBat","floor":20,"turns":5}],"seed_played":"-2945590214368871205","potions_obtained":[{"floor":7.0,"key":"PowerPotion"},{"floor":10.0,"key":"EntropicBrew"}],"is_trial":false,"path_per_floor":["M","?","$","M","?","R","M","R","T","E","?","?","R","M","R","B",null,"M","M","M"],"character_chosen":"DEFECT","items_purchased":["Rebound","Hologram"],"campfire_rested":1,"item_purchase_floors":[3,3],"current_hp_per_floor":[68,45,45,40,40,40,38,38,38,18,21,21,45,43,43,11,64,36,25,0,0],"gold":217,"neow_bonus":"TEN_PERCENT_HP_BONUS","is_daily":false,"chose_seed":false,"campfire_upgraded":3,"win_rate":0.0,"timestamp":1613884412,"path_taken":["M","?","$","M","?","R","M","R","T","E","?","?","R","M","R","BOSS","M","M","M"],"items_purchased_type":["Card","Card"],"build_version":"2020-12-22","purchased_purges":0,"victory":false,"max_hp_per_floor":[78,78,78,78,78,78,78,78,78,78,81,81,81,81,81,81,81,81,81,81,81],"card_choices":[{"not_picked":["Steam","Darkness"],"picked":"ReplayGash","floor":1.0},{"not_picked":["Hologram","ReplayTheSpireMod:Repulse"],"picked":"Compile Driver","floor":4.0},{"not_picked":["Anger","Clash"],"picked":"Body Slam","floor":7.0},{"not_picked":["Glacier","Clash"],"picked":"Juggernaut","floor":10.0},{"not_picked":["ReplayTheSpireMod:Reroute Power","Cold Snap"],"picked":"Headbutt","floor":14},{"not_picked":["StuffTheSpire:ForEach","Meteor Strike"],"picked":"Firewall","floor":16},{"not_picked":["conspire:SharedLibrary","White Noise"],"picked":"Beam Cell","floor":18},{"not_picked":["Beam Cell","Barrage"],"picked":"Go for the Eyes","floor":19}],"player_experience":1359903,"relics_obtained":[{"floor":9.0,"key":"infinitespire:Joker Card"},{"floor":10.0,"key":"FossilizedHelix"},{"floor":12.0,"key":"reliquary:RoseTintedGlasses"}],"event_choices":[{"damage_healed":68.0,"max_hp_gain":0.0,"max_hp_loss":78.0,"gold_gain":0.0,"event_name":"betterThird:BetterShining","player_choice":"Upgrade","floor":2.0,"gold_loss":0.0,"damage_taken":23.0,"cards_upgraded":["Strike_B","Zap"]}],"is_beta":false,"boss_relics":[{"not_picked":["Ring of Chaos","reliquary:KinkedSpring"],"picked":"Empty Cage"}],"items_purged_floors":[],"is_endless":false,"potions_floor_spawned":[7,10],"killed_by":"conspire:HollyBat","ascension_level":20}}