{"host":"iggyqwhh1tk9qczq","time":1613894307,"event":{"mods":["BaseMod","Downfall","Googly Eyes","Minty Spire (QoL Compilation)","StSLib","The Disciple","The Mystic","The Necromancer","The Runesmith","The Servant 0.9.4","Together in Spire","Yuri Mod"],"gold_per_floor":[116,132,15,34,52,63,92,17,17,18,18,43,43,63,63,163,163,173,146,46,46,46,46,81,81,81,95,122,138,152,165,165,262,262,282,302,302,302,317,343,343,368,368,368,385,185,212,225,225,225,225,225,26,58,58,58],"floor_reached":55,"language":"ENG","playtime":4718,"items_purged":["Strike_G","Defend_G","Strike_G","Strike_G"],"score":686,"play_id":"cea1a3cd-ec59-41e9-bcb1-6a0760416f1e","local_time":"20210220235827","is_ascension_mode":false,"campfire_choices":[{"floor":11.0,"key":"RECALL"},{"data":"Noxious Fumes","floor":13.0,"key":"SMITH"},{"data":"Dash","floor":15.0,"key":"SMITH"},{"data":"After Image","floor":23.0,"key":"SMITH"},{"data":"Neutralize","floor":25.0,"key":"SMITH"},{"floor":32.0,"key":"REST"},{"data":"Catalyst","floor":41.0,"key":"SMITH"},{"floor":49.0,"key":"REST"},{"data":"After Image","floor":52,"key":"SMITH"}],"circlet_count":0,"master_deck":["Strike_G","Strike_G","Defend_G","Defend_G","Defend_G+1","Defend_G","Neutralize+1","Dash+1","Poisoned Stab","Noxious Fumes+1","Deadly Poison","Malaise","PiercingWail+1","Catalyst+1","Backflip+1","After Image+1","Poisoned Stab","Backflip+1","Deadly Poison","After Image+1","Bouncing Flask+1","Terror+1","Bouncing Flask+1"],"relics":["Ring of the Serpent","Anchor","Nloth\u0027s Gift","Meat on the Bone","Paper Crane","Regal Pillow","bronze:MakeshiftBattery","Pantograph","Shuriken","Art of War","Dream Catcher","Gremlin Horn","Bag of Marbles","War Paint"],"acts_visited":["TheEnding"],"potions_floor_usage":[54,55],"damage_taken":[{"damage":0.0,"enemies":"Cultist","floor":1.0,"turns":2.0},{"damage":0.0,"enemies":"Jaw Worm","floor":2.0,"turns":3.0},{"damage":0.0,"enemies":"Small Slimes","floor":4.0,"turns":2.0},{"damage":0.0,"enemies":"Blue Slaver","floor":5.0,"turns":3.0},{"damage":0.0,"enemies":"Exordium Wildlife","floor":6.0,"turns":3.0},{"damage":17.0,"enemies":"3 Sentries","floor":7.0,"turns":7.0},{"damage":0.0,"enemies":"Looter","floor":10.0,"turns":3.0},{"damage":4.0,"enemies":"Gremlin Nob","floor":12.0,"turns":3.0},{"damage":1.0,"enemies":"Blue Slaver","floor":14.0,"turns":3.0},{"damage":3.0,"enemies":"Hexaghost","floor":16.0,"turns":6.0},{"damage":11.0,"enemies":"Spheric Guardian","floor":18.0,"turns":5.0},{"damage":6.0,"enemies":"2 Thieves","floor":19.0,"turns":4.0},{"damage":9.0,"enemies":"Slavers","floor":24.0,"turns":5.0},{"damage":0.0,"enemies":"Snecko","floor":27.0,"turns":4.0},{"damage":0.0,"enemies":"Gremlin Leader","floor":28.0,"turns":5.0},{"damage":12.0,"enemies":"Snake Plant","floor":29.0,"turns":4.0},{"damage":0.0,"enemies":"Chosen and Byrds","floor":30.0,"turns":4.0},{"damage":0.0,"enemies":"Shelled Parasite and Fungi","floor":31.0,"turns":3.0},{"damage":13.0,"enemies":"Champ","floor":33.0,"turns":7.0},{"damage":2.0,"enemies":"3 Darklings","floor":35.0,"turns":6.0},{"damage":0.0,"enemies":"3 Shapes","floor":36.0,"turns":3.0},{"damage":0.0,"enemies":"Sphere and 2 Shapes","floor":39.0,"turns":6.0},{"damage":0.0,"enemies":"Reptomancer","floor":40.0,"turns":5.0},{"damage":35.0,"enemies":"Nemesis","floor":42.0,"turns":4.0},{"damage":0.0,"enemies":"Writhing Mass","floor":45.0,"turns":5.0},{"damage":1.0,"enemies":"Giant Head","floor":47.0,"turns":6.0},{"damage":3.0,"enemies":"Spire Growth","floor":48.0,"turns":4.0},{"damage":53.0,"enemies":"Donu and Deca","floor":50.0,"turns":9.0},{"damage":66,"enemies":"Shield and Spear","floor":54,"turns":7},{"damage":51,"enemies":"The Heart","floor":55,"turns":6}],"seed_played":"-68539878399189439","potions_obtained":[{"floor":1.0,"key":"Poison Potion"},{"floor":4.0,"key":"Fire Potion"},{"floor":5.0,"key":"Strength Potion"},{"floor":12.0,"key":"hexamod:SoulburnPotion"},{"floor":14.0,"key":"Poison Potion"},{"floor":24.0,"key":"CultistPotion"},{"floor":27.0,"key":"Ancient Potion"},{"floor":29.0,"key":"LiquidMemories"},{"floor":33.0,"key":"Poison Potion"},{"floor":39.0,"key":"AttackPotion"},{"floor":42.0,"key":"Strength Potion"},{"floor":48.0,"key":"bronze:BurnAndBuffPotion"},{"floor":54,"key":"champ:CounterPotion"}],"is_trial":false,"path_per_floor":["M","M","$","M","M","M","E","$","T","M","R","E","R","M","R","B",null,"M","M","$","?","$","R","E","R","T","M","E","M","M","M","R","B",null,"M","M","T","T","M","E","R","E","T","?","M","$","E","M","R","B",null,"R","$","E","B"],"character_chosen":"THE_SILENT","items_purchased":["Noxious Fumes","Deadly Poison","Regen Potion","SkillPotion"],"campfire_rested":2,"item_purchase_floors":[3,3,46,53],"current_hp_per_floor":[77,77,77,77,77,77,60,60,60,60,60,56,56,55,55,52,77,66,60,60,60,60,60,51,51,51,51,51,39,39,39,77,64,77,75,75,75,75,75,75,75,40,40,40,40,40,39,48,77,39,77,77,77,23,0,0],"gold":58,"neow_bonus":"TEN_PERCENT_HP_BONUS","is_daily":false,"chose_seed":false,"campfire_upgraded":6,"win_rate":0.0,"timestamp":1613894307,"path_taken":["M","M","$","M","M","M","E","$","T","M","R","E","R","M","R","BOSS","M","?","$","?","$","R","E","R","T","M","E","M","?","M","R","BOSS","M","M","?","?","M","E","R","E","T","?","M","$","E","M","R","BOSS","R","$","E","BOSS"],"items_purchased_type":["Card","Card","Potion","Potion"],"build_version":"2020-12-22","purchased_purges":4,"victory":false,"max_hp_per_floor":[77,77,77,77,77,77,77,77,77,77,77,77,77,77,77,77,77,77,77,77,77,77,77,77,77,77,77,77,77,77,77,77,77,77,77,77,77,77,77,77,77,77,77,77,77,77,77,77,77,77,77,77,77,77,77,77],"card_choices":[{"not_picked":["Deflect","Dodge and Roll"],"picked":"Dash","floor":1.0},{"not_picked":["Endless Agony","Distraction"],"picked":"Poisoned Stab","floor":2.0},{"not_picked":["Deflect","Underhanded Strike","Cloak And Dagger"],"picked":"SKIP","floor":4.0},{"not_picked":["Dagger Spray","Prepared"],"picked":"Malaise","floor":5.0},{"not_picked":["Acrobatics","Dodge and Roll"],"picked":"PiercingWail","floor":6.0},{"not_picked":["Distraction","Outmaneuver"],"picked":"Catalyst","floor":7.0},{"not_picked":["PiercingWail","Tools of the Trade","Dagger Throw"],"picked":"SKIP","floor":10.0},{"not_picked":["Flechettes","Masterful Stab","Skewer"],"picked":"SKIP","floor":12.0},{"not_picked":["Reflex+1","Eviscerate"],"picked":"Backflip+1","floor":14.0},{"not_picked":["Storm of Steel+1","Phantasmal Killer+1"],"picked":"After Image","floor":16.0},{"not_picked":["Cloak And Dagger+1","Backstab"],"picked":"Poisoned Stab","floor":18.0},{"not_picked":["Expertise+1","Dagger Throw"],"picked":"Backflip+1","floor":19.0},{"not_picked":["Dodge and Roll","Grand Finale","All Out Attack+1"],"picked":"SKIP","floor":24.0},{"not_picked":["Cloak And Dagger","Well Laid Plans","Dagger Spray+1"],"picked":"SKIP","floor":27.0},{"not_picked":["Dagger Spray","Die Die Die","Backflip"],"picked":"SKIP","floor":28.0},{"not_picked":["Dash","Concentrate","Riddle With Holes"],"picked":"SKIP","floor":29.0},{"not_picked":["Slice","PiercingWail","Riddle With Holes"],"picked":"SKIP","floor":30.0},{"not_picked":["Slice+1","Distraction"],"picked":"Deadly Poison","floor":31.0},{"not_picked":["Grand Finale","Unload"],"picked":"After Image","floor":33.0},{"not_picked":["Accuracy+1","Deflect+1","Dodge and Roll"],"picked":"SKIP","floor":35.0},{"not_picked":["Blade Dance","Dash","Malaise"],"picked":"SKIP","floor":36.0},{"not_picked":["Prepared","Setup","Dodge and Roll"],"picked":"SKIP","floor":39.0},{"not_picked":["Crippling Poison","Blade Dance"],"picked":"Bouncing Flask+1","floor":40.0},{"not_picked":["Escape Plan+1","Slice","Dagger Spray+1"],"picked":"SKIP","floor":42.0},{"not_picked":["After Image","Flying Knee+1"],"picked":"Terror+1","floor":45.0},{"not_picked":["Backstab+1","Blade Dance+1"],"picked":"Bouncing Flask+1","floor":47.0},{"not_picked":["Deflect","Finisher","Slice+1"],"picked":"SKIP","floor":48.0},{"not_picked":["Wraith Form v2","Distraction+1","Leg Sweep"],"picked":"SKIP","floor":54}],"player_experience":151467,"relics_obtained":[{"floor":7.0,"key":"Anchor"},{"floor":12.0,"key":"Toxic Egg 2"},{"floor":24.0,"key":"Meat on the Bone"},{"floor":26.0,"key":"Paper Crane"},{"floor":28.0,"key":"Regal Pillow"},{"floor":37.0,"key":"Pantograph"},{"floor":38.0,"key":"Shuriken"},{"floor":40.0,"key":"Art of War"},{"floor":42.0,"key":"Dream Catcher"},{"floor":43.0,"key":"Gremlin Horn"},{"floor":47.0,"key":"Bag of Marbles"},{"floor":54,"key":"War Paint"}],"event_choices":[{"damage_healed":0.0,"max_hp_gain":0.0,"max_hp_loss":0.0,"gold_gain":0.0,"event_name":"N\u0027loth","player_choice":"Traded Relic","floor":21.0,"relics_lost":["Toxic Egg 2"],"gold_loss":0.0,"damage_taken":0.0,"relics_obtained":["Nloth\u0027s Gift"]},{"cards_removed":["Survivor"],"damage_healed":0.0,"max_hp_gain":0.0,"max_hp_loss":0.0,"gold_gain":0.0,"event_name":"Falling","player_choice":"Removed Skill","floor":44.0,"gold_loss":0.0,"damage_taken":0.0}],"is_beta":false,"boss_relics":[{"not_picked":["HoveringKite","Runesmith:UraniumAnvil"],"picked":"Ring of the Serpent"},{"not_picked":["SacredBark","Velvet Choker"],"picked":"bronze:MakeshiftBattery"}],"items_purged_floors":[8,20,46,53],"is_endless":false,"potions_floor_spawned":[1,4,5,12,14,19,24,27,29,31,33,39,42,47,48,54],"killed_by":"The Heart","ascension_level":0}}