{"host":"2l5k2wp87eek7qja","time":1613931903,"event":{"mods":["BaseMod","Colored Map","Minty Spire (QoL Compilation)","Relic Stats"],"gold_per_floor":[111,111,129,129,70,70,70,70,70,98,98,129,129,147,147,222,222,192,192,210,229,144,174,174,174,174],"floor_reached":25,"language":"ENG","playtime":742,"items_purged":[],"score":554,"play_id":"eb529dec-0f8e-49ed-bc48-64c1952b23bb","local_time":"20210221202503","is_ascension_mode":true,"campfire_choices":[{"data":"Neutralize","floor":6,"key":"SMITH"},{"data":"Blade Dance","floor":8,"key":"SMITH"},{"data":"Dash","floor":13,"key":"SMITH"},{"data":"Survivor","floor":15,"key":"SMITH"}],"circlet_count":0,"master_deck":["AscendersBane","Strike_G","Strike_G","Strike_G","Strike_G","Defend_G","Defend_G","Defend_G","Defend_G","Defend_G","Survivor+1","Neutralize+1","Blade Dance+1","Dash+1","Blade Dance+1","Crippling Poison+1","Venomology+1","Cloak And Dagger+1","A Thousand Cuts","Backflip+1","Acrobatics+1","Cloak And Dagger+1","Malaise+1"],"relics":["Ring of the Snake","NeowsBlessing","Toxic Egg 2","Pantograph","Lantern","SacredBark","Regal Pillow","Molten Egg 2"],"acts_visited":["Exordium","TheCity"],"potions_floor_usage":[12,16,16,20,21,23,23,23,23,25,25],"damage_taken":[{"damage":0,"enemies":"2 Louse","floor":1,"turns":1},{"damage":0,"enemies":"Jaw Worm","floor":3,"turns":1},{"damage":0,"enemies":"Lagavulin","floor":10,"turns":1},{"damage":0,"enemies":"Gremlin Nob","floor":12,"turns":3},{"damage":0,"enemies":"Small Slimes","floor":14,"turns":1},{"damage":41,"enemies":"Hexaghost","floor":16,"turns":10},{"damage":11,"enemies":"2 Thieves","floor":18,"turns":4},{"damage":4,"enemies":"Shell Parasite","floor":20,"turns":3},{"damage":13,"enemies":"Centurion and Healer","floor":21,"turns":6},{"damage":17,"enemies":"Gremlin Leader","floor":23,"turns":4},{"damage":24,"enemies":"Masked Bandits","floor":25,"turns":3}],"seed_played":"-6231574022016923618","potions_obtained":[{"floor":3,"key":"DistilledChaos"},{"floor":10,"key":"Fruit Juice"},{"floor":12,"key":"SteroidPotion"}],"is_trial":false,"path_per_floor":["M","?","M","?","$","R","?","R","T","E","?","E","R","M","R","B",null,"M","?","M","M","?","E","?","?"],"character_chosen":"THE_SILENT","items_purchased":["Blade Dance"],"campfire_rested":0,"item_purchase_floors":[5],"current_hp_per_floor":[59,52,52,52,52,52,52,52,52,52,52,52,52,52,52,25,56,45,45,41,38,38,21,21,0,0],"gold":174,"neow_bonus":"THREE_ENEMY_KILL","is_daily":false,"chose_seed":false,"campfire_upgraded":4,"win_rate":0.0,"timestamp":1613931903,"path_taken":["M","?","M","?","$","R","?","R","T","E","?","E","R","M","R","BOSS","M","?","M","M","?","E","?","?"],"items_purchased_type":["Card"],"build_version":"2020-12-22","purchased_purges":0,"victory":false,"max_hp_per_floor":[66,66,66,66,66,66,66,66,66,66,66,66,66,66,66,66,66,66,66,66,76,76,76,76,76,76],"relic_stats":{"Regal Pillow":0,"counters":[11,37],"Pantograph":14,"obtain_stats":[{"Lantern":12,"Regal Pillow":22,"NeowsBlessing":0,"Pantograph":10,"SacredBark":17,"Molten Egg 2":23,"Toxic Egg 2":9,"Ring of the Snake":0},{"Lantern":4,"Regal Pillow":9,"NeowsBlessing":0,"Pantograph":3,"SacredBark":6,"Molten Egg 2":10,"Toxic Egg 2":2,"Ring of the Snake":0},{"Lantern":6,"Regal Pillow":30,"NeowsBlessing":0,"Pantograph":3,"SacredBark":17,"Molten Egg 2":34,"Toxic Egg 2":2,"Ring of the Snake":0}],"Ring of the Snake":[22]},"card_choices":[{"not_picked":["Acrobatics","Flying Knee"],"picked":"Blade Dance","floor":1},{"not_picked":["Dagger Spray","Masterful Stab"],"picked":"Dash","floor":3},{"not_picked":["Prepared+1","Dodge and Roll+1"],"picked":"Crippling Poison+1","floor":10},{"not_picked":["Deadly Poison+1","Leg Sweep+1"],"picked":"Venomology+1","floor":12},{"not_picked":["Deflect+1","Poisoned Stab"],"picked":"Cloak And Dagger+1","floor":14},{"not_picked":["Die Die Die","Bullet Time+1"],"picked":"A Thousand Cuts","floor":16},{"not_picked":["Deadly Poison+1","Sucker Punch"],"picked":"Backflip+1","floor":18},{"not_picked":["Bane","Well Laid Plans"],"picked":"Acrobatics+1","floor":20},{"not_picked":["Setup+1","Dagger Throw+1"],"picked":"Cloak And Dagger+1","floor":21},{"not_picked":["Tactician+1","Accuracy"],"picked":"Malaise+1","floor":23}],"player_experience":844521,"relics_obtained":[{"floor":9,"key":"Toxic Egg 2"},{"floor":10,"key":"Pantograph"},{"floor":12,"key":"Lantern"},{"floor":23,"key":"Molten Egg 2"}],"event_choices":[{"cards_removed":["Strike_G"],"damage_healed":0,"gold_gain":0,"player_choice":"Card Removal","damage_taken":7,"max_hp_gain":0,"max_hp_loss":0,"event_name":"Golden Wing","floor":2,"gold_loss":0},{"damage_healed":0,"gold_gain":0,"player_choice":"Grow","damage_taken":0,"max_hp_gain":0,"max_hp_loss":0,"event_name":"Living Wall","floor":4,"gold_loss":0,"cards_upgraded":["Blade Dance"]},{"damage_healed":0,"gold_gain":0,"player_choice":"Leave","damage_taken":0,"max_hp_gain":0,"max_hp_loss":0,"event_name":"The Cleric","floor":7,"gold_loss":0},{"damage_healed":0,"gold_gain":0,"player_choice":"Ignored","damage_taken":0,"max_hp_gain":0,"max_hp_loss":0,"event_name":"Liars Game","floor":11,"gold_loss":0},{"damage_healed":0,"gold_gain":0,"player_choice":"Ignored","damage_taken":0,"max_hp_gain":0,"max_hp_loss":0,"event_name":"The Mausoleum","floor":19,"gold_loss":0},{"damage_healed":0,"gold_gain":0,"player_choice":"Obtained Relic","damage_taken":0,"relics_obtained":["Regal Pillow"],"max_hp_gain":0,"max_hp_loss":0,"event_name":"Addict","floor":22,"gold_loss":85},{"damage_healed":0,"gold_gain":0,"player_choice":"Ignored","damage_taken":0,"max_hp_gain":0,"max_hp_loss":0,"event_name":"Cursed Tome","floor":24,"gold_loss":0},{"damage_healed":0,"gold_gain":0,"player_choice":"Fought Bandits","damage_taken":0,"max_hp_gain":0,"max_hp_loss":0,"event_name":"Masked Bandits","floor":25,"gold_loss":0}],"is_beta":false,"boss_relics":[{"not_picked":["Velvet Choker","Ring of the Serpent"],"picked":"SacredBark"}],"items_purged_floors":[],"is_endless":false,"potions_floor_spawned":[3,10,12],"killed_by":"Masked Bandits","ascension_level":20}}