{"host":"aapp7ew3jk5k1bvd","time":1613895400,"event":{"mods":["AchievementEnabler","BaseMod","Colored Map","Custom Start","Keyboard Shortcuts","Minty Spire (QoL Compilation)","Permanent Neow","Quick Restart","StSLib","SuperFastMode"],"gold_per_floor":[112,112,132,151,171,171,185,185,185,185,185,196,229,76,76,151,151,169,180,80,93,0,0,17,51,351,351,351,363,363,363,363,437,437,437,437],"floor_reached":35,"language":"KOR","playtime":873,"items_purged":["Strike_B","Defend_B"],"score":724,"play_id":"d5a05d2d-6d90-453c-acc4-e52cb8bee88e","local_time":"20210221171640","is_ascension_mode":true,"campfire_choices":[{"data":"Apotheosis","floor":6.0,"key":"SMITH"},{"data":"Hologram","floor":8,"key":"SMITH"},{"floor":11,"key":"REST"},{"floor":15,"key":"REST"},{"floor":23,"key":"REST"},{"data":"Self Repair","floor":28,"key":"SMITH"},{"data":"Electrodynamics","floor":30,"key":"SMITH"},{"data":"Dualcast","floor":32,"key":"SMITH"}],"circlet_count":0,"master_deck":["AscendersBane","Defend_B+1","Zap+1","Dualcast+1","Apotheosis+1","Gash","Gash","Hologram+1","Beam Cell","Self Repair+1","Gash","Steam+1","Conserve Battery+1","Electrodynamics+1","Seek+1","Undo+1","Sunder+1","Steam+1","Steam+1","BootSequence+1","Glacier+1","Glacier+1"],"relics":["Cracked Core","Toxic Egg 2","Pear","Astrolabe","War Paint","Old Coin","Pen Nib","Runic Pyramid"],"acts_visited":["Exordium","TheCity","TheBeyond"],"potions_floor_usage":[7],"damage_taken":[{"damage":0.0,"enemies":"Cultist","floor":1.0,"turns":3.0},{"damage":4.0,"enemies":"Small Slimes","floor":3.0,"turns":4.0},{"damage":6.0,"enemies":"2 Louse","floor":4.0,"turns":2.0},{"damage":3.0,"enemies":"Looter","floor":5.0,"turns":3.0},{"damage":0,"enemies":"Lots of Slimes","floor":7,"turns":2},{"damage":27,"enemies":"Gremlin Gang","floor":12,"turns":4},{"damage":31,"enemies":"Gremlin Nob","floor":13,"turns":5},{"damage":28,"enemies":"Slime Boss","floor":16,"turns":11},{"damage":18,"enemies":"3 Byrds","floor":18,"turns":4},{"damage":33,"enemies":"Chosen","floor":19,"turns":6},{"damage":25,"enemies":"Snake Plant","floor":21,"turns":4},{"damage":0,"enemies":"3 Cultists","floor":24,"turns":3},{"damage":5,"enemies":"Gremlin Leader","floor":25,"turns":6},{"damage":4,"enemies":"Sentry and Sphere","floor":29,"turns":5},{"damage":19,"enemies":"Champ","floor":33,"turns":14},{"damage":0,"enemies":"3 Darklings","floor":35,"turns":2}],"seed_played":"-3326294911871311545","potions_obtained":[{"floor":3.0,"key":"Fruit Juice"},{"floor":4.0,"key":"Strength Potion"},{"floor":5.0,"key":"PowerPotion"},{"floor":18,"key":"Energy Potion"}],"is_trial":false,"path_per_floor":["M","?","M","M","M","R","M","R","T","?","R","M","E","$","R","B",null,"M","M","$","M","?","R","M","E","T","?","R","M","R","?","R","B",null,"M"],"character_chosen":"DEFECT","items_purchased":["Steam+1","Conserve Battery+1"],"campfire_rested":3,"item_purchase_floors":[14,14],"current_hp_per_floor":[46,46,47,41,38,38,38,38,38,38,60,33,19,19,44,26,71,60,37,37,22,22,47,57,62,62,62,62,68,68,68,68,59,79,79,79],"gold":437,"neow_bonus":"RANDOM_COLORLESS_2","is_daily":false,"chose_seed":false,"campfire_upgraded":5,"win_rate":0.0,"timestamp":1613895400,"path_taken":["M","?","M","M","M","R","M","R","T","?","R","M","E","$","R","BOSS","M","M","$","?","?","R","M","E","T","?","R","?","R","?","R","BOSS","M"],"items_purchased_type":["Card","Card"],"build_version":"2020-12-22","purchased_purges":2,"victory":false,"max_hp_per_floor":[71,71,76,76,76,76,76,76,76,76,76,76,86,86,86,86,86,86,86,86,86,86,86,86,86,86,86,86,86,86,86,86,86,86,86,86],"card_choices":[{"not_picked":["Mayhem","Secret Technique"],"picked":"Apotheosis","floor":0.0},{"not_picked":["Sweeping Beam","Auto Shields"],"picked":"Gash","floor":1.0},{"not_picked":["Stack","Self Repair"],"picked":"Gash","floor":3.0},{"not_picked":["Steam","Static Discharge"],"picked":"Hologram","floor":4.0},{"not_picked":["Reprogram","Redo","Storm"],"picked":"SKIP","floor":5.0},{"not_picked":["Cold Snap","Seek"],"picked":"Beam Cell","floor":7},{"not_picked":["Streamline","Chaos+1"],"picked":"Self Repair","floor":12},{"not_picked":["Rebound","Conserve Battery+1"],"picked":"Gash","floor":13},{"not_picked":["Fission+1","Buffer"],"picked":"Electrodynamics","floor":16},{"not_picked":["Compile Driver","Turbo+1"],"picked":"Steam+1","floor":18},{"not_picked":["Lockon+1","Gash"],"picked":"Steam+1","floor":19},{"not_picked":["Redo+1","Beam Cell","Recycle+1"],"picked":"SKIP","floor":21},{"not_picked":["White Noise+1","Heatsinks"],"picked":"BootSequence+1","floor":24},{"not_picked":["Turbo+1","Hologram+1"],"picked":"Glacier+1","floor":25},{"not_picked":["Glacier+1","Fusion+1"],"picked":"Redo+1","floor":29}],"player_experience":1041093,"relics_obtained":[{"floor":9,"key":"Toxic Egg 2"},{"floor":13,"key":"Pear"},{"floor":25,"key":"War Paint"},{"floor":26,"key":"Old Coin"}],"event_choices":[{"cards_removed":["Strike_B"],"damage_healed":0.0,"max_hp_gain":0.0,"max_hp_loss":0.0,"gold_gain":0.0,"event_name":"Living Wall","player_choice":"Forget","floor":2.0,"gold_loss":0.0,"damage_taken":0.0},{"cards_removed":["Strike_B"],"damage_healed":0,"gold_gain":0,"player_choice":"Purged","damage_taken":0,"max_hp_gain":0,"max_hp_loss":0,"event_name":"Purifier","floor":10,"gold_loss":0},{"damage_healed":0,"gold_gain":0,"player_choice":"Paid Fearfully","damage_taken":0,"max_hp_gain":0,"max_hp_loss":0,"event_name":"Masked Bandits","floor":22,"gold_loss":93},{"damage_healed":0,"gold_gain":0,"player_choice":"Copied","damage_taken":0,"max_hp_gain":0,"max_hp_loss":0,"event_name":"Duplicator","floor":27,"gold_loss":0,"cards_obtained":["Glacier"]},{"cards_removed":["Redo"],"damage_healed":0,"gold_gain":0,"player_choice":"Gave Card","damage_taken":0,"relics_obtained":["Pen Nib"],"max_hp_gain":0,"max_hp_loss":0,"event_name":"WeMeetAgain","floor":31,"gold_loss":0}],"is_beta":false,"boss_relics":[{"not_picked":["Fusion Hammer","Cursed Key"],"picked":"Astrolabe"},{"not_picked":["Runic Dome","Pandora\u0027s Box"],"picked":"Runic Pyramid"}],"items_purged_floors":[14,20],"is_endless":false,"potions_floor_spawned":[3,4,5,18,19,25],"killed_by":"3 Darklings","ascension_level":16}}