{"host":"jt67skv49snb75sm","time":1613934726,"event":{"mods":["BaseMod","Bestiary","Minty Spire (QoL Compilation)","Relic Stats"],"gold_per_floor":[119,119,119,119,134,134,175,196,196,196,217,256,256,279,279,375,375,398,111,146,160,160,199,199,199,225,269,293,307,221,252,252,351,351,365,384,178,192,208,208,247,247,271,604,192,192,221,241,241,241,241,241,241,28,56,56],"floor_reached":57,"language":"ENG","playtime":4067,"items_purged":["Acrobatics","Dodge and Roll"],"score":3006,"play_id":"68dc5f15-8c53-4c06-8290-600a2402815d","local_time":"20210221201205","is_ascension_mode":true,"campfire_choices":[{"floor":6.0,"key":"REST"},{"data":"Dagger Throw","floor":10.0,"key":"SMITH"},{"data":"Dagger Spray","floor":13.0,"key":"SMITH"},{"floor":15.0,"key":"REST"},{"data":"Wraith Form v2","floor":24.0,"key":"SMITH"},{"data":"Burst","floor":32.0,"key":"SMITH"},{"data":"Well Laid Plans","floor":40.0,"key":"SMITH"},{"data":"Catalyst","floor":42.0,"key":"SMITH"},{"floor":49.0,"key":"RECALL"},{"data":"After Image","floor":53.0,"key":"SMITH"}],"circlet_count":0,"master_deck":["AscendersBane","Survivor","Neutralize","Dagger Throw+1","Backstab","Backstab","Deadly Poison+1","Poisoned Stab","Dagger Spray+1","Adrenaline","Wraith Form v2+1","Blade Dance","Noxious Fumes","Glass Knife","Acrobatics","Venomology","Terror","Well Laid Plans+1","Predator+1","Crippling Poison","Ghostly","Ghostly+1","Ghostly","PiercingWail","Wraith Form v2+1","Burst+1","Deflect","Accuracy","Blade Dance","Dodge and Roll","Corpse Explosion","Cloak And Dagger","Backflip","Catalyst+1","Impatience","Catalyst","Well Laid Plans","After Image+1","Storm of Steel","Cloak And Dagger+1","Backstab"],"relics":["Ring of the Snake","NeowsBlessing","Incense Burner","Centennial Puzzle","Letter Opener","Anchor","Pandora\u0027s Box","Membership Card","Bronze Scales","Red Mask","MealTicket","Snake Skull","Ancient Tea Set","Bag of Preparation","Coffee Dripper","Art of War","Shuriken","Bottled Tornado","Mercury Hourglass","Strawberry","Mango","War Paint"],"acts_visited":["Exordium","TheCity","TheBeyond","TheEnding"],"potions_floor_usage":[56,56],"damage_taken":[{"damage":0.0,"enemies":"Cultist","floor":1.0,"turns":1.0},{"damage":0.0,"enemies":"Small Slimes","floor":5.0,"turns":1.0},{"damage":0.0,"enemies":"3 Sentries","floor":7.0,"turns":1.0},{"damage":0.0,"enemies":"Jaw Worm","floor":8.0,"turns":4.0},{"damage":0.0,"enemies":"Blue Slaver","floor":11.0,"turns":2.0},{"damage":19.0,"enemies":"Gremlin Nob","floor":12.0,"turns":4.0},{"damage":2.0,"enemies":"3 Louse","floor":14.0,"turns":6.0},{"damage":32.0,"enemies":"The Guardian","floor":16.0,"turns":11.0},{"damage":10.0,"enemies":"Shell Parasite","floor":18.0,"turns":3.0},{"damage":0.0,"enemies":"Masked Bandits","floor":20.0,"turns":2.0},{"damage":0.0,"enemies":"2 Thieves","floor":21.0,"turns":2.0},{"damage":3.0,"enemies":"Book of Stabbing","floor":23.0,"turns":3.0},{"damage":1.0,"enemies":"Slavers","floor":27.0,"turns":5.0},{"damage":3.0,"enemies":"Centurion and Healer","floor":28.0,"turns":4.0},{"damage":5.0,"enemies":"3 Cultists","floor":29.0,"turns":5.0},{"damage":5.0,"enemies":"Book of Stabbing","floor":31.0,"turns":6.0},{"damage":7.0,"enemies":"Automaton","floor":33.0,"turns":6.0},{"damage":0.0,"enemies":"3 Darklings","floor":35.0,"turns":3.0},{"damage":0.0,"enemies":"Orb Walker","floor":36.0,"turns":3.0},{"damage":0.0,"enemies":"3 Darklings","floor":38.0,"turns":3.0},{"damage":2.0,"enemies":"Sphere and 2 Shapes","floor":39.0,"turns":4.0},{"damage":2.0,"enemies":"Reptomancer","floor":41.0,"turns":9.0},{"damage":0.0,"enemies":"Giant Head","floor":47.0,"turns":7.0},{"damage":6.0,"enemies":"Writhing Mass","floor":48.0,"turns":6.0},{"damage":0.0,"enemies":"Awakened One","floor":50.0,"turns":9.0},{"damage":14.0,"enemies":"Time Eater","floor":51.0,"turns":9.0},{"damage":0.0,"enemies":"Shield and Spear","floor":55.0,"turns":5.0},{"damage":48,"enemies":"The Heart","floor":56,"turns":10}],"seed_played":"8213800386337804991","potions_obtained":[{"floor":7.0,"key":"Regen Potion"},{"floor":8.0,"key":"Poison Potion"},{"floor":11.0,"key":"LiquidBronze"},{"floor":18.0,"key":"Dexterity Potion"},{"floor":20.0,"key":"DuplicationPotion"},{"floor":31.0,"key":"SkillPotion"},{"floor":39.0,"key":"SteroidPotion"}],"is_trial":false,"path_per_floor":["M","?","?","?","M","R","E","M","T","R","M","E","R","M","R","B",null,"M","$","?","M","?","E","R","?","T","E","M","M","$","E","R","B",null,"M","M","$","M","M","R","E","R","T","?","$","?","E","M","R","B","B",null,"R","$","E","B",null],"character_chosen":"THE_SILENT","items_purchased":["Membership Card","Bronze Scales","Well Laid Plans","Accuracy","Blade Dance","Art of War","Backflip","Catalyst","Impatience","After Image","Bottled Tornado","Mercury Hourglass","Mango","DuplicationPotion"],"campfire_rested":2,"item_purchase_floors":[19,19,19,30,30,37,37,37,37,45,45,45,54,54],"current_hp_per_floor":[59,14,14,7,7,25,25,25,25,25,25,6,6,19,37,5,46,36,36,36,36,30,27,27,27,27,26,23,18,30,25,25,18,27,27,27,30,30,28,28,26,26,26,26,30,30,37,31,31,31,17,32,32,51,51,3],"gold":56,"neow_bonus":"THREE_ENEMY_KILL","is_daily":false,"chose_seed":false,"campfire_upgraded":7,"win_rate":0.0,"timestamp":1613934725,"path_taken":["M","?","?","?","M","R","E","M","T","R","?","E","R","M","R","BOSS","M","$","?","M","?","E","R","?","T","E","?","M","$","E","R","BOSS","M","M","$","M","M","R","E","R","T","?","$","?","E","M","R","BOSS","BOSS","R","$","E","BOSS"],"items_purchased_type":["Relic","Relic","Card","Card","Card","Relic","Card","Card","Card","Card","Relic","Relic","Relic","Potion"],"build_version":"2020-12-22","purchased_purges":2,"victory":true,"max_hp_per_floor":[66,66,60,60,60,60,60,60,60,60,60,60,60,60,60,60,60,60,60,60,60,30,30,30,30,30,30,30,30,30,30,30,30,30,30,30,30,30,30,30,30,30,30,30,30,30,37,37,37,37,37,37,37,51,51,51],"relic_stats":{"counters":[28,134],"Snake Skull":[131],"Bag of Preparation":[24],"Letter Opener":[395],"War Paint":["Deadly Poison","Ghostly"],"Mercury Hourglass":[148],"Centennial Puzzle":[45],"Shuriken":[26],"Bronze Scales":[424],"Pandora\u0027s Box":["Underhanded Strike","Blade Dance","Acrobatics","Noxious Fumes","Glass Knife","Acrobatics","Venomology","Terror","Dodge and Roll"],"MealTicket":24,"Art of War":[10],"obtain_stats":[{"NeowsBlessing":0,"Golden Idol":3,"Mango":54,"Snake Skull":26,"Incense Burner":2,"Bag of Preparation":31,"Letter Opener":9,"Bottled Tornado":45,"War Paint":55,"Ancient Tea Set":27,"Mercury Hourglass":45,"Centennial Puzzle":7,"Anchor":12,"Shuriken":41,"Bronze Scales":19,"Strawberry":47,"Pandora\u0027s Box":17,"MealTicket":23,"Red Mask":20,"Coffee Dripper":34,"Art of War":37,"Membership Card":19,"Ring of the Snake":0},{"NeowsBlessing":0,"Golden Idol":1,"Mango":26,"Snake Skull":12,"Incense Burner":1,"Bag of Preparation":16,"Letter Opener":4,"Bottled Tornado":22,"War Paint":27,"Ancient Tea Set":13,"Mercury Hourglass":22,"Centennial Puzzle":3,"Anchor":6,"Shuriken":22,"Bronze Scales":9,"Strawberry":23,"Pandora\u0027s Box":8,"MealTicket":12,"Red Mask":10,"Coffee Dripper":17,"Art of War":19,"Membership Card":9,"Ring of the Snake":0},{"NeowsBlessing":0,"Golden Idol":1,"Mango":119,"Snake Skull":40,"Incense Burner":1,"Bag of Preparation":60,"Letter Opener":7,"Bottled Tornado":88,"War Paint":124,"Ancient Tea Set":45,"Mercury Hourglass":88,"Centennial Puzzle":3,"Anchor":13,"Shuriken":88,"Bronze Scales":33,"Strawberry":95,"Pandora\u0027s Box":30,"MealTicket":40,"Red Mask":35,"Coffee Dripper":66,"Art of War":72,"Membership Card":33,"Ring of the Snake":0}],"Ring of the Snake":[56]},"card_choices":[{"not_picked":["Poisoned Stab","Masterful Stab"],"picked":"Dagger Throw","floor":1.0},{"not_picked":["Slice","Crippling Poison"],"picked":"Backstab","floor":5.0},{"not_picked":["Underhanded Strike","Heel Hook"],"picked":"Backstab","floor":7.0},{"not_picked":["Dagger Throw","PiercingWail"],"picked":"Deadly Poison","floor":8.0},{"not_picked":["Deadly Poison","Dodge and Roll"],"picked":"Poisoned Stab","floor":11.0},{"not_picked":["Poisoned Stab","Finisher"],"picked":"Dagger Spray","floor":12.0},{"not_picked":["Slice","Dagger Throw"],"picked":"Adrenaline","floor":14.0},{"not_picked":["Burst","Doppelganger"],"picked":"Wraith Form v2","floor":16.0},{"not_picked":["Acrobatics","Choke","Quick Slash"],"picked":"SKIP","floor":18.0},{"not_picked":["Heel Hook","Bane+1"],"picked":"Predator+1","floor":20.0},{"not_picked":["Deadly Poison","Well Laid Plans"],"picked":"Crippling Poison","floor":21.0},{"not_picked":["Deadly Poison","Deflect"],"picked":"PiercingWail","floor":23.0},{"not_picked":["Expertise","Riddle With Holes","Acrobatics+1"],"picked":"SKIP","floor":27.0},{"not_picked":["Bane","Blade Dance+1"],"picked":"Burst","floor":28.0},{"not_picked":["Flying Knee","PiercingWail"],"picked":"Deflect","floor":29.0},{"not_picked":["Slice","PiercingWail"],"picked":"Dodge and Roll","floor":31.0},{"not_picked":["Venomology","Night Terror"],"picked":"Corpse Explosion","floor":33.0},{"not_picked":["Slice","Dagger Spray"],"picked":"Cloak And Dagger","floor":35.0},{"not_picked":["Underhanded Strike+1","Dodge and Roll","Finisher"],"picked":"SKIP","floor":36.0},{"not_picked":["Crippling Poison","Blade Dance","Venomology"],"picked":"SKIP","floor":38.0},{"not_picked":["Deadly Poison","Dodge and Roll+1"],"picked":"Catalyst","floor":39.0},{"not_picked":["Sucker Punch+1","Blade Dance"],"picked":"Well Laid Plans","floor":41.0},{"not_picked":["Footwork","Prepared"],"picked":"Cloak And Dagger+1","floor":47.0},{"not_picked":["Outmaneuver","Blur"],"picked":"Backstab","floor":48.0},{"not_picked":["Glass Knife","Skewer+1","Distraction"],"picked":"SKIP","floor":55.0}],"player_experience":853574,"relics_obtained":[{"floor":7.0,"key":"Centennial Puzzle"},{"floor":9.0,"key":"Letter Opener"},{"floor":12.0,"key":"Anchor"},{"floor":20.0,"key":"Red Mask"},{"floor":23.0,"key":"MealTicket"},{"floor":26.0,"key":"Snake Skull"},{"floor":27.0,"key":"Ancient Tea Set"},{"floor":31.0,"key":"Bag of Preparation"},{"floor":41.0,"key":"Shuriken"},{"floor":47.0,"key":"Strawberry"},{"floor":55.0,"key":"War Paint"}],"event_choices":[{"damage_healed":0.0,"max_hp_gain":0.0,"max_hp_loss":0.0,"gold_gain":0.0,"event_name":"Scrap Ooze","player_choice":"Success","floor":2.0,"gold_loss":0.0,"damage_taken":45.0,"relics_obtained":["Incense Burner"]},{"damage_healed":0.0,"max_hp_gain":0.0,"max_hp_loss":6.0,"gold_gain":0.0,"event_name":"Golden Idol","player_choice":"Lose Max HP","floor":3.0,"gold_loss":0.0,"damage_taken":0.0,"relics_obtained":["Golden Idol"]},{"cards_removed":["Strike_G"],"damage_healed":0.0,"max_hp_gain":0.0,"max_hp_loss":0.0,"gold_gain":0.0,"event_name":"Golden Wing","player_choice":"Card Removal","floor":4.0,"gold_loss":0.0,"damage_taken":7.0},{"damage_healed":0.0,"max_hp_gain":0.0,"max_hp_loss":0.0,"gold_gain":0.0,"event_name":"Masked Bandits","player_choice":"Fought Bandits","floor":20.0,"gold_loss":0.0,"damage_taken":0.0},{"damage_healed":0.0,"max_hp_gain":0.0,"max_hp_loss":30.0,"gold_gain":0.0,"event_name":"Ghosts","player_choice":"Became a Ghost","floor":22.0,"gold_loss":0.0,"damage_taken":0.0,"cards_obtained":["Ghostly","Ghostly","Ghostly"]},{"damage_healed":0.0,"max_hp_gain":0.0,"max_hp_loss":0.0,"gold_gain":0.0,"event_name":"Duplicator","player_choice":"Copied","floor":25.0,"gold_loss":0.0,"damage_taken":0.0,"cards_obtained":["Wraith Form v2"]},{"damage_healed":0.0,"max_hp_gain":0.0,"max_hp_loss":0.0,"gold_gain":333.0,"event_name":"The Moai Head","player_choice":"Gave Idol","floor":44.0,"relics_lost":["Golden Idol"],"gold_loss":0.0,"damage_taken":0.0},{"damage_healed":0.0,"max_hp_gain":0.0,"max_hp_loss":0.0,"gold_gain":0.0,"cards_transformed":["Underhanded Strike"],"event_name":"Transmorgrifier","player_choice":"Transformed","floor":46.0,"gold_loss":0.0,"damage_taken":0.0,"cards_obtained":["Storm of Steel"]}],"is_beta":false,"boss_relics":[{"not_picked":["Fusion Hammer","Busted Crown"],"picked":"Pandora\u0027s Box"},{"not_picked":["Sozu","Empty Cage"],"picked":"Coffee Dripper"}],"items_purged_floors":[30,45],"is_endless":false,"potions_floor_spawned":[7,8,11,18,20,29,31,35,39,41,48,55],"ascension_level":20}}