{"host":"dn6kke80v5f7isus","time":1613939023,"event":{"mods":["AchievementEnabler","Act Like it!","Astrologer","Bard","BaseMod","Colored Powertips","Custom Start","Defuse TimeMaze Blight","Energized Spire","Gremlin Skip","Highlight Path","Hubris","Infinite Spire","Marisa????????","Marked Mod","Minty Spire (QoL Compilation)","Quick Restart","Rare Cards Sparkle","Reliquary","Replay The Spire","StSLib","The Servant 0.9.4","Uncapped","Unceasing Turn Reminder"],"gold_per_floor":[115,132,151,151,52,79,79,79,79],"floor_reached":8,"language":"ENG","playtime":177,"items_purged":["Strike_B"],"score":59,"play_id":"ba85ccc0-ef57-4b79-8799-5aefbb9e9d22","local_time":"20210221152343","is_ascension_mode":true,"campfire_choices":[{"data":"Gash","floor":7,"key":"SMITH"}],"circlet_count":0,"master_deck":["Strike_B","Strike_B","Strike_B","Defend_B","Defend_B","Defend_B","Defend_B","Zap","Dualcast","Coolheaded","Storm","Double Energy","Gash+1","Beam Cell"],"relics":["Cracked Core","NeowsBlessing","hubris:Towel","Solar Panel"],"acts_visited":["Exordium"],"potions_floor_usage":[],"damage_taken":[{"damage":0,"enemies":"Cultist","floor":1,"turns":1},{"damage":0,"enemies":"Small Slimes","floor":2,"turns":1},{"damage":0,"enemies":"Jaw Worm","floor":3,"turns":1},{"damage":6,"enemies":"Replay:BlueRogue","floor":6,"turns":8},{"damage":28,"enemies":"Gremlin Nob","floor":8,"turns":4}],"seed_played":"7718460835425194465","potions_obtained":[],"is_trial":false,"path_per_floor":["M","M","M","?","$","E","R","E"],"character_chosen":"DEFECT","items_purchased":["Gash"],"campfire_rested":0,"item_purchase_floors":[5],"current_hp_per_floor":[75,75,75,75,75,69,69,41,41],"gold":79,"neow_bonus":"THREE_ENEMY_KILL","is_daily":false,"chose_seed":false,"campfire_upgraded":1,"win_rate":0.0,"timestamp":1613939023,"path_taken":["M","?","M","?","?","E","R","E"],"items_purchased_type":["Card"],"build_version":"2020-12-22","purchased_purges":1,"victory":false,"max_hp_per_floor":[75,75,75,75,75,75,75,75,75],"card_choices":[{"not_picked":["Turbo","Beam Cell"],"picked":"Coolheaded","floor":1},{"not_picked":["Tempest","Ball Lightning"],"picked":"Storm","floor":2},{"not_picked":["BasicCrystalCard","Cold Snap"],"picked":"Double Energy","floor":3},{"not_picked":["Sweeping Beam","Ball Lightning"],"picked":"Beam Cell","floor":6}],"player_experience":462693,"relics_obtained":[{"floor":6,"key":"Solar Panel"}],"event_choices":[],"is_beta":false,"boss_relics":[],"items_purged_floors":[5],"is_endless":false,"potions_floor_spawned":[],"killed_by":"Gremlin Nob","ascension_level":1}}