{"host":"hlo0wt5fjlilsn9r","time":1613883045,"event":{"mods":["2.2 Compatiblity","AchievementEnabler","Aspiration","Bard","BaseMod","Beaked The Cultist","Better Altar","Better Match","Better Note","Better Sensory Stone","Better Skull","Better Third Choice","BetterRewards","CCEM2","Colored Map","Conspire","Downfall","Friendly Minions","GifTheSpireLib","Halation","Hermit","Highlight Path","Hubris","Hunter ?人","Jedi Mod","Jorbs\u0027s Wanderer Trilogy","Kiyohime（清?）","Mad Scientist","Marisa（霧雨　魔理沙）","Mimic Mod","Minty Spire (QoL Compilation)","Permanent Neow","Replay The Spire","Shade Mod","Spicy Shops","StSLib","Stuff the Spire","Td1madao Mod","The Administrix","The Blackbeard","The Bug Knight","The Construct","The Cursed","The Disciple","The Gatherer","The Hierophant","The Mystic","The Necromancer","The Runesmith","The Servant 0.9.4","The Spell Scribe","The Witch","Unceasing Turn Reminder"],"gold_per_floor":[116,152,152,252,267,297,53,69,69,69,82,93,112,112,112,217,217,237,237,237],"floor_reached":19,"language":"ENG","playtime":2050,"items_purged":["mysticmod:Strike_Mystic"],"score":169,"play_id":"b888883f-2dfc-44b5-a242-94acaaac6317","local_time":"20210220205045","is_ascension_mode":false,"campfire_choices":[{"floor":10,"key":"REST"},{"floor":15,"key":"REST"}],"circlet_count":0,"master_deck":["mysticmod:Strike_Mystic","mysticmod:Strike_Mystic","mysticmod:Defend_Mystic","mysticmod:Defend_Mystic","mysticmod:Defend_Mystic","mysticmod:Defend_Mystic","mysticmod:ArcaneDodge","mysticmod:ShockingGrasp","mysticmod:Snowball","mysticmod:PureInstinct","mysticmod:MagicMissile","Regret","mysticmod:BladedDash","mysticmod:RapidCaster","mysticmod:PowerSlash","mysticmod:ArcaneAccuracy","mysticmod:SummonFamiliar","mysticmod:HunkerDown","mysticmod:LightningBolt","mysticmod:Daze","mysticmod:MysticalShield","mysticmod:Sideswipe+1"],"relics":["mysticmod:SpellBook","conspire:TopHat","Pantograph","StuffTheSpire:Experiment12","hubris:GlazedTorus","CCEMRelics:ExpiredCReal"],"acts_visited":["Exordium","TheCity"],"potions_floor_usage":[16],"damage_taken":[{"damage":0,"enemies":"Jaw Worm","floor":1,"turns":3},{"damage":8,"enemies":"conspire:MimicChest","floor":2,"turns":6},{"damage":4,"enemies":"conspire:RoseBush","floor":5,"turns":3},{"damage":31,"enemies":"HollowMod:MossKnight","floor":6,"turns":10},{"damage":6,"enemies":"Small Slimes","floor":8,"turns":3},{"damage":2,"enemies":"Looter","floor":11,"turns":3},{"damage":2,"enemies":"2 Fungi Beasts","floor":12,"turns":3},{"damage":8,"enemies":"Blue Slaver","floor":13,"turns":3},{"damage":6,"enemies":"The Guardian","floor":16,"turns":10},{"damage":25,"enemies":"Chosen","floor":18,"turns":10},{"damage":0,"enemies":"2 Thieves","floor":19,"turns":1}],"seed_played":"3251579826024630978","potions_obtained":[{"floor":2,"key":"FearPotion"},{"floor":8,"key":"jedi:hoardpotion"},{"floor":12,"key":"sneckomod:MuddlingPotion"},{"floor":16,"key":"GamblersBrew"}],"is_trial":false,"path_per_floor":["M","?","?","?","M","E","$","M","T","R","M","M","M","?","R","B",null,"M","M"],"character_chosen":"MYSTIC_CLASS","items_purchased":["mysticmod:PowerSlash","mysticmod:ArcaneAccuracy","mysticmod:SummonFamiliar"],"campfire_rested":2,"item_purchase_floors":[7,7,7],"current_hp_per_floor":[77,69,69,69,65,34,34,28,28,51,49,47,39,32,55,71,77,52,52,52],"gold":237,"neow_bonus":"THREE_CARDS","is_daily":false,"chose_seed":false,"campfire_upgraded":0,"win_rate":0.0,"timestamp":1613883045,"path_taken":["M","?","?","?","?","E","$","M","T","R","M","M","M","?","R","BOSS","M","M"],"items_purchased_type":["Card","Card","Card"],"build_version":"2020-12-22","purchased_purges":1,"victory":false,"max_hp_per_floor":[77,77,77,77,77,77,77,77,77,77,77,77,77,77,77,77,77,77,77,77],"card_choices":[{"not_picked":["mysticmod:CorrosiveTouch","mysticmod:Shield"],"picked":"mysticmod:Snowball","floor":0},{"not_picked":["mysticmod:PowerSlash","mysticmod:Shield"],"picked":"mysticmod:PureInstinct","floor":1},{"not_picked":["mysticmod:RapidCaster","mysticmod:PureInstinct"],"picked":"mysticmod:MagicMissile","floor":2},{"not_picked":["mysticmod:PowerAttack","mysticmod:VorpalThrust"],"picked":"mysticmod:BladedDash","floor":5},{"not_picked":["mysticmod:BulkUp","mysticmod:EnergizedRift"],"picked":"mysticmod:RapidCaster","floor":6},{"not_picked":["mysticmod:FloatingDisk","mysticmod:Disengage"],"picked":"mysticmod:HunkerDown","floor":8},{"not_picked":["mysticmod:SuddenClarity","mysticmod:HunkerDown","mysticmod:Riposte"],"picked":"SKIP","floor":11},{"not_picked":["mysticmod:RapidCaster","mysticmod:BulkUp"],"picked":"mysticmod:LightningBolt","floor":12},{"not_picked":["mysticmod:Sideswipe","mysticmod:Snowball"],"picked":"mysticmod:Daze","floor":13},{"not_picked":["mysticmod:ObscuringMist","mysticmod:GreaterInvisibility"],"picked":"mysticmod:MysticalShield","floor":16},{"not_picked":["mysticmod:Disengage","mysticmod:EarthenWall"],"picked":"mysticmod:Sideswipe+1","floor":18}],"player_experience":233622,"relics_obtained":[{"floor":2,"key":"conspire:TopHat"},{"floor":6,"key":"StuffTheSpire:Experiment12"},{"floor":9,"key":"hubris:GlazedTorus"}],"event_choices":[{"damage_healed":0,"gold_gain":0,"player_choice":"Box","damage_taken":0,"relics_obtained":["Pantograph"],"max_hp_gain":0,"max_hp_loss":0,"event_name":"Big Fish","floor":3,"gold_loss":0,"cards_obtained":["Regret"]},{"damage_healed":0,"gold_gain":100,"player_choice":"Pray","damage_taken":0,"max_hp_gain":0,"max_hp_loss":0,"event_name":"Golden Shrine","floor":4,"gold_loss":0},{"cards_removed":["mysticmod:Strike_Mystic"],"damage_healed":0,"gold_gain":0,"player_choice":"Card Removal","damage_taken":7,"max_hp_gain":0,"max_hp_loss":0,"event_name":"Golden Wing","floor":14,"gold_loss":0}],"is_beta":false,"boss_relics":[{"not_picked":["Replay:Drink Me","Pandora\u0027s Box"],"picked":"CCEMRelics:ExpiredCReal"}],"items_purged_floors":[7],"is_endless":false,"potions_floor_spawned":[2,8,12,13,16],"killed_by":"2 Thieves","ascension_level":0}}