{"host":"5yoj846f700ld8qy","time":1613919653,"event":{"mods":["AchievementEnabler","BaseMod","Better Altar","Better Match","Better Note","Better Sensory Stone","Better Skull","Better Third Choice","Colored Map","Colored Powertips","Minty Spire (QoL Compilation)","StSLib","UnlockEverythingMod"],"gold_per_floor":[117,117,117,132,207,207,246,246,246,287,302,63,33,56,56,149,149,169,169,169,84,3,34,34,34,59,59,103,115,141,178,190,202,202],"floor_reached":33,"language":"ENG","playtime":1655,"items_purged":["Strike_P"],"score":628,"play_id":"88dfe41a-4c87-4f95-ba65-684b214f9681","local_time":"20210221170053","is_ascension_mode":true,"campfire_choices":[{"floor":6.0,"key":"REST"},{"floor":8.0,"key":"REST"},{"data":"Eruption","floor":15.0,"key":"SMITH"},{"floor":24.0,"key":"REST"},{"floor":32.0,"key":"REST"}],"circlet_count":0,"master_deck":["AscendersBane","Strike_P+1","Strike_P+1","Strike_P+1","Defend_P+1","Defend_P+1","Defend_P+1","Defend_P+1","Eruption+1","Vigilance","ConjureBlade","BattleHymn","Weave","CutThroughFate","ThirdEye+1","Wish+1","Evaluate+1","Vault+1","LikeWater","Halt+1","ClearTheMind+1","Meditate+1"],"relics":["HolyWater","Golden Idol","Nunchaku","Potion Belt","Toxic Egg 2","Vajra","ClockworkSouvenir","Question Card","Ornamental Fan","Anchor","MawBank","MutagenicStrength"],"acts_visited":["Exordium","TheCity"],"potions_floor_usage":[],"damage_taken":[{"damage":6.0,"enemies":"2 Louse","floor":1.0,"turns":4.0},{"damage":0.0,"enemies":"Small Slimes","floor":4.0,"turns":3.0},{"damage":27.0,"enemies":"Lagavulin","floor":7.0,"turns":6.0},{"damage":8.0,"enemies":"3 Sentries","floor":10.0,"turns":7.0},{"damage":0.0,"enemies":"Cultist","floor":11.0,"turns":3.0},{"damage":0.0,"enemies":"Blue Slaver","floor":14.0,"turns":4.0},{"damage":27.0,"enemies":"The Guardian","floor":16.0,"turns":8.0},{"damage":0.0,"enemies":"Shell Parasite","floor":18.0,"turns":8.0},{"damage":32.0,"enemies":"Book of Stabbing","floor":23.0,"turns":8.0},{"damage":11.0,"enemies":"Colosseum Slavers","floor":27.0,"turns":6.0},{"damage":0.0,"enemies":"Gremlin Leader","floor":28.0,"turns":7.0},{"damage":0.0,"enemies":"Chosen","floor":30.0,"turns":3.0},{"damage":2.0,"enemies":"Snake Plant","floor":31.0,"turns":4.0},{"damage":27,"enemies":"Collector","floor":33,"turns":5}],"seed_played":"513016955629625994","potions_obtained":[{"floor":7.0,"key":"EntropicBrew"},{"floor":10.0,"key":"Regen Potion"},{"floor":13.0,"key":"DuplicationPotion"},{"floor":23.0,"key":"Energy Potion"}],"is_trial":false,"path_per_floor":["M","?","?","M","?","R","E","R","T","E","M","$","?","M","R","B",null,"M","?","?","?","$","E","R","$","T","?","E","?","M","M","R","B"],"character_chosen":"WATCHER","items_purchased":["ClockworkSouvenir","DistilledChaos"],"campfire_rested":4,"item_purchase_floors":[12,22],"current_hp_per_floor":[55,55,44,44,33,49,22,38,38,30,30,30,30,30,30,18,47,47,47,47,47,47,15,31,31,31,20,20,20,20,18,34,7,7],"gold":202,"neow_bonus":"THREE_RARE_CARDS","is_daily":false,"chose_seed":false,"campfire_upgraded":1,"win_rate":0.0,"timestamp":1613919653,"path_taken":["M","?","?","M","?","R","E","R","T","E","M","$","?","?","R","BOSS","M","?","?","?","$","E","R","$","T","?","E","?","M","M","R","BOSS"],"items_purchased_type":["Relic","Potion"],"build_version":"2020-12-22","purchased_purges":1,"victory":false,"max_hp_per_floor":[62,56,56,56,56,56,56,56,56,56,56,56,56,56,56,56,56,56,56,56,56,56,56,56,56,56,56,56,56,56,56,56,56,56],"card_choices":[{"not_picked":["SpiritShield","Vault"],"picked":"ConjureBlade","floor":0.0},{"not_picked":["FollowUp","PathToVictory"],"picked":"BattleHymn","floor":1.0},{"not_picked":["FollowUp","CarveReality"],"picked":"Weave","floor":4.0},{"not_picked":["Conclude","PathToVictory"],"picked":"CutThroughFate","floor":7.0},{"not_picked":["ClearTheMind+1","PathToVictory+1"],"picked":"ThirdEye+1","floor":10.0},{"not_picked":["SandsOfTime","Nirvana"],"picked":"Wish+1","floor":11.0},{"not_picked":["FlurryOfBlows","CutThroughFate"],"picked":"Evaluate+1","floor":14.0},{"not_picked":["Alpha+1","ConjureBlade+1"],"picked":"Vault+1","floor":16.0},{"not_picked":["Prostrate+1","Evaluate+1"],"picked":"LikeWater","floor":18.0},{"not_picked":["ReachHeaven","InnerPeace+1","Ragnarok"],"picked":"Halt+1","floor":23.0},{"not_picked":["Nirvana","ReachHeaven+1","Consecrate"],"picked":"ClearTheMind+1","floor":28.0},{"not_picked":["CutThroughFate","ThirdEye+1","Tantrum"],"picked":"Meditate+1","floor":30.0},{"not_picked":["InnerPeace+1","Judgement+1","CrushJoints","Pray+1"],"picked":"SKIP","floor":31.0}],"player_experience":446197,"relics_obtained":[{"floor":7.0,"key":"Potion Belt"},{"floor":9.0,"key":"Toxic Egg 2"},{"floor":10.0,"key":"Vajra"},{"floor":23.0,"key":"Ornamental Fan"},{"floor":26.0,"key":"Anchor"},{"floor":28.0,"key":"MawBank"}],"event_choices":[{"damage_healed":0.0,"max_hp_gain":0.0,"max_hp_loss":6.0,"gold_gain":0.0,"event_name":"Golden Idol","player_choice":"Lose Max HP","floor":2.0,"gold_loss":0.0,"damage_taken":0.0,"relics_obtained":["Golden Idol"]},{"damage_healed":0.0,"max_hp_gain":0.0,"max_hp_loss":0.0,"gold_gain":0.0,"event_name":"betterThird:BetterScrap","player_choice":"Relic ","floor":3.0,"gold_loss":0.0,"damage_taken":11.0,"cards_obtained":["Rupture"]},{"damage_healed":0.0,"max_hp_gain":0.0,"max_hp_loss":0.0,"gold_gain":75.0,"event_name":"betterThird:BetterGoop","player_choice":"Gold","floor":5.0,"gold_loss":0.0,"damage_taken":11.0},{"damage_healed":0.0,"max_hp_gain":0.0,"max_hp_loss":0.0,"gold_gain":0.0,"event_name":"The Woman in Blue","player_choice":"Bought 2 Potions","floor":13.0,"gold_loss":0.0,"damage_taken":0.0},{"damage_healed":0.0,"max_hp_gain":0.0,"max_hp_loss":0.0,"gold_gain":0.0,"event_name":"Ghosts","player_choice":"Ignored","floor":19.0,"gold_loss":0.0,"damage_taken":0.0},{"damage_healed":0.0,"max_hp_gain":0.0,"max_hp_loss":7.0,"gold_gain":0.0,"event_name":"betterThird:BetterWriting","player_choice":"Simplicity","floor":20.0,"gold_loss":0.0,"damage_taken":0.0},{"damage_healed":0.0,"max_hp_gain":0.0,"max_hp_loss":0.0,"gold_gain":0.0,"event_name":"Addict","player_choice":"Obtained Relic","floor":21.0,"gold_loss":85.0,"damage_taken":0.0,"relics_obtained":["Question Card"]},{"damage_healed":0.0,"max_hp_gain":0.0,"max_hp_loss":0.0,"gold_gain":0.0,"event_name":"Colosseum","player_choice":"Fight","floor":27.0,"gold_loss":0.0,"damage_taken":0.0},{"damage_healed":0.0,"max_hp_gain":0.0,"max_hp_loss":0.0,"gold_gain":0.0,"event_name":"Colosseum","player_choice":"Fled From Nobs","floor":27.0,"gold_loss":0.0,"damage_taken":0.0},{"damage_healed":0.0,"max_hp_gain":0.0,"max_hp_loss":0.0,"gold_gain":0.0,"event_name":"Drug Dealer","player_choice":"Inject Mutagens","floor":29.0,"gold_loss":0.0,"damage_taken":0.0,"relics_obtained":["MutagenicStrength"]}],"is_beta":false,"boss_relics":[{"not_picked":["Empty Cage","Runic Dome"],"picked":"HolyWater"}],"items_purged_floors":[12],"is_endless":false,"potions_floor_spawned":[7,10,14,23,27],"killed_by":"Collector","ascension_level":20}}