{"host":"08xvxt5w1s7zc7e5","time":1613883131,"event":{"mods":["AchievementEnabler","BaseMod","DeckTracker","Minty Spire (QoL Compilation)","Quick Restart","StSLib","SuperFastMode"],"gold_per_floor":[115,127,146,33,33,33,63,63,63,79,25,44,9,22,22,22,22],"floor_reached":16,"language":"KOR","playtime":1012,"items_purged":["Strike_G"],"score":153,"play_id":"e0856154-da4a-4045-9309-afbbad60a704","local_time":"20210221135211","is_ascension_mode":true,"campfire_choices":[{"data":"Tactician","floor":6.0,"key":"SMITH"},{"floor":8.0,"key":"REST"},{"data":"Prepared","floor":15,"key":"SMITH"}],"circlet_count":0,"master_deck":["AscendersBane","Strike_G","Strike_G","Strike_G","Strike_G","Defend_G","Defend_G","Defend_G","Defend_G","Survivor","Neutralize","Finisher","Choke","Quick Slash","Reflex","Tactician+1","Cloak And Dagger","Prepared+1"],"relics":["Ring of the Snake","Unceasing Top","Pear"],"acts_visited":["Exordium"],"potions_floor_usage":[14,14],"damage_taken":[{"damage":0.0,"enemies":"Small Slimes","floor":1.0,"turns":4.0},{"damage":0.0,"enemies":"Jaw Worm","floor":2.0,"turns":3.0},{"damage":0.0,"enemies":"2 Louse","floor":3.0,"turns":3.0},{"damage":50.0,"enemies":"3 Sentries","floor":7.0,"turns":12.0},{"damage":3.0,"enemies":"2 Fungi Beasts","floor":10.0,"turns":4.0},{"damage":0.0,"enemies":"Exordium Wildlife","floor":12.0,"turns":2.0},{"damage":1,"enemies":"Gremlin Gang","floor":14,"turns":4},{"damage":58,"enemies":"Hexaghost","floor":16,"turns":12}],"seed_played":"-6081422437010945482","potions_obtained":[{"floor":1.0,"key":"Energy Potion"},{"floor":7.0,"key":"SkillPotion"},{"floor":12.0,"key":"LiquidBronze"}],"is_trial":false,"path_per_floor":["M","M","M","$","?","R","E","R","T","M","$","M","?","M","R","B"],"character_chosen":"THE_SILENT","items_purchased":["Tactician","Prepared"],"campfire_rested":1,"item_purchase_floors":[4,11],"current_hp_per_floor":[63,63,63,63,56,56,6,27,37,34,34,34,54,53,53,0,0],"gold":22,"neow_bonus":"THREE_CARDS","is_daily":false,"chose_seed":false,"campfire_upgraded":2,"win_rate":0.0,"timestamp":1613883131,"path_taken":["M","M","M","$","?","R","E","R","T","M","$","M","?","M","R","BOSS"],"items_purchased_type":["Card","Card"],"build_version":"2020-12-22","purchased_purges":1,"victory":false,"max_hp_per_floor":[70,70,70,70,70,70,70,70,80,80,80,80,80,80,80,80,80],"card_choices":[{"not_picked":["Bane","Concentrate"],"picked":"Finisher","floor":0.0},{"not_picked":["Bouncing Flask","Dagger Throw"],"picked":"Choke","floor":1.0},{"not_picked":["Outmaneuver","Skewer"],"picked":"Quick Slash","floor":2.0},{"not_picked":["Blade Dance","Poisoned Stab"],"picked":"Reflex","floor":3.0},{"not_picked":["Quick Slash","A Thousand Cuts","Flying Knee"],"picked":"SKIP","floor":7.0},{"not_picked":["Infinite Blades","Sucker Punch"],"picked":"Cloak And Dagger","floor":10.0},{"not_picked":["Cloak And Dagger","Leg Sweep","Bouncing Flask"],"picked":"SKIP","floor":12.0},{"not_picked":["Prepared","Flying Knee","Deadly Poison"],"picked":"SKIP","floor":14}],"player_experience":416844,"relics_obtained":[{"floor":7.0,"key":"Unceasing Top"},{"floor":9.0,"key":"Pear"}],"event_choices":[{"cards_removed":["Defend_G"],"damage_healed":0.0,"max_hp_gain":0.0,"max_hp_loss":0.0,"gold_gain":0.0,"event_name":"Golden Wing","player_choice":"Card Removal","floor":5.0,"gold_loss":0.0,"damage_taken":7.0},{"damage_healed":20.0,"max_hp_gain":0.0,"max_hp_loss":0.0,"gold_gain":0.0,"event_name":"The Cleric","player_choice":"Healed","floor":13.0,"gold_loss":35.0,"damage_taken":0.0}],"is_beta":false,"boss_relics":[],"items_purged_floors":[4],"is_endless":false,"potions_floor_spawned":[1,7,12],"killed_by":"Hexaghost","ascension_level":10}}