{"host":"cr9rpoy6dx9riis3","time":1613936256,"event":{"mods":["AchievementEnabler","BaseMod","Better Altar","Better Note","Better Sensory Stone","Better Skull","Better Third Choice","Better-Laid Plans","BetterRewards","Block Reminder","Curses Come First","Displayed Cursed Tome","Emptier Cage","Marked Mod","Minty Spire (QoL Compilation)","Permanent Neow","Relic Sorter","StSLib","The Blue Laboratory","Transform Curses"],"gold_per_floor":[20,20,20,20,33,33,46,46,46,46,65,65,76,76,76,178,178,191,191,210,210,30,30,42,42,42,57,8,8,8,8,8],"floor_reached":31,"language":"ENG","playtime":1227,"items_purged":[],"score":304,"play_id":"9d393a0f-d58c-4cb2-ba0d-1fc43856582a","local_time":"20210221203736","is_ascension_mode":true,"campfire_choices":[{"data":"Survivor","floor":6,"key":"SMITH"},{"floor":8,"key":"RECALL"},{"data":"Neutralize","floor":10,"key":"SMITH"},{"data":"Deflect","floor":15,"key":"SMITH"},{"data":"Sadistic Nature","floor":23,"key":"SMITH"},{"floor":29,"key":"REST"}],"circlet_count":0,"master_deck":["Strike_G","Strike_G","Strike_G","Strike_G","Defend_G","Defend_G","Defend_G","Survivor+1","Neutralize+1","Deflect+1","Phantasmal Killer","Sadistic Nature+1","Survivor+1","Sadistic Nature+1","Ghostly","Ghostly","Ghostly","Ghostly","Ghostly","Escape Plan+1","Tools of the Trade"],"relics":["Ring of the Serpent","Toxic Egg 2","Torii"],"acts_visited":["Exordium","TheCity"],"potions_floor_usage":[13,24,31,31],"damage_taken":[{"damage":1,"enemies":"Small Slimes","floor":1,"turns":4},{"damage":0,"enemies":"Cultist","floor":5,"turns":3},{"damage":0,"enemies":"2 Louse","floor":7,"turns":2},{"damage":1,"enemies":"Large Slime","floor":11,"turns":7},{"damage":7,"enemies":"Lots of Slimes","floor":13,"turns":9},{"damage":53,"enemies":"The Guardian","floor":16,"turns":29},{"damage":13,"enemies":"Shell Parasite","floor":18,"turns":11},{"damage":24,"enemies":"Chosen","floor":20,"turns":8},{"damage":19,"enemies":"Snecko","floor":24,"turns":8},{"damage":1,"enemies":"Shelled Parasite and Fungi","floor":27,"turns":12},{"damage":23,"enemies":"Chosen and Byrds","floor":31,"turns":10}],"seed_played":"3867873038979697317","potions_obtained":[{"floor":7,"key":"GhostInAJar"},{"floor":20,"key":"blueLaboratory:BlinkPotion"},{"floor":27,"key":"blueLaboratory:BottleOfVodka"}],"is_trial":false,"path_per_floor":["M","?","?","$","M","R","M","R","T","R","M","?","M","?","R","B",null,"M","?","M","?","$","R","M","?","T","M","$","R","?","M"],"character_chosen":"THE_SILENT","items_purchased":["Sadistic Nature","blueLaboratory:LouseDecoction"],"campfire_rested":1,"item_purchase_floors":[22,28],"current_hp_per_floor":[69,69,74,74,74,74,74,74,74,74,73,73,66,59,59,6,58,45,45,21,21,21,21,2,2,2,1,1,12,12,0,0],"gold":8,"neow_bonus":"ONE_RARE_RELIC","is_daily":false,"chose_seed":false,"campfire_upgraded":4,"win_rate":0.0,"timestamp":1613936256,"path_taken":["M","?","?","$","M","R","M","R","T","R","M","?","?","?","R","BOSS","M","?","?","?","$","R","M","?","T","M","$","R","?","M"],"items_purchased_type":["Card","Potion"],"build_version":"2020-12-22","purchased_purges":0,"victory":false,"max_hp_per_floor":[70,70,75,75,75,75,75,75,75,75,75,75,75,75,75,75,75,75,75,75,75,75,75,75,37,37,37,37,37,37,37,37],"card_choices":[{"not_picked":["Underhanded Strike","Footwork","Acrobatics"],"picked":"SKIP","floor":1},{"not_picked":["Bane","Dagger Throw","Poisoned Stab"],"picked":"SKIP","floor":5},{"not_picked":["Acrobatics","Finisher","Dagger Spray"],"picked":"SKIP","floor":7},{"not_picked":["PiercingWail","Dagger Spray"],"picked":"Deflect","floor":11},{"not_picked":["Acrobatics","Concentrate","Bane"],"picked":"SKIP","floor":13},{"not_picked":["Bullet Time","Doppelganger"],"picked":"Phantasmal Killer","floor":16},{"not_picked":["Choke","Slice","Setup"],"picked":"SKIP","floor":18},{"not_picked":["Dodge and Roll","Deadly Poison","Expertise"],"picked":"SKIP","floor":20},{"not_picked":["Flying Knee","Bane","PiercingWail"],"picked":"SKIP","floor":24},{"not_picked":["Deadly Poison+1","Riddle With Holes","Prepared+1"],"picked":"SKIP","floor":27}],"player_experience":768616,"relics_obtained":[{"floor":26,"key":"Toxic Egg 2"}],"event_choices":[{"cards_removed":["Defend_G"],"damage_healed":0,"gold_gain":0,"player_choice":"Forget","damage_taken":0,"max_hp_gain":0,"max_hp_loss":0,"event_name":"Living Wall","floor":2,"gold_loss":0},{"damage_healed":0,"gold_gain":0,"player_choice":"Donut","damage_taken":0,"max_hp_gain":5,"max_hp_loss":0,"event_name":"Big Fish","floor":3,"gold_loss":0},{"damage_healed":0,"gold_gain":0,"player_choice":"Cursed","damage_taken":0,"max_hp_gain":0,"max_hp_loss":0,"event_name":"Wheel of Change","floor":12,"gold_loss":0,"cards_obtained":["Decay"]},{"cards_removed":["Decay"],"damage_healed":0,"gold_gain":0,"player_choice":"Card Removal","damage_taken":7,"max_hp_gain":0,"max_hp_loss":0,"event_name":"Golden Wing","floor":14,"gold_loss":0},{"cards_removed":["Survivor"],"damage_healed":0,"gold_gain":0,"player_choice":"Take \u0026 Give","damage_taken":0,"max_hp_gain":0,"max_hp_loss":0,"event_name":"betterNote:BetterNote","floor":19,"gold_loss":0,"cards_obtained":["Sadistic Nature"]},{"damage_healed":0,"gold_gain":2,"player_choice":"4","damage_taken":0,"max_hp_gain":0,"max_hp_loss":0,"event_name":"betterStone:BetterStone","floor":21,"gold_loss":0,"cards_obtained":["Survivor"]},{"damage_healed":0,"gold_gain":0,"player_choice":"Became a Ghost","damage_taken":0,"max_hp_gain":0,"max_hp_loss":38,"event_name":"Ghosts","floor":25,"gold_loss":0,"cards_obtained":["Ghostly","Ghostly","Ghostly","Ghostly","Ghostly"]},{"damage_healed":0,"gold_gain":0,"cards_transformed":["Defend_G","Strike_G"],"player_choice":"Became Test Subject","damage_taken":0,"max_hp_gain":0,"max_hp_loss":0,"event_name":"Drug Dealer","floor":30,"gold_loss":0,"cards_obtained":["Escape Plan","Tools of the Trade"]}],"is_beta":false,"boss_relics":[{"not_picked":["SlaversCollar","Runic Dome"],"picked":"Ring of the Serpent"}],"items_purged_floors":[],"is_endless":false,"potions_floor_spawned":[7,20,27],"killed_by":"Chosen and Byrds","ascension_level":5}}