{"host":"ghnln56zhm0b0ozo","time":1613946532,"event":{"mods":["2.2 Compatiblity","BaseMod","Block Reminder","Downfall","Minty Spire (QoL Compilation)","Quick Restart","Rare Cards Sparkle","Relic Stats","StSLib"],"gold_per_floor":[99,113,125,110,127,227,251,268,268,368,383,533,133,149,165,270,270,270,285,298,315,315,315,340,340,81,115,115,133,133,147,161,265,265,265,280,330,330,342,342,342,342,375,428,264,264,274,292,310,310],"floor_reached":51,"language":"ENG","playtime":2852,"items_purged":["downfall:Icky","downfall:Malfunctioning"],"score":766,"play_id":"08a7e4cb-d316-4f2d-b3da-ebbca626020e","local_time":"20210222002852","is_ascension_mode":false,"campfire_choices":[{"data":"bronze:Replicate","floor":1,"key":"SMITH"},{"floor":9,"key":"REST"},{"data":"bronze:HardenedForm","floor":18,"key":"SMITH"},{"floor":23,"key":"REST"},{"data":"bronze:AlphaBuild","floor":25,"key":"SMITH"},{"floor":30,"key":"REST"},{"data":"bronze:ShipIt","floor":35,"key":"SMITH"},{"data":"bronze:Boost","floor":42,"key":"SMITH"},{"floor":46,"key":"REST"}],"circlet_count":0,"master_deck":["bronze:Strike","bronze:Strike","bronze:Defend","bronze:Defend","bronze:Defend","bronze:Defend","bronze:Replicate+1","bronze:Goto","bronze:WhirlingStrike","bronze:ClassDefault","bronze:Iterate","bronze:DelayedSlice+1","bronze:Deprecate","bronze:Branch","bronze:HardenedForm+1","bronze:Format+1","bronze:WhirlingStrike","bronze:ChildClass","bronze:GetLatest+1","bronze:AlphaBuild+1","bronze:WhirlingStrike+1","bronze:Flail","bronze:GetLatest+1","bronze:Overload+1","bronze:Boost+1","bronze:FollowUp","bronze:ShipIt+1","bronze:Repulsor+1","expansioncontent:AwakenDeath","expansioncontent:LastStand","expansioncontent:PolyBeam","bronze:FineTuning+1","bronze:SpaghettiCode","bronze:Iterate+1","bronze:ForceShield","bronze:SpaghettiCode","bronze:BuggyMess+1"],"relics":["bronze:PlatinumCore","PreservedInsect","downfall:RedIOU","Pen Nib","Shuriken","Gambling Chip","Philosopher\u0027s Stone","Pocketwatch","Bottled Lightning","Thread and Needle","bronze:ProtectiveGoggles","Pear","Orrery"],"acts_visited":["Exordium","TheCity","TheBeyond"],"potions_floor_usage":[10,16,33,33,50,50],"damage_taken":[{"damage":8,"enemies":"2 Louse","floor":2,"turns":3},{"damage":2,"enemies":"Small Slimes","floor":3,"turns":4},{"damage":5,"enemies":"downfall:FleeingMerchant","floor":4,"turns":4},{"damage":6,"enemies":"Jaw Worm","floor":5,"turns":2},{"damage":13,"enemies":"Lots of Slimes","floor":8,"turns":2},{"damage":29,"enemies":"downfall:Heads","floor":10,"turns":5},{"damage":0,"enemies":"Exordium Wildlife","floor":11,"turns":2},{"damage":6,"enemies":"downfall:FleeingMerchant","floor":13,"turns":4},{"damage":0,"enemies":"3 Louse","floor":14,"turns":1},{"damage":5,"enemies":"Lots of Slimes","floor":15,"turns":2},{"damage":2,"enemies":"IC_STATUS_ARCHETYPE","floor":16,"turns":7},{"damage":17,"enemies":"3 Byrds","floor":19,"turns":4},{"damage":0,"enemies":"downfall:LooterAlt2","floor":20,"turns":6},{"damage":23,"enemies":"Snake Plant","floor":21,"turns":7},{"damage":5,"enemies":"downfall:FleeingMerchant","floor":26,"turns":4},{"damage":13,"enemies":"Slavers","floor":27,"turns":3},{"damage":6,"enemies":"Cultist and Chosen","floor":29,"turns":3},{"damage":0,"enemies":"3 Cultists","floor":31,"turns":2},{"damage":21,"enemies":"Snake Plant","floor":32,"turns":3},{"damage":20,"enemies":"SI_MIRROR_ARCHETYPE","floor":33,"turns":8},{"damage":5,"enemies":"3 Shapes","floor":36,"turns":4},{"damage":0,"enemies":"3 Shapes","floor":37,"turns":3},{"damage":6,"enemies":"Orb Walker","floor":39,"turns":4},{"damage":0,"enemies":"Giant Head","floor":43,"turns":7},{"damage":21,"enemies":"downfall:FleeingMerchant","floor":45,"turns":3},{"damage":7,"enemies":"Sphere and 2 Shapes","floor":47,"turns":3},{"damage":0,"enemies":"Jaw Worm Horde","floor":48,"turns":4},{"damage":0,"enemies":"3 Darklings","floor":49,"turns":2},{"damage":57,"enemies":"DF_ARCHETYPE_ORBS","floor":50,"turns":4}],"seed_played":"-7375963036564862187","potions_obtained":[{"floor":8,"key":"Fire Potion"},{"floor":10,"key":"bronze:CleanCodePotion"},{"floor":16,"key":"FearPotion"},{"floor":19,"key":"PowerPotion"},{"floor":32,"key":"CultistPotion"},{"floor":47,"key":"bronze:BurnAndBuffPotion"},{"floor":48,"key":"Ancient Potion"}],"is_trial":false,"path_per_floor":["R","M","M","$","M","?","T","M","R","?","M","?","$","M","M","B",null,"R","M","M","M","?","R","T","R","$","E","?","M","R","M","M","B",null,"R","M","?","?","M","?","T","R","E","T","$","R","M","M","M","B",null],"character_chosen":"THE_AUTOMATON","items_purchased":["Ancient Tea Set","CultistPotion","bronze:WhirlingStrike","Shuriken","Pear","Orrery"],"campfire_rested":4,"item_purchase_floors":[13,13,13,26,45,45],"current_hp_per_floor":[77,69,67,62,56,56,56,43,66,44,44,44,38,38,33,31,77,77,60,60,37,37,60,60,60,55,42,42,36,59,59,38,18,77,77,72,72,62,56,56,56,56,56,56,45,71,64,64,64,7],"gold":310,"neow_bonus":"TEN_PERCENT_HP_BONUS","is_daily":false,"chose_seed":false,"campfire_upgraded":5,"win_rate":0.0,"timestamp":1613946532,"path_taken":["R","M","M","$","M","?","T","M","R","?","M","?","?","?","M","BOSS","R","M","M","M","?","R","T","R","$","E","?","?","R","M","M","BOSS","R","M","?","?","M","?","T","R","E","?","$","R","M","M","M","BOSS"],"items_purchased_type":["Relic","Potion","Card","Relic","Relic","Relic"],"build_version":"2020-12-22","purchased_purges":2,"victory":true,"max_hp_per_floor":[77,77,77,77,77,77,77,77,77,77,77,77,77,77,77,77,77,77,77,77,77,77,77,77,77,77,77,77,77,77,77,77,77,77,77,77,77,77,77,77,77,77,77,77,87,87,87,87,87,87],"relic_stats":{"counters":[29,110],"Shuriken":[29],"Gambling Chip":[29],"PreservedInsect":254,"Pen Nib":[16],"obtain_stats":[{"bronze:PlatinumCore":17,"bronze:BronzeCore":0,"Pear":45,"Thread and Needle":43,"PreservedInsect":7,"Pen Nib":24,"Ancient Tea Set":13,"bronze:ProtectiveGoggles":44,"Shuriken":26,"Gambling Chip":27,"Orrery":45,"Philosopher\u0027s Stone":34,"downfall:RedIOU":22,"Bottled Lightning":41,"Pocketwatch":37},{"bronze:PlatinumCore":11,"bronze:BronzeCore":0,"Pear":25,"Thread and Needle":24,"PreservedInsect":4,"Pen Nib":14,"Ancient Tea Set":8,"bronze:ProtectiveGoggles":24,"Shuriken":15,"Gambling Chip":16,"Orrery":25,"Philosopher\u0027s Stone":20,"downfall:RedIOU":14,"Bottled Lightning":23,"Pocketwatch":22},{"bronze:PlatinumCore":36,"bronze:BronzeCore":0,"Pear":97,"Thread and Needle":94,"PreservedInsect":13,"Pen Nib":53,"Ancient Tea Set":26,"bronze:ProtectiveGoggles":94,"Shuriken":57,"Gambling Chip":60,"Orrery":97,"Philosopher\u0027s Stone":76,"downfall:RedIOU":53,"Bottled Lightning":87,"Pocketwatch":83}],"Pocketwatch":[9]},"card_choices":[{"not_picked":["bronze:Invalidate","bronze:BitShift"],"picked":"bronze:WhirlingStrike","floor":2},{"not_picked":["bronze:Shield","bronze:Repulsor"],"picked":"bronze:ClassDefault","floor":3},{"not_picked":["bronze:ForceShield","bronze:BuggyMess"],"picked":"bronze:Iterate","floor":4},{"not_picked":["bronze:Mutator","bronze:Invalidate"],"picked":"bronze:DelayedSlice","floor":5},{"not_picked":["bronze:DelayedSlice","bronze:WildBeam"],"picked":"bronze:Repair","floor":8},{"not_picked":["bronze:Fortify","bronze:Deprecate"],"picked":"bronze:Branch","floor":10},{"not_picked":["bronze:OilSpill","bronze:Invalidate"],"picked":"bronze:HardenedForm","floor":11},{"not_picked":["bronze:BronzeOrb","bronze:Iterate"],"picked":"bronze:Format","floor":13},{"not_picked":["bronze:ClassDefault","bronze:BitShift"],"picked":"bronze:ChildClass","floor":14},{"not_picked":["bronze:Branch","bronze:DelayedSlice"],"picked":"bronze:GetLatest","floor":15},{"not_picked":["bronze:Format","bronze:Mutator"],"picked":"bronze:AlphaBuild","floor":16},{"not_picked":["bronze:BugBarrage","bronze:Shield+1","bronze:OilSpill+1"],"picked":"SKIP","floor":19},{"not_picked":["bronze:BugBarrage","bronze:Invalidate+1","bronze:GetLatest"],"picked":"SKIP","floor":20},{"not_picked":["bronze:Shell","bronze:Shield"],"picked":"bronze:WhirlingStrike+1","floor":21},{"not_picked":["bronze:DelayedGuard","bronze:RecursiveStrike"],"picked":"bronze:Flail","floor":26},{"not_picked":["bronze:FollowUp","bronze:Branch"],"picked":"bronze:GetLatest+1","floor":27},{"not_picked":["bronze:Frontload","bronze:WildBeam"],"picked":"bronze:Overload+1","floor":29},{"not_picked":["bronze:Frontload","bronze:Fortify"],"picked":"bronze:Boost","floor":31},{"not_picked":["bronze:Deprecate+1","bronze:Shell"],"picked":"bronze:FollowUp","floor":32},{"not_picked":["bronze:FindAndReplace","bronze:Format"],"picked":"bronze:ShipIt","floor":33},{"not_picked":["bronze:Boost+1","bronze:Invalidate"],"picked":"bronze:Repulsor+1","floor":36},{"not_picked":["expansioncontent:InvincibleStrength","expansioncontent:PolyBeam"],"picked":"expansioncontent:AwakenDeath","floor":38},{"not_picked":["expansioncontent:PolyBeam","expansioncontent:PrepareCrush"],"picked":"expansioncontent:LastStand","floor":38},{"not_picked":["expansioncontent:GuardianWhirl","expansioncontent:Hexaburn"],"picked":"expansioncontent:PolyBeam","floor":38},{"not_picked":["bronze:Branch+1","bronze:ItsAFeature+1"],"picked":"bronze:FineTuning+1","floor":39},{"not_picked":["bronze:CutThrough+1","bronze:Frontload+1"],"picked":"bronze:SpaghettiCode","floor":43},{"not_picked":["bronze:GetLatest","bronze:BugBarrage+1"],"picked":"bronze:Iterate+1","floor":45},{"not_picked":["bronze:FollowUp","bronze:ChosenStrike"],"picked":"bronze:ForceShield","floor":45},{"not_picked":["bronze:Allocate","bronze:Turbo"],"picked":"bronze:SpaghettiCode","floor":45},{"not_picked":["bronze:BitShift","bronze:Deprecate+1"],"picked":"bronze:BuggyMess+1","floor":45},{"not_picked":["bronze:MaxOutput","bronze:BuggyMess","bronze:Frontload+1"],"picked":"SKIP","floor":47},{"not_picked":["bronze:Shield","bronze:Invalidate+1","bronze:CutThrough+1"],"picked":"SKIP","floor":48},{"not_picked":["bronze:Return","bronze:Turbo+1","bronze:Iterate+1"],"picked":"SKIP","floor":49}],"player_experience":181444,"relics_obtained":[{"floor":7,"key":"PreservedInsect"},{"floor":24,"key":"Pen Nib"},{"floor":27,"key":"Gambling Chip"},{"floor":37,"key":"Pocketwatch"},{"floor":41,"key":"Bottled Lightning"},{"floor":43,"key":"Thread and Needle"},{"floor":44,"key":"bronze:ProtectiveGoggles"}],"event_choices":[{"cards_removed":["bronze:Strike"],"damage_healed":0,"gold_gain":0,"player_choice":"Removed Attack","damage_taken":0,"max_hp_gain":0,"max_hp_loss":0,"event_name":"Falling","floor":40,"gold_loss":0}],"is_beta":false,"boss_relics":[{"not_picked":["Runic Pyramid","Astrolabe"],"picked":"bronze:PlatinumCore"},{"not_picked":["Velvet Choker","Empty Cage"],"picked":"Philosopher\u0027s Stone"}],"items_purged_floors":[13,45],"is_endless":false,"potions_floor_spawned":[8,10,16,19,29,31,32,47,48],"ascension_level":0}}