{"host":"vxgtqwpb0ulpisda","time":1613950272,"event":{"mods":["BaseMod","Bestiary","Minty Spire (QoL Compilation)","Relic Stats","ojb\u0027s Info Mod"],"gold_per_floor":[116,291,308,328,342,374,374,374,374],"floor_reached":8,"language":"ENG","playtime":628,"items_purged":[],"score":73,"play_id":"8ab18157-c1b4-40c1-8454-c7bd370f40d5","local_time":"20210221183112","is_ascension_mode":true,"campfire_choices":[{"floor":7,"key":"REST"}],"circlet_count":0,"master_deck":["Strike_P","Strike_P","Strike_P","Strike_P","Defend_P","Defend_P","Defend_P","Defend_P","Eruption","Vigilance","ThirdEye","Doubt","CutThroughFate","Halt","Halt","DeusExMachina"],"relics":["PureWater","GoldenEye"],"acts_visited":["Exordium"],"potions_floor_usage":[4,8,8],"damage_taken":[{"damage":0,"enemies":"Cultist","floor":1,"turns":2},{"damage":1,"enemies":"Small Slimes","floor":3,"turns":5},{"damage":7,"enemies":"Jaw Worm","floor":4,"turns":3},{"damage":0,"enemies":"3 Louse","floor":5,"turns":4},{"damage":50,"enemies":"Lagavulin","floor":6,"turns":11},{"damage":56,"enemies":"Gremlin Nob","floor":8,"turns":5}],"seed_played":"-5196206001808399834","potions_obtained":[{"floor":3,"key":"StancePotion"},{"floor":5,"key":"DuplicationPotion"},{"floor":6,"key":"StancePotion"}],"is_trial":false,"path_per_floor":["M","?","M","M","M","E","R","E"],"character_chosen":"WATCHER","items_purchased":[],"campfire_rested":1,"item_purchase_floors":[],"current_hp_per_floor":[79,79,78,71,71,21,44,0,0],"gold":374,"neow_bonus":"TEN_PERCENT_HP_BONUS","is_daily":false,"chose_seed":false,"campfire_upgraded":0,"win_rate":0.0,"timestamp":1613950272,"path_taken":["M","?","M","M","M","E","R","E"],"items_purchased_type":[],"build_version":"2020-12-22","purchased_purges":0,"victory":false,"max_hp_per_floor":[79,79,79,79,79,79,79,79,79],"relic_stats":{"counters":[6,30],"GoldenEye":[9],"obtain_stats":[{"PureWater":0,"GoldenEye":6},{"PureWater":0,"GoldenEye":5},{"PureWater":0,"GoldenEye":25}]},"card_choices":[{"not_picked":["CrushJoints","FlyingSleeves"],"picked":"ThirdEye","floor":1},{"not_picked":["Crescendo","CrushJoints"],"picked":"CutThroughFate","floor":3},{"not_picked":["Protect","WindmillStrike"],"picked":"Halt","floor":4},{"not_picked":["Worship","Perseverance"],"picked":"Halt","floor":5},{"not_picked":["EmptyFist","Prostrate"],"picked":"DeusExMachina","floor":6}],"player_experience":430802,"relics_obtained":[{"floor":6,"key":"GoldenEye"}],"event_choices":[{"damage_healed":0,"gold_gain":175,"player_choice":"AGREE","damage_taken":0,"max_hp_gain":0,"max_hp_loss":0,"event_name":"Liars Game","floor":2,"gold_loss":0,"cards_obtained":["Doubt"]}],"is_beta":false,"boss_relics":[],"items_purged_floors":[],"is_endless":false,"potions_floor_spawned":[3,5,6],"killed_by":"Gremlin Nob","ascension_level":5}}