{"host":"lnfs5t5iydkm2lft","time":1613949560,"event":{"mods":["AchievementEnabler","Aspiration","BaseMod","Better Third Choice","BetterRewards","Colored Powertips","Downfall","Hermit","Hubris","Infinite Spire","Marisa????????","Minty Spire (QoL Compilation)","Quick Restart","Reliquary","Replay The Spire","StSLib","The Runesmith","TheBandit","everything is the same but u backflip on backflip"],"gold_per_floor":[117,17,32,32,32,32,4,4,56,56,76,76,95,121,121,223,223,242,242,254,273,289,289,289,289,289,306,306,306,306],"floor_reached":29,"language":"ENG","playtime":1798,"items_purged":["Strike_G"],"score":407,"play_id":"3fb1e1a1-e12a-42d3-8d14-92f7e3323b9f","local_time":"20210221171920","is_ascension_mode":true,"campfire_choices":[{"data":"Neutralize","floor":6,"key":"SMITH"},{"floor":10,"key":"REST"},{"floor":12,"key":"RECALL"},{"floor":15,"key":"REST"},{"data":"Footwork","floor":23,"key":"SMITH"},{"data":"hubris:InfiniteBlow+2","floor":25,"key":"SMITH"},{"floor":28,"key":"REST"}],"circlet_count":0,"master_deck":["Strike_G+1","Strike_G+1","Strike_G+1","Strike_G+1","Defend_G+1","Defend_G+1","Defend_G+1","Defend_G+1","Defend_G+1","Survivor","Neutralize+1","Deadly Poison","PiercingWail","PiercingWail","Sneak Up+1","Blade Dance+1","Cloak And Dagger+1","Replay:Bag of Tricks+1","Deadly Poison+1","PiercingWail+1","Footwork+1","hubris:InfiniteBlow+3","ReplayTheSpireMod:Shiv Toss+1"],"relics":["Ring of the Snake","Snake Skull","Quantum Egg","Toxic Egg 2","betterThird:SlimedRelic","Odd Mushroom","reliquary:RustamsPendant","hubris:BundleOfHerbs","Matryoshka"],"acts_visited":["Exordium","TheCity"],"potions_floor_usage":[13,29,29],"damage_taken":[{"damage":5,"enemies":"Cultist","floor":1,"turns":5},{"damage":5,"enemies":"Small Slimes","floor":3,"turns":4},{"damage":3,"enemies":"Jaw Worm","floor":11,"turns":5},{"damage":1,"enemies":"Large Slime","floor":13,"turns":6},{"damage":10,"enemies":"The Mushroom Lair","floor":14,"turns":5},{"damage":9,"enemies":"Hexaghost","floor":16,"turns":11},{"damage":7,"enemies":"Spheric Guardian","floor":18,"turns":4},{"damage":0,"enemies":"Shell Parasite","floor":20,"turns":4},{"damage":14,"enemies":"Sentry and Sphere","floor":21,"turns":4},{"damage":2,"enemies":"Snake Plant","floor":22,"turns":4},{"damage":0,"enemies":"Shelled Parasite and Fungi","floor":27,"turns":4},{"damage":100,"enemies":"Nightmare","floor":29,"turns":10}],"seed_played":"-3623104433446815632","potions_obtained":[{"floor":1,"key":"CunningPotion"},{"floor":18,"key":"FearPotion"},{"floor":21,"key":"ColorlessPotion"},{"floor":27,"key":"SmokeBomb"}],"is_trial":false,"path_per_floor":["M","$","M","?","?","R","?","$","T","R","M","R","M","?","R","B",null,"M","?","M","M","M","R","AVR","R","T","M","R","NM"],"character_chosen":"THE_SILENT","items_purchased":["Snake Skull","Quantum Egg","Deadly Poison","PiercingWail"],"campfire_rested":3,"item_purchase_floors":[0,0,2,2],"current_hp_per_floor":[58,58,53,53,53,53,42,42,42,63,60,60,59,49,70,61,68,61,61,61,47,45,45,45,45,45,45,66,1,1],"gold":306,"neow_bonus":"","is_daily":false,"chose_seed":false,"campfire_upgraded":3,"win_rate":0.0,"timestamp":1613949560,"path_taken":["M","?","M","?","?","R","?","?","T","R","M","R","?","?","R","BOSS","M","?","M","M","M","R","AVR","R","T","M","R","NM"],"items_purchased_type":["Relic","Relic","Card","Card"],"build_version":"2020-12-22","purchased_purges":1,"victory":false,"max_hp_per_floor":[70,70,70,70,70,70,70,70,70,70,70,70,70,70,70,70,70,70,70,70,70,70,70,70,70,70,70,70,70,70],"card_choices":[{"not_picked":["Dagger Throw","hubris:SlightOfHand","Underhanded Strike"],"picked":"SKIP","floor":1},{"not_picked":["Expertise","Bane"],"picked":"PiercingWail","floor":3},{"not_picked":["Prepared+1","Quick Slash"],"picked":"Sneak Up+1","floor":11},{"not_picked":["Quick Slash","Dodge and Roll+1"],"picked":"Blade Dance+1","floor":13},{"not_picked":["Tactician+1","Concentrate+1"],"picked":"Cloak And Dagger+1","floor":14},{"not_picked":["Grand Finale","ReplayTheSpireMod:From All Sides"],"picked":"Replay:Bag of Tricks+1","floor":16},{"not_picked":["Quick Slash","Bane"],"picked":"Deadly Poison+1","floor":18},{"not_picked":["Infinite Blades+1","hubris:TrickCloak+1"],"picked":"PiercingWail+1","floor":20},{"not_picked":["Flying Knee","Bane+1","Dagger Spray"],"picked":"SKIP","floor":21},{"not_picked":["hubris:TrickCloak+1","Dagger Spray"],"picked":"Footwork","floor":22},{"not_picked":["Outmaneuver+1","Sneak Up+1"],"picked":"ReplayTheSpireMod:Shiv Toss+1","floor":27}],"player_experience":420213,"relics_obtained":[{"floor":14,"key":"Odd Mushroom"},{"floor":26,"key":"Matryoshka"}],"event_choices":[{"cards_removed":["Injury"],"damage_healed":0,"gold_gain":0,"player_choice":"Forget","damage_taken":0,"max_hp_gain":0,"max_hp_loss":0,"event_name":"Living Wall","floor":5,"gold_loss":0},{"damage_healed":0,"gold_gain":0,"player_choice":"Slimed","damage_taken":11,"max_hp_gain":0,"max_hp_loss":0,"event_name":"betterThird:BetterGoop","floor":7,"gold_loss":28},{"damage_healed":0,"gold_gain":0,"player_choice":"Fought Mushrooms","damage_taken":0,"max_hp_gain":0,"max_hp_loss":0,"event_name":"Mushrooms","floor":14,"gold_loss":0},{"damage_healed":0,"gold_gain":0,"player_choice":"Simplicity","damage_taken":0,"max_hp_gain":0,"max_hp_loss":9,"event_name":"betterThird:BetterWriting","floor":19,"gold_loss":0}],"is_beta":false,"boss_relics":[{"not_picked":["Snecko Eye","Runesmith:UraniumAnvil"],"picked":"reliquary:RustamsPendant"}],"items_purged_floors":[0],"is_endless":false,"potions_floor_spawned":[1,18,21,27],"killed_by":"Nightmare","ascension_level":6}}