{"host":"vgmhxp0kxvybuvcq","time":1613948086,"event":{"mods":["BaseMod","Minty Spire (QoL Compilation)","Replay The Spire","StSLib"],"gold_per_floor":[110,110,122,142,153,153,183,183,183,183,197,217,217,217],"floor_reached":13,"language":"ENG","playtime":463,"items_purged":[],"score":126,"play_id":"bb11a496-1f58-47a7-8ee5-9c617b0da986","local_time":"20210221145446","is_ascension_mode":true,"campfire_choices":[{"floor":6.0,"key":"REST"},{"data":"Creative AI","floor":8.0,"key":"SMITH"},{"floor":10.0,"key":"REST"}],"circlet_count":0,"master_deck":["Strike_B","Strike_B","Strike_B","Defend_B","Defend_B","Defend_B","Defend_B","Zap","Dualcast","Creative AI+1","Gash","Static Discharge","Genetic Algorithm","Hologram","Loop","BasicCrystalCard"],"relics":["Cracked Core","Juzu Bracelet","Bottled Tornado"],"acts_visited":["Exordium"],"potions_floor_usage":[13],"damage_taken":[{"damage":14.0,"enemies":"Small Slimes","floor":1.0,"turns":5.0},{"damage":1.0,"enemies":"Cultist","floor":3.0,"turns":3.0},{"damage":11.0,"enemies":"2 Louse","floor":4.0,"turns":3.0},{"damage":12.0,"enemies":"Looter","floor":5.0,"turns":4.0},{"damage":29.0,"enemies":"Gremlin Nob","floor":7.0,"turns":4.0},{"damage":44.0,"enemies":"Gremlin Gang","floor":11.0,"turns":5.0},{"damage":2.0,"enemies":"3 Louse","floor":12.0,"turns":5.0},{"damage":27,"enemies":"3 Sentries","floor":13,"turns":2}],"seed_played":"-9098450999056280857","potions_obtained":[{"floor":3.0,"key":"Elixir"},{"floor":5.0,"key":"FairyPotion"},{"floor":7.0,"key":"EssenceOfDarkness"},{"floor":12,"key":"SteroidPotion"}],"is_trial":false,"path_per_floor":["M","?","M","M","M","R","E","R","T","R","M","M","E"],"character_chosen":"DEFECT","items_purchased":[],"campfire_rested":2,"item_purchase_floors":[],"current_hp_per_floor":[54,54,53,42,30,52,23,23,23,45,1,22,0,0],"gold":217,"neow_bonus":"ONE_RANDOM_RARE_CARD","is_daily":false,"chose_seed":false,"campfire_upgraded":1,"win_rate":0.0,"timestamp":1613948086,"path_taken":["M","?","M","M","M","R","E","R","T","R","M","M","E"],"items_purchased_type":[],"build_version":"2020-12-22","purchased_purges":0,"victory":false,"max_hp_per_floor":[75,75,75,75,75,75,75,75,75,75,75,75,75,75],"card_choices":[{"not_picked":["Hologram","Beam Cell"],"picked":"Gash","floor":1.0},{"not_picked":["Barrage","Sweeping Beam"],"picked":"Static Discharge","floor":3.0},{"not_picked":["Tempest","Steam Power"],"picked":"Genetic Algorithm","floor":4.0},{"not_picked":["Leap","Storm"],"picked":"Hologram","floor":5.0},{"not_picked":["Recycle","Glacier"],"picked":"Loop","floor":7.0},{"not_picked":["Consume","Machine Learning","Heatsinks"],"picked":"SKIP","floor":11.0},{"not_picked":["Panic Button","Reprogram"],"picked":"BasicCrystalCard","floor":12}],"player_experience":330931,"relics_obtained":[{"floor":7.0,"key":"Juzu Bracelet"},{"floor":9.0,"key":"Bottled Tornado"}],"event_choices":[{"cards_removed":["Strike_B"],"damage_healed":0.0,"max_hp_gain":0.0,"max_hp_loss":0.0,"gold_gain":0.0,"event_name":"Bonfire Elementals","player_choice":"Offered Basic","floor":2.0,"gold_loss":0.0,"damage_taken":0.0}],"is_beta":false,"boss_relics":[],"items_purged_floors":[],"is_endless":false,"potions_floor_spawned":[3,5,7,12],"killed_by":"3 Sentries","ascension_level":9}}