{"host":"en4narc5947t7k9n","time":1613922932,"event":{"mods":["AchievementEnabler","BaseMod","Colored Map","Minty Spire (QoL Compilation)","SuperFastMode"],"gold_per_floor":[109,84,94,94,19,19,47,47,47,65,65,81,81,92,92,195,195,214,214,230,230,81,81,81,81,81,91,91,111,125,0,0,96,96,113,24,44,44,63,63,80,80,106,106,121,121,31,0,0,0,0],"floor_reached":50,"language":"KOR","playtime":1878,"items_purged":["Strike_G","Strike_G"],"score":460,"play_id":"7221d94f-9bb1-4da8-ab40-e329dcab4d45","local_time":"20210222005532","is_ascension_mode":false,"campfire_choices":[{"floor":6,"key":"RECALL"},{"data":"Die Die Die","floor":8,"key":"SMITH"},{"data":"All Out Attack","floor":11,"key":"SMITH"},{"data":"Riddle With Holes","floor":15,"key":"SMITH"},{"data":"A Thousand Cuts","floor":24,"key":"SMITH"},{"data":"Catalyst","floor":28,"key":"SMITH"},{"data":"Wraith Form v2","floor":32,"key":"SMITH"},{"data":"Discovery","floor":40,"key":"SMITH"},{"data":"Leg Sweep","floor":42,"key":"SMITH"},{"data":"Bane","floor":44,"key":"SMITH"},{"data":"Panacea","floor":49,"key":"SMITH"}],"circlet_count":0,"master_deck":["Strike_G","Strike_G","Strike_G","Defend_G","Defend_G","Defend_G","Defend_G","Defend_G","Survivor","Neutralize","Corpse Explosion+1","Backflip","Deadly Poison","Reflex","Die Die Die+1","All Out Attack+1","Calculated Gamble","A Thousand Cuts+1","Catalyst+1","PiercingWail+1","Terror","Wraith Form v2+1","Prepared","Bane+1","Noxious Fumes+1","Discovery+1","Slice+1","Deadly Poison+1","Leg Sweep+1","Endless Agony","Panacea+1"],"relics":["Ring of the Snake","Oddly Smooth Stone","Potion Belt","Coffee Dripper","Happy Flower","Pantograph","SacredBark","Regal Pillow","Red Mask"],"acts_visited":["Exordium","TheCity","TheBeyond"],"potions_floor_usage":[7,16,18,20,23,33,33,35,37,41,50],"damage_taken":[{"damage":3,"enemies":"Jaw Worm","floor":1,"turns":5},{"damage":2,"enemies":"2 Louse","floor":3,"turns":3},{"damage":24,"enemies":"Lagavulin","floor":7,"turns":7},{"damage":0,"enemies":"Cultist","floor":10,"turns":3},{"damage":0,"enemies":"Blue Slaver","floor":12,"turns":3},{"damage":0,"enemies":"3 Louse","floor":14,"turns":1},{"damage":23,"enemies":"The Guardian","floor":16,"turns":8},{"damage":2,"enemies":"2 Thieves","floor":18,"turns":2},{"damage":10,"enemies":"Shell Parasite","floor":20,"turns":4},{"damage":3,"enemies":"Gremlin Leader","floor":23,"turns":3},{"damage":0,"enemies":"3 Cultists","floor":27,"turns":2},{"damage":2,"enemies":"Shelled Parasite and Fungi","floor":29,"turns":4},{"damage":1,"enemies":"Snecko","floor":30,"turns":4},{"damage":38,"enemies":"Automaton","floor":33,"turns":8},{"damage":15,"enemies":"Orb Walker","floor":35,"turns":4},{"damage":19,"enemies":"3 Darklings","floor":37,"turns":2},{"damage":13,"enemies":"4 Shapes","floor":39,"turns":3},{"damage":11,"enemies":"Transient","floor":41,"turns":5},{"damage":9,"enemies":"3 Darklings","floor":45,"turns":3},{"damage":75,"enemies":"Time Eater","floor":50,"turns":8}],"seed_played":"1209539511461290912","potions_obtained":[{"floor":1,"key":"Block Potion"},{"floor":7,"key":"Weak Potion"},{"floor":14,"key":"PowerPotion"},{"floor":16,"key":"DistilledChaos"},{"floor":18,"key":"SmokeBomb"},{"floor":20,"key":"Weak Potion"},{"floor":27,"key":"Swift Potion"},{"floor":30,"key":"Weak Potion"},{"floor":35,"key":"AttackPotion"},{"floor":37,"key":"CunningPotion"},{"floor":41,"key":"LiquidMemories"}],"is_trial":false,"path_per_floor":["M","$","M","?","$","R","E","R","T","M","R","M","?","M","R","B",null,"M","?","M","?","$","E","R","?","T","M","R","M","M","$","R","B",null,"M","$","M","?","M","R","M","R","T","R","M","?","$","?","R","B"],"character_chosen":"THE_SILENT","items_purchased":["Deadly Poison","Happy Flower","Bane","Discovery","Panacea"],"campfire_rested":0,"item_purchase_floors":[2,22,31,36,47],"current_hp_per_floor":[67,67,65,65,65,65,41,41,41,41,41,41,34,34,34,11,70,68,70,60,47,47,44,44,44,44,44,44,42,41,41,41,28,75,60,60,41,41,28,28,17,17,17,17,8,66,66,66,66,0,0],"gold":0,"neow_bonus":"ONE_RANDOM_RARE_CARD","is_daily":false,"chose_seed":false,"campfire_upgraded":10,"win_rate":0.0,"timestamp":1613922932,"path_taken":["M","$","M","?","$","R","E","R","T","M","R","M","?","?","R","BOSS","M","?","?","?","$","E","R","?","T","M","R","M","M","$","R","BOSS","M","$","M","?","M","R","M","R","T","R","M","?","$","?","R","BOSS"],"items_purchased_type":["Card","Relic","Card","Card","Card"],"build_version":"2020-12-22","purchased_purges":2,"victory":false,"max_hp_per_floor":[70,70,70,70,70,70,70,70,70,70,70,70,70,70,70,70,70,70,70,70,75,75,75,75,75,75,75,75,75,75,75,75,75,75,75,75,75,75,75,75,75,75,75,75,75,66,66,66,66,66,66],"card_choices":[{"not_picked":["Dagger Throw","Dodge and Roll"],"picked":"Backflip","floor":1},{"not_picked":["Setup","Outmaneuver"],"picked":"Reflex","floor":3},{"not_picked":["Choke","Quick Slash"],"picked":"Die Die Die","floor":7},{"not_picked":["Deadly Poison","Riddle With Holes"],"picked":"All Out Attack","floor":10},{"not_picked":["Dagger Spray","Tactician"],"picked":"Calculated Gamble","floor":12},{"not_picked":["Deadly Poison","Quick Slash"],"picked":"Riddle With Holes","floor":14},{"not_picked":["Burst","Die Die Die"],"picked":"A Thousand Cuts","floor":16},{"not_picked":["Acrobatics","Dagger Throw"],"picked":"Catalyst","floor":18},{"not_picked":["All Out Attack+1","Cloak And Dagger"],"picked":"PiercingWail+1","floor":20},{"not_picked":["Masterful Stab","Outmaneuver"],"picked":"Terror","floor":27},{"not_picked":["Dodge and Roll+1","Sucker Punch"],"picked":"Wraith Form v2","floor":29},{"not_picked":["Quick Slash","Poisoned Stab"],"picked":"Prepared","floor":30},{"not_picked":["Storm of Steel","Doppelganger"],"picked":"Malaise","floor":33},{"not_picked":["Cloak And Dagger+1","Backstab"],"picked":"Noxious Fumes+1","floor":35},{"not_picked":["Underhanded Strike","Skewer+1"],"picked":"Slice+1","floor":37},{"not_picked":["Flechettes+1","Terror"],"picked":"Deadly Poison+1","floor":39},{"not_picked":["Calculated Gamble+1","Sucker Punch+1"],"picked":"Leg Sweep","floor":41},{"not_picked":["Choke","Cloak And Dagger+1"],"picked":"Endless Agony","floor":45}],"player_experience":135112,"relics_obtained":[{"floor":7,"key":"Oddly Smooth Stone"},{"floor":26,"key":"Pantograph"},{"floor":43,"key":"Regal Pillow"}],"event_choices":[{"damage_healed":0,"gold_gain":0,"player_choice":"Grow","damage_taken":0,"max_hp_gain":0,"max_hp_loss":0,"event_name":"Living Wall","floor":4,"gold_loss":0,"cards_upgraded":["Corpse Explosion"]},{"damage_healed":0,"gold_gain":0,"player_choice":"Success","damage_taken":7,"relics_obtained":["Potion Belt"],"max_hp_gain":0,"max_hp_loss":0,"event_name":"Scrap Ooze","floor":13,"gold_loss":0},{"cards_removed":["Riddle With Holes"],"damage_healed":2,"gold_gain":0,"player_choice":"Offered Uncommon","damage_taken":0,"max_hp_gain":0,"max_hp_loss":0,"event_name":"Bonfire Elementals","floor":19,"gold_loss":0},{"damage_healed":0,"gold_gain":0,"player_choice":"Shed Blood","damage_taken":18,"max_hp_gain":5,"max_hp_loss":0,"event_name":"Forgotten Altar","floor":21,"gold_loss":0},{"damage_healed":0,"gold_gain":0,"player_choice":"Ignored","damage_taken":0,"max_hp_gain":0,"max_hp_loss":0,"event_name":"The Mausoleum","floor":25,"gold_loss":0},{"cards_removed":["Malaise"],"damage_healed":0,"gold_gain":0,"player_choice":"Removed Skill","damage_taken":0,"max_hp_gain":0,"max_hp_loss":0,"event_name":"Falling","floor":38,"gold_loss":0},{"damage_healed":66,"gold_gain":0,"player_choice":"Heal","damage_taken":0,"max_hp_gain":0,"max_hp_loss":9,"event_name":"The Moai Head","floor":46,"gold_loss":0},{"damage_healed":0,"gold_gain":0,"player_choice":"Paid","damage_taken":0,"relics_obtained":["Red Mask"],"max_hp_gain":0,"max_hp_loss":0,"event_name":"Tomb of Lord Red Mask","floor":48,"gold_loss":31}],"is_beta":false,"boss_relics":[{"not_picked":["Tiny House","Snecko Eye"],"picked":"Coffee Dripper"},{"not_picked":["Cursed Key","Runic Dome"],"picked":"SacredBark"}],"items_purged_floors":[5,31],"is_endless":false,"potions_floor_spawned":[1,7,14,16,18,20,27,30,35,37,41],"killed_by":"Time Eater","ascension_level":0}}