{"host":"0fmi5fguj5lvt8pf","time":1613872289,"event":{"mods":["BaseMod","Colored Map","Curses Come First","Downfall","Minty Spire (QoL Compilation)","Permanent Neow","StSLib"],"gold_per_floor":[99,166,202,242,242,242,242,278,121,160,202,377,377,437,480,607,607,607,618,618,682,766,836,836,836,836,836],"floor_reached":25,"language":"ENG","playtime":1487,"items_purged":["bronze:Strike"],"score":197,"play_id":"26f20dc2-3a88-465c-bfeb-b0587854a915","local_time":"20210220175129","is_ascension_mode":false,"campfire_choices":[{"data":"HandOfGreed","floor":1.0,"key":"SMITH"},{"data":"bronze:ClassDefault","floor":13.0,"key":"SMITH"},{"data":"bronze:HardenedForm","floor":18.0,"key":"SMITH"}],"circlet_count":0,"master_deck":["bronze:Strike","bronze:Strike","bronze:Strike","bronze:Defend","bronze:Defend","bronze:Defend","bronze:Defend","bronze:Replicate","bronze:Goto","HandOfGreed+1","bronze:Branch","bronze:Return","bronze:FindAndReplace+1","bronze:Flail","bronze:Branch","bronze:FollowUp","bronze:ClassDefault+1","Doubt","bronze:HardenedForm+1","bronze:DelayedSlice+1","bronze:BuggyMess","bronze:ChildClass","bronze:DelayedGuard+1","bronze:InfiniteBeams+1"],"relics":["bronze:BronzeCore","Pantograph","Black Star","Red Mask"],"acts_visited":["Exordium","TheCity"],"potions_floor_usage":[25,25],"damage_taken":[{"damage":1.0,"enemies":"2 Louse","floor":2.0,"turns":3.0},{"damage":2.0,"enemies":"Small Slimes","floor":3.0,"turns":3.0},{"damage":0.0,"enemies":"Cultist","floor":4.0,"turns":2.0},{"damage":5.0,"enemies":"Red Slaver","floor":8.0,"turns":2.0},{"damage":2.0,"enemies":"downfall:FleeingMerchant","floor":9.0,"turns":4.0},{"damage":8.0,"enemies":"Lots of Slimes","floor":10.0,"turns":2.0},{"damage":6.0,"enemies":"downfall:LooterAlt","floor":11.0,"turns":3.0},{"damage":4.0,"enemies":"2 Fungi Beasts","floor":14.0,"turns":3.0},{"damage":22.0,"enemies":"Exordium Thugs","floor":15.0,"turns":3.0},{"damage":34.0,"enemies":"SI_SHIV_ARCHETYPE","floor":16.0,"turns":22.0},{"damage":5.0,"enemies":"3 Byrds","floor":19.0,"turns":4.0},{"damage":0.0,"enemies":"Chosen","floor":20.0,"turns":1.0},{"damage":12.0,"enemies":"Centurion and Healer","floor":21.0,"turns":7.0},{"damage":20.0,"enemies":"Masked Bandits","floor":22.0,"turns":4.0},{"damage":4.0,"enemies":"Cultist and Chosen","floor":23.0,"turns":6.0},{"damage":24,"enemies":"Slavers","floor":25,"turns":3}],"seed_played":"6756017923117839593","potions_obtained":[{"floor":3.0,"key":"bronze:CleanCodePotion"},{"floor":15.0,"key":"bronze:BuildAFunctionPotion"},{"floor":16.0,"key":"CultistPotion"},{"floor":21.0,"key":"ColorlessPotion"}],"is_trial":false,"path_per_floor":["R","M","M","M","?","?","T","M","$","M","M","?","R","M","M","B",null,"R","M","M","M","?","M","T","E"],"character_chosen":"THE_AUTOMATON","items_purchased":["bronze:FollowUp"],"campfire_rested":0,"item_purchase_floors":[9],"current_hp_per_floor":[63,62,60,60,60,60,60,55,53,45,39,39,39,35,13,4,63,63,58,58,46,26,22,22,0,0,0],"gold":836,"neow_bonus":"RANDOM_COLORLESS_2","is_daily":false,"chose_seed":false,"campfire_upgraded":3,"win_rate":0.0,"timestamp":1613872289,"path_taken":["R","M","M","M","?","?","T","?","?","?","M","?","R","M","M","BOSS","R","M","M","M","?","M","T","E"],"items_purchased_type":["Card"],"build_version":"2020-12-22","purchased_purges":1,"victory":false,"max_hp_per_floor":[63,63,63,63,63,63,63,63,63,63,63,63,63,63,63,63,63,63,63,63,63,63,63,63,63,63,63],"card_choices":[{"not_picked":["The Bomb","Transmutation"],"picked":"HandOfGreed","floor":0.0},{"not_picked":["bronze:BugBarrage","bronze:Frontload"],"picked":"bronze:Branch","floor":2.0},{"not_picked":["bronze:Deprecate","bronze:Shield"],"picked":"bronze:Return","floor":3.0},{"not_picked":["bronze:CutThrough","bronze:DelayedGuard"],"picked":"bronze:FindAndReplace","floor":4.0},{"not_picked":["bronze:InfiniteBeams","bronze:Deprecate"],"picked":"bronze:Flail","floor":8.0},{"not_picked":["bronze:Invalidate","bronze:Terminator"],"picked":"bronze:Branch","floor":9.0},{"not_picked":["bronze:BitShift","bronze:WildBeam"],"picked":"bronze:ClassDefault","floor":10.0},{"not_picked":["bronze:Iterate","bronze:Return","bronze:Invalidate"],"picked":"SKIP","floor":11.0},{"not_picked":["bronze:Iterate","bronze:WildBeam","bronze:FineTuning"],"picked":"SKIP","floor":14.0},{"not_picked":["bronze:Shield","bronze:HyperBeam","bronze:ChosenStrike"],"picked":"SKIP","floor":15.0},{"not_picked":["bronze:AlphaBuild","bronze:Hardcode"],"picked":"bronze:HardenedForm","floor":16.0},{"not_picked":["bronze:CutThrough","bronze:Shield"],"picked":"bronze:DelayedSlice+1","floor":19.0},{"not_picked":["bronze:FollowUp","bronze:Invalidate+1"],"picked":"bronze:BuggyMess","floor":20.0},{"not_picked":["bronze:ItsAFeature","bronze:ForceShield"],"picked":"bronze:ChildClass","floor":21.0},{"not_picked":["bronze:Shell","bronze:OilSpill+1"],"picked":"bronze:DelayedGuard+1","floor":22.0},{"not_picked":["bronze:Separator","bronze:GetLatest"],"picked":"bronze:InfiniteBeams+1","floor":23.0}],"player_experience":1505313,"relics_obtained":[{"floor":7.0,"key":"Pantograph"},{"floor":22.0,"key":"Red Mask"}],"event_choices":[{"damage_healed":0.0,"max_hp_gain":0.0,"max_hp_loss":0.0,"gold_gain":0.0,"event_name":"Masked Bandits","player_choice":"Fought Bandits","floor":22.0,"gold_loss":0.0,"damage_taken":0.0}],"is_beta":false,"boss_relics":[{"not_picked":["Fusion Hammer","SacredBark"],"picked":"Black Star"}],"items_purged_floors":[9],"is_endless":false,"potions_floor_spawned":[3,15,16,21,23],"killed_by":"Slavers","ascension_level":0}}