{"host":"v54ek091sdz7ha6h","time":1613903191,"event":{"mods":["BaseMod","Colored Map","Colored Powertips","Custom Start","DeckTracker","Highlight Path","KOR Keyword Fix","Minty Spire (QoL Compilation)","Random Character Button","Rare Cards Sparkle","Relic Stats","StSLib","SuperFastMode","everything is the same but u backflip on backflip"],"gold_per_floor":[109,121,121,139,314,314,327,327,327,20,48,59,59,88,88,187,187,205,27,27,39,39,39,55,65,65,83,108,117,144,168,168,279,279,298,311,125,142,67,67,82,82,82,92,92,127,39,52,52,52,52,52,32,57,57],"floor_reached":56,"language":"KOR","playtime":1708,"items_purged":["Doubt","Strike_R","Bash","Defend_R","Defend_R"],"score":1484,"play_id":"d260f956-71fd-416f-b8df-51cca7a37872","local_time":"20210221192631","is_ascension_mode":false,"campfire_choices":[{"data":"Dark Embrace","floor":6.0,"key":"SMITH"},{"data":"Uppercut","floor":8.0,"key":"SMITH"},{"data":"Barricade","floor":15.0,"key":"SMITH"},{"floor":23.0,"key":"REST"},{"floor":32.0,"key":"RECALL"},{"data":"Evolve","floor":40.0,"key":"SMITH"},{"data":"Dropkick","floor":42.0,"key":"SMITH"},{"data":"Fiend Fire","floor":45.0,"key":"SMITH"},{"floor":49.0,"key":"REST"},{"floor":52,"key":"REST"}],"circlet_count":0,"master_deck":["Defend_R+1","Dark Embrace+1","Uppercut+1","Carnage+1","Offering+1","Dropkick+1","Barricade+1","Evolve+1","Dual Wield+1","Rage+1","True Grit+1","Shockwave+1","Fiend Fire+1","Offering+1"],"relics":["Burning Blood","Matryoshka","Membership Card","Toxic Egg 2","Mercury Hourglass","Empty Cage","Ornamental Fan","Bottled Tornado","War Paint","Bag of Preparation","CeramicFish","Potion Belt","Runic Pyramid","Singing Bowl","The Courier","Whetstone"],"acts_visited":["Exordium","TheCity","TheBeyond","TheEnding"],"potions_floor_usage":[55,55],"damage_taken":[{"damage":0.0,"enemies":"Small Slimes","floor":1.0,"turns":3.0},{"damage":2.0,"enemies":"2 Louse","floor":2.0,"turns":3.0},{"damage":1.0,"enemies":"Jaw Worm","floor":4.0,"turns":3.0},{"damage":10.0,"enemies":"2 Fungi Beasts","floor":7.0,"turns":4.0},{"damage":24.0,"enemies":"3 Sentries","floor":11.0,"turns":6.0},{"damage":17.0,"enemies":"Lots of Slimes","floor":12.0,"turns":3.0},{"damage":12.0,"enemies":"Gremlin Nob","floor":14.0,"turns":3.0},{"damage":6.0,"enemies":"Slime Boss","floor":16.0,"turns":3.0},{"damage":44.0,"enemies":"Spheric Guardian","floor":18.0,"turns":6.0},{"damage":23.0,"enemies":"Shell Parasite","floor":21.0,"turns":4.0},{"damage":16.0,"enemies":"Sentry and Sphere","floor":24.0,"turns":4.0},{"damage":7.0,"enemies":"Snake Plant","floor":25.0,"turns":5.0},{"damage":8.0,"enemies":"Cultist and Chosen","floor":27.0,"turns":4.0},{"damage":24.0,"enemies":"Slavers","floor":30.0,"turns":2.0},{"damage":6.0,"enemies":"Centurion and Healer","floor":31.0,"turns":5.0},{"damage":6.0,"enemies":"Collector","floor":33.0,"turns":3.0},{"damage":17.0,"enemies":"3 Darklings","floor":35.0,"turns":2.0},{"damage":17.0,"enemies":"3 Shapes","floor":36.0,"turns":3.0},{"damage":6.0,"enemies":"Spire Growth","floor":38.0,"turns":3.0},{"damage":6.0,"enemies":"Transient","floor":41.0,"turns":5.0},{"damage":15.0,"enemies":"Sphere and 2 Shapes","floor":44.0,"turns":2.0},{"damage":12.0,"enemies":"Reptomancer","floor":46.0,"turns":1.0},{"damage":12.0,"enemies":"3 Darklings","floor":48.0,"turns":1.0},{"damage":12,"enemies":"Awakened One","floor":50,"turns":2},{"damage":12,"enemies":"Shield and Spear","floor":54,"turns":1},{"damage":12,"enemies":"The Heart","floor":55,"turns":5}],"seed_played":"5997798777372387536","potions_obtained":[{"floor":1.0,"key":"PowerPotion"},{"floor":2.0,"key":"ElixirPotion"},{"floor":7.0,"key":"GamblersBrew"},{"floor":18.0,"key":"BlessingOfTheForge"},{"floor":21.0,"key":"Energy Potion"},{"floor":25.0,"key":"ElixirPotion"},{"floor":33.0,"key":"BlessingOfTheForge"},{"floor":36.0,"key":"ColorlessPotion"},{"floor":38.0,"key":"Swift Potion"},{"floor":44.0,"key":"Energy Potion"},{"floor":46.0,"key":"FairyPotion"},{"floor":54,"key":"SkillPotion"}],"is_trial":false,"path_per_floor":["M","M","?","M","?","R","M","R","T","$","E","M","?","E","R","B",null,"M","$","?","M","?","R","M","M","T","M","T","?","E","M","R","B",null,"M","M","$","M","$","R","M","R","T","M","R","E","$","M","R","B",null,"R","$","E","B",null],"character_chosen":"IRONCLAD","items_purchased":["Membership Card","Offering","Dropkick","Ornamental Fan","Singing Bowl","FearPotion"],"campfire_rested":3,"item_purchase_floors":[10,10,10,19,37,53],"current_hp_per_floor":[80,80,80,80,80,80,76,76,76,76,58,47,52,46,46,46,85,47,47,47,30,14,41,31,30,30,28,28,28,10,10,10,10,90,79,68,68,70,70,70,72,72,72,65,65,61,61,57,87,81,100,100,100,96,90],"gold":57,"neow_bonus":"TRANSFORM_CARD","is_daily":false,"chose_seed":false,"campfire_upgraded":6,"win_rate":0.0,"timestamp":1613903191,"path_taken":["M","M","?","M","?","R","M","R","T","$","E","M","?","E","R","BOSS","M","$","?","M","?","R","M","M","T","M","?","?","E","M","R","BOSS","M","M","$","?","$","R","M","R","T","M","R","E","$","M","R","BOSS","R","$","E","BOSS"],"items_purchased_type":["Relic","Card","Card","Relic","Relic","Potion"],"build_version":"2020-12-22","purchased_purges":5,"victory":true,"max_hp_per_floor":[80,80,80,80,80,80,80,80,80,80,80,80,85,85,85,85,85,85,85,85,85,90,90,90,90,90,90,90,90,90,90,90,90,90,90,90,90,92,92,92,94,94,94,96,96,98,98,100,100,100,100,100,100,102,102],"relic_stats":{"Singing Bowl":12,"counters":[26,84],"Ornamental Fan":[552],"CeramicFish":27,"Bag of Preparation":[26],"Whetstone":["Carnage"],"War Paint":["Defend_R","Offering"],"obtain_stats":[{"Potion Belt":30,"Singing Bowl":37,"CeramicFish":28,"The Courier":46,"Bag of Preparation":28,"Whetstone":54,"Bottled Tornado":26,"War Paint":26,"Empty Cage":17,"Burning Blood":0,"Mercury Hourglass":14,"Matryoshka":9,"Ornamental Fan":19,"Membership Card":10,"Toxic Egg 2":11,"Runic Pyramid":34},{"Potion Belt":14,"Singing Bowl":18,"CeramicFish":13,"The Courier":22,"Bag of Preparation":13,"Whetstone":25,"Bottled Tornado":12,"War Paint":12,"Empty Cage":8,"Burning Blood":0,"Mercury Hourglass":7,"Matryoshka":4,"Ornamental Fan":9,"Membership Card":4,"Toxic Egg 2":5,"Runic Pyramid":16},{"Potion Belt":52,"Singing Bowl":65,"CeramicFish":50,"The Courier":76,"Bag of Preparation":50,"Whetstone":80,"Bottled Tornado":46,"War Paint":46,"Empty Cage":28,"Burning Blood":0,"Mercury Hourglass":25,"Matryoshka":13,"Ornamental Fan":34,"Membership Card":13,"Toxic Egg 2":19,"Runic Pyramid":60}],"Burning Blood":141,"Mercury Hourglass":[234]},"card_choices":[{"not_picked":["Feel No Pain","Inflame"],"picked":"Cleave","floor":1.0},{"not_picked":["Power Through","Dual Wield"],"picked":"Uppercut","floor":2.0},{"not_picked":["Anger","Cleave","Wild Strike"],"picked":"SKIP","floor":4.0},{"not_picked":["Flex","Entrench","Warcry"],"picked":"SKIP","floor":7.0},{"not_picked":["Evolve","Metallicize"],"picked":"Barricade","floor":11.0},{"not_picked":["Warcry+1","Cleave"],"picked":"Evolve","floor":12.0},{"not_picked":["Blood for Blood","Heavy Blade"],"picked":"Dual Wield+1","floor":14.0},{"not_picked":["Armaments+1","Shockwave+1"],"picked":"Rage+1","floor":18.0},{"not_picked":["Fire Breathing","Clash","Cleave+1"],"picked":"SKIP","floor":21.0},{"not_picked":["Blood for Blood","Headbutt","Anger"],"picked":"SKIP","floor":24.0},{"not_picked":["Perfected Strike","Berserk","Combust+1"],"picked":"SKIP","floor":25.0},{"not_picked":["Anger","Flex+1"],"picked":"True Grit+1","floor":27.0},{"not_picked":["Dark Embrace","Entrench+1","Thunderclap+1"],"picked":"SKIP","floor":30.0},{"not_picked":["Twin Strike","Power Through+1"],"picked":"Fiend Fire","floor":31.0},{"not_picked":["Bludgeon","Barricade"],"picked":"Offering+1","floor":33.0},{"not_picked":["Flex+1","Headbutt","Wild Strike"],"picked":"SKIP","floor":35.0},{"not_picked":["Combust+1","Spot Weakness+1","Havoc+1"],"picked":"SKIP","floor":36.0},{"not_picked":["Cleave","Disarm+1","Battle Trance+1"],"picked":"Singing Bowl","floor":38.0},{"not_picked":["Heavy Blade","True Grit+1","Warcry+1"],"picked":"Singing Bowl","floor":41.0},{"not_picked":["Clash+1","Iron Wave+1","Sword Boomerang"],"picked":"Singing Bowl","floor":44.0},{"not_picked":["Combust","Fire Breathing+1","Headbutt"],"picked":"Singing Bowl","floor":46.0},{"not_picked":["Heavy Blade+1","Dual Wield+1","Inflame+1"],"picked":"Singing Bowl","floor":48.0},{"not_picked":["Thunderclap+1","Cleave+1","Ghostly Armor+1"],"picked":"Singing Bowl","floor":54}],"player_experience":1484696,"relics_obtained":[{"floor":9.0,"key":"Matryoshka"},{"floor":11.0,"key":"Toxic Egg 2"},{"floor":14.0,"key":"Mercury Hourglass"},{"floor":26.0,"key":"Bottled Tornado"},{"floor":26.0,"key":"War Paint"},{"floor":28.0,"key":"Bag of Preparation"},{"floor":28.0,"key":"CeramicFish"},{"floor":30.0,"key":"Potion Belt"},{"floor":46.0,"key":"The Courier"},{"floor":54,"key":"Whetstone"}],"event_choices":[{"damage_healed":0.0,"max_hp_gain":0.0,"max_hp_loss":0.0,"gold_gain":0.0,"cards_transformed":["Defend_R"],"event_name":"Living Wall","player_choice":"Change","floor":3.0,"gold_loss":0.0,"damage_taken":0.0,"cards_obtained":["Carnage"]},{"damage_healed":0.0,"max_hp_gain":0.0,"max_hp_loss":0.0,"gold_gain":175.0,"event_name":"Liars Game","player_choice":"AGREE","floor":5.0,"gold_loss":0.0,"damage_taken":0.0,"cards_obtained":["Doubt"]},{"damage_healed":0.0,"max_hp_gain":5.0,"max_hp_loss":0.0,"gold_gain":0.0,"event_name":"Big Fish","player_choice":"Donut","floor":13.0,"gold_loss":0.0,"damage_taken":0.0},{"cards_removed":["Strike_R"],"damage_healed":0.0,"max_hp_gain":0.0,"max_hp_loss":0.0,"gold_gain":0.0,"event_name":"Back to Basics","player_choice":"Elegance","floor":20.0,"gold_loss":0.0,"damage_taken":0.0},{"damage_healed":0.0,"max_hp_gain":5.0,"max_hp_loss":0.0,"gold_gain":0.0,"event_name":"Forgotten Altar","player_choice":"Shed Blood","floor":22.0,"gold_loss":0.0,"damage_taken":21.0},{"damage_healed":0.0,"max_hp_gain":0.0,"max_hp_loss":0.0,"gold_gain":0.0,"cards_transformed":["Cleave"],"event_name":"Transmorgrifier","player_choice":"Transformed","floor":29.0,"gold_loss":0.0,"damage_taken":0.0,"cards_obtained":["Shockwave"]}],"is_beta":false,"boss_relics":[{"not_picked":["Mark of Pain","Busted Crown"],"picked":"Empty Cage"},{"not_picked":["Velvet Choker","Cursed Key"],"picked":"Runic Pyramid"}],"items_purged_floors":[10,19,37,39,47],"is_endless":false,"potions_floor_spawned":[1,2,7,18,21,25,33,36,38,44,46,54],"ascension_level":0}}