{"host":"jpzdg3po3tjxdjri","time":1613927511,"event":{"mods":["BaseMod","Better Third Choice","Colored Map","Colored Powertips","Minty Spire (QoL Compilation)","StSLib"],"gold_per_floor":[215,215,215,215,390,390,422,438,438,450,69,84,84,94,94,190,190,202,202,117,17,31,60,60,60],"floor_reached":24,"language":"ENG","playtime":568,"items_purged":["Doubt","Strike_B"],"score":250,"play_id":"d0490f20-f1b3-4a26-9679-c3f042a8bcbc","local_time":"20210221171151","is_ascension_mode":true,"campfire_choices":[{"floor":6,"key":"RECALL"},{"data":"Streamline","floor":13,"key":"SMITH"},{"data":"Rip and Tear","floor":15,"key":"SMITH"}],"circlet_count":0,"master_deck":["Strike_B","Strike_B","Strike_B","Defend_B","Defend_B","Defend_B","Defend_B","Zap+1","Dualcast","Ball Lightning","Sweeping Beam","Rip and Tear+1","FTL","Streamline+1","Rebound","Thunder Strike","Ball Lightning","Capacitor+1","Barrage+1"],"relics":["Cracked Core","Anchor","Strawberry","Singing Bowl","Blood Vial","Lee\u0027s Waffle","Black Star","Dead Branch","FossilizedHelix","Question Card"],"acts_visited":["Exordium","TheCity"],"potions_floor_usage":[12,22],"damage_taken":[{"damage":4,"enemies":"2 Louse","floor":1,"turns":3},{"damage":20,"enemies":"3 Sentries","floor":7,"turns":7},{"damage":0,"enemies":"Small Slimes","floor":8,"turns":2},{"damage":0,"enemies":"Jaw Worm","floor":10,"turns":4},{"damage":12,"enemies":"Gremlin Gang","floor":12,"turns":4},{"damage":0,"enemies":"Exordium Thugs","floor":14,"turns":2},{"damage":50,"enemies":"Hexaghost","floor":16,"turns":8},{"damage":10,"enemies":"Spheric Guardian","floor":18,"turns":3},{"damage":7,"enemies":"3 Byrds","floor":22,"turns":4},{"damage":62,"enemies":"Gremlin Leader","floor":23,"turns":6},{"damage":21,"enemies":"Snake Plant","floor":24,"turns":3}],"seed_played":"-7564857124554145802","potions_obtained":[{"floor":7,"key":"DuplicationPotion"},{"floor":8,"key":"EssenceOfDarkness"},{"floor":14,"key":"PowerPotion"},{"floor":18,"key":"Fire Potion"},{"floor":23,"key":"Energy Potion"}],"is_trial":false,"path_per_floor":["M","?","?","?","?","R","E","M","T","M","$","M","R","M","R","B",null,"M","?","?","$","M","E","M"],"character_chosen":"DEFECT","items_purchased":["Blood Vial","Lee\u0027s Waffle"],"campfire_rested":0,"item_purchase_floors":[11,11],"current_hp_per_floor":[71,71,71,64,64,64,51,51,51,51,89,77,77,79,79,31,89,81,81,81,81,76,16,0,0],"gold":60,"neow_bonus":"HUNDRED_GOLD","is_daily":false,"chose_seed":false,"campfire_upgraded":2,"win_rate":0.0,"timestamp":1613927511,"path_taken":["M","?","?","?","?","R","E","M","T","M","$","M","R","M","R","BOSS","M","?","?","$","M","E","M"],"items_purchased_type":["Relic","Relic"],"build_version":"2020-12-22","purchased_purges":2,"victory":false,"max_hp_per_floor":[75,75,75,75,75,75,82,82,82,82,89,89,89,89,89,89,89,91,91,91,91,91,91,91,91],"card_choices":[{"not_picked":["Rebound","Coolheaded"],"picked":"Ball Lightning","floor":1},{"not_picked":["Hello World","Barrage"],"picked":"Sweeping Beam","floor":7},{"not_picked":["Coolheaded","Go for the Eyes"],"picked":"Rip and Tear","floor":8},{"not_picked":["Sweeping Beam","Beam Cell"],"picked":"FTL","floor":10},{"not_picked":["Gash","Steam Power"],"picked":"Streamline","floor":12},{"not_picked":["Heatsinks","Stack"],"picked":"Rebound","floor":14},{"not_picked":["Fission","Seek"],"picked":"Thunder Strike","floor":16},{"not_picked":["Sunder","Redo","Aggregate"],"picked":"Singing Bowl","floor":18},{"not_picked":["Redo","Beam Cell"],"picked":"Capacitor+1","floor":22},{"not_picked":["Consume","Chill"],"picked":"Barrage+1","floor":23}],"player_experience":927011,"relics_obtained":[{"floor":7,"key":"Strawberry"},{"floor":9,"key":"Singing Bowl"},{"floor":23,"key":"FossilizedHelix"},{"floor":23,"key":"Question Card"}],"event_choices":[{"damage_healed":0,"gold_gain":0,"player_choice":"Box","damage_taken":0,"relics_obtained":["Anchor"],"max_hp_gain":0,"max_hp_loss":0,"event_name":"Big Fish","floor":2,"gold_loss":0,"cards_obtained":["Regret"]},{"damage_healed":0,"gold_gain":0,"player_choice":"Grow","damage_taken":0,"max_hp_gain":0,"max_hp_loss":0,"event_name":"Living Wall","floor":3,"gold_loss":0,"cards_upgraded":["Zap"]},{"cards_removed":["Regret"],"damage_healed":0,"gold_gain":0,"player_choice":"Card Removal","damage_taken":7,"max_hp_gain":0,"max_hp_loss":0,"event_name":"Golden Wing","floor":4,"gold_loss":0},{"damage_healed":0,"gold_gain":175,"player_choice":"AGREE","damage_taken":215,"max_hp_gain":0,"max_hp_loss":0,"event_name":"betterThird:BetterSerpent","floor":5,"gold_loss":0},{"damage_healed":0,"gold_gain":0,"player_choice":"Read","damage_taken":0,"max_hp_gain":0,"max_hp_loss":0,"event_name":"The Library","floor":19,"gold_loss":0,"cards_obtained":["Ball Lightning"]},{"damage_healed":0,"gold_gain":0,"player_choice":"Obtained Relic","damage_taken":0,"relics_obtained":["Dead Branch"],"max_hp_gain":0,"max_hp_loss":0,"event_name":"Addict","floor":20,"gold_loss":85}],"is_beta":false,"boss_relics":[{"not_picked":["Runic Pyramid","Runic Dome"],"picked":"Black Star"}],"items_purged_floors":[11,21],"is_endless":false,"potions_floor_spawned":[7,8,14,18,23],"killed_by":"Snake Plant","ascension_level":1}}