{"host":"x3lqeik2a5qeoft8","time":1613949780,"event":{"mods":["AchievementEnabler","BaseMod","Minty Spire (QoL Compilation)","StSLib","SuperFastMode"],"gold_per_floor":[114,289,304,319,94,124,139,169,169,184,214,244,286,328,340,452,464,491,518,545,572,5,35,35,65,140,170,20,50,65,80,80,180,180,195,210,225,37,52,82,82,112,112,142,172,187,217,247,247,247],"floor_reached":51,"language":"ENG","playtime":2846,"items_purged":["Doubt","Wild Strike","Cleave"],"score":1207,"play_id":"62691f51-b4c5-4b53-96f6-390546df89f4","local_time":"20210222002300","daily_mods":["SealedDeck","Flight","Elite Swarm"],"is_ascension_mode":false,"campfire_choices":[{"data":"1","floor":15,"key":"LIFT"},{"data":"2","floor":24,"key":"LIFT"},{"data":"3","floor":32,"key":"LIFT"},{"data":"Limit Break","floor":41,"key":"SMITH"},{"data":"Barricade","floor":49,"key":"SMITH"}],"circlet_count":0,"master_deck":["Wild Strike","Clothesline","Heavy Blade","Carnage","Pommel Strike","Body Slam","Shrug It Off","Shrug It Off","Shrug It Off","Rampage","Barricade+1","Pummel","Feed","Flex","Bludgeon","Immolate","Demon Form","Double Tap","Juggernaut","Metallicize","Fiend Fire","Inflame","Impervious","Limit Break+1","Immolate","Fire Breathing+1","Wild Strike","Double Tap","Whirlwind","Whirlwind","Wild Strike","Impervious","Offering","Reaper","Reaper","Berserk"],"relics":["Burning Blood","Toolbox","FossilizedHelix","Bronze Scales","White Beast Statue","Girya","MawBank","MealTicket","Letter Opener","Coffee Dripper","Pear","TheAbacus","Orichalcum","Mercury Hourglass","Pantograph","Bottled Lightning","Membership Card","HornCleat","SlaversCollar","Ornamental Fan","Juzu Bracelet","Bag of Preparation","Eternal Feather","Meat on the Bone","Sundial","Thread and Needle","Prayer Wheel"],"acts_visited":["Exordium","TheCity","TheBeyond"],"potions_floor_usage":[8,11,11,14,16,19,19,21,21,23,25,30,33,33,39,40,42,44,45,45,46,47,50,50],"damage_taken":[{"damage":0,"enemies":"Small Slimes","floor":1,"turns":3},{"damage":0,"enemies":"2 Louse","floor":3,"turns":1},{"damage":0,"enemies":"Cultist","floor":4,"turns":3},{"damage":14,"enemies":"Gremlin Nob","floor":6,"turns":3},{"damage":0,"enemies":"3 Louse","floor":7,"turns":2},{"damage":10,"enemies":"Lagavulin","floor":8,"turns":5},{"damage":0,"enemies":"Gremlin Gang","floor":10,"turns":3},{"damage":3,"enemies":"Gremlin Nob","floor":11,"turns":4},{"damage":13,"enemies":"Lagavulin","floor":12,"turns":5},{"damage":16,"enemies":"Gremlin Nob","floor":13,"turns":3},{"damage":0,"enemies":"Lagavulin","floor":14,"turns":5},{"damage":45,"enemies":"The Guardian","floor":16,"turns":8},{"damage":2,"enemies":"Chosen","floor":18,"turns":4},{"damage":0,"enemies":"2 Thieves","floor":19,"turns":1},{"damage":12,"enemies":"Cultist and Chosen","floor":20,"turns":6},{"damage":10,"enemies":"Snake Plant","floor":21,"turns":3},{"damage":21,"enemies":"Book of Stabbing","floor":23,"turns":4},{"damage":0,"enemies":"Slavers","floor":25,"turns":5},{"damage":36,"enemies":"Gremlin Leader","floor":27,"turns":5},{"damage":7,"enemies":"Slavers","floor":29,"turns":2},{"damage":0,"enemies":"Sentry and Sphere","floor":30,"turns":2},{"damage":0,"enemies":"Chosen and Byrds","floor":31,"turns":3},{"damage":15,"enemies":"Collector","floor":33,"turns":5},{"damage":0,"enemies":"3 Darklings","floor":35,"turns":3},{"damage":5,"enemies":"3 Shapes","floor":36,"turns":2},{"damage":6,"enemies":"Transient","floor":37,"turns":5},{"damage":0,"enemies":"Maw","floor":39,"turns":6},{"damage":35,"enemies":"Reptomancer","floor":40,"turns":4},{"damage":24,"enemies":"Giant Head","floor":42,"turns":8},{"damage":6,"enemies":"Nemesis","floor":44,"turns":3},{"damage":16,"enemies":"Reptomancer","floor":45,"turns":4},{"damage":6,"enemies":"Sphere and 2 Shapes","floor":46,"turns":3},{"damage":0,"enemies":"Nemesis","floor":47,"turns":3},{"damage":21,"enemies":"Giant Head","floor":48,"turns":6},{"damage":0,"enemies":"Donu and Deca","floor":50,"turns":4}],"seed_played":"-7397021786818157212","potions_obtained":[{"floor":6,"key":"Explosive Potion"},{"floor":8,"key":"SkillPotion"},{"floor":10,"key":"GamblersBrew"},{"floor":11,"key":"ElixirPotion"},{"floor":12,"key":"SteroidPotion"},{"floor":13,"key":"Ancient Potion"},{"floor":14,"key":"Swift Potion"},{"floor":16,"key":"LiquidBronze"},{"floor":18,"key":"AttackPotion"},{"floor":19,"key":"PowerPotion"},{"floor":20,"key":"BlessingOfTheForge"},{"floor":21,"key":"Energy Potion"},{"floor":23,"key":"SmokeBomb"},{"floor":25,"key":"ElixirPotion"},{"floor":27,"key":"Ancient Potion"},{"floor":29,"key":"DistilledChaos"},{"floor":30,"key":"BloodPotion"},{"floor":31,"key":"Weak Potion"},{"floor":33,"key":"Swift Potion"},{"floor":35,"key":"FearPotion"},{"floor":36,"key":"Strength Potion"},{"floor":39,"key":"BloodPotion"},{"floor":40,"key":"Energy Potion"},{"floor":42,"key":"HeartOfIron"},{"floor":44,"key":"Explosive Potion"},{"floor":45,"key":"DistilledChaos"},{"floor":46,"key":"Energy Potion"},{"floor":47,"key":"DistilledChaos"},{"floor":48,"key":"BlessingOfTheForge"}],"is_trial":false,"path_per_floor":["M","?","M","M","$","E","M","E","T","M","E","E","E","E","R","B",null,"M","M","M","M","$","E","R","E","T","E","$","E","M","M","R","B",null,"M","M","M","$","M","E","R","E","T","E","E","M","E","E","R","B",null],"character_chosen":"IRONCLAD","items_purchased":["Toolbox","Pear","TheAbacus","Inflame","Membership Card","Ornamental Fan"],"campfire_rested":0,"item_purchase_floors":[5,22,22,22,28,38],"current_hp_per_floor":[80,80,80,80,80,72,78,74,74,83,86,79,69,78,78,39,89,89,89,83,79,99,84,84,90,90,60,75,74,80,86,86,90,99,99,99,99,99,99,70,70,71,71,71,64,72,78,90,102,102],"gold":247,"neow_bonus":"","is_daily":true,"chose_seed":false,"campfire_upgraded":2,"win_rate":0.0,"timestamp":1613949780,"path_taken":["M","?","M","M","$","E","M","E","T","M","E","E","E","E","R","BOSS","M","M","M","M","$","E","R","E","T","E","$","E","M","M","R","BOSS","M","M","M","$","M","E","R","E","T","E","E","M","E","E","R","BOSS"],"items_purchased_type":["Relic","Relic","Relic","Card","Relic","Relic"],"build_version":"2020-12-22","purchased_purges":3,"victory":true,"max_hp_per_floor":[80,80,80,80,80,80,80,80,80,83,86,86,86,89,89,89,89,89,89,89,89,99,99,99,99,99,99,99,99,99,99,99,99,99,99,99,99,99,99,99,99,99,99,99,102,102,102,102,102,102],"card_choices":[{"not_picked":["Anger","True Grit"],"picked":"Rampage","floor":1},{"not_picked":["Infernal Blade","Iron Wave"],"picked":"Cleave","floor":3},{"not_picked":["Headbutt","Reckless Charge","Armaments"],"picked":"SKIP","floor":4},{"not_picked":["Offering","Reaper"],"picked":"Barricade","floor":6},{"not_picked":["Warcry","Twin Strike"],"picked":"Pummel","floor":7},{"not_picked":["Exhume","Immolate"],"picked":"Feed","floor":8},{"not_picked":["Warcry","Iron Wave"],"picked":"Flex","floor":10},{"not_picked":["Barricade","Exhume"],"picked":"Bludgeon","floor":11},{"not_picked":["Fiend Fire","Limit Break"],"picked":"Immolate","floor":12},{"not_picked":["Immolate","Reaper"],"picked":"Demon Form","floor":13},{"not_picked":["Offering","Bludgeon"],"picked":"Double Tap","floor":14},{"not_picked":["Corruption","Impervious"],"picked":"Juggernaut","floor":16},{"not_picked":["Flex+1","Searing Blow+1","Reckless Charge+1"],"picked":"SKIP","floor":18},{"not_picked":["Twin Strike","Headbutt"],"picked":"Metallicize","floor":19},{"not_picked":["Clash+1","Blood for Blood","Perfected Strike"],"picked":"SKIP","floor":20},{"not_picked":["Blood for Blood","Combust"],"picked":"Fiend Fire","floor":21},{"not_picked":["Exhume","Feed"],"picked":"Impervious","floor":23},{"not_picked":["Immolate","Feed"],"picked":"Limit Break","floor":25},{"not_picked":["Juggernaut","Offering"],"picked":"Immolate","floor":27},{"not_picked":["Juggernaut","Exhume","Demon Form"],"picked":"SKIP","floor":29},{"not_picked":["Clothesline","Carnage+1"],"picked":"Fire Breathing+1","floor":30},{"not_picked":["Thunderclap","Dark Embrace"],"picked":"Wild Strike","floor":31},{"not_picked":["Immolate","Bludgeon"],"picked":"Double Tap","floor":33},{"not_picked":["Twin Strike+1","Shockwave+1"],"picked":"Whirlwind","floor":35},{"not_picked":["Perfected Strike","True Grit+1"],"picked":"Whirlwind","floor":36},{"not_picked":["Twin Strike","Havoc","Clash+1"],"picked":"SKIP","floor":37},{"not_picked":["Power Through","Sword Boomerang"],"picked":"Wild Strike","floor":39},{"not_picked":["Bludgeon","Barricade"],"picked":"Impervious","floor":40},{"not_picked":["Feed","Immolate"],"picked":"Offering","floor":42},{"not_picked":["Exhume","Juggernaut","Bludgeon"],"picked":"SKIP","floor":44},{"not_picked":["Barricade","Brutality"],"picked":"Reaper","floor":45},{"not_picked":["Cleave+1","Body Slam","Wild Strike"],"picked":"SKIP","floor":46},{"not_picked":["Exhume","Offering"],"picked":"Reaper","floor":47},{"not_picked":["Fiend Fire","Juggernaut"],"picked":"Berserk","floor":48}],"player_experience":118081,"relics_obtained":[{"floor":6,"key":"FossilizedHelix"},{"floor":8,"key":"Bronze Scales"},{"floor":9,"key":"White Beast Statue"},{"floor":11,"key":"Girya"},{"floor":12,"key":"MawBank"},{"floor":13,"key":"MealTicket"},{"floor":14,"key":"Letter Opener"},{"floor":23,"key":"Orichalcum"},{"floor":25,"key":"Mercury Hourglass"},{"floor":26,"key":"Pantograph"},{"floor":27,"key":"Bottled Lightning"},{"floor":29,"key":"HornCleat"},{"floor":40,"key":"Juzu Bracelet"},{"floor":42,"key":"Bag of Preparation"},{"floor":43,"key":"Eternal Feather"},{"floor":44,"key":"Meat on the Bone"},{"floor":45,"key":"Sundial"},{"floor":47,"key":"Thread and Needle"},{"floor":48,"key":"Prayer Wheel"}],"event_choices":[{"damage_healed":0,"gold_gain":175,"player_choice":"AGREE","damage_taken":0,"max_hp_gain":0,"max_hp_loss":0,"event_name":"Liars Game","floor":2,"gold_loss":0,"cards_obtained":["Doubt"]}],"is_beta":false,"boss_relics":[{"not_picked":["Velvet Choker","Calling Bell"],"picked":"Coffee Dripper"},{"not_picked":["Philosopher\u0027s Stone","Tiny House"],"picked":"SlaversCollar"}],"items_purged_floors":[5,22,38],"is_endless":false,"potions_floor_spawned":[6,8,10,11,12,13,14,16,18,19,20,21,23,25,27,29,30,31,33,35,36,37,39,40,42,44,45,46,47,48],"ascension_level":0}}