{"host":"l8n56n8abrvcftzc","time":1613890045,"event":{"mods":["Act Like it!","Arknights","BaseMod","Better Note","Better Third Choice","Colored Map","DeckTracker","Googly Eyes","Highlight Path","Minty Spire (QoL Compilation)","Permanent Neow","Relic Stats","StSLib","SuperFastMode","Uncapped"],"gold_per_floor":[111,186,186,111,111,111,149,168,216,229,229,61,81,105,105,231,231,256,256,92,115,129,129,129],"floor_reached":23,"language":"ENG","playtime":1862,"items_purged":["ats:Strike G","ats:Defend+1"],"score":214,"play_id":"d02522c7-c653-452c-91ea-efc673a7c1e4","local_time":"20210220224725","is_ascension_mode":false,"campfire_choices":[{"data":"ats:Armor Crushing Shot","floor":11,"key":"SMITH"},{"data":"ats:Part Time Job","floor":15,"key":"SMITH"}],"circlet_count":0,"master_deck":["ats:Strike C","ats:Strike S+1","ats:Strike V","ats:Armor Crushing Shot+1","ats:Defend","ats:Defend","ats:Defend","ats:Emotion Absorption+1","ats:Sword Rain+1","ats:Shell Defense","ats:Hook Shot","ats:Chain Hook","ats:Part Time Job+1","ats:Assault Order","ats:Roar Of Ursus"],"relics":["ats:Sanity","NeowsBlessing","MealTicket","Golden Idol","ats:Originium","Kunai","Whetstone","Sozu"],"acts_visited":["Exordium","TheCity"],"potions_floor_usage":[16,21,23],"damage_taken":[{"damage":0,"enemies":"Small Slimes","floor":1,"turns":1},{"damage":0,"enemies":"3 Sentries","floor":7,"turns":1},{"damage":0,"enemies":"Jaw Worm","floor":8,"turns":1},{"damage":1,"enemies":"Cultist","floor":10,"turns":3},{"damage":8,"enemies":"2 Fungi Beasts","floor":13,"turns":3},{"damage":32,"enemies":"Slime Boss","floor":16,"turns":9},{"damage":19,"enemies":"2 Thieves","floor":18,"turns":6},{"damage":1,"enemies":"3 Byrds","floor":21,"turns":6},{"damage":24,"enemies":"Sentry and Sphere","floor":22,"turns":10},{"damage":97,"enemies":"Book of Stabbing","floor":23,"turns":8}],"seed_played":"3924643000499671947","potions_obtained":[{"floor":1,"key":"SneckoOil"},{"floor":13,"key":"BlessingOfTheForge"},{"floor":16,"key":"EssenceOfSteel"}],"is_trial":false,"path_per_floor":["M","?","?","$","?","?","E","M","T","M","R","$","M","T","R","B",null,"M","?","$","M","M","E"],"character_chosen":"DOCTOR_CLASS","items_purchased":["ats:Part Time Job","ats:Roar Of Ursus"],"campfire_rested":0,"item_purchase_floors":[12,20],"current_hp_per_floor":[72,61,47,47,40,22,22,22,22,21,21,36,28,28,28,17,72,67,82,82,82,76,0,0],"gold":129,"neow_bonus":"THREE_ENEMY_KILL","is_daily":false,"chose_seed":false,"campfire_upgraded":2,"win_rate":0.0,"timestamp":1613890045,"path_taken":["M","?","?","$","?","?","E","M","T","M","R","$","?","?","R","BOSS","M","?","$","M","M","E"],"items_purchased_type":["Card","Card"],"build_version":"2020-12-22","purchased_purges":2,"victory":false,"max_hp_per_floor":[72,72,72,72,72,72,72,72,72,72,72,72,72,72,72,72,72,72,82,82,82,82,82,82],"relic_stats":{"Sozu":2,"counters":[10,48],"Golden Idol":57,"MealTicket":15,"Kunai":[12],"Whetstone":["ats:Sword Rain","ats:Strike S"],"obtain_stats":[{"Sozu":17,"NeowsBlessing":0,"ats:Originium":7,"Golden Idol":6,"MealTicket":5,"ats:Sanity":0,"Kunai":7,"Whetstone":9},{"Sozu":6,"NeowsBlessing":0,"ats:Originium":2,"Golden Idol":1,"MealTicket":1,"ats:Sanity":0,"Kunai":2,"Whetstone":3},{"Sozu":18,"NeowsBlessing":0,"ats:Originium":2,"Golden Idol":1,"MealTicket":1,"ats:Sanity":0,"Kunai":2,"Whetstone":3}]},"card_choices":[{"not_picked":["ats:Very Hot Blade","ats:Poison Spread"],"picked":"ats:Sword Rain","floor":1},{"not_picked":["ats:Directed Diagnosis","ats:Ignite"],"picked":"ats:Shell Defense","floor":7},{"not_picked":["ats:Mental Burst","ats:Magnetic Hammer"],"picked":"ats:Hook Shot","floor":8},{"not_picked":["ats:Directed Diagnosis","ats:Thorns"],"picked":"ats:Chain Hook","floor":10},{"not_picked":["ats:Cat Scratch","ats:Poison Spread","ats:Steam Pump"],"picked":"SKIP","floor":13},{"not_picked":["ats:Durian","ats:Rat Pack"],"picked":"ats:Wolf Pack","floor":16},{"not_picked":["ats:Flexible Camouflage","ats:Curse Doll"],"picked":"ats:Assault Order","floor":18},{"not_picked":["ats:Explosion Area Strengthen","ats:Sashimi Platter","ats:Hook Shot"],"picked":"SKIP","floor":21},{"not_picked":["ats:Charging Defense","ats:Explosion Area Strengthen","ats:Ignite"],"picked":"SKIP","floor":22}],"player_experience":789938,"relics_obtained":[{"floor":7,"key":"ats:Originium"},{"floor":7,"key":"Kunai"},{"floor":9,"key":"Whetstone"}],"event_choices":[{"damage_healed":0,"gold_gain":75,"player_choice":"Gold","damage_taken":11,"max_hp_gain":0,"max_hp_loss":0,"event_name":"betterThird:BetterGoop","floor":2,"gold_loss":0},{"damage_healed":61,"gold_gain":0,"player_choice":"Upgrade","damage_taken":14,"max_hp_gain":0,"max_hp_loss":72,"event_name":"betterThird:BetterShining","floor":3,"gold_loss":0,"cards_upgraded":["ats:Emotion Absorption","ats:Defend"]},{"damage_healed":0,"gold_gain":0,"player_choice":"Relic ","damage_taken":7,"max_hp_gain":0,"max_hp_loss":0,"event_name":"betterThird:BetterScrap","floor":5,"gold_loss":0,"cards_obtained":["Ragnarok"]},{"damage_healed":0,"gold_gain":0,"player_choice":"Take Damage","damage_taken":18,"relics_obtained":["Golden Idol"],"max_hp_gain":0,"max_hp_loss":0,"event_name":"Golden Idol","floor":6,"gold_loss":0},{"cards_removed":["ats:Wolf Pack"],"damage_healed":5,"gold_gain":0,"player_choice":"Offered Rare","damage_taken":0,"max_hp_gain":10,"max_hp_loss":0,"event_name":"Bonfire Elementals","floor":19,"gold_loss":0}],"is_beta":false,"boss_relics":[{"not_picked":["Runic Pyramid","Snecko Eye"],"picked":"Sozu"}],"items_purged_floors":[4,12],"is_endless":false,"potions_floor_spawned":[1,13,16,18,21],"killed_by":"Book of Stabbing","ascension_level":0}}