{"host":"tnmp9bkutp0enjo6","time":1613935528,"event":{"mods":["2.2 Compatiblity","AchievementEnabler","BaseMod","Block Reminder","Colored Powertips","Downfall","Highlight Path","Minty Spire (QoL Compilation)","Quick Restart","Random Character Button","Rare Cards Sparkle","Relic Stats","StSLib","The Problem Sleuth"],"gold_per_floor":[99,117,131,144,244,259,259,288,288,306,306,306,324,357,372,474,474,474,302,302,349,367,401,401,501,519,519,536,7,34,50,67,67,67,67],"floor_reached":33,"language":"ENG","playtime":2973,"items_purged":[],"score":299,"play_id":"52fdd85d-96d8-4a15-bdc1-2e00b8132fb5","local_time":"20210221202528","is_ascension_mode":false,"campfire_choices":[{"floor":1.0,"key":"RECALL"},{"floor":12.0,"key":"REST"},{"data":"Guardian:TwinSlam","floor":18.0,"key":"SMITH"},{"floor":27,"key":"REST"}],"circlet_count":0,"master_deck":["Guardian:Strike_Guardian","Guardian:Strike_Guardian","Guardian:Strike_Guardian","Guardian:Strike_Guardian","Guardian:Defend_Guardian","Guardian:Defend_Guardian","Guardian:Defend_Guardian","Guardian:Defend_Guardian","Guardian:CurlUp","Guardian:TwinSlam+1","Guardian:PiercingHide","Guardian:TimeCapacitor","Guardian:RollAttack","Guardian:BodySlam","Guardian:SpikerProtocol","Parasite","Guardian:ChargeCore","Guardian:DecasProtection","Guardian:StasisField","Guardian:RefractedBeam","Guardian:Gem_Synthetic","Guardian:Incinerate+1","Guardian:TimeBomb","Shame","Guardian:Gem_Orange","Doubt","Guardian:Clone","Guardian:TemporalShield","Guardian:Suspension+1","Guardian:EvasiveProtocol","Guardian:RefractedBeam","Guardian:SentryBeam","Guardian:Gem_Lightblue","Guardian:TemporalStrike+1"],"relics":["Guardian:ModeShifter","Tiny Chest","Bottled Lightning","PreservedInsect","Cursed Key","Orrery","Smiling Mask","Du-Vu Doll","Sling","Question Card","MealTicket"],"acts_visited":["Exordium","TheCity"],"potions_floor_usage":[23,28,32],"damage_taken":[{"damage":5.0,"enemies":"Small Slimes","floor":2.0,"turns":5.0},{"damage":2.0,"enemies":"2 Louse","floor":3.0,"turns":5.0},{"damage":10.0,"enemies":"Cultist","floor":4.0,"turns":5.0},{"damage":5.0,"enemies":"downfall:LooterAlt","floor":6.0,"turns":6.0},{"damage":25.0,"enemies":"Gremlin Nob","floor":8.0,"turns":5.0},{"damage":9.0,"enemies":"Gremlin Gang","floor":10.0,"turns":2.0},{"damage":0.0,"enemies":"Exordium Wildlife","floor":13.0,"turns":5.0},{"damage":16.0,"enemies":"Lagavulin","floor":14.0,"turns":12.0},{"damage":5.0,"enemies":"Lots of Slimes","floor":15.0,"turns":4.0},{"damage":46.0,"enemies":"WA_ARCHETYPE_RETAIN","floor":16.0,"turns":8.0},{"damage":4.0,"enemies":"downfall:FleeingMerchant","floor":19.0,"turns":4.0},{"damage":20.0,"enemies":"Spheric Guardian","floor":22.0,"turns":4.0},{"damage":26,"enemies":"Book of Stabbing","floor":23,"turns":5},{"damage":2,"enemies":"Chosen","floor":26,"turns":5},{"damage":15,"enemies":"Snake Plant","floor":28,"turns":5},{"damage":0,"enemies":"downfall:FleeingMerchant","floor":29,"turns":4},{"damage":4,"enemies":"Slavers","floor":30,"turns":4},{"damage":19,"enemies":"Centurion and Healer","floor":31,"turns":4},{"damage":22,"enemies":"3 Cultists","floor":32,"turns":7},{"damage":5,"enemies":"IC_MUSHROOM_ARCHETYPE","floor":33,"turns":1}],"seed_played":"2721740462293207148","potions_obtained":[{"floor":3.0,"key":"Weak Potion"},{"floor":4.0,"key":"AttackPotion"},{"floor":8.0,"key":"Strength Potion"},{"floor":13.0,"key":"Explosive Potion"},{"floor":15.0,"key":"DistilledChaos"},{"floor":22.0,"key":"Strength Potion"},{"floor":23,"key":"Strength Potion"},{"floor":28,"key":"Weak Potion"},{"floor":30,"key":"SteroidPotion"}],"is_trial":false,"path_per_floor":["R","M","M","M","?","M","T","E","?","M","?","R","M","E","M","B",null,"R","$","?","T","M","E","T","?","M","R","M","$","E","M","M","B"],"character_chosen":"GUARDIAN","items_purchased":["Orrery","Sling","Question Card","Guardian:EvasiveProtocol","Guardian:RefractedBeam"],"campfire_rested":2,"item_purchase_floors":[19,29,29,29,29],"current_hp_per_floor":[88,83,81,71,71,66,66,41,63,54,54,80,80,64,59,13,88,88,84,84,84,64,38,38,38,36,62,47,47,43,24,2,0,0,0],"gold":67,"neow_bonus":"TEN_PERCENT_HP_BONUS","is_daily":false,"chose_seed":false,"campfire_upgraded":1,"win_rate":0.0,"timestamp":1613935528,"path_taken":["R","M","M","M","?","M","T","E","?","M","?","R","M","E","M","BOSS","R","$","?","?","?","E","T","?","M","R","M","$","E","M","M","BOSS"],"items_purchased_type":["Relic","Relic","Relic","Card","Card"],"build_version":"2020-12-22","purchased_purges":0,"victory":false,"max_hp_per_floor":[88,88,88,88,88,88,88,88,88,88,88,88,88,88,88,88,88,88,88,88,88,88,88,88,88,88,88,88,88,88,88,88,88,88,88],"relic_stats":{"counters":[20,98],"Tiny Chest":1,"MealTicket":0,"PreservedInsect":179,"Cursed Key":2,"Smiling Mask":0,"Question Card":3,"obtain_stats":[{"Du-Vu Doll":24,"Guardian:ModeShifter":0,"Orrery":19,"Tiny Chest":7,"MealTicket":30,"PreservedInsect":14,"Bottled Lightning":8,"Cursed Key":17,"Smiling Mask":23,"Sling":29,"Question Card":29},{"Du-Vu Doll":13,"Guardian:ModeShifter":0,"Orrery":11,"Tiny Chest":4,"MealTicket":17,"PreservedInsect":8,"Bottled Lightning":5,"Cursed Key":10,"Smiling Mask":13,"Sling":16,"Question Card":16},{"Du-Vu Doll":70,"Guardian:ModeShifter":0,"Orrery":61,"Tiny Chest":21,"MealTicket":87,"PreservedInsect":45,"Bottled Lightning":26,"Cursed Key":57,"Smiling Mask":70,"Sling":83,"Question Card":83}]},"card_choices":[{"not_picked":["Guardian:WalkerClaw","Guardian:TemporalStrike"],"picked":"Guardian:PiercingHide","floor":2.0},{"not_picked":["Guardian:Reroute","Guardian:ShieldCharger"],"picked":"Guardian:TimeCapacitor","floor":3.0},{"not_picked":["Guardian:DonusPower","Guardian:PiercingHide"],"picked":"Guardian:RollAttack","floor":4.0},{"not_picked":["Guardian:Planning","Guardian:PrimingBeam"],"picked":"Guardian:BodySlam","floor":6.0},{"not_picked":["Guardian:RollAttack","Guardian:AncientConstruct"],"picked":"Guardian:SpikerProtocol","floor":8.0},{"not_picked":["Guardian:VentSteam","Guardian:RollAttack"],"picked":"Guardian:Gem_Green","floor":10.0},{"not_picked":["Guardian:PrimingBeam","Guardian:Emergency"],"picked":"Guardian:Gem_Cyan","floor":13.0},{"not_picked":["Guardian:Clone","Guardian:Preprogram"],"picked":"Guardian:ChargeCore","floor":14.0},{"not_picked":["Guardian:ShieldSpikes","Guardian:Gem_Cyan"],"picked":"Guardian:DecasProtection","floor":15.0},{"not_picked":["Guardian:AncientConstruct","Guardian:RevengeProtocol"],"picked":"Guardian:StasisField","floor":16.0},{"not_picked":["Guardian:Recover","Guardian:ShieldCharger"],"picked":"Guardian:Gem_Lightblue","floor":19.0},{"not_picked":["Guardian:PrimingBeam+1","Guardian:BronzeArmor"],"picked":"Guardian:Gem_Purple","floor":19.0},{"not_picked":["Guardian:Repulse","Guardian:TimeCapacitor+1"],"picked":"Guardian:RefractedBeam","floor":19.0},{"not_picked":["Guardian:RefractedBeam","Guardian:ChargeCore"],"picked":"Guardian:Gem_Synthetic","floor":19.0},{"not_picked":["Guardian:AncientConstruct","Guardian:Gem_Green"],"picked":"Guardian:Incinerate+1","floor":19.0},{"not_picked":["Guardian:PrimingBeam","Guardian:Gem_Green"],"picked":"Guardian:TimeBomb","floor":19.0},{"not_picked":["Guardian:Gem_Cyan","Guardian:Gem_Green"],"picked":"Guardian:Gem_Red","floor":22.0},{"not_picked":["Guardian:ShieldCharger","Guardian:EvasiveProtocol"],"picked":"Guardian:Gem_Orange","floor":23},{"not_picked":["Guardian:EvasiveProtocol","Guardian:PiercingHide+1"],"picked":"Guardian:Clone","floor":26},{"not_picked":["Guardian:PiercingHide","Guardian:CrystalBeam"],"picked":"Guardian:TemporalShield","floor":28},{"not_picked":["Guardian:EvasiveProtocol+1","Guardian:BodySlam+1"],"picked":"Guardian:Suspension+1","floor":29},{"not_picked":["Guardian:Recover","Guardian:SpikerProtocol+1","Guardian:ShieldCharger"],"picked":"Guardian:SentryBeam","floor":30},{"not_picked":["Guardian:StasisField","Guardian:Gem_Red","Guardian:ShieldCharger"],"picked":"Guardian:Gem_Lightblue","floor":31},{"not_picked":["Guardian:RollAttack+1","Guardian:Clone","Guardian:PolyBeam"],"picked":"Guardian:TemporalStrike+1","floor":32}],"player_experience":207876,"relics_obtained":[{"floor":7.0,"key":"Tiny Chest"},{"floor":8.0,"key":"Bottled Lightning"},{"floor":14.0,"key":"PreservedInsect"},{"floor":23,"key":"Smiling Mask"},{"floor":24,"key":"Du-Vu Doll"},{"floor":30,"key":"MealTicket"}],"event_choices":[{"damage_healed":22.0,"max_hp_gain":0.0,"max_hp_loss":0.0,"gold_gain":0.0,"event_name":"Mushrooms","player_choice":"Healed and dodged fight","floor":9.0,"gold_loss":0.0,"damage_taken":0.0,"cards_obtained":["Parasite"]}],"is_beta":false,"boss_relics":[{"not_picked":["Runic Pyramid","Velvet Choker"],"picked":"Cursed Key"}],"items_purged_floors":[],"is_endless":false,"potions_floor_spawned":[3,4,8,13,15,22,23,28,30],"killed_by":"IC_MUSHROOM_ARCHETYPE","ascension_level":0}}