{"host":"sav7uxregyirlf69","time":1613897565,"event":{"mods":["AchievementEnabler","BaseMod","Colored Map","DeckTracker","Keyboard Shortcuts","Minty Spire (QoL Compilation)","READ ME - Guardian Mod","StSLib","SuperFastMode"],"gold_per_floor":[17,33,33,33,58,58,89,104,104,124,143,143,143,183,183,276,276,295,295,295,318,343,343,343,343],"floor_reached":24,"language":"KOR","playtime":414,"items_purged":[],"score":416,"play_id":"080e3b2c-7618-441a-8707-1a45b34e7dd4","local_time":"20210221175245","is_ascension_mode":true,"campfire_choices":[{"data":"Bludgeon","floor":6,"key":"SMITH"},{"data":"1","floor":13,"key":"LIFT"},{"data":"2","floor":15,"key":"LIFT"},{"data":"Seeing Red","floor":23,"key":"SMITH"}],"circlet_count":0,"master_deck":["AscendersBane","Strike_R","Strike_R","Strike_R","Strike_R","Strike_R","Defend_R","Defend_R","Defend_R","Defend_R","Bash","Carnage","Bludgeon+1","Shrug It Off","Sword Boomerang","Seeing Red+1","Intimidate","Immolate","CurseOfTheBell","Power Through+1","Ghostly+1","Ghostly+1","Ghostly+1","Pain","Disarm+1","Double Tap+1"],"relics":["Burning Blood","Pocketwatch","Golden Idol","Girya","Mummified Hand","Blue Candle","Calling Bell","Strawberry","Toxic Egg 2","Ice Cream","WarpedTongs"],"acts_visited":["Exordium","TheCity"],"potions_floor_usage":[7,11],"damage_taken":[{"damage":8,"enemies":"2 Louse","floor":1,"turns":2},{"damage":12,"enemies":"Cultist","floor":2,"turns":4},{"damage":7,"enemies":"Jaw Worm","floor":5,"turns":2},{"damage":7,"enemies":"Lagavulin","floor":7,"turns":4},{"damage":11,"enemies":"Looter","floor":8,"turns":2},{"damage":18,"enemies":"3 Louse","floor":10,"turns":4},{"damage":14,"enemies":"Gremlin Gang","floor":11,"turns":4},{"damage":14,"enemies":"3 Sentries","floor":14,"turns":7},{"damage":35,"enemies":"The Guardian","floor":16,"turns":9},{"damage":34,"enemies":"Shell Parasite","floor":18,"turns":5},{"damage":1,"enemies":"Chosen","floor":21,"turns":5},{"damage":19,"enemies":"Centurion and Healer","floor":22,"turns":7},{"damage":24,"enemies":"Shelled Parasite and Fungi","floor":24,"turns":5}],"seed_played":"1355638605300268140","potions_obtained":[{"floor":2,"key":"DistilledChaos"},{"floor":7,"key":"Energy Potion"},{"floor":11,"key":"ElixirPotion"},{"floor":14,"key":"Weak Potion"},{"floor":22,"key":"BloodPotion"}],"is_trial":false,"path_per_floor":["M","M","?","?","M","R","E","M","T","M","M","?","R","E","R","B",null,"M","?","?","M","M","R","M"],"character_chosen":"IRONCLAD","items_purchased":[],"campfire_rested":0,"item_purchase_floors":[],"current_hp_per_floor":[66,60,60,60,59,59,58,53,53,41,33,55,55,47,47,18,63,35,35,35,37,24,24,0,0],"gold":343,"neow_bonus":"ONE_RARE_RELIC","is_daily":false,"chose_seed":false,"campfire_upgraded":2,"win_rate":0.0,"timestamp":1613897565,"path_taken":["M","M","?","?","?","R","E","M","T","?","M","?","R","E","R","BOSS","M","?","?","M","?","R","M"],"items_purchased_type":[],"build_version":"2020-12-22","purchased_purges":0,"victory":false,"max_hp_per_floor":[75,75,68,68,68,68,68,68,68,68,68,68,68,68,68,68,75,75,37,37,37,37,37,37,37],"card_choices":[{"not_picked":["Warcry","Havoc","Body Slam"],"picked":"SKIP","floor":1},{"not_picked":["Clash","Headbutt"],"picked":"Carnage","floor":2},{"not_picked":["Twin Strike","Thunderclap"],"picked":"Shrug It Off","floor":5},{"not_picked":["Sever Soul","Twin Strike"],"picked":"Sword Boomerang","floor":7},{"not_picked":["Wild Strike","Pommel Strike"],"picked":"Seeing Red","floor":8},{"not_picked":["Clothesline","Fire Breathing"],"picked":"Intimidate","floor":10},{"not_picked":["Clash","Twin Strike","Exhume"],"picked":"SKIP","floor":11},{"not_picked":["Heavy Blade","Burning Pact"],"picked":"Immolate","floor":14},{"not_picked":["Disarm+1","Blood for Blood"],"picked":"Power Through+1","floor":18},{"not_picked":["Clash","Shrug It Off+1"],"picked":"Disarm+1","floor":21},{"not_picked":["Wild Strike+1","Entrench+1"],"picked":"Double Tap+1","floor":22}],"player_experience":1643514,"relics_obtained":[{"floor":7,"key":"Girya"},{"floor":9,"key":"Mummified Hand"},{"floor":14,"key":"Blue Candle"},{"floor":17,"key":"Strawberry"},{"floor":17,"key":"Toxic Egg 2"},{"floor":17,"key":"Ice Cream"}],"event_choices":[{"damage_healed":0,"gold_gain":0,"player_choice":"Lose Max HP","damage_taken":0,"relics_obtained":["Golden Idol"],"max_hp_gain":0,"max_hp_loss":7,"event_name":"Golden Idol","floor":3,"gold_loss":0},{"damage_healed":0,"gold_gain":0,"player_choice":"1 cards matched","damage_taken":0,"max_hp_gain":0,"max_hp_loss":0,"event_name":"Match and Keep!","floor":4,"gold_loss":0,"cards_obtained":["Bludgeon"]},{"damage_healed":22,"gold_gain":0,"player_choice":"Banana","damage_taken":0,"max_hp_gain":0,"max_hp_loss":0,"event_name":"Big Fish","floor":12,"gold_loss":0},{"damage_healed":0,"gold_gain":0,"player_choice":"Became a Ghost","damage_taken":0,"max_hp_gain":0,"max_hp_loss":38,"event_name":"Ghosts","floor":19,"gold_loss":0,"cards_obtained":["Ghostly","Ghostly","Ghostly"]},{"damage_healed":0,"gold_gain":0,"player_choice":"Rummage","damage_taken":0,"relics_obtained":["WarpedTongs"],"max_hp_gain":0,"max_hp_loss":0,"event_name":"Accursed Blacksmith","floor":20,"gold_loss":0,"cards_obtained":["Pain"]}],"is_beta":false,"boss_relics":[{"not_picked":["Runic Pyramid","Black Star"],"picked":"Calling Bell"}],"items_purged_floors":[],"is_endless":false,"potions_floor_spawned":[2,7,11,14,21,22],"killed_by":"Shelled Parasite and Fungi","ascension_level":20}}