{"host":"soyfmymeou4emntr","time":1613933229,"event":{"mods":["BaseMod","Minty Spire (QoL Compilation)","Permanent Neow","Relic Sorter","Relic Stats","StSLib"],"gold_per_floor":[115,115,28,47,62,90,90,124,171,187,187,197,228,254,254,327,327,337,19,36,56,74,74,74,100,100,15,25,54,54,80,80,159,159,176,192,242,260,279,279,314,314,337,337,337,365,383,409,409,409,409,409],"floor_reached":51,"language":"ENG","playtime":53539,"items_purged":["Pain"],"score":1980,"play_id":"670fe7c4-01d9-407e-b525-7ec3fd1a6c92","local_time":"20210221114709","is_ascension_mode":true,"campfire_choices":[{"floor":11.0,"key":"REST"},{"floor":15.0,"key":"REST"},{"data":"TalkToTheHand","floor":23.0,"key":"SMITH"},{"data":"Scrawl","floor":30.0,"key":"SMITH"},{"data":"MentalFortress","floor":32.0,"key":"SMITH"},{"floor":40.0,"key":"RECALL"},{"data":"Ragnarok","floor":44.0,"key":"SMITH"},{"data":"ForeignInfluence","floor":49.0,"key":"SMITH"}],"circlet_count":0,"master_deck":["AscendersBane","Defend_P","Defend_P","Defend_P","Eruption","Vigilance","Scrawl+1","EmptyFist+1","ReachHeaven","Tantrum+1","ForeignInfluence+1","FearNoEvil","CarveReality","Ragnarok+1","Blasphemy","Adaptation","TalkToTheHand+1","MentalFortress+1","Tantrum","FearNoEvil","SashWhip+1","Bite","Bite","Bite","Bite","Bite","Meditate","EmptyBody","ThirdEye+1","Vault+1","Wallop","EmptyBody+1","LessonLearned","Blind+1","Finesse+1","ThirdEye+1"],"relics":["PureWater","InkBottle","WarpedTongs","Regal Pillow","Potion Belt","Meat on the Bone","Lantern","SacredBark","Nunchaku","Dead Branch","Bronze Scales","Toxic Egg 2","Boot","Snecko Eye","Oddly Smooth Stone","Orichalcum","PreservedInsect"],"acts_visited":["Exordium","TheCity","TheBeyond"],"potions_floor_usage":[],"damage_taken":[{"damage":0.0,"enemies":"Jaw Worm","floor":1.0,"turns":3.0},{"damage":6.0,"enemies":"Small Slimes","floor":4.0,"turns":3.0},{"damage":0.0,"enemies":"Cultist","floor":5.0,"turns":2.0},{"damage":16.0,"enemies":"Gremlin Nob","floor":6.0,"turns":3.0},{"damage":18.0,"enemies":"3 Sentries","floor":8.0,"turns":3.0},{"damage":14.0,"enemies":"Exordium Thugs","floor":10.0,"turns":3.0},{"damage":0.0,"enemies":"2 Fungi Beasts","floor":12.0,"turns":1.0},{"damage":13.0,"enemies":"Gremlin Nob","floor":13.0,"turns":3.0},{"damage":3.0,"enemies":"Slime Boss","floor":16.0,"turns":3.0},{"damage":14.0,"enemies":"2 Thieves","floor":18.0,"turns":2.0},{"damage":0.0,"enemies":"Shell Parasite","floor":20.0,"turns":1.0},{"damage":0.0,"enemies":"3 Cultists","floor":21.0,"turns":2.0},{"damage":0.0,"enemies":"Snecko","floor":22.0,"turns":2.0},{"damage":0.0,"enemies":"Gremlin Leader","floor":25.0,"turns":3.0},{"damage":0.0,"enemies":"Cultist and Chosen","floor":28.0,"turns":3.0},{"damage":10.0,"enemies":"Slavers","floor":29.0,"turns":3.0},{"damage":0.0,"enemies":"Book of Stabbing","floor":31.0,"turns":3.0},{"damage":0.0,"enemies":"Champ","floor":33.0,"turns":5.0},{"damage":14.0,"enemies":"3 Shapes","floor":35.0,"turns":4.0},{"damage":0.0,"enemies":"3 Darklings","floor":36.0,"turns":2.0},{"damage":0.0,"enemies":"Transient","floor":38.0,"turns":7.0},{"damage":11.0,"enemies":"Writhing Mass","floor":39.0,"turns":8.0},{"damage":14.0,"enemies":"Giant Head","floor":41.0,"turns":6.0},{"damage":0.0,"enemies":"Reptomancer","floor":46.0,"turns":4.0},{"damage":13.0,"enemies":"Sphere and 2 Shapes","floor":47.0,"turns":2.0},{"damage":0.0,"enemies":"Giant Head","floor":48.0,"turns":5.0},{"damage":29.0,"enemies":"Donu and Deca","floor":50.0,"turns":8.0},{"damage":100021,"enemies":"Awakened One","floor":51,"turns":4}],"seed_played":"4184010740774409669","potions_obtained":[{"floor":5.0,"key":"PowerPotion"},{"floor":10.0,"key":"Explosive Potion"},{"floor":12.0,"key":"Weak Potion"},{"floor":13.0,"key":"PowerPotion"},{"floor":18.0,"key":"LiquidMemories"},{"floor":21.0,"key":"Fruit Juice"},{"floor":29.0,"key":"EssenceOfSteel"},{"floor":31.0,"key":"DistilledChaos"},{"floor":33.0,"key":"SkillPotion"},{"floor":35.0,"key":"Swift Potion"},{"floor":36.0,"key":"Energy Potion"},{"floor":41.0,"key":"EntropicBrew"}],"is_trial":false,"path_per_floor":["M","?","$","M","M","E","?","E","T","M","R","M","E","T","R","B",null,"M","$","M","M","M","R","?","E","T","?","M","E","R","E","R","B",null,"M","M","?","M","M","R","E","?","T","R","?","E","M","E","R","B","B"],"character_chosen":"WATCHER","items_purchased":["ReachHeaven","TalkToTheHand","MentalFortress","Tantrum"],"campfire_rested":2,"item_purchase_floors":[3,19,19,19],"current_hp_per_floor":[61,61,61,55,55,39,39,21,21,7,42,42,29,29,64,61,66,52,52,52,52,52,52,57,57,57,57,57,47,47,51,51,55,57,43,45,45,57,48,48,43,43,43,43,38,46,39,44,44,28,0,0],"gold":409,"neow_bonus":"TRANSFORM_CARD","is_daily":false,"chose_seed":false,"campfire_upgraded":5,"win_rate":0.0,"timestamp":1613933229,"path_taken":["M","?","$","M","M","E","?","E","T","M","R","?","E","?","R","BOSS","M","$","M","M","M","R","?","E","T","?","M","E","R","E","R","BOSS","M","M","?","?","M","R","E","?","T","R","?","E","M","E","R","BOSS","BOSS"],"items_purchased_type":["Card","Card","Card","Card"],"build_version":"2020-12-22","purchased_purges":1,"victory":false,"max_hp_per_floor":[68,68,68,68,68,68,68,68,68,68,68,68,68,68,68,68,68,68,68,68,68,68,68,57,57,57,57,57,57,57,57,57,57,57,57,57,57,57,57,57,57,54,54,54,54,54,54,54,54,54,54,54],"relic_stats":{"Regal Pillow":30,"counters":[28,97],"Dead Branch":[87],"PreservedInsect":0,"Orichalcum":[12],"Boot":[105],"WarpedTongs":[86],"Nunchaku":[21],"Bronze Scales":[140],"Snecko Eye":[95,109,100,102],"obtain_stats":[{"Potion Belt":9,"Regal Pillow":8,"Lantern":14,"SacredBark":17,"Dead Branch":26,"Oddly Smooth Stone":41,"PreservedInsect":48,"Orichalcum":46,"Boot":31,"WarpedTongs":7,"Nunchaku":25,"Bronze Scales":27,"Snecko Eye":34,"PureWater":0,"Toxic Egg 2":29,"InkBottle":6,"Meat on the Bone":13},{"Potion Belt":5,"Regal Pillow":5,"Lantern":8,"SacredBark":9,"Dead Branch":14,"Oddly Smooth Stone":23,"PreservedInsect":26,"Orichalcum":24,"Boot":17,"WarpedTongs":4,"Nunchaku":14,"Bronze Scales":14,"Snecko Eye":18,"PureWater":0,"Toxic Egg 2":16,"InkBottle":4,"Meat on the Bone":8},{"Potion Belt":14,"Regal Pillow":14,"Lantern":21,"SacredBark":24,"Dead Branch":34,"Oddly Smooth Stone":75,"PreservedInsect":86,"Orichalcum":79,"Boot":43,"WarpedTongs":11,"Nunchaku":34,"Bronze Scales":34,"Snecko Eye":48,"PureWater":0,"Toxic Egg 2":40,"InkBottle":11,"Meat on the Bone":21}],"InkBottle":[39],"Meat on the Bone":0},"card_choices":[{"not_picked":["Prostrate","SashWhip"],"picked":"EmptyFist","floor":1.0},{"not_picked":["SashWhip","SandsOfTime"],"picked":"Tantrum","floor":4.0},{"not_picked":["Perseverance","Prostrate","PathToVictory"],"picked":"SKIP","floor":5.0},{"not_picked":["WaveOfTheHand","Perseverance","SandsOfTime"],"picked":"SKIP","floor":6.0},{"not_picked":["Swivel","BowlingBash"],"picked":"ForeignInfluence","floor":8.0},{"not_picked":["Consecrate","FollowUp"],"picked":"FearNoEvil","floor":10.0},{"not_picked":["Nirvana","WreathOfFlame"],"picked":"CarveReality","floor":12.0},{"not_picked":["CutThroughFate","Crescendo"],"picked":"Ragnarok","floor":13.0},{"not_picked":["Devotion","Judgement"],"picked":"Blasphemy","floor":16.0},{"not_picked":["ClearTheMind","Consecrate"],"picked":"Adaptation","floor":18.0},{"not_picked":["Evaluate","InnerPeace"],"picked":"FearNoEvil","floor":20.0},{"not_picked":["PathToVictory","FollowUp"],"picked":"SashWhip+1","floor":21.0},{"not_picked":["Crescendo","WreathOfFlame","CutThroughFate"],"picked":"SKIP","floor":22.0},{"not_picked":["DeceiveReality","ConjureBlade"],"picked":"Meditate","floor":25.0},{"not_picked":["JustLucky","Swivel"],"picked":"EmptyBody","floor":28.0},{"not_picked":["WheelKick","BattleHymn"],"picked":"ThirdEye+1","floor":29.0},{"not_picked":["FlurryOfBlows","JustLucky","Consecrate"],"picked":"SKIP","floor":31.0},{"not_picked":["Devotion","Judgement+1"],"picked":"Vault+1","floor":33.0},{"not_picked":["ClearTheMind+1","Fasting2","FlyingSleeves"],"picked":"SKIP","floor":35.0},{"not_picked":["Pray+1","Indignation+1"],"picked":"Wallop","floor":36.0},{"not_picked":["Fasting2","ThirdEye+1","Halt+1"],"picked":"SKIP","floor":38.0},{"not_picked":["FearNoEvil","EmptyFist+1"],"picked":"EmptyBody+1","floor":39.0},{"not_picked":["Adaptation","Pray+1"],"picked":"LessonLearned","floor":41.0},{"not_picked":["Flash of Steel","Dark Shackles+1"],"picked":"Blind+1","floor":45.0},{"not_picked":["Forethought+1","Panache"],"picked":"Finesse+1","floor":45.0},{"not_picked":["WindmillStrike+1","Sanctity+1"],"picked":"ThirdEye+1","floor":46.0},{"not_picked":["Meditate+1","CrushJoints+1","Crescendo+1"],"picked":"SKIP","floor":47.0},{"not_picked":["Halt+1","CrushJoints","ReachHeaven+1"],"picked":"SKIP","floor":48.0}],"player_experience":3429037,"relics_obtained":[{"floor":6.0,"key":"InkBottle"},{"floor":8.0,"key":"Regal Pillow"},{"floor":9.0,"key":"Potion Belt"},{"floor":13.0,"key":"Meat on the Bone"},{"floor":14.0,"key":"Lantern"},{"floor":25.0,"key":"Nunchaku"},{"floor":26.0,"key":"Dead Branch"},{"floor":29.0,"key":"Toxic Egg 2"},{"floor":31.0,"key":"Boot"},{"floor":41.0,"key":"Oddly Smooth Stone"},{"floor":46.0,"key":"Orichalcum"},{"floor":48.0,"key":"PreservedInsect"}],"event_choices":[{"damage_healed":0.0,"max_hp_gain":0.0,"max_hp_loss":0.0,"gold_gain":0.0,"event_name":"Living Wall","player_choice":"Grow","floor":2.0,"gold_loss":0.0,"damage_taken":0.0,"cards_upgraded":["EmptyFist"]},{"damage_healed":0.0,"max_hp_gain":0.0,"max_hp_loss":0.0,"gold_gain":0.0,"event_name":"Accursed Blacksmith","player_choice":"Rummage","floor":7.0,"gold_loss":0.0,"damage_taken":0.0,"relics_obtained":["WarpedTongs"],"cards_obtained":["Pain"]},{"damage_healed":0.0,"max_hp_gain":0.0,"max_hp_loss":21.0,"gold_gain":0.0,"event_name":"Vampires","player_choice":"Became a vampire","floor":24.0,"gold_loss":0.0,"damage_taken":0.0,"cards_obtained":["Bite","Bite","Bite","Bite","Bite"]},{"damage_healed":0.0,"max_hp_gain":0.0,"max_hp_loss":0.0,"gold_gain":0.0,"event_name":"Addict","player_choice":"Obtained Relic","floor":27.0,"gold_loss":85.0,"damage_taken":0.0,"relics_obtained":["Bronze Scales"]},{"damage_healed":0.0,"max_hp_gain":0.0,"max_hp_loss":0.0,"gold_gain":50.0,"event_name":"Golden Shrine","player_choice":"Pray","floor":37.0,"gold_loss":0.0,"damage_taken":0.0},{"damage_healed":0.0,"max_hp_gain":0.0,"max_hp_loss":3.0,"gold_gain":0.0,"event_name":"Winding Halls","player_choice":"Max HP","floor":42.0,"gold_loss":0.0,"damage_taken":0.0},{"damage_healed":0.0,"max_hp_gain":0.0,"max_hp_loss":0.0,"gold_gain":0.0,"event_name":"SensoryStone","player_choice":"Memory 2","floor":45.0,"gold_loss":0.0,"damage_taken":5.0}],"is_beta":false,"boss_relics":[{"not_picked":["Coffee Dripper","Runic Dome"],"picked":"SacredBark"},{"not_picked":["Philosopher\u0027s Stone","Sozu"],"picked":"Snecko Eye"}],"items_purged_floors":[19],"is_endless":false,"potions_floor_spawned":[5,10,12,13,18,21,29,31,33,35,36,41],"killed_by":"Awakened One","ascension_level":20}}