{"host":"qoeke2x4rq7deshq","time":1613885826,"event":{"mods":["2.2 Compatiblity","BaseMod","Colored Powertips","Curses Come First","Dark Map","Downfall","Minty Spire (QoL Compilation)","Rare Cards Sparkle","Reliquary","Replay The Spire","Spire Arcade","StSLib","The Blue Laboratory"],"gold_per_floor":[111,111,111,121,51,76,76,94,139,139,168,168,187,220,220,316,316,302,317,334,347,125,150,150,167,194,82,82,95,111,127,127,224,224,242,62,62,22,32,59,78,88,88,88,105,121,121,137,137,137,137,137,23,49,49],"floor_reached":56,"language":"ENG","playtime":5429,"items_purged":[],"score":1073,"play_id":"4983bdaa-1c78-4c81-abe8-2ee50787ae15","local_time":"20210220213706","is_ascension_mode":false,"campfire_choices":[{"data":"Infernal Blade","floor":7,"key":"SMITH"},{"data":"Entrench","floor":10,"key":"SMITH"},{"data":"Armaments","floor":12,"key":"SMITH"},{"floor":15,"key":"REST"},{"floor":24,"key":"REST"},{"floor":28,"key":"RECALL"},{"data":"Apotheosis","floor":32,"key":"SMITH"},{"data":"Barricade","floor":44,"key":"SMITH"},{"floor":47,"key":"REST"},{"floor":49,"key":"REST"},{"data":"Barricade+1","floor":52,"key":"SMITH"}],"circlet_count":0,"master_deck":["Strike_R","Strike_R","Strike_R","Defend_R","Defend_R","Defend_R","Defend_R","Bash","Armaments+1","Sever Soul","Infernal Blade+1","Power Through","Entrench+1","Body Slam","Shrug It Off","Juggernaut","Barricade+2","Warcry","Power Through+1","Ghostly Armor","Feed","Iron Wave","Clothesline+1","Apotheosis+1","Shrug It Off","Entrench","Eclipse","Shrug It Off+1","Double Tap","Intimidate+1","Metallicize","Metallicize","Infernal Blade","Armaments","Power Through","Dual Wield"],"relics":["Burning Blood","NeowsBlessing","reliquary:ExpiredCoupon","Darkstone Periapt","Bird Faced Urn","Painkiller Herb","Membership Card","Red Skull","Lantern","reliquary:BigHammer","Anchor","Medical Kit","ReplayTheSpireMod:Lightbulb","Replay:Ringing Soul","reliquary:Bookmark","reliquary:GummyVitamins"],"acts_visited":["Exordium","TheCity","TheBeyond","TheEnding"],"potions_floor_usage":[11,11,18,20,55,55],"damage_taken":[{"damage":0,"enemies":"2 Louse","floor":1,"turns":1},{"damage":0,"enemies":"Jaw Worm","floor":4,"turns":1},{"damage":0,"enemies":"3 Sentries","floor":6,"turns":2},{"damage":6,"enemies":"Cultist","floor":8,"turns":3},{"damage":16,"enemies":"Lagavulin","floor":11,"turns":6},{"damage":12,"enemies":"Lots of Slimes","floor":13,"turns":5},{"damage":42,"enemies":"Gremlin Nob","floor":14,"turns":5},{"damage":26,"enemies":"Hexaghost","floor":16,"turns":11},{"damage":17,"enemies":"2 Thieves","floor":18,"turns":4},{"damage":22,"enemies":"3 Byrds","floor":19,"turns":5},{"damage":16,"enemies":"3 Cultists","floor":20,"turns":5},{"damage":2,"enemies":"Centurion and Healer","floor":21,"turns":9},{"damage":19,"enemies":"Slavers","floor":23,"turns":6},{"damage":0,"enemies":"Snecko","floor":25,"turns":6},{"damage":11,"enemies":"Cultist and Chosen","floor":29,"turns":8},{"damage":2,"enemies":"3 Cultists","floor":30,"turns":6},{"damage":0,"enemies":"Shelled Parasite and Fungi","floor":31,"turns":4},{"damage":13,"enemies":"Champ","floor":33,"turns":8},{"damage":36,"enemies":"3 Darklings","floor":35,"turns":8},{"damage":27,"enemies":"3 Shapes","floor":39,"turns":5},{"damage":3,"enemies":"Giant Head","floor":40,"turns":8},{"damage":0,"enemies":"Sphere and 2 Shapes","floor":41,"turns":7},{"damage":37,"enemies":"Jaw Worm Horde","floor":42,"turns":6},{"damage":31,"enemies":"3 Darklings","floor":45,"turns":9},{"damage":21,"enemies":"Transient","floor":46,"turns":5},{"damage":0,"enemies":"Jaw Worm Horde","floor":48,"turns":5},{"damage":0,"enemies":"Replay:Hell Engine","floor":50,"turns":12},{"damage":0,"enemies":"Shield and Spear","floor":54,"turns":16},{"damage":37,"enemies":"The Heart","floor":55,"turns":13}],"seed_played":"1350059717510618338","potions_obtained":[{"floor":1,"key":"AttackPotion"},{"floor":6,"key":"blueLaboratory:SmithPotion"},{"floor":13,"key":"Explosive Potion"},{"floor":14,"key":"blueLaboratory:EnragingPotion"},{"floor":19,"key":"champ:CounterPotion"},{"floor":21,"key":"BlessingOfTheForge"},{"floor":25,"key":"Guardian:BlockOnCardUsePotion"},{"floor":29,"key":"blueLaboratory:Moonshine"}],"is_trial":false,"path_per_floor":["M","?","?","M","$","E","R","M","T","R","E","R","M","E","R","B",null,"?","?","?","?","T","E","T","?","T","T","T","?","?","?","T","B",null,"?","T","?","T","?","E","?","?","T","T","?","?","T","?","T","B",null,"T","T","E","B",null],"character_chosen":"IRONCLAD","items_purchased":["Infernal Blade","Membership Card","FairyPotion","Iron Wave","Apotheosis","Shrug It Off","Anchor","Metallicize","Medical Kit","Metallicize","Dual Wield","reliquary:Bookmark"],"campfire_rested":4,"item_purchase_floors":[5,22,22,22,27,27,36,36,36,38,53,53],"current_hp_per_floor":[80,80,80,80,80,80,80,80,80,80,70,70,64,28,52,34,80,69,55,47,55,55,47,71,81,81,81,81,84,91,95,95,90,95,67,67,67,67,50,61,75,50,50,50,36,27,56,66,95,98,98,98,101,101,72],"gold":49,"neow_bonus":"THREE_ENEMY_KILL","is_daily":false,"chose_seed":false,"campfire_upgraded":6,"win_rate":0.0,"timestamp":1613885826,"path_taken":["M","?","?","?","$","E","R","?","T","R","E","R","M","E","R","BOSS","?","?","?","?","T","E","T","?","T","T","T","?","?","?","T","BOSS","?","T","?","T","?","E","?","?","T","T","?","?","T","?","T","BOSS","T","T","E","BOSS"],"items_purchased_type":["Card","Relic","Potion","Card","Card","Card","Relic","Card","Relic","Card","Card","Relic"],"build_version":"2020-12-22","purchased_purges":0,"victory":true,"max_hp_per_floor":[80,80,80,80,80,80,80,80,80,80,80,80,80,80,80,80,80,80,80,80,80,80,83,83,83,83,83,83,87,91,95,95,95,95,95,95,95,95,95,95,95,95,95,95,98,98,98,98,98,98,98,98,101,101,101],"card_choices":[{"not_picked":["Power Through","ReplayTheSpireMod:Strike From Hell"],"picked":"Armaments","floor":1},{"not_picked":["Run Through","Thunderclap"],"picked":"Sever Soul","floor":4},{"not_picked":["Blood for Blood","Sever Soul"],"picked":"Power Through","floor":6},{"not_picked":["ReplayTheSpireMod:Strike From Hell","Sentinel"],"picked":"Entrench","floor":8},{"not_picked":["Burning Pact","Sword Boomerang"],"picked":"Body Slam","floor":11},{"not_picked":["Spot Weakness","Body Slam"],"picked":"Shrug It Off","floor":13},{"not_picked":["Headbutt","Uppercut"],"picked":"Juggernaut","floor":14},{"not_picked":["Hemogenesis","Limit Break"],"picked":"Barricade","floor":16},{"not_picked":["Clothesline","Cleave"],"picked":"Warcry","floor":18},{"not_picked":["Flex+1","Iron Wave"],"picked":"Power Through+1","floor":19},{"not_picked":["Wild Strike+1","Havoc+1"],"picked":"Ghostly Armor","floor":20},{"not_picked":["Inflame+1","Replay:Undeath\u0027s Touch"],"picked":"Feed","floor":21},{"not_picked":["Cleave+1","Armaments","Clothesline"],"picked":"SKIP","floor":23},{"not_picked":["Sword Boomerang+1","ReplayTheSpireMod:Strike From Hell"],"picked":"Clothesline+1","floor":25},{"not_picked":["Clothesline","Replay:Undeath\u0027s Touch"],"picked":"Entrench","floor":29},{"not_picked":["Body Slam","Replay:Undeath\u0027s Touch+1"],"picked":"Eclipse","floor":30},{"not_picked":["Clash+1","Body Slam"],"picked":"Shrug It Off+1","floor":31},{"not_picked":["Hemogenesis","Immolate"],"picked":"Double Tap","floor":33},{"not_picked":["Iron Wave","Dual Wield+1"],"picked":"Intimidate+1","floor":35},{"not_picked":["Twin Strike+1","Massacre+1"],"picked":"Infernal Blade","floor":39},{"not_picked":["Flex+1","Replay:Undeath\u0027s Touch+1","ReplayTheSpireMod:Limb From Limb"],"picked":"SKIP","floor":40},{"not_picked":["Thunderclap+1","Pommel Strike"],"picked":"Armaments","floor":41},{"not_picked":["Intimidate+1","Reckless Charge+1","True Grit"],"picked":"SKIP","floor":42},{"not_picked":["ReplayTheSpireMod:LeadingStrike","Feel No Pain+1"],"picked":"Power Through","floor":45},{"not_picked":["Flex","Fiend Fire","Reckless Charge+1"],"picked":"SKIP","floor":46},{"not_picked":["Perfected Strike+1","Abandon","Replay:Undeath\u0027s Touch+1"],"picked":"SKIP","floor":48},{"not_picked":["Pommel Strike","Clothesline+1","Massacre"],"picked":"SKIP","floor":54}],"player_experience":326861,"relics_obtained":[{"floor":6,"key":"reliquary:ExpiredCoupon"},{"floor":11,"key":"Darkstone Periapt"},{"floor":14,"key":"Bird Faced Urn"},{"floor":23,"key":"Red Skull"},{"floor":26,"key":"Lantern"},{"floor":40,"key":"ReplayTheSpireMod:Lightbulb"},{"floor":43,"key":"Replay:Ringing Soul"},{"floor":54,"key":"reliquary:GummyVitamins"}],"event_choices":[{"damage_healed":0,"gold_gain":0,"player_choice":"Ignored","damage_taken":0,"max_hp_gain":0,"max_hp_loss":0,"event_name":"Golden Wing","floor":2,"gold_loss":0},{"cards_removed":["Strike_R"],"damage_healed":0,"gold_gain":0,"player_choice":"Purged","damage_taken":0,"max_hp_gain":0,"max_hp_loss":0,"event_name":"Purifier","floor":3,"gold_loss":0},{"cards_removed":["Strike_R"],"damage_healed":0,"gold_gain":0,"player_choice":"Purged","damage_taken":0,"max_hp_gain":0,"max_hp_loss":0,"event_name":"Purifier","floor":37,"gold_loss":0}],"is_beta":false,"boss_relics":[{"not_picked":["SlaversCollar","Fusion Hammer"],"picked":"Painkiller Herb"},{"not_picked":["Replay:Drink Me","Calling Bell"],"picked":"reliquary:BigHammer"}],"items_purged_floors":[],"is_endless":false,"potions_floor_spawned":[1,6,13,14,19,21,25,29,30,39,40,42,45,54],"ascension_level":0}}