{"host":"uv231blk40vjdojr","time":1613925858,"event":{"mods":["BaseMod","Minty Spire (QoL Compilation)","Relic Stats","ojb\u0027s Info Mod"],"gold_per_floor":[109,125,125,150,150,150,150,189,189,189,364,364,47,81,81,207,207,231,231,254,272,26,26,41,61,61,61,99,28,28,28,28],"floor_reached":31,"language":"ENG","playtime":1249,"items_purged":["Doubt","Strike_P"],"score":454,"play_id":"911a1ab8-973e-4f4e-b26d-a2c785b895d5","local_time":"20210221174418","is_ascension_mode":true,"campfire_choices":[{"data":"ReachHeaven","floor":6,"key":"SMITH"},{"data":"ConjureBlade","floor":10,"key":"SMITH"},{"data":"Halt","floor":12,"key":"SMITH"},{"data":"EmptyFist","floor":15,"key":"SMITH"},{"floor":23,"key":"REST"},{"data":"ConjureBlade","floor":27,"key":"SMITH"}],"circlet_count":0,"master_deck":["Strike_P","Strike_P","Strike_P","Defend_P","Defend_P","Defend_P","Defend_P","Eruption+1","Vigilance","Halt+1","EmptyFist+1","ReachHeaven+1","ConjureBlade+1","MentalFortress+1","SpiritShield","Wireheading+1","ConjureBlade+1","Nirvana+1","Judgement","FollowUp+1","Meditate+1","TalkToTheHand","SpiritShield+1"],"relics":["Runic Pyramid","Golden Idol","Darkstone Periapt","Lantern","Vajra","Frozen Egg 2","Blood Vial","SlaversCollar","Medical Kit","Toxic Egg 2","TeardropLocket"],"acts_visited":["Exordium","TheCity"],"potions_floor_usage":[4,8,14,25,28,28,31],"damage_taken":[{"damage":0,"enemies":"Cultist","floor":1,"turns":2},{"damage":0,"enemies":"Jaw Worm","floor":2,"turns":3},{"damage":0,"enemies":"2 Louse","floor":4,"turns":2},{"damage":7,"enemies":"3 Sentries","floor":8,"turns":4},{"damage":0,"enemies":"Gremlin Nob","floor":14,"turns":3},{"damage":0,"enemies":"Slime Boss","floor":16,"turns":4},{"damage":0,"enemies":"Chosen","floor":18,"turns":3},{"damage":19,"enemies":"3 Byrds","floor":20,"turns":6},{"damage":22,"enemies":"Centurion and Healer","floor":21,"turns":6},{"damage":10,"enemies":"Cultist and Chosen","floor":24,"turns":5},{"damage":4,"enemies":"Shelled Parasite and Fungi","floor":25,"turns":7},{"damage":53,"enemies":"Slavers","floor":28,"turns":5},{"damage":19,"enemies":"Book of Stabbing","floor":31,"turns":4}],"seed_played":"-6812023828428848483","potions_obtained":[{"floor":1,"key":"EntropicBrew"},{"floor":16,"key":"Strength Potion"},{"floor":18,"key":"FairyPotion"},{"floor":25,"key":"Energy Potion"},{"floor":28,"key":"SkillPotion"}],"is_trial":false,"path_per_floor":["M","M","?","M","?","R","?","E","T","R","?","R","$","E","R","B",null,"M","?","M","M","$","R","M","M","T","R","E","$","?","E"],"character_chosen":"WATCHER","items_purchased":["Frozen Egg 2","Medical Kit","TalkToTheHand"],"campfire_rested":1,"item_purchase_floors":[13,22,29],"current_hp_per_floor":[65,65,65,65,65,65,32,25,25,25,31,31,31,31,31,33,63,65,65,48,28,28,49,41,39,39,39,12,12,12,0,0],"gold":28,"neow_bonus":"BOSS_RELIC","is_daily":false,"chose_seed":false,"campfire_upgraded":5,"win_rate":0.0,"timestamp":1613925858,"path_taken":["M","M","?","M","?","R","?","E","T","R","?","R","$","E","R","BOSS","M","?","?","M","$","R","M","?","T","R","E","$","?","E"],"items_purchased_type":["Relic","Relic","Card"],"build_version":"2020-12-22","purchased_purges":2,"victory":false,"max_hp_per_floor":[72,72,67,67,67,67,67,67,67,67,73,73,73,73,73,73,73,73,73,73,73,73,73,73,73,73,73,73,73,73,73,73],"relic_stats":{"Darkstone Periapt":6,"Blood Vial":16,"counters":[13,54],"Golden Idol":74,"Medical Kit":[0],"obtain_stats":[{"Darkstone Periapt":7,"Blood Vial":14,"SlaversCollar":17,"Lantern":8,"Golden Idol":3,"Vajra":9,"TeardropLocket":28,"PureWater":0,"Frozen Egg 2":13,"Toxic Egg 2":26,"Medical Kit":22,"Runic Pyramid":0},{"Darkstone Periapt":3,"Blood Vial":5,"SlaversCollar":6,"Lantern":4,"Golden Idol":2,"Vajra":4,"TeardropLocket":12,"PureWater":0,"Frozen Egg 2":4,"Toxic Egg 2":11,"Medical Kit":9,"Runic Pyramid":0},{"Darkstone Periapt":7,"Blood Vial":14,"SlaversCollar":18,"Lantern":11,"Golden Idol":5,"Vajra":11,"TeardropLocket":50,"PureWater":0,"Frozen Egg 2":11,"Toxic Egg 2":45,"Medical Kit":33,"Runic Pyramid":0}]},"card_choices":[{"not_picked":["JustLucky","WaveOfTheHand"],"picked":"Halt","floor":1},{"not_picked":["FlurryOfBlows","ClearTheMind"],"picked":"EmptyFist","floor":2},{"not_picked":["Protect","JustLucky"],"picked":"ReachHeaven","floor":4},{"not_picked":["EmptyFist","BowlingBash"],"picked":"ConjureBlade","floor":8},{"not_picked":["FlurryOfBlows","ThirdEye"],"picked":"MentalFortress+1","floor":14},{"not_picked":["Judgement","Wish"],"picked":"SpiritShield","floor":16},{"not_picked":["JustLucky","Vengeance"],"picked":"Wireheading+1","floor":18},{"not_picked":["EmptyBody","ClearTheMind+1"],"picked":"Nirvana+1","floor":20},{"not_picked":["PathToVictory","WindmillStrike","Evaluate"],"picked":"SKIP","floor":21},{"not_picked":["Vengeance","Prostrate+1"],"picked":"Judgement","floor":24},{"not_picked":["SashWhip","EmptyMind"],"picked":"FollowUp+1","floor":25},{"not_picked":["MentalFortress+1","Halt+1"],"picked":"Meditate+1","floor":28}],"player_experience":787422,"relics_obtained":[{"floor":8,"key":"Lantern"},{"floor":9,"key":"Vajra"},{"floor":14,"key":"Blood Vial"},{"floor":26,"key":"Toxic Egg 2"},{"floor":28,"key":"TeardropLocket"}],"event_choices":[{"damage_healed":0,"gold_gain":0,"player_choice":"Lose Max HP","damage_taken":0,"relics_obtained":["Golden Idol"],"max_hp_gain":0,"max_hp_loss":5,"event_name":"Golden Idol","floor":3,"gold_loss":0},{"damage_healed":0,"gold_gain":0,"player_choice":"Grow","damage_taken":0,"max_hp_gain":0,"max_hp_loss":0,"event_name":"Living Wall","floor":5,"gold_loss":0,"cards_upgraded":["Eruption"]},{"damage_healed":0,"gold_gain":0,"player_choice":"Success","damage_taken":33,"relics_obtained":["Darkstone Periapt"],"max_hp_gain":0,"max_hp_loss":0,"event_name":"Scrap Ooze","floor":7,"gold_loss":0},{"damage_healed":0,"gold_gain":175,"player_choice":"AGREE","damage_taken":0,"max_hp_gain":0,"max_hp_loss":0,"event_name":"Liars Game","floor":11,"gold_loss":0,"cards_obtained":["Doubt"]},{"damage_healed":0,"gold_gain":0,"player_choice":"1 cards matched","damage_taken":0,"max_hp_gain":0,"max_hp_loss":0,"event_name":"Match and Keep!","floor":19,"gold_loss":0,"cards_obtained":["ConjureBlade"]},{"damage_healed":0,"gold_gain":0,"player_choice":"Copied","damage_taken":0,"max_hp_gain":0,"max_hp_loss":0,"event_name":"Duplicator","floor":30,"gold_loss":0,"cards_obtained":["SpiritShield"]}],"is_beta":false,"boss_relics":[{"not_picked":["Calling Bell","Tiny House"],"picked":"SlaversCollar"}],"items_purged_floors":[13,22],"is_endless":false,"potions_floor_spawned":[1,4,16,18,20,25,28],"killed_by":"Book of Stabbing","ascension_level":7}}