{"host":"0fupymmp6wdjyqoi","time":1613932773,"event":{"mods":["BaseMod","Bestiary","Clockwork Mod","Conspire","Downfall","GifTheSpireLib","Hubris","Infinite Spire","Minty Spire (QoL Compilation)","Replay The Spire","StSLib","The Construct","The Senshi"],"gold_per_floor":[112,112,64,79,98,98,125,125,125,125,140,140,151,168,168,270,270,285,303,321,335,349,349,382,135,181,181,181],"floor_reached":27,"language":"ENG","playtime":2477,"items_purged":["Strike_G"],"score":227,"play_id":"566624d0-541c-4413-8598-b54ab8d3d6f7","local_time":"20210221193933","is_ascension_mode":false,"campfire_choices":[{"data":"Deadly Poison","floor":6,"key":"SMITH"},{"data":"Poisoned Stab","floor":10,"key":"SMITH"},{"floor":12,"key":"REST"},{"floor":23,"key":"REST"}],"circlet_count":0,"master_deck":["Strike_G","Strike_G","Strike_G","Defend_G","Defend_G","Defend_G","Defend_G","Defend_G","Survivor","Neutralize","Deadly Poison+1","Dagger Throw","Bane","Flying Knee+1","Bane","Poisoned Stab+1","Footwork","Bouncing Flask","Poison Darts","Replay:Bag of Tricks","Draining Mist","Deflect","Draining Mist","Bane","Deflect","Noxious Fumes","Specialist"],"relics":["Ring of the Snake","Odd Mushroom","hubris:Zylophone","Meat on the Bone","Juzu Bracelet"],"acts_visited":["Exordium","TheCity"],"potions_floor_usage":[27,27,27],"damage_taken":[{"damage":0,"enemies":"Small Slimes","floor":1,"turns":5},{"damage":0,"enemies":"2 Louse","floor":4,"turns":3},{"damage":8,"enemies":"infinitespire:Voidling","floor":5,"turns":4},{"damage":22,"enemies":"The Mushroom Lair","floor":7,"turns":6},{"damage":5,"enemies":"3 Louse","floor":11,"turns":4},{"damage":0,"enemies":"Looter","floor":13,"turns":3},{"damage":1,"enemies":"Exordium Wildlife","floor":14,"turns":5},{"damage":54,"enemies":"Slime Boss","floor":16,"turns":10},{"damage":0,"enemies":"Spheric Guardian","floor":18,"turns":3},{"damage":0,"enemies":"Chosen","floor":19,"turns":4},{"damage":26,"enemies":"Shelled Parasite and Fungi","floor":20,"turns":5},{"damage":10,"enemies":"Sentry and Sphere","floor":21,"turns":5},{"damage":25,"enemies":"conspire:HollyBat","floor":22,"turns":7},{"damage":21,"enemies":"conspire:Head Lice","floor":24,"turns":5},{"damage":13,"enemies":"Snecko","floor":27,"turns":3}],"seed_played":"-1021982425706908591","potions_obtained":[{"floor":1,"key":"Adrenaline Potion"},{"floor":5,"key":"ColorlessPotion"},{"floor":11,"key":"Strength Potion"},{"floor":18,"key":"DuplicationPotion"}],"is_trial":false,"path_per_floor":["M","?","$","M","M","R","?","?","T","R","M","R","M","M","R","B",null,"M","M","M","M","M","R","E","$","T","M"],"character_chosen":"THE_SILENT","items_purchased":["Bane","Noxious Fumes","Specialist"],"campfire_rested":2,"item_purchase_floors":[3,25,25],"current_hp_per_floor":[70,70,70,70,69,69,47,40,40,40,35,56,56,55,70,16,70,70,70,44,34,9,30,9,9,9,0,0],"gold":181,"neow_bonus":"RANDOM_EVENT","is_daily":false,"chose_seed":false,"campfire_upgraded":2,"win_rate":0.0,"timestamp":1613932773,"path_taken":["M","?","$","M","M","R","?","?","T","R","M","R","M","M","R","BOSS","M","M","M","M","M","R","E","$","T","M"],"items_purchased_type":["Card","Card","Card"],"build_version":"2020-12-22","purchased_purges":1,"victory":false,"max_hp_per_floor":[70,70,70,70,70,70,70,70,70,70,70,70,70,70,70,70,70,70,70,70,70,70,70,70,70,70,70,70],"card_choices":[{"not_picked":["Slice","hubris:SlightOfHand"],"picked":"Dagger Throw","floor":1},{"not_picked":["Quick Slash","Dagger Spray"],"picked":"Flying Knee","floor":4},{"not_picked":["Fluid Movement","Skewer"],"picked":"Bane","floor":5},{"not_picked":["Underhanded Strike","Outmaneuver"],"picked":"Poisoned Stab","floor":7},{"not_picked":["Dodge and Roll","hubris:SlightOfHand"],"picked":"Footwork","floor":11},{"not_picked":["Dagger Throw","Flechettes"],"picked":"Bouncing Flask","floor":13},{"not_picked":["Skewer","Draining Mist"],"picked":"Poison Darts","floor":14},{"not_picked":["ReplayTheSpireMod:From All Sides","Phantasmal Killer"],"picked":"Replay:Bag of Tricks","floor":16},{"not_picked":["Prepared","Sucker Punch"],"picked":"Draining Mist","floor":18},{"not_picked":["Slice","Dodge and Roll"],"picked":"Deflect","floor":19},{"not_picked":["Flying Knee","Backstab+1"],"picked":"Draining Mist","floor":20},{"not_picked":["Blade Dance","Underhanded Strike"],"picked":"Bane","floor":21},{"not_picked":["Dagger Throw","Hidden Blade","Choke"],"picked":"SKIP","floor":22},{"not_picked":["Slice","Blur+1"],"picked":"Deflect","floor":24}],"player_experience":69422,"relics_obtained":[{"floor":7,"key":"Odd Mushroom"},{"floor":9,"key":"hubris:Zylophone"},{"floor":24,"key":"Meat on the Bone"},{"floor":26,"key":"Juzu Bracelet"}],"event_choices":[{"damage_healed":0,"gold_gain":0,"player_choice":"Fought Mushrooms","damage_taken":0,"max_hp_gain":0,"max_hp_loss":0,"event_name":"Mushrooms","floor":7,"gold_loss":0},{"cards_removed":["Strike_G"],"damage_healed":0,"gold_gain":0,"player_choice":"Card Removal","damage_taken":7,"max_hp_gain":0,"max_hp_loss":0,"event_name":"Golden Wing","floor":8,"gold_loss":0}],"is_beta":false,"boss_relics":[{"not_picked":["hubris:BlackHole","Velvet Choker","Philosopher\u0027s Stone"]}],"items_purged_floors":[25],"is_endless":false,"potions_floor_spawned":[1,5,11,16,18,21],"killed_by":"Snecko","ascension_level":0}}