{"host":"ne5hixkhdtkevwwo","time":1613867531,"event":{"mods":["BaseMod","Downfall","Infinite Spire","Minty Spire (QoL Compilation)","Relic Stats","StSLib"],"gold_per_floor":[13,13,13,13,23,55,70,70,123,150,22,22,51,51,51,51,51,51],"floor_reached":16,"language":"ENG","playtime":510,"items_purged":["bronze:Defend"],"score":212,"play_id":"8e3dd4e5-fb4f-47e1-b857-35af1a1ef028","local_time":"20210221013211","is_ascension_mode":true,"campfire_choices":[{"data":"bronze:BronzeOrb","floor":8,"key":"SMITH"},{"data":"bronze:Iterate","floor":12,"key":"SMITH"},{"data":"bronze:Shell","floor":15,"key":"SMITH"}],"circlet_count":0,"master_deck":["AscendersBane","bronze:Strike","bronze:Strike","bronze:Strike","bronze:Defend+1","bronze:Defend+1","bronze:Defend","bronze:Replicate","bronze:Goto","bronze:Philosophize+1","bronze:BronzeOrb+1","bronze:Flail","bronze:Iterate+1","bronze:Frontload","bronze:Shell+1"],"relics":["bronze:BronzeCore","War Paint","Centennial Puzzle","infinitespire:Bottled Soul","hexamod:BolsterEngine"],"acts_visited":["Exordium"],"potions_floor_usage":[10,13],"damage_taken":[{"damage":14,"enemies":"Small Slimes","floor":1,"turns":5},{"damage":3,"enemies":"2 Louse","floor":5,"turns":3},{"damage":0,"enemies":"Lagavulin","floor":6,"turns":1},{"damage":1,"enemies":"Jaw Worm","floor":7,"turns":4},{"damage":16,"enemies":"Gremlin Nob","floor":10,"turns":3},{"damage":1,"enemies":"3 Sentries","floor":13,"turns":2},{"damage":26,"enemies":"Hexaghost","floor":16,"turns":9}],"seed_played":"-6961385898563892344","potions_obtained":[{"floor":5,"key":"PowerPotion"},{"floor":7,"key":"FearPotion"}],"is_trial":false,"path_per_floor":["M","?","?","?","M","E","M","R","T","E","$","R","E","?","R","B"],"character_chosen":"THE_AUTOMATON","items_purchased":["bronze:Frontload"],"campfire_rested":0,"item_purchase_floors":[11],"current_hp_per_floor":[63,63,42,42,39,39,38,38,38,22,22,22,21,21,21,0,0,0],"gold":51,"neow_bonus":"TWENTY_PERCENT_HP_BONUS","is_daily":false,"chose_seed":false,"campfire_upgraded":3,"win_rate":0.0,"timestamp":1613867531,"path_taken":["M","?","?","?","M","E","M","R","T","E","$","R","E","?","R","BOSS"],"items_purchased_type":["Card"],"build_version":"2020-12-22","purchased_purges":1,"victory":false,"max_hp_per_floor":[84,84,84,84,84,84,84,84,84,84,84,84,84,84,84,84,84,84],"relic_stats":{"Centennial Puzzle":[9],"counters":[7,27],"War Paint":["bronze:Defend","bronze:Defend"],"obtain_stats":[{"Centennial Puzzle":9,"bronze:BronzeCore":0,"infinitespire:Bottled Soul":10,"War Paint":6,"hexamod:BolsterEngine":13},{"Centennial Puzzle":4,"bronze:BronzeCore":0,"infinitespire:Bottled Soul":5,"War Paint":3,"hexamod:BolsterEngine":6},{"Centennial Puzzle":13,"bronze:BronzeCore":0,"infinitespire:Bottled Soul":16,"War Paint":9,"hexamod:BolsterEngine":18}]},"card_choices":[{"not_picked":["bronze:ForLoop","bronze:BuggyMess","bronze:Refactor"],"picked":"SKIP","floor":1},{"not_picked":["infinitespire:Punishment","infinitespire:Execution"],"picked":"infinitespire:SealOfDarkness+","floor":3},{"not_picked":["bronze:Shell","bronze:ChosenStrike","bronze:BugBarrage"],"picked":"SKIP","floor":5},{"not_picked":["bronze:Turbo","bronze:ChildClass"],"picked":"bronze:BronzeOrb","floor":6},{"not_picked":["bronze:Shell","bronze:Separator"],"picked":"bronze:Flail","floor":7},{"not_picked":["bronze:Deprecate","bronze:CutThrough"],"picked":"bronze:Iterate","floor":10},{"not_picked":["bronze:WhirlingStrike","bronze:Repulsor"],"picked":"bronze:Shell","floor":13}],"player_experience":1099663,"relics_obtained":[{"floor":6,"key":"War Paint"},{"floor":9,"key":"Centennial Puzzle"},{"floor":10,"key":"infinitespire:Bottled Soul"},{"floor":13,"key":"hexamod:BolsterEngine"}],"event_choices":[{"damage_healed":0,"gold_gain":0,"player_choice":"Grow","damage_taken":0,"max_hp_gain":0,"max_hp_loss":0,"event_name":"Living Wall","floor":4,"gold_loss":0,"cards_upgraded":["bronze:Philosophize"]}],"is_beta":false,"boss_relics":[],"items_purged_floors":[11],"is_endless":false,"potions_floor_spawned":[5,7],"killed_by":"Hexaghost","ascension_level":10}}