{"host":"faxec7zdkweurczj","time":1613907975,"event":{"mods":["Ascension Reborn","BaseMod","Colored Powertips","Conspire","Highlight Path","Minty Spire (QoL Compilation)","Replay The Spire","Shop Mod","StSLib","TestMod","[IsaacMod]ÒÔÈö¼âËþ","óô»ðÖ¸ÄÏ"],"gold_per_floor":[111,129,219,237,237,275,275,298,360,383,13,54,264,302,302,423,423,437,437,437,459,384,422,422,454,486,486,499,511,79,4,4,4,4],"floor_reached":33,"language":"ZHS","playtime":1400,"items_purged":["Strike_R+1","Strike_R+1","Doubt","Strike_R+1"],"score":75,"play_id":"e3e7a104-7dc6-4bac-88c2-00e62835eb6e","local_time":"20210221194615","is_ascension_mode":true,"campfire_choices":[{"data":"Heavy Blade","floor":7.0,"key":"SMITH"},{"data":"Cleave","floor":15.0,"key":"SMITH"},{"data":"Cleave","floor":24,"key":"SMITH"},{"data":"Feed","floor":27,"key":"SMITH"},{"data":"Demon Form","floor":32,"key":"SMITH"}],"circlet_count":0,"master_deck":["Strike_R+1","Defend_R+1","Defend_R+1","Defend_R+1","Bash+1","Heavy Blade+1","Rampage+1","Cleave+1","Metallicize","Cleave+1","Feed+1","Body Slam+1","Demon Form+1"],"relics":["Burning Blood","testmod-TestBox","HushsDoor","testmod-BatchProcessingSystem","BookOfRevelations","NeowsBlessing","Replay:WaspNest","Oddly Smooth Stone","Pet Ghost","Strawberry","PreservedInsect","Eternal Feather","Bronze Scales","Calipers","SacredBark","Damocles","Gremlin Food","Kunai","UnicornStump","BookofShadows","conspire:BottledYoYo","DeathBook","Juzu Bracelet","Singing Bowl","Blood Vial","BlankCard"],"acts_visited":["Exordium","TheCity"],"potions_floor_usage":[],"damage_taken":[{"damage":0.0,"enemies":"2 Louse","floor":1.0,"turns":1.0},{"damage":0.0,"enemies":"Jaw Worm","floor":2.0,"turns":1.0},{"damage":0.0,"enemies":"Small Slimes","floor":4.0,"turns":1.0},{"damage":6.0,"enemies":"Lagavulin","floor":6.0,"turns":3.0},{"damage":0.0,"enemies":"Looter","floor":8.0,"turns":2.0},{"damage":0.0,"enemies":"Large Slime","floor":10.0,"turns":3.0},{"damage":0.0,"enemies":"3 Sentries","floor":12.0,"turns":2.0},{"damage":0.0,"enemies":"Gremlin Nob","floor":14.0,"turns":2.0},{"damage":0.0,"enemies":"Hexaghost","floor":16.0,"turns":4.0},{"damage":0,"enemies":"conspire:FuzzyDice","floor":18,"turns":6},{"damage":0,"enemies":"Chosen","floor":21,"turns":3},{"damage":0,"enemies":"Slavers","floor":23,"turns":2},{"damage":0,"enemies":"Replay:Snechameleon","floor":25,"turns":3},{"damage":0,"enemies":"Snake Plant","floor":28,"turns":1},{"damage":0,"enemies":"Snecko","floor":29,"turns":3},{"damage":0,"enemies":"conspire:MysteriousRune","floor":33,"turns":1}],"seed_played":"7077078518386583590","potions_obtained":[{"floor":1.0,"key":"EssenceOfSteel"},{"floor":4.0,"key":"DuplicationPotion"},{"floor":10.0,"key":"Strength Potion"}],"is_trial":false,"path_per_floor":["M","M","?","M","?","E","R","M","T","M","$","E","?","E","R","B",null,"M","?","?","M","$","E","R","E","T","R","M","M","$","?","R","B"],"character_chosen":"IRONCLAD","items_purchased":["Strawberry","Metallicize","Cleave","PreservedInsect","Damocles","BlankCard","Demon Form"],"campfire_rested":0,"item_purchase_floors":[11,11,11,11,17,30,30],"current_hp_per_floor":[85,85,74,82,82,84,84,85,85,85,92,92,92,95,95,100,85,85,85,69,77,77,89,93,93,93,93,99,105,105,105,105,0,0],"gold":4,"neow_bonus":"THREE_ENEMY_KILL","is_daily":false,"chose_seed":false,"campfire_upgraded":5,"win_rate":0.0,"timestamp":1613907975,"path_taken":["M","M","?","M","?","E","R","?","T","M","$","E","?","E","R","BOSS","M","?","?","M","$","E","R","E","T","R","M","M","$","?","R","BOSS"],"items_purchased_type":["Relic","Card","Card","Relic","Relic","Relic","Card"],"build_version":"2020-12-22","purchased_purges":4,"victory":false,"max_hp_per_floor":[85,85,85,85,85,85,85,85,85,85,92,92,92,95,95,100,85,85,85,90,90,90,93,93,93,93,93,99,105,105,105,105,105,105],"card_choices":[{"not_picked":["Perfected Strike+1","Warcry"],"picked":"Heavy Blade","floor":1.0},{"not_picked":["Immolate","Headbutt+1","Sever Soul"],"picked":"SKIP","floor":2.0},{"not_picked":["Armaments","Anger","Heavy Blade+1"],"picked":"SKIP","floor":4.0},{"not_picked":["ReplayTheSpireMod:Stacked","Second Wind"],"picked":"Bomb","floor":6.0},{"not_picked":["Flame Barrier","Heavy Blade","Twin Strike"],"picked":"SKIP","floor":6.0},{"not_picked":["Heavy Blade","Double Tap","Bomb"],"picked":"SKIP","floor":8.0},{"not_picked":["Intimidate","Burning Pact+1"],"picked":"Cleave","floor":10.0},{"not_picked":["ReplayTheSpireMod:Strike From Hell+1","Iron Wave"],"picked":"Feed","floor":12.0},{"not_picked":["Havoc+1","Demonic Infusion","Bomb"],"picked":"SKIP","floor":12.0},{"not_picked":["Defy Death","ReplayTheSpireMod:Corrosion Curse","Carnage"],"picked":"SKIP","floor":14.0},{"not_picked":["Shrug It Off","Rampage","ReplayTheSpireMod:LeadingStrike"],"picked":"SKIP","floor":14.0},{"not_picked":["Intimidate+1","Whirlwind+1","True Grit"],"picked":"SKIP","floor":18},{"not_picked":["Dropkick+1","Run Through"],"picked":"Body Slam+1","floor":21},{"not_picked":["Flex+1","Replay:Undeath\u0027s Touch","Replay:Many Hands"],"picked":"SKIP","floor":23},{"not_picked":["ReplayReversal+1","Fire Breathing+1","conspire:Purge"],"picked":"SKIP","floor":25},{"not_picked":["Flex+1","ReplayTheSpireMod:Strike From Hell","Perfected Strike+1"],"picked":"Singing Bowl","floor":28},{"not_picked":["Clothesline","Iron Wave","Power Through"],"picked":"Singing Bowl","floor":29}],"player_experience":1257082,"relics_obtained":[{"floor":6.0,"key":"Replay:WaspNest"},{"floor":9.0,"key":"Oddly Smooth Stone"},{"floor":9.0,"key":"Pet Ghost"},{"floor":12.0,"key":"Eternal Feather"},{"floor":14.0,"key":"Bronze Scales"},{"floor":16.0,"key":"Calipers"},{"floor":18,"key":"Gremlin Food"},{"floor":21,"key":"Kunai"},{"floor":23,"key":"UnicornStump"},{"floor":23,"key":"BookofShadows"},{"floor":25,"key":"conspire:BottledYoYo"},{"floor":26,"key":"DeathBook"},{"floor":26,"key":"Juzu Bracelet"},{"floor":28,"key":"Singing Bowl"},{"floor":29,"key":"Blood Vial"}],"event_choices":[{"damage_healed":0.0,"max_hp_gain":0.0,"max_hp_loss":0.0,"gold_gain":75.0,"event_name":"World of Goop","player_choice":"Gather Gold","floor":3.0,"gold_loss":0.0,"damage_taken":11.0},{"damage_healed":0.0,"max_hp_gain":0.0,"max_hp_loss":0.0,"gold_gain":175.0,"event_name":"Liars Game","player_choice":"AGREE","floor":13.0,"gold_loss":0.0,"damage_taken":0.0,"cards_obtained":["Doubt"]},{"damage_healed":0,"gold_gain":0,"player_choice":"Shed Blood","damage_taken":21,"max_hp_gain":5,"max_hp_loss":0,"event_name":"Forgotten Altar","floor":20,"gold_loss":0},{"cards_removed":["Strike_R"],"damage_healed":0,"gold_gain":0,"player_choice":"Gave Gold","damage_taken":0,"max_hp_gain":0,"max_hp_loss":0,"event_name":"Beggar","floor":31,"gold_loss":75}],"is_beta":false,"boss_relics":[{"not_picked":["Replay:Grab Bag","testmod-CardMagician"],"picked":"SacredBark"},{"not_picked":[]}],"items_purged_floors":[11,17,22,30],"is_endless":false,"potions_floor_spawned":[8,10,12,14,18,21,23],"killed_by":"conspire:MysteriousRune","ascension_level":-20}}