{"host":"u0pt4wuoyrjgzhh2","time":1613938378,"event":{"mods":["ATMod(°¢èªMod)","AchievementEnabler","Act Like it!","Aspiration","BaseMod","Better Note","Better Vampires","Better-Laid Plans","BetterRewards","Block Reminder","Challenge The Spire","Colored Map","Colored Powertips","Conspire","Dota2Spire","Downfall","Gensokyo","Highlight Path","Hubris","Minty Spire (QoL Compilation)","Relic Filter Mod","Relic Stats","Reliquary","Replay The Spire","Shop Mod","Spicy Shops","StSLib","SuperFastMode","TestMod","Wide Potions","¡¾ÒÅÎï¿¨ÅÆ¡¿REMEMod"],"gold_per_floor":[99,49,449,449,449,449,449,49,98,135,135,191,207,207,224,229,259,367,367,367,400,550,568,582,433,433,477,516,566,666,682,382,431,461,580,580,580,58,58,84,103,23,23,81,81,137,137,155,155,155,177,179,179,235,35,35,36,42,42,42],"floor_reached":58,"language":"ZHS","playtime":4279,"items_purged":["bronze:Strike","bronze:Strike","bronze:Defend","bronze:Strike","bronze:Strike","bronze:Defend"],"score":926,"play_id":"f0fafc4e-2f58-4b89-842b-70ac107c94a6","local_time":"20210222041258","is_ascension_mode":false,"campfire_choices":[{"data":"bronze:Goto","floor":1.0,"key":"SMITH"},{"data":"Pot Of Greed","floor":11.0,"key":"SMITH"},{"data":"Pot Of Greed","floor":14.0,"key":"SMITH"},{"floor":20.0,"key":"RECALL"},{"data":"bronze:Return","floor":32.0,"key":"SMITH"},{"data":"bronze:Defend","floor":37.0,"key":"PURGE"},{"data":"Pot Of Greed","floor":45.0,"key":"SMITH"},{"data":"bronze:Virus","floor":47.0,"key":"SMITH"},{"data":"bronze:Branch","floor":49.0,"key":"SMITH"},{"data":"bronze:Optimize","floor":56,"key":"SMITH"}],"circlet_count":0,"master_deck":["bronze:Defend","bronze:Replicate","bronze:Goto+1","bronze:Format","conspire:SpireCoStock","bronze:Optimize+1","bronze:BitShift","bronze:Branch+1","Pot Of Greed+1","Pot Of Greed+1","bronze:ClassDefault","bronze:ChildClass","bronze:Verify","bronze:Return+1","bronze:Turbo+1","bronze:Repair+1","bronze:FineTuning","bronze:Overload","bronze:Virus+1","Pot Of Greed+1","bronze:Iterate+1","bronze:HardenedForm","bronze:FineTuning"],"relics":["bronze:BronzeCore","AT_ATBox","testmod-TestBox","downfall:HeartsMalice","testmod-Recursion","MerchantsRug","Grinning Jar","Dota2Spire:Mjollnir","testmod-NegativeEmotionEnhancer","conspire:GiftBox","Mirror","downfall:HeartBlessingRed","downfall:HeartBlessingGreen","downfall:HeartBlessingBlue","Dota2Spire:EtherealBlade","aspiration:SecretTechniqueScroll","reliquary:Vitrine","Mummified Hand","Mercury Hourglass","testmod-Muramasa","Bronze Scales"],"acts_visited":["Exordium","TheCity","TheBeyond","TheEnding"],"potions_floor_usage":[58],"damage_taken":[{"damage":0.0,"enemies":"2 Louse","floor":4.0,"turns":1.0},{"damage":0.0,"enemies":"Jaw Worm","floor":7.0,"turns":1.0},{"damage":0.0,"enemies":"downfall:FleeingMerchant","floor":8.0,"turns":1.0},{"damage":30.0,"enemies":"Gremlin Nob","floor":10.0,"turns":4.0},{"damage":5.0,"enemies":"Replay:BlueRogue","floor":12.0,"turns":3.0},{"damage":0.0,"enemies":"Cultist","floor":13.0,"turns":2.0},{"damage":3.0,"enemies":"Large Slime","floor":15.0,"turns":3.0},{"damage":4.0,"enemies":"Large Slime","floor":16.0,"turns":3.0},{"damage":0.0,"enemies":"Gremlin Gang","floor":17.0,"turns":3.0},{"damage":18.0,"enemies":"IC_STATUS_ARCHETYPE","floor":18.0,"turns":5.0},{"damage":19.0,"enemies":"conspire:FuzzyDice","floor":21.0,"turns":3.0},{"damage":15.0,"enemies":"Shell Parasite","floor":23.0,"turns":3.0},{"damage":16.0,"enemies":"Shelled Parasite and Fungi","floor":24.0,"turns":3.0},{"damage":5.0,"enemies":"downfall:FleeingMerchant","floor":25.0,"turns":4.0},{"damage":24.0,"enemies":"Gremlin Leader","floor":27.0,"turns":4.0},{"damage":21.0,"enemies":"Chosen and Byrds","floor":28.0,"turns":6.0},{"damage":0.0,"enemies":"conspire:Head Lice","floor":29.0,"turns":5.0},{"damage":0.0,"enemies":"Centurion and Healer","floor":31.0,"turns":3.0},{"damage":3.0,"enemies":"Book of Stabbing","floor":33.0,"turns":5.0},{"damage":6.0,"enemies":"Shelled Parasite and Fungi","floor":34.0,"turns":4.0},{"damage":1.0,"enemies":"SI_MIRROR_ARCHETYPE","floor":35.0,"turns":5.0},{"damage":10.0,"enemies":"downfall:FleeingMerchant","floor":38.0,"turns":4.0},{"damage":0.0,"enemies":"3 Darklings","floor":40.0,"turns":2.0},{"damage":0.0,"enemies":"3 Shapes","floor":41.0,"turns":2.0},{"damage":4.0,"enemies":"downfall:FleeingMerchant","floor":42.0,"turns":3.0},{"damage":0.0,"enemies":"2 Orb Walkers","floor":44.0,"turns":1.0},{"damage":0.0,"enemies":"R_Hoarder","floor":46.0,"turns":3.0},{"damage":0.0,"enemies":"3 Darklings","floor":48.0,"turns":1.0},{"damage":0.0,"enemies":"Sphere and 2 Shapes","floor":51.0,"turns":2.0},{"damage":10.0,"enemies":"WA_ARCHETYPE_DIVINITY","floor":52.0,"turns":5.0},{"damage":0.0,"enemies":"downfall:CharBossMerchant","floor":54.0,"turns":1.0},{"damage":0,"enemies":"downfall:NeowBoss","floor":57,"turns":4},{"damage":77,"enemies":"downfall:NeowBossFinal","floor":58,"turns":5}],"seed_played":"-7318615612891946174","potions_obtained":[{"floor":10.0,"key":"bronze:FreeFunctionsPotion"},{"floor":17.0,"key":"LiquidMemories"},{"floor":23.0,"key":"FairyPotion"},{"floor":27.0,"key":"Reflective Coating"}],"is_trial":false,"path_per_floor":["R_BF","?","?","M","PTL","PTL","M","$","T","E","R","E","M","R","M","?","M","B",null,"R","M","?","M","M","$","T","E","M","E","?","M","R","E","M","B",null,"R_BF","$","?","M","M","$","T","?","R","E","R","M","R","$","M","B",null,"E","$","R","B","B"],"character_chosen":"THE_AUTOMATON","items_purchased":["aspiration:Nostalgia","MerchantsRug","Grinning Jar","bronze:Repair+1","reliquary:Vitrine","Mummified Hand"],"campfire_rested":0,"item_purchase_floors":[8,8,8,25,38,42],"current_hp_per_floor":[70,70,70,70,70,70,70,70,70,40,40,35,35,35,32,28,28,10,70,70,54,54,41,28,24,24,16,8,26,26,39,49,83,90,91,91,91,82,82,93,94,92,92,96,96,97,97,98,98,98,99,91,100,101,101,101,102,25,25,25],"gold":42,"neow_bonus":"THREE_ENEMY_KILL","is_daily":false,"chose_seed":false,"campfire_upgraded":8,"win_rate":0.0,"timestamp":1613938378,"path_taken":["R_BF","?","?","M","PTL","PTL","M","?","T","E","R","E","?","R","?","?","M","BOSS","R","M","?","M","?","$","T","E","M","E","?","?","R","E","M","BOSS","R_BF","$","?","M","M","$","T","?","R","E","R","M","R","?","M","BOSS","E","$","R","BOSS","BOSS"],"items_purchased_type":["Relic","Relic","Relic","Card","Relic","Relic"],"build_version":"2020-12-22","purchased_purges":6,"victory":false,"max_hp_per_floor":[70,70,70,70,70,70,70,70,70,70,70,70,70,70,70,70,70,70,70,70,71,71,72,73,74,74,75,76,77,77,78,88,89,90,91,91,91,92,92,93,94,95,95,96,96,97,97,98,98,98,99,100,100,101,101,101,102,102,102,102],"relic_stats":{"counters":[33,101],"Mummified Hand":[38],"Bronze Scales":[15],"obtain_stats":[{"bronze:BronzeCore":0,"AT_ATBox":0,"m_DevilBlood":8,"downfall:HeartBlessingGreen":32,"testmod-NegativeEmotionEnhancer":19,"Dota2Spire:EtherealBlade":33,"downfall:HeartBlessingBlue":32,"Mummified Hand":42,"Dota2Spire:Mjollnir":10,"reliquary:Vitrine":38,"MerchantsRug":8,"testmod-Muramasa":44,"testmod-TestBox":0,"downfall:HeartBlessingRed":32,"aspiration:Nostalgia":8,"downfall:HeartsMalice":0,"aspiration:SecretTechniqueScroll":36,"Mercury Hourglass":43,"conspire:GiftBox":27,"testmod-AssaultLearning":9,"Bronze Scales":54,"testmod-Recursion":0,"Grinning Jar":8,"Mirror":29,"REME_ComplimentaryCards":0},{"bronze:BronzeCore":0,"AT_ATBox":0,"m_DevilBlood":3,"downfall:HeartBlessingGreen":18,"testmod-NegativeEmotionEnhancer":10,"Dota2Spire:EtherealBlade":19,"downfall:HeartBlessingBlue":18,"Mummified Hand":25,"Dota2Spire:Mjollnir":4,"reliquary:Vitrine":22,"MerchantsRug":3,"testmod-Muramasa":26,"testmod-TestBox":0,"downfall:HeartBlessingRed":18,"aspiration:Nostalgia":3,"downfall:HeartsMalice":0,"aspiration:SecretTechniqueScroll":21,"Mercury Hourglass":25,"conspire:GiftBox":15,"testmod-AssaultLearning":3,"Bronze Scales":31,"testmod-Recursion":0,"Grinning Jar":3,"Mirror":17,"REME_ComplimentaryCards":0},{"bronze:BronzeCore":0,"AT_ATBox":0,"m_DevilBlood":0,"downfall:HeartBlessingGreen":54,"testmod-NegativeEmotionEnhancer":23,"Dota2Spire:EtherealBlade":59,"downfall:HeartBlessingBlue":54,"Mummified Hand":79,"Dota2Spire:Mjollnir":4,"reliquary:Vitrine":72,"MerchantsRug":0,"testmod-Muramasa":80,"testmod-TestBox":0,"downfall:HeartBlessingRed":54,"aspiration:Nostalgia":0,"downfall:HeartsMalice":0,"aspiration:SecretTechniqueScroll":68,"Mercury Hourglass":79,"conspire:GiftBox":40,"testmod-AssaultLearning":0,"Bronze Scales":92,"testmod-Recursion":0,"Grinning Jar":0,"Mirror":51,"REME_ComplimentaryCards":0}],"Mercury Hourglass":[56]},"card_choices":[{"not_picked":["bronze:Iterate","bronze:Invalidate"],"picked":"bronze:Optimize","floor":4.0},{"not_picked":["bronze:BugBarrage","bronze:Backtrace"],"picked":"bronze:BitShift","floor":7.0},{"not_picked":["bronze:BugBarrage","bronze:Frontload"],"picked":"bronze:Branch","floor":8.0},{"not_picked":["Reaper","bronze:Overheat"],"picked":"bronze:ClassDefault","floor":10.0},{"not_picked":["bronze:CutThrough","bronze:Philosophize","bronze:Iterate"],"picked":"SKIP","floor":12.0},{"not_picked":["bronze:BitShift","bronze:DelayedSlice","bronze:Iterate"],"picked":"SKIP","floor":13.0},{"not_picked":["bronze:BugBarrage","bronze:Boost","bronze:WildBeam"],"picked":"SKIP","floor":15.0},{"not_picked":[],"picked":"bronze:Spike","floor":16.0},{"not_picked":["bronze:WhirlingStrike","bronze:Branch"],"picked":"bronze:ChildClass","floor":16.0},{"not_picked":["bronze:Overheat","bronze:Frontload","bronze:BuggyMess"],"picked":"SKIP","floor":17.0},{"not_picked":["bronze:FindAndReplace","bronze:ThunderWave"],"picked":"bronze:Verify","floor":18.0},{"not_picked":["bronze:FollowUp","bronze:CutThrough","bronze:Optimize+1"],"picked":"SKIP","floor":21.0},{"not_picked":["bronze:Shell","bronze:DigitalCarnage"],"picked":"bronze:Return","floor":23.0},{"not_picked":["bronze:WildBeam","bronze:BuggyMess","bronze:BitShift"],"picked":"SKIP","floor":24.0},{"not_picked":["bronze:OilSpill","bronze:Iterate+1"],"picked":"bronze:Turbo+1","floor":25.0},{"not_picked":["bronze:DarkDash","bronze:BugBarrage","bronze:NullPointer+1"],"picked":"SKIP","floor":27.0},{"not_picked":["bronze:BugBarrage+1","bronze:BitShift+1"],"picked":"bronze:FineTuning","floor":28.0},{"not_picked":["bronze:Return","bronze:BitShift+1","bronze:Verify"],"picked":"SKIP","floor":29.0},{"not_picked":["bronze:OilSpill+1","bronze:Deprecate"],"picked":"bronze:Overload","floor":31.0},{"not_picked":["bronze:Branch+1","bronze:Frontload","bronze:WhirlingStrike+1"],"picked":"SKIP","floor":33.0},{"not_picked":["bronze:Break","bronze:Overheat","bronze:Overload"],"picked":"SKIP","floor":34.0},{"not_picked":["bronze:SpaghettiCode","bronze:RecursiveStrike"],"picked":"bronze:Virus","floor":35.0},{"not_picked":["bronze:WildBeam+1","bronze:ItsAFeature+1"],"picked":"bronze:Iterate+1","floor":38.0},{"not_picked":["bronze:BugBarrage","bronze:Shell","bronze:Iterate"],"picked":"SKIP","floor":40.0},{"not_picked":["bronze:CutThrough+1","bronze:WildBeam","bronze:Frontload+1"],"picked":"SKIP","floor":41.0},{"not_picked":["bronze:Deprecate","bronze:Frontload+1"],"picked":"bronze:HardenedForm","floor":42.0},{"not_picked":["bronze:Shell+1","bronze:BuggyMess+1"],"picked":"bronze:FineTuning","floor":44.0},{"not_picked":["bronze:Overheat","bronze:Turbo+1","bronze:Safeguard+1"],"picked":"SKIP","floor":46.0},{"not_picked":["bronze:CloningBeam","bronze:Invalidate+1","bronze:DelayedGuard+1"],"picked":"SKIP","floor":48.0},{"not_picked":["bronze:BurnOut","bronze:Iterate+1","bronze:Return+1"],"picked":"SKIP","floor":51.0},{"not_picked":["bronze:Backtrace+1","bronze:Turbo","bronze:Overheat+1"],"picked":"SKIP","floor":54.0}],"player_experience":165404,"relics_obtained":[{"floor":9.0,"key":"testmod-AssaultLearning"},{"floor":10.0,"key":"Dota2Spire:Mjollnir"},{"floor":27.0,"key":"conspire:GiftBox"},{"floor":29.0,"key":"Mirror"},{"floor":33.0,"key":"Dota2Spire:EtherealBlade"},{"floor":43.0,"key":"Mercury Hourglass"},{"floor":44.0,"key":"testmod-Muramasa"},{"floor":54.0,"key":"Bronze Scales"}],"event_choices":[{"damage_healed":0.0,"max_hp_gain":0.0,"max_hp_loss":0.0,"gold_gain":0.0,"event_name":"conspire:Investor","player_choice":"Invest 1","floor":2.0,"gold_loss":0.0,"damage_taken":0.0},{"damage_healed":0.0,"max_hp_gain":0.0,"max_hp_loss":0.0,"gold_gain":400.0,"event_name":"¶÷ÂåË¹µÄÅÌ×Ó","player_choice":"Sell","floor":3.0,"relics_lost":["REME_ComplimentaryCards"],"gold_loss":0.0,"damage_taken":0.0},{"damage_healed":0.0,"max_hp_gain":0.0,"max_hp_loss":0.0,"gold_gain":0.0,"event_name":"Mysterious Sphere","player_choice":"Fight","floor":44.0,"gold_loss":0.0,"damage_taken":0.0}],"is_beta":false,"boss_relics":[{"not_picked":["Philosopher\u0027s Stone","hubris:BlackHole"],"picked":"testmod-NegativeEmotionEnhancer"},{"not_picked":["REME_DuelDisc","Tiny House"],"picked":"aspiration:SecretTechniqueScroll"}],"items_purged_floors":[8,25,38,38,42,55],"is_endless":false,"potions_floor_spawned":[10,17,18,23,27,28,33,44,46,48,51,54],"killed_by":"downfall:NeowBossFinal","ascension_level":0}}