{"host":"2se5dq1do2gp0x9k","time":1613888745,"event":{"mods":["AchievementEnabler","BaseMod","Block Reminder","Colored Map","Colored Powertips","Minty Spire (QoL Compilation)","Relic Stats","StSLib","SuperFastMode"],"gold_per_floor":[112,36,50,69,87,87,112,112,112,123,123,133,133,163,163,237,237,255,255,275,275,291,291,291,291],"floor_reached":24,"language":"ENG","playtime":1055,"items_purged":[],"score":416,"play_id":"43cc07a3-1abd-45af-87a0-3bf2ccdab41d","local_time":"20210220222545","is_ascension_mode":true,"campfire_choices":[{"data":"Apotheosis","floor":6.0,"key":"SMITH"},{"floor":8,"key":"REST"},{"floor":11,"key":"REST"},{"data":"Burst","floor":15,"key":"SMITH"},{"floor":23,"key":"REST"}],"circlet_count":0,"master_deck":["AscendersBane","Strike_G","Strike_G","Strike_G","Defend_G","Defend_G","Defend_G","Defend_G","Defend_G","Survivor","Neutralize","Apotheosis+1","Cloak And Dagger","Dagger Throw","PiercingWail","Bouncing Flask","Burst+1","Bouncing Flask","Deadly Poison","Distraction","Acrobatics","Burst","CurseOfTheBell","Outmaneuver","Terror","Sucker Punch","Outmaneuver"],"relics":["Ring of the Snake","Sundial","Pocketwatch","WingedGreaves","Calling Bell","Strawberry","Ornamental Fan","Dead Branch"],"acts_visited":["Exordium","TheCity"],"potions_floor_usage":[7,22,24],"damage_taken":[{"damage":1.0,"enemies":"Cultist","floor":1.0,"turns":5.0},{"damage":0.0,"enemies":"2 Louse","floor":3.0,"turns":2.0},{"damage":8.0,"enemies":"Jaw Worm","floor":4.0,"turns":4.0},{"damage":0.0,"enemies":"Blue Slaver","floor":5.0,"turns":6.0},{"damage":16,"enemies":"3 Sentries","floor":7,"turns":10},{"damage":16,"enemies":"Lots of Slimes","floor":10,"turns":3},{"damage":0,"enemies":"2 Fungi Beasts","floor":12,"turns":3},{"damage":7,"enemies":"Lagavulin","floor":14,"turns":5},{"damage":17,"enemies":"Hexaghost","floor":16,"turns":8},{"damage":20,"enemies":"Spheric Guardian","floor":18,"turns":6},{"damage":18,"enemies":"2 Thieves","floor":20,"turns":5},{"damage":54,"enemies":"Sentry and Sphere","floor":22,"turns":9},{"damage":49,"enemies":"Gremlin Leader","floor":24,"turns":5}],"seed_played":"-445819096292542244","potions_obtained":[{"floor":1.0,"key":"Fire Potion"},{"floor":10,"key":"Weak Potion"},{"floor":16,"key":"SteroidPotion"},{"floor":20,"key":"BlessingOfTheForge"}],"is_trial":false,"path_per_floor":["M","$","M","M","M","R","E","R","T","M","R","M","?","E","R","B",null,"M","?","M","?","M","R","E"],"character_chosen":"THE_SILENT","items_purchased":["Dagger Throw","PiercingWail"],"campfire_rested":3,"item_purchase_floors":[2,2],"current_hp_per_floor":[58,58,58,50,50,50,34,52,52,36,54,54,59,52,52,35,65,45,45,27,72,18,39,0,0],"gold":291,"neow_bonus":"RANDOM_COLORLESS_2","is_daily":false,"chose_seed":false,"campfire_upgraded":2,"win_rate":0.0,"timestamp":1613888745,"path_taken":["M","$","M","?","M","R","E","R","T","M","R","?","?","E","R","BOSS","M","?","M","?","M","R","E"],"items_purchased_type":["Card","Card"],"build_version":"2020-12-22","purchased_purges":0,"victory":false,"max_hp_per_floor":[60,60,60,60,60,60,60,60,60,60,60,60,65,65,65,65,72,72,72,72,72,72,72,72,72],"relic_stats":{"counters":[13,71],"Sundial":[6],"Ornamental Fan":[16],"Dead Branch":[35],"obtain_stats":[{"Calling Bell":17,"Sundial":7,"Ornamental Fan":17,"Strawberry":17,"Dead Branch":17,"WingedGreaves":14,"Ring of the Snake":0,"Pocketwatch":9},{"Calling Bell":9,"Sundial":5,"Ornamental Fan":9,"Strawberry":9,"Dead Branch":9,"WingedGreaves":8,"Ring of the Snake":0,"Pocketwatch":5},{"Calling Bell":46,"Sundial":27,"Ornamental Fan":46,"Strawberry":46,"Dead Branch":46,"WingedGreaves":38,"Ring of the Snake":0,"Pocketwatch":27}],"Ring of the Snake":[26],"Pocketwatch":[51]},"card_choices":[{"not_picked":["Panache","Transmutation"],"picked":"Apotheosis","floor":0.0},{"not_picked":["Underhanded Strike","Outmaneuver"],"picked":"Cloak And Dagger","floor":1.0},{"not_picked":["Outmaneuver","Acrobatics"],"picked":"Bouncing Flask","floor":3.0},{"not_picked":["Quick Slash","Bane"],"picked":"Burst","floor":4.0},{"not_picked":["Accuracy","Infinite Blades"],"picked":"Bouncing Flask","floor":5.0},{"not_picked":["Expertise","All Out Attack","Bouncing Flask"],"picked":"SKIP","floor":7},{"not_picked":["Caltrops","Slice"],"picked":"Deadly Poison","floor":10},{"not_picked":["Sucker Punch","Accuracy"],"picked":"Distraction","floor":12},{"not_picked":["Poisoned Stab","Caltrops"],"picked":"Acrobatics","floor":14},{"not_picked":["Grand Finale","A Thousand Cuts"],"picked":"Burst","floor":16},{"not_picked":["Flying Knee","Dagger Spray"],"picked":"Outmaneuver","floor":18},{"not_picked":["Flechettes","Backstab"],"picked":"Sucker Punch","floor":20},{"not_picked":["Masterful Stab","Heel Hook"],"picked":"Outmaneuver","floor":22}],"player_experience":4093374,"relics_obtained":[{"floor":7,"key":"Sundial"},{"floor":9,"key":"Pocketwatch"},{"floor":14,"key":"WingedGreaves"},{"floor":17,"key":"Strawberry"},{"floor":17,"key":"Ornamental Fan"},{"floor":17,"key":"Dead Branch"}],"event_choices":[{"damage_healed":0,"gold_gain":0,"player_choice":"Donut","damage_taken":0,"max_hp_gain":5,"max_hp_loss":0,"event_name":"Big Fish","floor":13,"gold_loss":0},{"damage_healed":0,"gold_gain":0,"cards_transformed":["Strike_G","Strike_G"],"player_choice":"Became Test Subject","damage_taken":0,"max_hp_gain":0,"max_hp_loss":0,"event_name":"Drug Dealer","floor":19,"gold_loss":0,"cards_obtained":["Terror","All Out Attack"]},{"cards_removed":["All Out Attack"],"damage_healed":45,"gold_gain":0,"player_choice":"Offered Uncommon","damage_taken":0,"max_hp_gain":0,"max_hp_loss":0,"event_name":"Bonfire Elementals","floor":21,"gold_loss":0}],"is_beta":false,"boss_relics":[{"not_picked":["Runic Pyramid","Empty Cage"],"picked":"Calling Bell"}],"items_purged_floors":[],"is_endless":false,"potions_floor_spawned":[1,10,16,20],"killed_by":"Gremlin Leader","ascension_level":20}}