{"host":"Jinnai","time":1613945350,"event":{"mods":["BaseMod","Block Reminder","Colored Map","Colored Powertips","Curses Come First","Highlight Path","Minty Spire (QoL Compilation)","Potion Indicator Mod","Quick Restart","Relic Stats","StSLib","ojb\u0027s Info Mod"],"gold_per_floor":[114,125,105,1,21,21,31,66,66,66,92,111,124,152,152,152,152],"floor_reached":16,"language":"ENG","playtime":511,"items_purged":[],"score":269,"play_id":"a2ce7917-c502-4862-8a90-a28f92c11c4f","local_time":"20210221170910","is_ascension_mode":true,"campfire_choices":[{"data":"Sweeping Beam","floor":6,"key":"SMITH"},{"data":"Heatsinks","floor":15,"key":"SMITH"}],"circlet_count":0,"master_deck":["AscendersBane","Strike_B","Strike_B","Strike_B","Strike_B","Defend_B","Defend_B","Defend_B","Defend_B","Zap","Dualcast","White Noise","Compile Driver","Sweeping Beam+1","Coolheaded","Coolheaded","Self Repair","Cold Snap","Self Repair","Self Repair","Heatsinks+1","Self Repair"],"relics":["Cracked Core","NeowsBlessing","Strawberry","Lantern","Mummified Hand","Blood Vial"],"acts_visited":["Exordium"],"potions_floor_usage":[8,14,16],"damage_taken":[{"damage":0,"enemies":"2 Louse","floor":1,"turns":1},{"damage":0,"enemies":"Cultist","floor":2,"turns":1},{"damage":0,"enemies":"Jaw Worm","floor":5,"turns":1},{"damage":6,"enemies":"Large Slime","floor":7,"turns":5},{"damage":49,"enemies":"Lagavulin","floor":8,"turns":8},{"damage":32,"enemies":"Gremlin Nob","floor":11,"turns":4},{"damage":13,"enemies":"Red Slaver","floor":12,"turns":3},{"damage":5,"enemies":"Gremlin Gang","floor":13,"turns":3},{"damage":17,"enemies":"Lagavulin","floor":14,"turns":6},{"damage":61,"enemies":"Slime Boss","floor":16,"turns":9}],"seed_played":"2020016546353767224","potions_obtained":[{"floor":1,"key":"FocusPotion"},{"floor":2,"key":"SteroidPotion"},{"floor":3,"key":"AttackPotion"},{"floor":10,"key":"FairyPotion"},{"floor":11,"key":"DistilledChaos"}],"is_trial":false,"path_per_floor":["M","M","?","$","M","R","M","E","T","?","E","M","M","E","R","B"],"character_chosen":"DEFECT","items_purchased":["Sweeping Beam","Coolheaded"],"campfire_rested":0,"item_purchase_floors":[4,4],"current_hp_per_floor":[64,64,64,64,64,64,58,23,23,23,37,38,54,58,58,0,0],"gold":152,"neow_bonus":"THREE_ENEMY_KILL","is_daily":false,"chose_seed":false,"campfire_upgraded":2,"win_rate":0.0,"timestamp":1613945350,"path_taken":["M","M","?","?","?","R","M","E","T","?","E","?","?","E","R","BOSS"],"items_purchased_type":["Card","Card"],"build_version":"2020-12-18","purchased_purges":0,"victory":false,"max_hp_per_floor":[71,71,71,71,71,71,71,78,78,78,78,78,78,78,78,78,78],"relic_stats":{"Blood Vial":2,"counters":[10,41],"Mummified Hand":[17],"obtain_stats":[{"Blood Vial":14,"Lantern":9,"NeowsBlessing":0,"Mummified Hand":11,"Strawberry":8,"Cracked Core":0},{"Blood Vial":9,"Lantern":5,"NeowsBlessing":0,"Mummified Hand":6,"Strawberry":5,"Cracked Core":0},{"Blood Vial":32,"Lantern":16,"NeowsBlessing":0,"Mummified Hand":20,"Strawberry":16,"Cracked Core":0}]},"card_choices":[{"not_picked":["Force Field","Go for the Eyes"],"picked":"White Noise","floor":1},{"not_picked":["Stack","Recycle"],"picked":"Compile Driver","floor":2},{"not_picked":["Chill","Tempest"],"picked":"Coolheaded","floor":5},{"not_picked":["Blizzard","Heatsinks"],"picked":"Self Repair","floor":7},{"not_picked":["Streamline","Compile Driver"],"picked":"Cold Snap","floor":8},{"not_picked":["Doom and Gloom","FTL"],"picked":"Self Repair","floor":11},{"not_picked":["Ball Lightning","Sweeping Beam"],"picked":"Self Repair","floor":12},{"not_picked":["Recycle","Conserve Battery"],"picked":"Heatsinks","floor":13},{"not_picked":["Cold Snap","Core Surge"],"picked":"Self Repair","floor":14}],"player_experience":1748110,"relics_obtained":[{"floor":8,"key":"Strawberry"},{"floor":9,"key":"Lantern"},{"floor":11,"key":"Mummified Hand"},{"floor":14,"key":"Blood Vial"}],"event_choices":[{"damage_healed":0,"gold_gain":0,"player_choice":"Bought 1 Potion","damage_taken":0,"max_hp_gain":0,"max_hp_loss":0,"event_name":"The Woman in Blue","floor":3,"gold_loss":0},{"damage_healed":0,"gold_gain":0,"player_choice":"Got Potions","damage_taken":0,"max_hp_gain":0,"max_hp_loss":0,"event_name":"Lab","floor":10,"gold_loss":0}],"is_beta":true,"boss_relics":[],"items_purged_floors":[],"is_endless":false,"potions_floor_spawned":[1,2,5,11,13],"killed_by":"Slime Boss","ascension_level":20}}