{"host":"d0btaf6p0msba79e","time":1613904549,"event":{"mods":["BaseMod","BetterRewards","Minty Spire (QoL Compilation)"],"gold_per_floor":[119,119,119,134,146,146,177,187,211,66,95,95,95,95,95,197,197,208,208,208,222,238,238,250,283,308,308,308,308],"floor_reached":28,"language":"ENG","playtime":2189,"items_purged":["Strike_P","Strike_P"],"score":433,"play_id":"00dcf854-cc7e-4bf3-b79d-b8c33c65cd5c","local_time":"20210221214909","is_ascension_mode":true,"campfire_choices":[{"floor":6,"key":"REST"},{"floor":13,"key":"REST"},{"data":"Eruption","floor":15,"key":"SMITH"},{"floor":23,"key":"REST"}],"circlet_count":0,"master_deck":["Strike_P+1","Defend_P+1","Defend_P+1","Defend_P+1","Defend_P+1","Eruption+1","Vigilance","CarveReality","WaveOfTheHand","Wallop+1","FlurryOfBlows","SpiritShield","Wireheading","BattleHymn","FlurryOfBlows+1","DevaForm","SashWhip","CutThroughFate","Vault"],"relics":["PureWater","Ginger","Ice Cream","Shuriken","MealTicket","Juzu Bracelet","Happy Flower","Sozu","Whetstone","PreservedInsect","Du-Vu Doll"],"acts_visited":["Exordium","TheCity"],"potions_floor_usage":[8,16],"damage_taken":[{"damage":0,"enemies":"Jaw Worm","floor":1,"turns":3},{"damage":0,"enemies":"2 Louse","floor":4,"turns":3},{"damage":0,"enemies":"Cultist","floor":5,"turns":2},{"damage":22,"enemies":"Gremlin Nob","floor":7,"turns":4},{"damage":1,"enemies":"Lots of Slimes","floor":8,"turns":4},{"damage":17,"enemies":"3 Sentries","floor":11,"turns":7},{"damage":22,"enemies":"Hexaghost","floor":16,"turns":5},{"damage":23,"enemies":"3 Byrds","floor":18,"turns":7},{"damage":4,"enemies":"Chosen","floor":21,"turns":4},{"damage":20,"enemies":"Snecko","floor":22,"turns":5},{"damage":17,"enemies":"Centurion and Healer","floor":24,"turns":4},{"damage":14,"enemies":"Book of Stabbing","floor":25,"turns":5},{"damage":15,"enemies":"Gremlin Leader","floor":28,"turns":2}],"seed_played":"3769788741123210162","potions_obtained":[{"floor":4,"key":"SpeedPotion"},{"floor":11,"key":"Regen Potion"}],"is_trial":false,"path_per_floor":["M","?","?","M","M","R","E","M","T","$","E","$","R","$","R","B",null,"M","?","?","M","M","R","M","E","T","?","E"],"character_chosen":"WATCHER","items_purchased":["CarveReality","WaveOfTheHand","Wallop","Shuriken","FlurryOfBlows"],"campfire_rested":3,"item_purchase_floors":[0,0,0,0,10],"current_hp_per_floor":[32,18,18,18,18,39,17,16,16,31,14,29,50,65,65,55,68,45,45,45,41,21,42,25,11,11,11,0,0],"gold":308,"neow_bonus":"","is_daily":false,"chose_seed":false,"campfire_upgraded":1,"win_rate":0.0,"timestamp":1613904549,"path_taken":["M","?","?","M","?","R","E","M","T","$","E","$","R","?","R","BOSS","M","?","?","M","M","R","M","E","T","?","E"],"items_purchased_type":["Card","Card","Card","Relic","Card"],"build_version":"2020-12-22","purchased_purges":2,"victory":false,"max_hp_per_floor":[72,72,72,72,72,72,72,72,72,72,72,72,72,72,72,72,72,72,72,72,72,72,72,72,72,72,72,72,72],"card_choices":[{"not_picked":["ThirdEye","EmptyFist","Halt"],"picked":"SKIP","floor":1},{"not_picked":["PathToVictory","JustLucky"],"picked":"FlurryOfBlows","floor":4},{"not_picked":["Adaptation","SignatureMove"],"picked":"SpiritShield","floor":5},{"not_picked":["Fasting2","Indignation"],"picked":"Wireheading","floor":7},{"not_picked":["CutThroughFate","Evaluate"],"picked":"BattleHymn","floor":8},{"not_picked":["Sanctity","Prostrate","DeceiveReality"],"picked":"SKIP","floor":11},{"not_picked":["DeusExMachina","Establishment"],"picked":"DevaForm","floor":16},{"not_picked":["FearNoEvil+1","EmptyFist+1","CrushJoints+1"],"picked":"SKIP","floor":18},{"not_picked":["FlyingSleeves","FollowUp"],"picked":"SashWhip","floor":21},{"not_picked":["EmptyBody","Wallop","Indignation"],"picked":"SKIP","floor":22},{"not_picked":["EmptyFist","Evaluate"],"picked":"CutThroughFate","floor":24},{"not_picked":["WindmillStrike","SashWhip"],"picked":"Vault","floor":25}],"player_experience":1082748,"relics_obtained":[{"floor":7,"key":"MealTicket"},{"floor":9,"key":"Juzu Bracelet"},{"floor":11,"key":"Happy Flower"},{"floor":25,"key":"Whetstone"},{"floor":26,"key":"PreservedInsect"}],"event_choices":[{"damage_healed":0,"gold_gain":0,"player_choice":"Entered Light","damage_taken":14,"max_hp_gain":0,"max_hp_loss":0,"event_name":"Shining Light","floor":2,"gold_loss":0,"cards_upgraded":["Defend_P","Defend_P"]},{"damage_healed":0,"gold_gain":0,"player_choice":"0 cards matched","damage_taken":0,"max_hp_gain":0,"max_hp_loss":0,"event_name":"Match and Keep!","floor":3,"gold_loss":0,"cards_obtained":[]},{"cards_removed":["Strike_P"],"damage_healed":0,"gold_gain":0,"player_choice":"Purged","damage_taken":0,"max_hp_gain":0,"max_hp_loss":0,"event_name":"Purifier","floor":19,"gold_loss":0},{"damage_healed":0,"gold_gain":0,"player_choice":"Simplicity","damage_taken":0,"max_hp_gain":0,"max_hp_loss":0,"event_name":"Back to Basics","floor":20,"gold_loss":0,"cards_upgraded":["Strike_P","Defend_P","Defend_P"]},{"damage_healed":0,"gold_gain":0,"player_choice":"Opened","damage_taken":0,"relics_obtained":["Du-Vu Doll"],"max_hp_gain":0,"max_hp_loss":0,"event_name":"The Mausoleum","floor":27,"gold_loss":0}],"is_beta":false,"boss_relics":[{"not_picked":["Black Star","Tiny House"],"picked":"Sozu"}],"items_purged_floors":[0,10],"is_endless":false,"potions_floor_spawned":[4,11,21,25],"killed_by":"Gremlin Leader","ascension_level":5}}