{"host":"ooy9sn8qgs7oliwr","time":1613909029,"event":{"mods":["100% Spire Juice","ATMod(°¢èªMod)","Act Like it!","BaseMod","BetterRewards","Bossed Relics","CapriCore","Friendly Minions","Kiyohime£¨Çå¼§£©","Minty Spire (QoL Compilation)","Pale of the Ancients","Reliquary","Replay The Spire","RumiaBox-Â¶Ã×æ«µÄÉñÃØºÐ×Ó","StSLib","The Immortal","The Jungle","Yakumo Yukari mod","¡¾ÒÅÎï¿¨ÅÆ¡¿REMEMod"],"gold_per_floor":[15,15,15,32,44,71,71,97,149,149,149],"floor_reached":10,"language":"ZHS","playtime":367,"items_purged":[],"score":80,"play_id":"a1e25f4b-2f15-4848-8522-78e263d9246d","local_time":"20210221200349","is_ascension_mode":true,"campfire_choices":[{"data":"KiyohimeMod:DragonVein","floor":7.0,"key":"SMITH"}],"circlet_count":0,"master_deck":["KiyohimeMod:Strike","KiyohimeMod:Strike+1","KiyohimeMod:Strike","KiyohimeMod:Strike","KiyohimeMod:Defend","KiyohimeMod:Defend","KiyohimeMod:Defend","KiyohimeMod:Defend","KiyohimeMod:Track","KiyohimeMod:FlameKiss","KiyohimeMod:Shapeshift","KiyohimeMod:PrismaCosmos","KiyohimeMod:Projection","KiyohimeMod:LimitedZeroOver","KiyohimeMod:DragonVein+1","KiyohimeMod:Fragarach"],"relics":["KiyohimeMod:FireDragon","AT_ATBox","REME_ComplimentaryCards","Chameleon Ring","Happy Flower"],"acts_visited":["Exordium"],"potions_floor_usage":[],"damage_taken":[{"damage":0.0,"enemies":"Cultist","floor":1.0,"turns":3.0},{"damage":3.0,"enemies":"Small Slimes","floor":4.0,"turns":3.0},{"damage":3.0,"enemies":"Jaw Worm","floor":5.0,"turns":3.0},{"damage":15.0,"enemies":"Replay:BlueRogue","floor":6.0,"turns":5.0},{"damage":13.0,"enemies":"3 Sentries","floor":8.0,"turns":4.0},{"damage":26,"enemies":"Gremlin Nob","floor":10,"turns":3}],"seed_played":"-8464155961663063656","potions_obtained":[{"floor":4.0,"key":"SteroidPotion"},{"floor":5.0,"key":"SteroidPotion"}],"is_trial":false,"path_per_floor":["M","?","$","M","M","E","R","E","T","E"],"character_chosen":"Kiyohime","items_purchased":[],"campfire_rested":0,"item_purchase_floors":[],"current_hp_per_floor":[60,60,60,57,54,39,39,26,26,0,0],"gold":149,"neow_bonus":"THREE_RARE_CARDS","is_daily":false,"chose_seed":false,"campfire_upgraded":1,"win_rate":0.0,"timestamp":1613909029,"path_taken":["M","?","$","M","M","E","R","E","T","E"],"items_purchased_type":[],"build_version":"2020-12-22","purchased_purges":0,"victory":false,"max_hp_per_floor":[60,60,60,60,60,60,60,60,60,60,60],"card_choices":[{"not_picked":["KiyohimeMod:HeroCreation","KiyohimeMod:Servant_TamamoNoMae"],"picked":"KiyohimeMod:PrismaCosmos","floor":0.0},{"not_picked":["KiyohimeMod:Berserker","KiyohimeMod:Grimoire"],"picked":"KiyohimeMod:Projection","floor":1.0},{"not_picked":["KiyohimeMod:Berserker","KiyohimeMod:HydraDagger","KiyohimeMod:Fragarach"],"picked":"SKIP","floor":4.0},{"not_picked":["KiyohimeMod:BlueBlackKey","KiyohimeMod:Berserker"],"picked":"KiyohimeMod:LimitedZeroOver","floor":5.0},{"not_picked":["KiyohimeMod:CommandCard_Arts","KiyohimeMod:Preemptive"],"picked":"KiyohimeMod:DragonVein","floor":6.0},{"not_picked":["KiyohimeMod:Preemptive","KiyohimeMod:BeElegant"],"picked":"KiyohimeMod:Fragarach","floor":8.0}],"player_experience":47827,"relics_obtained":[{"floor":6.0,"key":"Chameleon Ring"},{"floor":8.0,"key":"Happy Flower"}],"event_choices":[],"is_beta":false,"boss_relics":[],"items_purged_floors":[],"is_endless":false,"potions_floor_spawned":[4,5],"killed_by":"Gremlin Nob","ascension_level":1}}