{"host":"jx3f6ezc0g3s9edc","time":1613922737,"event":{"mods":["AchievementEnabler","BaseMod","Bestiary","Colored Map","Highlight Path","Minty Spire (QoL Compilation)","StSLib"],"gold_per_floor":[115,115,5,24,42,42,75,91,118,118,143,162,162,180,180,278,278,288,305,305,46,46,77,77,109,182,97,109,109,109,120,120,218,218,235,235,251,301,301,331,354,354,354,381,381,381,381],"floor_reached":46,"language":"ENG","playtime":3227,"items_purged":[],"score":654,"play_id":"7aa8a37a-0795-4c10-b3d3-24917937743d","local_time":"20210221105217","is_ascension_mode":true,"campfire_choices":[{"data":"LikeWater","floor":6.0,"key":"SMITH"},{"data":"Wallop","floor":10.0,"key":"SMITH"},{"data":"Study","floor":15.0,"key":"SMITH"},{"data":"ClearTheMind","floor":24.0,"key":"SMITH"},{"data":"TalkToTheHand","floor":32.0,"key":"SMITH"},{"data":"Ragnarok","floor":42.0,"key":"SMITH"}],"circlet_count":0,"master_deck":["Eruption+1","Vigilance","SashWhip+1","Tantrum","LikeWater+1","Prostrate+1","FlurryOfBlows","Study+1","Wallop+1","LessonLearned","ClearTheMind+1","FlurryOfBlows","Ragnarok+1","Blasphemy","SignatureMove","BattleHymn","Conclude+1","Wireheading","CrushJoints","Pray","EmptyFist+1","ThirdEye","Nirvana","TalkToTheHand+1","Vault","Halt+1","ThirdEye+1","Madness","Madness","EmptyBody+1","Halt"],"relics":["Coffee Dripper","Omamori","Pen Nib","Centennial Puzzle","Pandora\u0027s Box","Lantern","Kunai","Anchor","Singing Bowl","Yang","Pantograph","VioletLotus","Incense Burner","Bag of Marbles","Bronze Scales","HornCleat","Happy Flower"],"acts_visited":["Exordium","TheCity","TheBeyond"],"potions_floor_usage":[],"damage_taken":[{"damage":0.0,"enemies":"Jaw Worm","floor":1.0,"turns":3.0},{"damage":0.0,"enemies":"Cultist","floor":4.0,"turns":1.0},{"damage":0.0,"enemies":"Small Slimes","floor":5.0,"turns":3.0},{"damage":16.0,"enemies":"Gremlin Nob","floor":7.0,"turns":3.0},{"damage":12.0,"enemies":"2 Fungi Beasts","floor":8.0,"turns":4.0},{"damage":15.0,"enemies":"3 Sentries","floor":11.0,"turns":4.0},{"damage":0.0,"enemies":"Blue Slaver","floor":12.0,"turns":2.0},{"damage":10.0,"enemies":"Gremlin Gang","floor":14.0,"turns":4.0},{"damage":5.0,"enemies":"Hexaghost","floor":16.0,"turns":7.0},{"damage":0.0,"enemies":"Chosen","floor":18.0,"turns":4.0},{"damage":10.0,"enemies":"Shell Parasite","floor":19.0,"turns":3.0},{"damage":17.0,"enemies":"Book of Stabbing","floor":23.0,"turns":3.0},{"damage":30.0,"enemies":"Gremlin Leader","floor":25.0,"turns":4.0},{"damage":0.0,"enemies":"Cultist and Chosen","floor":28.0,"turns":3.0},{"damage":15.0,"enemies":"Snecko","floor":31.0,"turns":3.0},{"damage":38.0,"enemies":"Automaton","floor":33.0,"turns":6.0},{"damage":4.0,"enemies":"Orb Walker","floor":35.0,"turns":4.0},{"damage":0.0,"enemies":"3 Darklings","floor":37.0,"turns":3.0},{"damage":14.0,"enemies":"Mind Bloom Boss Battle","floor":38.0,"turns":6.0},{"damage":14.0,"enemies":"Nemesis","floor":40.0,"turns":6.0},{"damage":36.0,"enemies":"Reptomancer","floor":44.0,"turns":5.0},{"damage":15,"enemies":"Writhing Mass","floor":46,"turns":3}],"seed_played":"9045434471395477623","potions_obtained":[{"floor":1.0,"key":"SpeedPotion"},{"floor":4.0,"key":"DuplicationPotion"},{"floor":8.0,"key":"DuplicationPotion"},{"floor":11.0,"key":"StancePotion"},{"floor":16.0,"key":"Weak Potion"},{"floor":19.0,"key":"StancePotion"},{"floor":28.0,"key":"LiquidMemories"},{"floor":35.0,"key":"PowerPotion"},{"floor":37.0,"key":"Fruit Juice"}],"is_trial":false,"path_per_floor":["M","?","$","M","M","R","E","M","T","R","E","M","?","M","R","B",null,"M","M","?","$","?","E","R","E","T","?","M","$","?","M","R","B",null,"M","?","M","?","?","E","T","R","T","E","?","M"],"character_chosen":"WATCHER","items_purchased":["Tantrum","LikeWater","Kunai"],"campfire_rested":0,"item_purchase_floors":[3,3,21],"current_hp_per_floor":[72,72,72,72,72,72,56,44,44,44,29,29,29,19,19,14,72,72,62,62,62,62,45,45,17,17,17,17,17,41,26,26,13,74,70,70,75,67,57,43,43,43,43,9,9,0,0],"gold":381,"neow_bonus":"BOSS_RELIC","is_daily":false,"chose_seed":false,"campfire_upgraded":6,"win_rate":0.0,"timestamp":1613922737,"path_taken":["M","?","$","?","M","R","E","M","T","R","E","M","?","M","R","BOSS","M","?","?","$","?","E","R","E","T","?","M","$","?","M","R","BOSS","M","?","?","?","?","E","?","R","T","E","?","?"],"items_purchased_type":["Card","Card","Relic"],"build_version":"2020-12-22","purchased_purges":0,"victory":false,"max_hp_per_floor":[72,72,72,72,72,72,72,72,72,72,72,72,72,72,72,72,72,72,72,72,72,72,72,72,74,74,74,74,74,74,74,74,74,74,74,74,79,81,81,81,81,81,81,83,83,83,83],"card_choices":[{"not_picked":["Worship","PathToVictory"],"picked":"SashWhip","floor":1.0},{"not_picked":["Crescendo","Tantrum"],"picked":"Prostrate","floor":4.0},{"not_picked":["JustLucky","Pray"],"picked":"FlurryOfBlows","floor":5.0},{"not_picked":["Prostrate","Weave"],"picked":"Study","floor":7.0},{"not_picked":["BowlingBash","Protect"],"picked":"Wallop","floor":8.0},{"not_picked":["Prostrate","BattleHymn"],"picked":"LessonLearned","floor":11.0},{"not_picked":["CrushJoints","Crescendo"],"picked":"ClearTheMind","floor":12.0},{"not_picked":["EmptyBody","JustLucky"],"picked":"FlurryOfBlows","floor":14.0},{"not_picked":["Blasphemy","DevaForm"],"picked":"Ragnarok","floor":16.0},{"not_picked":["JustLucky","BowlingBash"],"picked":"EmptyFist+1","floor":18.0},{"not_picked":["EmptyBody","Evaluate"],"picked":"ThirdEye","floor":19.0},{"not_picked":["FlyingSleeves","Pray","SandsOfTime"],"picked":"SKIP","floor":23.0},{"not_picked":["Ragnarok","SashWhip","LikeWater"],"picked":"Singing Bowl","floor":25.0},{"not_picked":["SignatureMove","Crescendo+1"],"picked":"Nirvana","floor":28.0},{"not_picked":["FollowUp","Tantrum"],"picked":"TalkToTheHand","floor":31.0},{"not_picked":["DevaForm","MasterReality"],"picked":"Vault","floor":33.0},{"not_picked":["Tantrum","Prostrate"],"picked":"Halt+1","floor":35.0},{"not_picked":["Wireheading+1","Conclude"],"picked":"ThirdEye+1","floor":37.0},{"not_picked":["CrushJoints+1","Consecrate+1","DeceiveReality+1"],"picked":"Singing Bowl","floor":38.0},{"not_picked":["BowlingBash+1","LikeWater+1"],"picked":"EmptyBody+1","floor":40.0},{"not_picked":["Devotion","Evaluate","FlurryOfBlows"],"picked":"Singing Bowl","floor":44.0}],"player_experience":895863,"relics_obtained":[{"floor":7.0,"key":"Omamori"},{"floor":9.0,"key":"Pen Nib"},{"floor":11.0,"key":"Centennial Puzzle"},{"floor":23.0,"key":"Anchor"},{"floor":25.0,"key":"Singing Bowl"},{"floor":26.0,"key":"Yang"},{"floor":38.0,"key":"Incense Burner"},{"floor":40.0,"key":"Bag of Marbles"},{"floor":41.0,"key":"Bronze Scales"},{"floor":43.0,"key":"HornCleat"},{"floor":44.0,"key":"Happy Flower"}],"event_choices":[{"damage_healed":0.0,"max_hp_gain":0.0,"max_hp_loss":0.0,"gold_gain":0.0,"event_name":"Upgrade Shrine","player_choice":"Upgraded","floor":2.0,"gold_loss":0.0,"damage_taken":0.0,"cards_upgraded":["Eruption"]},{"cards_removed":["Strike_P"],"damage_healed":0.0,"max_hp_gain":0.0,"max_hp_loss":0.0,"gold_gain":0.0,"event_name":"Bonfire Elementals","player_choice":"Offered Basic","floor":13.0,"gold_loss":0.0,"damage_taken":0.0},{"damage_healed":0.0,"max_hp_gain":0.0,"max_hp_loss":0.0,"gold_gain":0.0,"event_name":"The Mausoleum","player_choice":"Opened","floor":20.0,"gold_loss":0.0,"damage_taken":0.0,"relics_obtained":["Lantern"]},{"damage_healed":0.0,"max_hp_gain":0.0,"max_hp_loss":0.0,"gold_gain":0.0,"event_name":"Forgotten Altar","player_choice":"Smashed Altar","floor":22.0,"gold_loss":0.0,"damage_taken":0.0,"cards_obtained":["Decay"]},{"damage_healed":0.0,"max_hp_gain":0.0,"max_hp_loss":0.0,"gold_gain":0.0,"event_name":"Addict","player_choice":"Obtained Relic","floor":27.0,"gold_loss":85.0,"damage_taken":0.0,"relics_obtained":["Pantograph"]},{"damage_healed":24.0,"max_hp_gain":0.0,"max_hp_loss":0.0,"gold_gain":0.0,"event_name":"The Library","player_choice":"Heal","floor":30.0,"gold_loss":0.0,"damage_taken":0.0},{"damage_healed":0.0,"max_hp_gain":0.0,"max_hp_loss":0.0,"gold_gain":0.0,"event_name":"Match and Keep!","player_choice":"0 cards matched","floor":36.0,"gold_loss":0.0,"damage_taken":0.0,"cards_obtained":[]},{"damage_healed":0.0,"max_hp_gain":0.0,"max_hp_loss":0.0,"gold_gain":0.0,"event_name":"MindBloom","player_choice":"Fight","floor":38.0,"gold_loss":0.0,"damage_taken":0.0},{"damage_healed":0.0,"max_hp_gain":0.0,"max_hp_loss":0.0,"gold_gain":0.0,"event_name":"Winding Halls","player_choice":"Embrace Madness","floor":39.0,"gold_loss":0.0,"damage_taken":10.0,"cards_obtained":["Madness","Madness"]},{"damage_healed":0.0,"max_hp_gain":0.0,"max_hp_loss":0.0,"gold_gain":0.0,"event_name":"Match and Keep!","player_choice":"1 cards matched","floor":45.0,"gold_loss":0.0,"damage_taken":0.0,"cards_obtained":["Halt"]}],"is_beta":false,"boss_relics":[{"not_picked":["Tiny House","Philosopher\u0027s Stone"],"picked":"Pandora\u0027s Box"},{"not_picked":["SlaversCollar","Astrolabe"],"picked":"VioletLotus"}],"items_purged_floors":[],"is_endless":false,"potions_floor_spawned":[1,4,8,11,16,19,28,35,37],"killed_by":"Writhing Mass","ascension_level":4}}