{"host":"mhzgc0zma59jtmoj","time":1613924972,"event":{"mods":["BaseMod","BetterRewards","Custom Start","Glutton Mod","Ironclad Rager","Minty Spire (QoL Compilation)","Replay The Spire","Somnambulant","StSLib","The Cursed","The Hierophant","The Jungle","Treasure Hunter"],"gold_per_floor":[117,117,132,148,160,160,195,11,83,83,116,116,139,154,154,251,251,267,367,378,378,378],"floor_reached":21,"language":"ENG","playtime":1187,"items_purged":["ICR:ProbingStrike"],"score":208,"play_id":"9a2f3552-efc2-4647-9af1-bd60c2ac416c","local_time":"20210221112932","is_ascension_mode":true,"campfire_choices":[{"data":"Loop","floor":6.0,"key":"SMITH"},{"floor":12,"key":"REST"},{"floor":15,"key":"REST"}],"circlet_count":0,"master_deck":["Zap","Dualcast","ICR:ProbingStrike","ICR:ProbingStrike","ICR:ProbingStrike","ICR:AutoDefend","ICR:AutoDefend","ICR:AutoDefend","ICR:AutoDefend","Static Discharge","Loop+1","ReplayTheSpireMod:Calculation Training","Conserve Battery+1","FIFO Queue","Pot Of Greed","Pot Of Greed","Electrodynamics","Echo Form","Conserve Battery"],"relics":["Cracked Core","CultistMask","Turnip","The Courier","Grinning Jar","Tiny Chest","Inserter"],"acts_visited":["Exordium","TheCity"],"potions_floor_usage":[11,11,18,21],"damage_taken":[{"damage":2.0,"enemies":"Jaw Worm","floor":1.0,"turns":5.0},{"damage":6.0,"enemies":"Cultist","floor":3.0,"turns":4.0},{"damage":15.0,"enemies":"Small Slimes","floor":4.0,"turns":4.0},{"damage":8.0,"enemies":"Looter","floor":5.0,"turns":4.0},{"damage":19.0,"enemies":"Gremlin Nob","floor":7.0,"turns":4.0},{"damage":16,"enemies":"3 Sentries","floor":11,"turns":6},{"damage":3,"enemies":"Exordium Thugs","floor":14,"turns":5},{"damage":5,"enemies":"Fading Forest","floor":16,"turns":11},{"damage":25,"enemies":"Spheric Guardian","floor":18,"turns":5},{"damage":39,"enemies":"Shell Parasite","floor":20,"turns":6},{"damage":15,"enemies":"Snake Plant","floor":21,"turns":2}],"seed_played":"5017441679383169395","potions_obtained":[{"floor":4.0,"key":"DistilledChaos"},{"floor":7.0,"key":"Explosive Potion"},{"floor":14,"key":"Toxic Potion"},{"floor":20,"key":"DuplicationPotion"}],"is_trial":false,"path_per_floor":["M","?","M","M","M","R","E","$","T","?","E","R","T","M","R","B",null,"M","?","M","M"],"character_chosen":"DEFECT","items_purchased":["Conserve Battery+1","FIFO Queue"],"campfire_rested":2,"item_purchase_floors":[8,8],"current_hp_per_floor":[73,73,67,52,44,44,25,25,25,18,2,24,24,21,43,48,75,50,50,11,0,0],"gold":378,"neow_bonus":"DEFECT_WARDEN","is_daily":false,"chose_seed":false,"campfire_upgraded":1,"win_rate":0.0,"timestamp":1613924972,"path_taken":["M","?","M","M","?","R","E","?","T","?","E","R","?","M","R","BOSS","M","?","M","?"],"items_purchased_type":["Card","Card"],"build_version":"2020-12-22","purchased_purges":1,"victory":false,"max_hp_per_floor":[75,75,75,75,75,75,75,75,75,75,75,75,75,75,75,75,75,75,75,75,75,75],"card_choices":[{"not_picked":["Go for the Eyes","Cold Snap"],"picked":"Static Discharge","floor":1.0},{"not_picked":["Heatsinks","Coolheaded"],"picked":"Loop","floor":3.0},{"not_picked":["Time Bomb","Stack"],"picked":"ReplayTheSpireMod:Calculation Training","floor":4.0},{"not_picked":["ReplayTheSpireMod:Repulse","Stack","ReplayTheSpireMod:Reroute Power"],"picked":"SKIP","floor":5.0},{"not_picked":["TH:Mimic","TH:ElvenBoots"],"picked":"SKIP","floor":7.0},{"not_picked":["Redo","ReplayGash","Turbo"],"picked":"SKIP","floor":7.0},{"not_picked":["TH:ArmorSpikes","TH:PixieDust"],"picked":"SKIP","floor":9.0},{"not_picked":["ReplayTheSpireMod:System Scan","Recycle"],"picked":"Electrodynamics","floor":11},{"not_picked":["TH:Mimic","TH:CopperCoins"],"picked":"SKIP","floor":11},{"not_picked":["TH:ElvenBoots","TH:Mimic"],"picked":"SKIP","floor":13},{"not_picked":["Go for the Eyes","Steam","Doom and Gloom"],"picked":"SKIP","floor":14},{"not_picked":["ReplayRNGCard","Meteor Strike"],"picked":"Echo Form","floor":16},{"not_picked":["Leap","Compile Driver","Coolheaded"],"picked":"SKIP","floor":18},{"not_picked":["Double Energy","Leap"],"picked":"Conserve Battery","floor":20}],"player_experience":310487,"relics_obtained":[{"floor":7.0,"key":"Turnip"},{"floor":9.0,"key":"The Courier"},{"floor":11,"key":"Tiny Chest"}],"event_choices":[{"damage_healed":0.0,"max_hp_gain":0.0,"max_hp_loss":0.0,"gold_gain":0.0,"event_name":"FaceTrader","player_choice":"Trade","floor":2.0,"gold_loss":0.0,"damage_taken":0.0,"relics_obtained":["CultistMask"]},{"damage_healed":0.0,"max_hp_gain":0.0,"max_hp_loss":0.0,"gold_gain":0.0,"event_name":"Scrap Ooze","player_choice":"Success","floor":10.0,"gold_loss":0.0,"damage_taken":7.0,"relics_obtained":["Grinning Jar"]},{"damage_healed":0,"gold_gain":100,"player_choice":"Pray","damage_taken":0,"max_hp_gain":0,"max_hp_loss":0,"event_name":"Golden Shrine","floor":19,"gold_loss":0}],"is_beta":false,"boss_relics":[{"not_picked":["Replay:Ancient Bell","Runic Pyramid"],"picked":"Inserter"}],"items_purged_floors":[8],"is_endless":false,"potions_floor_spawned":[4,7,14,20],"killed_by":"Snake Plant","ascension_level":2}}