{"host":"tdq5vwehmzjlkkx3","time":1613886529,"event":{"mods":["2.2 Compatiblity","Act Like it!","Aspiration","Astrologer","BaseMod","Beaked The Cultist","Better Altar","Better Match","Better Note","Better Sensory Stone","Better Skull","Better Third Choice","BetterRewards","Clockwork Mod","Colored Map","Colorless Booster Pack","Conjunction","Conspire","Defuse TimeMaze Blight","Displayed Cursed Tome","Downfall","Elementarium","Energized Spire","FetchMod","Friendly Minions","FruityMod","GifTheSpireLib","Glutton Mod","Gremlin Mod","Halation","Hallownest","Hermit","Highlight Path","Hubris","Infinite Spire","Key Reminder","Lotus Mark","Menagerie","Mimic Mod","Minty Spire (QoL Compilation)","Pale of the Ancients","Permanent Neow","Quick Restart","Random Character Button","Reliquary","Reorder Act Four","Reworked Bosses","Ruina","SCP261 Mod","Small Relic Pack","Spire Arcade","StSLib","Strawberry Spire","Stuff the Spire","The Bladedancer","The Blue Laboratory","The Clintock","The Construct","The Disciple","The Jungle","The Marked","The Mystic","The Servant","TheFirefly","Trackpad","Unceasing Turn Reminder","UnlockEverythingMod","Wandering Minibosses"],"gold_per_floor":[99,116,128,139,139,150,150,164,164,185,19,18,18,52,82,82,82,82],"floor_reached":16,"language":"ENG","playtime":1387,"items_purged":[],"score":106,"play_id":"d6c19e1a-281f-488e-ac9a-cc06fb86b635","local_time":"20210220214848","is_ascension_mode":false,"campfire_choices":[{"data":"hexamod:Float","floor":1,"key":"SMITH"},{"data":"hexamod:GhostflameInferno","floor":13,"key":"SMITH"}],"circlet_count":0,"master_deck":["hexamod:Strike","hexamod:Strike","hexamod:Strike","hexamod:Strike+1","hexamod:Defend","hexamod:Defend","hexamod:Defend","hexamod:Defend","hexamod:Sear","hexamod:Float+1","hexamod:ExtraCrispy","hexamod:SoulSteal","hexamod:InspiringFlames","infinitespire:Starlight","hexamod:Hexaguard","hexamod:CatchUp","hexamod:Strike","hexamod:GhostflameInferno+1","hexamod:NightmareGuise+1","hexamod:GhostShield+1"],"relics":["hexamod:SpiritBrand","Kunai","Bag of Marbles","hubris:KleinBottle","Question Card","halation:Jellyphish","Toxic Egg 2","keyreminder:keyreminder","Peace Pipe"],"acts_visited":["Menagerie:Menagerie"],"potions_floor_usage":[10,15,15,16],"damage_taken":[{"damage":1,"enemies":"Menagerie:2_RABBITS","floor":2,"turns":4},{"damage":1,"enemies":"Menagerie:WhisperingWraith","floor":3,"turns":4},{"damage":0,"enemies":"Menagerie:StygianBoar","floor":4,"turns":4},{"damage":0,"enemies":"Menagerie:KEEPER_AND_YOUNG_SUNEATER","floor":6,"turns":5},{"damage":6,"enemies":"Menagerie:Hexasnake","floor":8,"turns":6},{"damage":0,"enemies":"Menagerie:3_RABBITS","floor":10,"turns":5},{"damage":0,"enemies":"downfall:FleeingMerchant","floor":11,"turns":4},{"damage":7,"enemies":"Menagerie:BEAST_MAGE_AND_PROWLING_AMALGAM","floor":12,"turns":5},{"damage":36,"enemies":"Menagerie:Hydra","floor":14,"turns":8},{"damage":9,"enemies":"Menagerie:KEEPER_AND_YOUNG_SUNEATER","floor":15,"turns":5},{"damage":13,"enemies":"DF_ARCHETYPE_STREAMLINE","floor":16,"turns":4}],"seed_played":"-1048090919917935394","potions_obtained":[{"floor":8,"key":"blueLaboratory:HummingbirdPotion"},{"floor":10,"key":"champ:CounterPotion"},{"floor":14,"key":"Fire Potion"},{"floor":15,"key":"hexamod:SoulburnPotion"}],"is_trial":false,"path_per_floor":["R","M","M","M","?","M","T","M","$","M","$","M","R","E","M","B"],"character_chosen":"THE_SPIRIT","items_purchased":["Bag of Marbles","hubris:KleinBottle","Question Card","FearPotion","blueLaboratory:Moonshine","halation:Jellyphish"],"campfire_rested":0,"item_purchase_floors":[9,9,9,9,9,11],"current_hp_per_floor":[70,69,68,68,63,63,63,57,5,15,25,28,28,2,3,0,0,0],"gold":82,"neow_bonus":"ONE_RANDOM_RARE_CARD","is_daily":false,"chose_seed":false,"campfire_upgraded":2,"win_rate":0.0,"timestamp":1613886528,"path_taken":["R","M","?","M","?","M","T","M","?","M","$","M","R","E","M","BOSS"],"items_purchased_type":["Relic","Relic","Relic","Potion","Potion","Relic"],"build_version":"2020-12-22","purchased_purges":0,"victory":false,"max_hp_per_floor":[70,70,70,70,70,70,70,70,70,70,70,65,65,65,65,65,65,65],"card_choices":[{"not_picked":["hexamod:GhostLash","hexamod:HauntingEcho"],"picked":"hexamod:ExtraCrispy","floor":2},{"not_picked":["hexamod:PhantomCloak","hexamod:HeatMetal"],"picked":"hexamod:SoulSteal","floor":3},{"not_picked":["hexamod:HeatMetal","hexamod:SwordOfDarkness"],"picked":"hexamod:InspiringFlames","floor":4},{"not_picked":["hexamod:RetreatToShadows","hexamod:ThermalTransfer","hexamod:FastForward"],"picked":"SKIP","floor":6},{"not_picked":["hexamod:NightmareStrike","hexamod:NightmareGuise","hexamod:ThermalTransfer"],"picked":"SKIP","floor":8},{"not_picked":["infinitespire:FinalStrike","infinitespire:Collect"],"picked":"infinitespire:Starlight","floor":9},{"not_picked":["hexamod:ThermalTransfer","hexamod:TimeWarp","hexamod:ChargedBarrage"],"picked":"hexamod:Hexaguard","floor":10},{"not_picked":["hexamod:GhostLash","hexamod:Incineration","hexamod:HauntingEcho"],"picked":"hexamod:CatchUp","floor":11},{"not_picked":["hexamod:NightmareStrike","hexamod:CatchUp","hexamod:Again","hexamod:ShieldOfDarkness"],"picked":"SKIP","floor":12},{"not_picked":["hexamod:InspiringFlames+1","hexamod:HeatMetal","hexamod:HauntingEcho"],"picked":"hexamod:NightmareGuise+1","floor":14},{"not_picked":["hexamod:NightmareStrike","hexamod:GhostLash","hexamod:ThermalTransfer"],"picked":"hexamod:GhostShield+1","floor":15}],"player_experience":419781,"relics_obtained":[{"floor":7,"key":"Kunai"},{"floor":14,"key":"Toxic Egg 2"}],"event_choices":[{"damage_healed":0,"gold_gain":0,"player_choice":"Accept","damage_taken":0,"max_hp_gain":0,"max_hp_loss":5,"event_name":"Menagerie:HarrowingRitual","floor":5,"gold_loss":0,"cards_upgraded":["hexamod:Strike"]}],"is_beta":false,"boss_relics":[],"items_purged_floors":[],"is_endless":false,"potions_floor_spawned":[8,10,14,15],"killed_by":"DF_ARCHETYPE_STREAMLINE","ascension_level":0}}