{"host":"c0rqchpxu0yjpthq","time":1613877454,"event":{"mods":["100% Spire Juice","ATMod(阿瑾Mod)","BaseMod","Challenge The Spire","Conspire","Downfall","HololiveMod","Minty Spire (QoL Compilation)","MostiFishMod","Prisma Mod","Reimu（博丽灵梦）","Relic Stats","Reliquary","Replay The Spire","Spicy Shops","StSLib","The Alterego","The Hierophant","WarShipGirlsR/战舰少女R mod","Wide Potions","Yakumo Yukari mod","[GremlinLeader]The Maniac","【功能Mod】聪明的最终Boss","【遗物卡牌】REMEMod"],"gold_per_floor":[113,113,133,133,153,184,84,84,84,84,112,139,164,174,174,269,269,285,285,318,19,37,69,85,85,85,115,150,150,68,88,88,210,310,325,339,32,135,172,203,340,340,340,-1368,-1332,-1296,-1243,-1231,-1219,-1157,-1145,-1133,-1121,-1024,-992,-992],"floor_reached":55,"language":"ZHS","playtime":3216,"items_purged":[],"score":1165,"play_id":"7e01643e-6dac-423f-b44e-f08269905ada","local_time":"20210221111734","is_ascension_mode":false,"campfire_choices":[{"data":"PrismaMod:IllyaGrail","floor":8.0,"key":"SMITH"},{"data":"AT_FamilyPortrait","floor":10.0,"key":"SMITH"},{"floor":15.0,"key":"DIG"},{"data":"RitualDagger","floor":25,"key":"SMITH"},{"floor":29,"key":"RECALL"},{"floor":49,"key":"REST"},{"data":"PrismaMod:IllyaGrail","floor":52,"key":"SMITH"}],"circlet_count":0,"master_deck":["PrismaMod:IllyaCommonAttack+1","PrismaMod:IllyaCommonDefend","PrismaMod:IllyaCommonAttack+1","PrismaMod:IllyaCommonAttack+1","PrismaMod:IllyaCommonDefend","PrismaMod:IllyaCommonDefend","PrismaMod:IllyaCommonAttack+1","PrismaMod:IllyaUncommonAttack","PrismaMod:IllyaUncommonDefend","AT_FamilyPortrait+1","Hololive_CallRosalyn","PrismaMod:IllyaGrail+1","PrismaMod:IllyaCarnivalOrbs","RitualDagger+1","PrismaMod:IllyaCarnivalAttack+1","PrismaMod:IllyaGrail+1","PrismaMod:IllyaCarnivalPrismaAstolfo","PrismaMod:IllyaInstallAlterEgo","PrismaMod:IllyaFeed","PrismaMod:IllyaUberDefendChannel","PrismaMod:IllyaGrail","PrismaMod:IllyaBerserCAR"],"relics":["PrismaMod:PrismaRuby","AT_ATBox","DaveBox","REME_ComplimentaryCards","NeowsBlessing","PatriotShield","SynthV:TestCard","Replay:Bottled Snecko","REME_LimitBreaker","WingedGreaves","White Beast Statue","MealTicket","reliquary:TuningFork","Runic Dome","HollowDreamFlower","Sundial","Durian","reliquary:HotPoker","Replay:Wanted Poster","AT_MibuBalloonWealth","reliquary:Bookmark","CombinedTypeHook","Replay:WaspNest","SentryEyes","Replay:Bottled Eggs","SynthV:MejaisSoulstealer","MawBank","CrazyTorch:ReiMu"],"acts_visited":["Exordium","TheCity","TheBeyond","TheEnding"],"potions_floor_usage":[20,40,45,47,50,50,55],"damage_taken":[{"damage":0.0,"enemies":"2 Louse","floor":1.0,"turns":1.0},{"damage":0.0,"enemies":"Cultist","floor":3.0,"turns":1.0},{"damage":0.0,"enemies":"Jaw Worm","floor":5.0,"turns":1.0},{"damage":0.0,"enemies":"3 Sentries","floor":6.0,"turns":6.0},{"damage":0.0,"enemies":"Lagavulin","floor":11.0,"turns":5.0},{"damage":0.0,"enemies":"Gremlin Nob","floor":12.0,"turns":3.0},{"damage":0.0,"enemies":"3 Sentries","floor":13.0,"turns":4.0},{"damage":0.0,"enemies":"conspire:2 RoseBushes","floor":14.0,"turns":2.0},{"damage":0.0,"enemies":"The Guardian","floor":16.0,"turns":8.0},{"damage":0,"enemies":"Chosen","floor":18,"turns":2},{"damage":0,"enemies":"3 Byrds","floor":20,"turns":3},{"damage":0,"enemies":"Centurion and Healer","floor":22,"turns":2},{"damage":0,"enemies":"Gremlin Leader","floor":23,"turns":1},{"damage":0,"enemies":"Chosen and Byrds","floor":24,"turns":2},{"damage":0,"enemies":"Slavers","floor":27,"turns":2},{"damage":0,"enemies":"Gremlin Leader","floor":28,"turns":2},{"damage":0,"enemies":"Shelled Parasite and Fungi","floor":31,"turns":2},{"damage":0,"enemies":"Champ","floor":33,"turns":7},{"damage":0,"enemies":"3 Darklings","floor":35,"turns":2},{"damage":0,"enemies":"Orb Walker","floor":36,"turns":2},{"damage":0,"enemies":"2 Orb Walkers","floor":38,"turns":3},{"damage":0,"enemies":"Spire Growth","floor":39,"turns":2},{"damage":0,"enemies":"R_Hoarder","floor":40,"turns":1},{"damage":0,"enemies":"3 Darklings","floor":41,"turns":4},{"damage":5,"enemies":"Maw","floor":45,"turns":3},{"damage":0,"enemies":"Writhing Mass","floor":46,"turns":1},{"damage":59,"enemies":"Nemesis","floor":47,"turns":3},{"damage":25,"enemies":"Donu and Deca","floor":50,"turns":6},{"damage":26,"enemies":"Shield and Spear","floor":54,"turns":4},{"damage":41,"enemies":"The Heart","floor":55,"turns":3}],"seed_played":"6831017538888282069","potions_obtained":[{"floor":1.0,"key":"SkillPotion"},{"floor":5.0,"key":"Languid Potion"},{"floor":13.0,"key":"Doom Potion"},{"floor":14.0,"key":"REME_GoldPotion"},{"floor":16.0,"key":"AttackPotion"},{"floor":18,"key":"SmokeBomb"},{"floor":20,"key":"REME_GoldPotion"},{"floor":22,"key":"ColorlessPotion"},{"floor":41,"key":"GrandPatriotsElixir:ReiMu"},{"floor":46,"key":"Block Potion"},{"floor":47,"key":"Block Potion"},{"floor":54,"key":"Adrenaline Potion"}],"is_trial":false,"path_per_floor":["M","?","M","$","M","E","$","R","T","R","E","E","E","M","R","B",null,"M","?","M","$","M","E","M","R","T","E","E","R","$","M","R","B",null,"M","M","$","?","M","E","M","?","T","$","M","M","E","?","R","B",null,"R","$","E","B"],"character_chosen":"ILLYA","items_purchased":["PrismaMod:IllyaGrail","PrismaMod:IllyaCarnivalAttack+1","HollowDreamFlower","PrismaMod:IllyaFeed","AT_MibuBalloonWealth","reliquary:Bookmark","Replay:Bottled Eggs","PrismaMod:IllyaBerserCAR","SynthV:MejaisSoulstealer"],"campfire_rested":1,"item_purchase_floors":[7,21,21,30,37,37,44,44,44],"current_hp_per_floor":[75,75,75,75,75,75,75,75,75,75,75,75,75,75,75,75,75,75,69,69,75,75,75,75,75,75,80,80,80,80,80,80,80,80,80,80,80,80,80,80,80,80,80,80,75,79,23,23,47,26,82,82,82,58,21,21],"gold":-992,"neow_bonus":"THREE_ENEMY_KILL","is_daily":false,"chose_seed":false,"campfire_upgraded":4,"win_rate":0.0,"timestamp":1613877454,"path_taken":["M","?","?","?","M","E","$","R","T","R","E","E","E","M","R","BOSS","M","?","M","$","M","E","M","R","T","E","E","R","$","M","R","BOSS","M","M","$","?","M","E","M","?","T","$","M","M","E","?","R","BOSS","R","$","E","BOSS"],"items_purchased_type":["Card","Card","Relic","Card","Relic","Relic","Relic","Card","Relic"],"build_version":"2020-12-22","purchased_purges":0,"victory":false,"max_hp_per_floor":[75,75,75,75,75,75,75,75,75,75,75,75,75,75,75,75,75,75,75,75,75,75,75,75,75,75,80,80,80,80,80,80,80,80,80,80,80,80,80,80,80,80,80,80,80,80,82,82,82,82,82,82,82,84,84,84],"relic_stats":{"counters":[30,88],"Sundial":[4],"MealTicket":6,"MawBank":96,"obtain_stats":[{"CombinedTypeHook":38,"PatriotShield":0,"AT_ATBox":0,"DaveBox":0,"AT_MibuBalloonWealth":37,"Replay:Wanted Poster":34,"PrismaMod:PrismaRuby":0,"reliquary:HotPoker":28,"Sundial":23,"MealTicket":13,"WingedGreaves":11,"Replay:Bottled Snecko":6,"Replay:Bottled Eggs":44,"HollowDreamFlower":21,"SynthV:MejaisSoulstealer":44,"NeowsBlessing":0,"Replay:WaspNest":40,"REME_LimitBreaker":9,"MawBank":47,"White Beast Statue":12,"reliquary:Bookmark":37,"Runic Dome":17,"SynthV:TestCard":1,"SentryEyes":43,"CrazyTorch:ReiMu":54,"reliquary:TuningFork":15,"Durian":27,"REME_ComplimentaryCards":0},{"CombinedTypeHook":21,"PatriotShield":0,"AT_ATBox":0,"DaveBox":0,"AT_MibuBalloonWealth":20,"Replay:Wanted Poster":18,"PrismaMod:PrismaRuby":0,"reliquary:HotPoker":16,"Sundial":13,"MealTicket":7,"WingedGreaves":5,"Replay:Bottled Snecko":4,"Replay:Bottled Eggs":24,"HollowDreamFlower":11,"SynthV:MejaisSoulstealer":24,"NeowsBlessing":0,"Replay:WaspNest":23,"REME_LimitBreaker":4,"MawBank":27,"White Beast Statue":6,"reliquary:Bookmark":20,"Runic Dome":9,"SynthV:TestCard":1,"SentryEyes":24,"CrazyTorch:ReiMu":29,"reliquary:TuningFork":8,"Durian":15,"REME_ComplimentaryCards":0},{"CombinedTypeHook":61,"PatriotShield":0,"AT_ATBox":0,"DaveBox":0,"AT_MibuBalloonWealth":58,"Replay:Wanted Poster":54,"PrismaMod:PrismaRuby":0,"reliquary:HotPoker":45,"Sundial":39,"MealTicket":21,"WingedGreaves":14,"Replay:Bottled Snecko":9,"Replay:Bottled Eggs":68,"HollowDreamFlower":36,"SynthV:MejaisSoulstealer":68,"NeowsBlessing":0,"Replay:WaspNest":64,"REME_LimitBreaker":9,"MawBank":75,"White Beast Statue":17,"reliquary:Bookmark":58,"Runic Dome":31,"SynthV:TestCard":1,"SentryEyes":68,"CrazyTorch:ReiMu":85,"reliquary:TuningFork":23,"Durian":43,"REME_ComplimentaryCards":0}]},"card_choices":[{"not_picked":["PrismaMod:IllyaCommonEvoke","PrismaMod:IllyaFriendMaker","PrismaMod:IllyaUberChannel"],"picked":"SKIP","floor":1.0},{"not_picked":["PrismaMod:IllyaBoysLove","PrismaMod:IllyaDevil","PrismaMod:IllyaCheapChannelPoison","PrismaMod:IllyaSaphire","PrismaMod:IllyaStunPoison"],"picked":"SKIP","floor":3.0},{"not_picked":["PrismaMod:IllyaCheapChannelDefend","PrismaMod:IllyaPoisonBomb","PrismaMod:IllyaUncommonAttack","PrismaMod:IllyaRapidFire","PrismaMod:IllyaGun"],"picked":"SKIP","floor":5.0},{"not_picked":["PrismaMod:IllyaUberDefendChannel","PrismaMod:IllyaCheapDefend","PrismaMod:IllyaTestament","PrismaMod:IllyaGrailKun","PrismaMod:IllyaUberPoisonChannel"],"picked":"SKIP","floor":6.0},{"not_picked":["PrismaMod:IllyaBride","PrismaMod:IllyaPartialInstallAssassin","PrismaMod:IllyaPoisonTippedWeapons","PrismaMod:IllyaInstallBerserker","PrismaMod:IllyaAssassinRevenge"],"picked":"SKIP","floor":11.0},{"not_picked":["PrismaMod:IllyaPartialInstallAssassin","PrismaMod:IllyaBride","PrismaMod:IllyaStunPoison","PrismaMod:IllyaUberPoisonBlock","PrismaMod:IllyaCommonEvoke"],"picked":"SKIP","floor":12.0},{"not_picked":["PrismaMod:IllyaPartialInstallAssassin","PrismaMod:IllyaUberPoisonBlock","PrismaMod:IllyaBride","PrismaMod:IllyaMinorReinForce","PrismaMod:IllyaMinorZwei"],"picked":"SKIP","floor":13.0},{"not_picked":["PrismaMod:IllyaMinorZwei","PrismaMod:IllyaCheapChannelDefend","PrismaMod:IllyaCheapChannelAttack","PrismaMod:IllyaSaphire","PrismaMod:IllyaRussianRoulette"],"picked":"SKIP","floor":14.0},{"not_picked":["PrismaMod:IllyaInstallForeigner","PrismaMod:IllyaCarnivalDefend","PrismaMod:IllyaInstallAvenger","PrismaMod:IllyaInstallBerserker"],"picked":"PrismaMod:IllyaCarnivalOrbs","floor":16.0},{"not_picked":["PrismaMod:IllyaAssassinRevenge","PrismaMod:IllyaCheapDefend","PrismaMod:IllyaPartialInstallAssassin","PrismaMod:IllyaBerserCAR","PrismaMod:IllyaPoisoningPhantasm+1"],"picked":"SKIP","floor":18},{"not_picked":["PrismaMod:IllyaPoisonBlock","PrismaMod:IllyaSaphire","PrismaMod:IllyaPartialInstallAssassin","PrismaMod:IllyaBride","PrismaMod:IllyaPoisonTippedWeapons+1"],"picked":"SKIP","floor":20},{"not_picked":["PrismaMod:IllyaFriendMaker+1","PrismaMod:IllyaBoysLove","PrismaMod:IllyaUncommonAOEAttack","PrismaMod:IllyaInstallRuler"],"picked":"PrismaMod:IllyaGrail","floor":22},{"not_picked":["PrismaMod:IllyaMaid+1","PrismaMod:IllyaAssassinRevenge+1","PrismaMod:IllyaUberChannel","PrismaMod:IllyaSaphire","PrismaMod:IllyaCommonEvoke"],"picked":"SKIP","floor":23},{"not_picked":["PrismaMod:IllyaPartialInstallAssassin+1","PrismaMod:IllyaAOECommonAttack+1","PrismaMod:IllyaCheapAttack","PrismaMod:IllyaUncommonDefend"],"picked":"PrismaMod:IllyaCarnivalPrismaAstolfo","floor":24},{"not_picked":["PrismaMod:IllyaAssassinRevenge","PrismaMod:IllyaFriendMaker+1","PrismaMod:IllyaGun+1","PrismaMod:IllyaUpgradeOrbs"],"picked":"PrismaMod:IllyaInstallAlterEgo","floor":27},{"not_picked":["PrismaMod:IllyaAlice","PrismaMod:IllyaPoisonBomb","PrismaMod:IllyaCheapDefend+1","PrismaMod:IllyaReinForce+1","PrismaMod:IllyaBlindPoisonToss"],"picked":"SKIP","floor":28},{"not_picked":["PrismaMod:IllyaPoisoningPhantasm+1","PrismaMod:IllyaCommonEvoke","PrismaMod:IllyaGun+1","PrismaMod:IllyaAOECommonAttack","PrismaMod:IllyaPartialInstallAssassin+1"],"picked":"SKIP","floor":31},{"not_picked":["PrismaMod:IllyaRussianRoulette+1","PrismaMod:IllyaCommonEvoke","PrismaMod:IllyaUberChannel","PrismaMod:IllyaFeed"],"picked":"PrismaMod:IllyaGrail","floor":35},{"not_picked":["PrismaMod:IllyaPartialInstallAssassin+1","PrismaMod:IllyaBerserCAR+1","PrismaMod:IllyaGun+1","PrismaMod:IllyaGrail","PrismaMod:IllyaUberPoisonChannel"],"picked":"SKIP","floor":36},{"not_picked":["PrismaMod:IllyaUberPoisonBlock+1","PrismaMod:IllyaPoisonTippedWeapons","PrismaMod:IllyaBride+1","PrismaMod:IllyaBerserCAR","PrismaMod:IllyaCheapChannelPoison"],"picked":"SKIP","floor":39},{"not_picked":["PrismaMod:IllyaFeed","PrismaMod:IllyaInstallCaster","PrismaMod:IllyaRussianRoulette+1","PrismaMod:IllyaMaid+1","PrismaMod:IllyaUpgradeOrbs+1"],"picked":"SKIP","floor":40},{"not_picked":["PrismaMod:IllyaRapidFire+1","PrismaMod:IllyaBride","PrismaMod:IllyaMinorReinForce","PrismaMod:IllyaBoysLove","PrismaMod:IllyaTestament+1"],"picked":"SKIP","floor":41},{"not_picked":["PrismaMod:IllyaPartialInstallAssassin+1","PrismaMod:IllyaRussianRoulette","PrismaMod:IllyaHassanGift+1","PrismaMod:IllyaUpgradeOrbs+1","PrismaMod:IllyaGrailKun+1"],"picked":"SKIP","floor":45},{"not_picked":["PrismaMod:IllyaPoisonBomb","PrismaMod:IllyaMaid","PrismaMod:IllyaCheapDefend+1","PrismaMod:IllyaInstallShielder","PrismaMod:IllyaHassanGift"],"picked":"SKIP","floor":46},{"not_picked":["PrismaMod:IllyaUpgradeOrbs","PrismaMod:IllyaGrailKun","PrismaMod:IllyaMaid","PrismaMod:IllyaCommandSeal+1","PrismaMod:IllyaRubysPotion+1"],"picked":"SKIP","floor":47},{"not_picked":["PrismaMod:IllyaRussianRoulette","PrismaMod:IllyaStunPoison+1","PrismaMod:IllyaBoysLove","PrismaMod:IllyaFeed+1","PrismaMod:IllyaEvokeAll+1"],"picked":"SKIP","floor":54}],"player_experience":84569,"relics_obtained":[{"floor":1.0,"key":"SynthV:TestCard"},{"floor":6.0,"key":"Replay:Bottled Snecko"},{"floor":9.0,"key":"REME_LimitBreaker"},{"floor":11.0,"key":"WingedGreaves"},{"floor":12.0,"key":"White Beast Statue"},{"floor":13.0,"key":"MealTicket"},{"floor":15.0,"key":"reliquary:TuningFork"},{"floor":23,"key":"Sundial"},{"floor":27,"key":"Durian"},{"floor":28,"key":"reliquary:HotPoker"},{"floor":38,"key":"CombinedTypeHook"},{"floor":40,"key":"Replay:WaspNest"},{"floor":43,"key":"SentryEyes"},{"floor":47,"key":"MawBank"},{"floor":54,"key":"CrazyTorch:ReiMu"}],"event_choices":[{"cards_removed":["PrismaMod:IllyaCommonDefend"],"damage_healed":0.0,"max_hp_gain":0.0,"max_hp_loss":0.0,"gold_gain":0.0,"event_name":"Purifier","player_choice":"Purged","floor":2.0,"gold_loss":0.0,"damage_taken":0.0},{"damage_healed":0,"gold_gain":0,"player_choice":"Joined the Cult","damage_taken":6,"max_hp_gain":0,"max_hp_loss":0,"event_name":"Nest","floor":19,"gold_loss":0,"cards_obtained":["RitualDagger"]},{"damage_healed":0,"gold_gain":0,"player_choice":"Fight","damage_taken":0,"max_hp_gain":0,"max_hp_loss":0,"event_name":"Mysterious Sphere","floor":38,"gold_loss":0},{"damage_healed":0,"gold_gain":0,"player_choice":"Ignored","damage_taken":0,"max_hp_gain":0,"max_hp_loss":0,"event_name":"Tomb of Lord Red Mask","floor":42,"gold_loss":0},{"cards_removed":["PrismaMod:IllyaCommonAttack"],"damage_healed":0,"gold_gain":0,"player_choice":"Removed Attack","damage_taken":0,"max_hp_gain":0,"max_hp_loss":0,"event_name":"Falling","floor":48,"gold_loss":0}],"is_beta":false,"boss_relics":[{"not_picked":["Painkiller Herb","RedLine:ReiMu"],"picked":"Runic Dome"},{"not_picked":["Black Star","reliquary:ThirdArm"],"picked":"Replay:Wanted Poster"}],"items_purged_floors":[],"is_endless":false,"potions_floor_spawned":[1,5,6,13,14,16,18,20,22,23,24,27,28,31,33,35,36,38,39,40,41,45,46,47,54],"killed_by":"The Heart","ascension_level":0}}