{"host":"z37g2hkgkh2zjyzk","time":1613867288,"event":{"mods":["2.2 Compatiblity","AchievementEnabler","BaseMod","Bestiary","Colored Map","Colored Powertips","Curses Come First","Highlight Path","Keyboard Shortcuts","Minty Spire (QoL Compilation)","Relic Stats","StSLib","SuperFastMode"],"gold_per_floor":[114,124,134,134,153,153,328,362,362,372,372,405,405,439,451,463,463],"floor_reached":16,"language":"ENG","playtime":1256,"items_purged":[],"score":120,"play_id":"b6b0d274-ddf0-48ce-8e63-59e83cbba93c","local_time":"20210221012808","is_ascension_mode":false,"campfire_choices":[{"data":"Eruption","floor":6,"key":"SMITH"},{"data":"LikeWater","floor":11,"key":"SMITH"},{"data":"TalkToTheHand","floor":15,"key":"SMITH"}],"circlet_count":0,"master_deck":["Strike_P","Strike_P","Strike_P","Defend_P","Defend_P","Defend_P","Defend_P","Eruption+1","Vigilance","BowlingBash","Consecrate","ClearTheMind","LikeWater+1","DeusExMachina","Doubt","EmptyFist","Brilliance","TalkToTheHand+1"],"relics":["PureWater","Frozen Egg 2","Girya","Peace Pipe","MawBank"],"acts_visited":["Exordium"],"potions_floor_usage":[],"damage_taken":[{"damage":2,"enemies":"Cultist","floor":1,"turns":4},{"damage":0,"enemies":"2 Louse","floor":2,"turns":1},{"damage":0,"enemies":"Small Slimes","floor":3,"turns":3},{"damage":4,"enemies":"Blue Slaver","floor":5,"turns":5},{"damage":9,"enemies":"3 Sentries","floor":8,"turns":8},{"damage":5,"enemies":"Large Slime","floor":10,"turns":9},{"damage":17,"enemies":"Lagavulin","floor":12,"turns":6},{"damage":5,"enemies":"3 Sentries","floor":14,"turns":9},{"damage":41,"enemies":"Slime Boss","floor":16,"turns":8}],"seed_played":"7008805741093682193","potions_obtained":[{"floor":3,"key":"Ancient Potion"},{"floor":10,"key":"Strength Potion"}],"is_trial":false,"path_per_floor":["M","M","M","?","M","R","?","E","T","M","R","E","?","E","R","B"],"character_chosen":"WATCHER","items_purchased":[],"campfire_rested":0,"item_purchase_floors":[],"current_hp_per_floor":[77,77,77,77,73,73,73,64,64,59,59,42,42,37,37,0,0],"gold":463,"neow_bonus":"TEN_PERCENT_HP_BONUS","is_daily":false,"chose_seed":false,"campfire_upgraded":3,"win_rate":0.0,"timestamp":1613867288,"path_taken":["M","M","?","?","?","R","?","E","T","M","R","E","?","E","R","BOSS"],"items_purchased_type":[],"build_version":"2020-12-22","purchased_purges":0,"victory":false,"max_hp_per_floor":[79,79,79,79,79,79,79,79,79,79,79,79,79,79,79,79,79],"relic_stats":{"Peace Pipe":0,"counters":[9,53],"MawBank":24,"obtain_stats":[{"Peace Pipe":12,"Girya":9,"PureWater":0,"Frozen Egg 2":8,"MawBank":14},{"Peace Pipe":7,"Girya":5,"PureWater":0,"Frozen Egg 2":5,"MawBank":8},{"Peace Pipe":36,"Girya":21,"PureWater":0,"Frozen Egg 2":21,"MawBank":45}]},"card_choices":[{"not_picked":["WindmillStrike","FlurryOfBlows"],"picked":"BowlingBash","floor":1},{"not_picked":["LikeWater","SashWhip"],"picked":"Consecrate","floor":2},{"not_picked":["PathToVictory","Consecrate"],"picked":"ClearTheMind","floor":3},{"not_picked":["Pray","Crescendo"],"picked":"DeusExMachina","floor":5},{"not_picked":["Worship","Crescendo"],"picked":"EmptyFist","floor":8},{"not_picked":["BowlingBash","Consecrate"],"picked":"Brilliance","floor":10},{"not_picked":["SashWhip","FlyingSleeves","WreathOfFlame"],"picked":"SKIP","floor":12},{"not_picked":["InnerPeace","Weave"],"picked":"TalkToTheHand","floor":14}],"player_experience":163337,"relics_obtained":[{"floor":8,"key":"Frozen Egg 2"},{"floor":9,"key":"Girya"},{"floor":12,"key":"Peace Pipe"},{"floor":14,"key":"MawBank"}],"event_choices":[{"damage_healed":0,"gold_gain":0,"cards_transformed":["Strike_P"],"player_choice":"Transformed","damage_taken":0,"max_hp_gain":0,"max_hp_loss":0,"event_name":"Transmorgrifier","floor":4,"gold_loss":0,"cards_obtained":["LikeWater"]},{"damage_healed":0,"gold_gain":175,"player_choice":"AGREE","damage_taken":0,"max_hp_gain":0,"max_hp_loss":0,"event_name":"Liars Game","floor":7,"gold_loss":0,"cards_obtained":["Doubt"]},{"damage_healed":0,"gold_gain":0,"player_choice":"Ignored","damage_taken":0,"max_hp_gain":0,"max_hp_loss":0,"event_name":"NoteForYourself","floor":13,"gold_loss":0}],"is_beta":false,"boss_relics":[],"items_purged_floors":[],"is_endless":false,"potions_floor_spawned":[3,10],"killed_by":"Slime Boss","ascension_level":0}}