{"host":"tlbbab9afexrkdtf","time":1613945701,"event":{"mods":["2.2 Compatiblity","AchievementEnabler","BaseMod","Colored Map","Colored Powertips","Minty Spire (QoL Compilation)","Rare Cards Sparkle","StSLib"],"gold_per_floor":[115,115,115,126,145,170,189,215,215,290,290,313,313,313,313,436,436,457,472,29,52,67,67,92,92,117,117,242,242,267,290,290,290,290],"floor_reached":33,"language":"ENG","playtime":1150,"items_purged":["Injury"],"score":376,"play_id":"4cc5c48b-f60b-4b4c-9a68-5edac37f21d0","local_time":"20210221171501","is_ascension_mode":true,"campfire_choices":[{"floor":15,"key":"REST"},{"floor":23,"key":"REST"},{"floor":25,"key":"REST"},{"floor":27,"key":"RECALL"},{"floor":32,"key":"REST"}],"circlet_count":0,"master_deck":["Strike_B+1","Strike_B+1","Strike_B+1","Strike_B+1","Defend_B+1","Defend_B+1","Defend_B+1","Defend_B+1","Zap+1","Dualcast","Glacier","Gash","Capacitor","Glacier","Chill","Turbo","Thunder Strike+1","Reboot","Compile Driver+1","Beam Cell+1","Loop","Trip","Lockon+1","Auto Shields+1","Ball Lightning+1","White Noise","Heatsinks+1","Go for the Eyes+1","Amplify"],"relics":["Cracked Core","War Paint","Molten Egg 2","Emotion Chip","Mummified Hand","Golden Idol","Meat on the Bone","Runic Pyramid","Membership Card","Lantern","Art of War","Orichalcum","Calipers","The Courier"],"acts_visited":["Exordium","TheCity"],"potions_floor_usage":[6,6,8,16,19,28,33,33],"damage_taken":[{"damage":1,"enemies":"Cultist","floor":1,"turns":3},{"damage":0,"enemies":"2 Louse","floor":4,"turns":3},{"damage":4,"enemies":"Small Slimes","floor":5,"turns":3},{"damage":29,"enemies":"3 Sentries","floor":6,"turns":10},{"damage":0,"enemies":"2 Fungi Beasts","floor":7,"turns":4},{"damage":2,"enemies":"Lagavulin","floor":8,"turns":11},{"damage":17,"enemies":"Large Slime","floor":12,"turns":8},{"damage":51,"enemies":"The Guardian","floor":16,"turns":16},{"damage":24,"enemies":"Spheric Guardian","floor":18,"turns":8},{"damage":11,"enemies":"Shell Parasite","floor":19,"turns":7},{"damage":13,"enemies":"Snake Plant","floor":21,"turns":7},{"damage":5,"enemies":"Centurion and Healer","floor":22,"turns":10},{"damage":13,"enemies":"Cultist and Chosen","floor":24,"turns":7},{"damage":25,"enemies":"Colosseum Slavers","floor":28,"turns":5},{"damage":8,"enemies":"Colosseum Nobs","floor":28,"turns":5},{"damage":10,"enemies":"Snecko","floor":30,"turns":5},{"damage":10,"enemies":"Chosen and Byrds","floor":31,"turns":5},{"damage":80,"enemies":"Automaton","floor":33,"turns":12}],"seed_played":"-4784045619956138138","potions_obtained":[{"floor":1,"key":"GamblersBrew"},{"floor":4,"key":"AttackPotion"},{"floor":6,"key":"Dexterity Potion"},{"floor":8,"key":"SkillPotion"},{"floor":18,"key":"Strength Potion"},{"floor":24,"key":"FocusPotion"},{"floor":28,"key":"SkillPotion"},{"floor":30,"key":"BlessingOfTheForge"}],"is_trial":false,"path_per_floor":["M","?","?","M","M","E","M","E","T","?","?","M","?","T","R","B",null,"M","M","$","M","M","R","M","R","T","R","?","?","M","M","R","B"],"character_chosen":"DEFECT","items_purchased":["Membership Card","Lantern","Art of War","Loop","Trip","Lockon+1"],"campfire_rested":4,"item_purchase_floors":[20,20,20,20,20,20],"current_hp_per_floor":[74,67,67,67,63,34,34,32,32,21,21,4,31,31,55,16,66,42,43,43,42,49,73,60,82,82,82,49,49,51,53,77,0,0],"gold":290,"neow_bonus":"TEN_PERCENT_HP_BONUS","is_daily":false,"chose_seed":false,"campfire_upgraded":0,"win_rate":0.0,"timestamp":1613945701,"path_taken":["M","?","?","M","?","E","M","E","T","?","?","M","?","?","R","BOSS","M","M","$","M","M","R","M","R","T","R","?","?","M","M","R","BOSS"],"items_purchased_type":["Relic","Relic","Relic","Card","Card","Card"],"build_version":"2020-12-22","purchased_purges":1,"victory":false,"max_hp_per_floor":[82,82,82,82,82,82,82,82,82,82,82,82,82,82,82,82,82,82,82,82,82,82,82,82,82,82,82,82,82,82,82,82,82,82],"card_choices":[{"not_picked":["Redo","Turbo"],"picked":"Glacier","floor":1},{"not_picked":["Hologram","Rebound"],"picked":"Gash","floor":4},{"not_picked":["Recycle","Steam Power"],"picked":"Capacitor","floor":5},{"not_picked":["Hologram","Streamline+1"],"picked":"Glacier","floor":6},{"not_picked":["Hologram","Fusion"],"picked":"Chill","floor":7},{"not_picked":["Redo","Sunder+1"],"picked":"Turbo","floor":8},{"not_picked":["Sweeping Beam+1","FTL+1"],"picked":"Thunder Strike+1","floor":12},{"not_picked":["Multi-Cast","All For One+1"],"picked":"Reboot","floor":16},{"not_picked":["Stack+1","Aggregate"],"picked":"Compile Driver+1","floor":18},{"not_picked":["Fusion","Redo"],"picked":"Beam Cell+1","floor":19},{"not_picked":["Steam","Stack"],"picked":"Auto Shields+1","floor":21},{"not_picked":["BootSequence","Leap"],"picked":"Ball Lightning+1","floor":22},{"not_picked":["Amplify","Beam Cell+1"],"picked":"White Noise","floor":24},{"not_picked":["Tempest","Aggregate"],"picked":"Heatsinks+1","floor":28},{"not_picked":["Redo","Melter+1"],"picked":"Go for the Eyes+1","floor":30},{"not_picked":["Rebound+1","Steam"],"picked":"Amplify","floor":31}],"player_experience":350413,"relics_obtained":[{"floor":6,"key":"Molten Egg 2"},{"floor":8,"key":"Emotion Chip"},{"floor":9,"key":"Mummified Hand"},{"floor":14,"key":"Meat on the Bone"},{"floor":26,"key":"Orichalcum"},{"floor":28,"key":"Calipers"},{"floor":28,"key":"The Courier"}],"event_choices":[{"damage_healed":0,"gold_gain":0,"player_choice":"Success","damage_taken":7,"relics_obtained":["War Paint"],"max_hp_gain":0,"max_hp_loss":0,"event_name":"Scrap Ooze","floor":2,"gold_loss":0},{"damage_healed":0,"gold_gain":0,"player_choice":"Upgraded","damage_taken":0,"max_hp_gain":0,"max_hp_loss":0,"event_name":"Upgrade Shrine","floor":3,"gold_loss":0,"cards_upgraded":["Zap"]},{"damage_healed":0,"gold_gain":75,"player_choice":"Gather Gold","damage_taken":11,"max_hp_gain":0,"max_hp_loss":0,"event_name":"World of Goop","floor":10,"gold_loss":0},{"damage_healed":0,"gold_gain":0,"player_choice":"Take Wound","damage_taken":0,"relics_obtained":["Golden Idol"],"max_hp_gain":0,"max_hp_loss":0,"event_name":"Golden Idol","floor":11,"gold_loss":0,"cards_obtained":["Injury"]},{"damage_healed":27,"gold_gain":0,"player_choice":"Banana","damage_taken":0,"max_hp_gain":0,"max_hp_loss":0,"event_name":"Big Fish","floor":13,"gold_loss":0},{"damage_healed":0,"gold_gain":0,"player_choice":"Fight","damage_taken":0,"max_hp_gain":0,"max_hp_loss":0,"event_name":"Colosseum","floor":28,"gold_loss":0},{"damage_healed":0,"gold_gain":0,"player_choice":"Fought Nobs","damage_taken":0,"max_hp_gain":0,"max_hp_loss":0,"event_name":"Colosseum","floor":28,"gold_loss":0},{"damage_healed":0,"gold_gain":0,"player_choice":"Simplicity","damage_taken":0,"max_hp_gain":0,"max_hp_loss":0,"event_name":"Back to Basics","floor":29,"gold_loss":0,"cards_upgraded":["Strike_B","Strike_B","Strike_B","Strike_B","Defend_B","Defend_B"]}],"is_beta":false,"boss_relics":[{"not_picked":["SacredBark","Runic Dome"],"picked":"Runic Pyramid"}],"items_purged_floors":[20],"is_endless":false,"potions_floor_spawned":[1,4,6,8,18,24,28,28,30],"killed_by":"Automaton","ascension_level":9}}