{"host":"rylkjufw9dlhr07b","time":1613867175,"event":{"mods":["AchievementEnabler","BaseMod","Better Note","BetterRewards","Downfall","Hubris","Minty Spire (QoL Compilation)","Quick Restart","StSLib","The Bladedancer","The Servant 0.9.4"],"gold_per_floor":[99,116,63,82,82,97,97,97,197,182,182,282,82,93,110,110,110,110],"floor_reached":16,"language":"FRA","playtime":1259,"items_purged":[],"score":115,"play_id":"fa0036ec-ad92-495a-bacd-cf48ee20694d","local_time":"20210221012615","is_ascension_mode":false,"campfire_choices":[{"floor":1,"key":"RECALL"},{"data":"champ:Lariat","floor":8,"key":"SMITH"},{"floor":13,"key":"REST"}],"circlet_count":0,"master_deck":["champ:Strike","champ:Strike","champ:Strike","champ:Defend","champ:Defend","champ:Defend","champ:Execute","champ:Taunt","champ:Backstep","champ:SkillfulDodge","champ:ShieldWall","champ:Lariat+1","champ:AdrenalArmor","champ:PreciseThrust","champ:PerfectedStrike","champ:StanceDance+1","champ:IronFortress","champ:FocusedDefense","champ:GutPunch"],"relics":["champ:ChampionCrown","champ:LiftRelic","WristBlade","downfall:BrokenWingStatue","downfall:HeartBlessingRed","downfall:HeartBlessingBlue"],"acts_visited":["Exordium"],"potions_floor_usage":[12],"damage_taken":[{"damage":16,"enemies":"2 Louse","floor":2,"turns":2},{"damage":20,"enemies":"downfall:FleeingMerchant","floor":3,"turns":4},{"damage":12,"enemies":"Jaw Worm","floor":4,"turns":5},{"damage":15,"enemies":"Small Slimes","floor":6,"turns":4},{"damage":69,"enemies":"Small Slimes","floor":9,"turns":6},{"damage":20,"enemies":"downfall:FleeingMerchant","floor":10,"turns":4},{"damage":63,"enemies":"downfall:Heads","floor":12,"turns":6},{"damage":28,"enemies":"3 Louse","floor":14,"turns":4},{"damage":10,"enemies":"Exordium Wildlife","floor":15,"turns":2},{"damage":89,"enemies":"DF_ARCHETYPE_STREAMLINE","floor":16,"turns":9}],"seed_played":"1357928931576278956","potions_obtained":[{"floor":6,"key":"SteroidPotion"},{"floor":9,"key":"Energy Potion"},{"floor":12,"key":"SpeedPotion"}],"is_trial":false,"path_per_floor":["R","M","$","M","?","M","T","R","?","$","?","?","R","M","M","B"],"character_chosen":"THE_CHAMP","items_purchased":["champ:ShieldWall"],"campfire_rested":1,"item_purchase_floors":[3],"current_hp_per_floor":[99,93,93,91,91,91,91,91,67,67,67,49,91,88,88,0,0,0],"gold":110,"neow_bonus":"TEN_PERCENT_HP_BONUS","is_daily":false,"chose_seed":false,"campfire_upgraded":1,"win_rate":0.0,"timestamp":1613867175,"path_taken":["R","M","$","M","?","M","T","R","?","$","?","?","R","?","M","BOSS"],"items_purchased_type":["Card"],"build_version":"2020-12-22","purchased_purges":0,"victory":false,"max_hp_per_floor":[99,99,99,99,99,99,99,99,99,99,99,99,109,109,109,109,109,109],"card_choices":[{"not_picked":["champ:DefensiveShout","champ:GutPunch"],"picked":"champ:Backstep","floor":2},{"not_picked":["champ:CrownThrow","champ:AdrenalArmor"],"picked":"champ:SkillfulDodge","floor":3},{"not_picked":["champ:SkillfulDodge","champ:BringItOn"],"picked":"champ:Lariat","floor":4},{"not_picked":["champ:Circumvent","champ:Shatter"],"picked":"champ:AdrenalArmor","floor":6},{"not_picked":["champ:BringItOn","champ:BerserkersShout"],"picked":"champ:PreciseThrust","floor":9},{"not_picked":["champ:DefensiveShout","champ:EnGarde"],"picked":"champ:PerfectedStrike","floor":10},{"not_picked":["champ:BerserkersShout","champ:EnGarde"],"picked":"champ:StanceDance","floor":12},{"not_picked":["champ:StanceDance","champ:TornadoPunch"],"picked":"champ:FocusedDefense","floor":14},{"not_picked":["champ:BerserkersShout","champ:Encircle"],"picked":"champ:GutPunch","floor":15}],"player_experience":753569,"relics_obtained":[{"floor":9,"key":"WristBlade"}],"event_choices":[],"is_beta":false,"boss_relics":[],"items_purged_floors":[],"is_endless":false,"potions_floor_spawned":[6,9,12],"killed_by":"DF_ARCHETYPE_STREAMLINE","ascension_level":0}}