{"host":"uy3vg6glkp8m6iit","time":1613887369,"event":{"mods":["AchievementEnabler","BaseMod","Colored Map","DeckTracker","Highlight Path","Keyboard Shortcuts","Minty Spire (QoL Compilation)","Quick Restart","Random Character Button","Rare Cards Sparkle","Relic Stats","StSLib","everything is the same but u backflip on backflip"],"gold_per_floor":[115,2,21,0,12,12,12,12],"floor_reached":7,"language":"KOR","playtime":216,"items_purged":[],"score":82,"play_id":"4360e0ac-5248-4bb0-b1d1-bf403a1486af","local_time":"20210221150249","is_ascension_mode":true,"campfire_choices":[{"data":"Dagger Spray","floor":6,"key":"SMITH"}],"circlet_count":0,"master_deck":["AscendersBane","Strike_G","Strike_G","Strike_G","Strike_G","Strike_G","Defend_G","Defend_G","Defend_G","Defend_G","Defend_G","Survivor","Neutralize","Backflip","Deadly Poison","Dagger Spray+1","Dash","Tactician"],"relics":["Ring of the Snake","Tough Bandages"],"acts_visited":[],"potions_floor_usage":[7,7],"damage_taken":[{"damage":5,"enemies":"Small Slimes","floor":1,"turns":5},{"damage":12,"enemies":"Jaw Worm","floor":3,"turns":5},{"damage":1,"enemies":"Cultist","floor":5,"turns":4},{"damage":34,"enemies":"Gremlin Nob","floor":7,"turns":4}],"seed_played":"-6373307526250323775","potions_obtained":[{"floor":3,"key":"SkillPotion"},{"floor":5,"key":"SneckoOil"}],"is_trial":false,"path_per_floor":["M","$","M","?","M","R","E"],"character_chosen":"THE_SILENT","items_purchased":["Deadly Poison","Dagger Spray"],"campfire_rested":0,"item_purchase_floors":[2,2],"current_hp_per_floor":[39,39,27,27,26,26,0,0],"gold":12,"neow_bonus":"ONE_RARE_RELIC","is_daily":false,"chose_seed":false,"campfire_upgraded":1,"win_rate":0.0,"timestamp":1613887369,"path_taken":["M","$","M","?","M","R","E"],"items_purchased_type":["Card","Card"],"build_version":"2020-12-22","purchased_purges":0,"victory":false,"max_hp_per_floor":[66,66,66,66,66,66,66,66],"relic_stats":{"Tough Bandages":[9],"counters":[4,18],"obtain_stats":[{"Tough Bandages":0,"Ring of the Snake":0},{"Tough Bandages":0,"Ring of the Snake":0},{"Tough Bandages":0,"Ring of the Snake":0}],"Ring of the Snake":[8]},"card_choices":[{"not_picked":["Outmaneuver","Cloak And Dagger"],"picked":"Backflip","floor":1},{"not_picked":["Accuracy","Acrobatics"],"picked":"Dash","floor":3},{"not_picked":["Acrobatics","Distraction"],"picked":"Tactician","floor":5}],"player_experience":1524254,"relics_obtained":[],"event_choices":[{"damage_healed":0,"gold_gain":0,"player_choice":"Left Gold","damage_taken":0,"max_hp_gain":0,"max_hp_loss":0,"event_name":"World of Goop","floor":4,"gold_loss":21}],"is_beta":false,"boss_relics":[],"items_purged_floors":[],"is_endless":false,"potions_floor_spawned":[3,5],"killed_by":"Gremlin Nob","ascension_level":20}}