{"host":"avq773cl9g5msfol","time":1613914525,"event":{"mods":["100% Spire Juice","AchievementEnabler","Act Like it!","Ascension Unlocker","Aspiration","Astrologer","Bard","Bartender","BaseMod","Better Altar","Better Third Choice","BetterRewards","CapriCore","ChefMod","Colored Map","Colored Powertips","Conspire","Dio Mod","Downfall","Elementarium","Energized Spire","Extra Virgin Snecko Oil","Gensokyo","GifTheSpireLib","Hallownest","Hermit","Highlight Path","Hubris","Humility","Infinite Spire","Jorbs\u0027s Wanderer Trilogy","Koishi","Magitek Elite","Marisa????????","Marked Mod","Menagerie","Minty Spire (QoL Compilation)","Pale of the Ancients","Potionbrewer","Quarter Circle Forward PUNCH!","Rare Cards Sparkle","Reimu??????","Relic Stats","Reliquary","Remilia??????","Replay The Spire","Robot Space Explorer","SacredBarkPlus","Shade Mod","Shapeshifter Mod","Somnambulant","Spicy Shops","Spire Arcade","StSLib","The Administrix","The Blue Laboratory","The Bug Knight","The Construct","The Cursed","The Disciple","The Dragon Tamer","The Exalted","The Hayseed","The Hierophant","The Hydrologist","The Immortal","The Marked","The Mystic","The Problem Sleuth","The Runesmith","The Senshi","The Vixen","The Wild Card","TheFirefly","Wandering Minibosses","Wide Potions","vexMod"],"gold_per_floor":[6933,122,141,914,914,914,914,956,981,975,1011,1011,1049,1067,1095,1174,1174,1174,1200,1240,1265,1302,1341,1368,1368,1403,1403,1431,1471,1794,1829,1847,1921,1921,1921,1938,1957,1977,1990,2025,2048,2083,2095,2095,2095,2127,2142,2220,2232,2232],"floor_reached":51,"language":"ENG","playtime":4980,"items_purged":["hexamod:UnlimitedPower+1","hexamod:AdvancingGuard+1","hexamod:SpectralSpark+1","hexamod:Firestarter+1"],"score":3278,"play_id":"126ad7e5-0bb1-4785-aad6-8b52ccfe2ebd","local_time":"20210221203525","is_ascension_mode":true,"campfire_choices":[{"data":"hexamod:Float","floor":1.0,"key":"SMITH"},{"floor":35,"key":"REST"}],"circlet_count":0,"master_deck":["AscendersBane","hexamod:Sear+1","hexamod:Float+1","hexamod:HeatCrush+1","hexamod:GhostflameBarrier+1","hexamod:BurningTouch+1","hexamod:RecurringNightmare+1","hexamod:HeatShield+1","hexamod:PhantomFireball+1","hexamod:RadiantFlame+1","hexamod:Hexaguard+1","hexamod:HeatMetal+1","hexamod:RainOfEmbers+1","hexamod:ExtraCrispy+1","hexamod:SuperheatedStrike+1","hexamod:NightmareGuise+1","hexamod:GhostShield+1","hexamod:InspiringFlames+1","hexamod:Toasty+1","hexamod:ThermalTransfer+1","hexamod:SearingWound+1","hexamod:FlamesFromBeyond+1","Specialist+1","hexamod:ShieldOfDarkness+1","hexamod:SpectralSpark+1","hexamod:Firestarter+1","hexamod:Incineration+1","hexamod:VolcanoVisage+1","hexamod:WildfireWeapon+1","hexamod:PowerFromBeyond+1","hexamod:GiftsFromTheDead+1","infinitespire:Menacing+1","infinitespire:SevenWalls+1","hexamod:HexaLevel+1","hexamod:TimeOfNeed+1"],"relics":["hexamod:SpiritBrand","Quantum Egg","Golden Egg","hexamod:MatchstickCase","hexamod:JarOfFuel","Guard_Bracelet","OrangePellets","reliquary:BoilingFlask","hexamod:SoulOfChaos","theSenshi:SuperSailorFukuRelic","HollowMod:JonisBlessing","Mummified Hand","qcfpunch:Chain_With_Nametags","aspiration:FetidBarrel","reliquary:PartyBalloon","Anchor","vexMod:HeadHunter","wanderingMiniBosses:MasterThiefsPresence","Protect_Vest","hubris:SphereOfDissonance","Replay:Bronze Core","PreservedInsect","vexMod:MemoryStick","hexamod:TheBrokenSeal","qcfpunch:Crimson_Sash","Replay:Rubber Ducky","Tintinnabulum","ReplayTheSpireMod:Ninjato"],"acts_visited":["Gensokyo:Gensokyo","TheCity","TheBeyond"],"potions_floor_usage":[50],"damage_taken":[{"damage":0.0,"enemies":"Gensokyo:2_Kodama","floor":2.0,"turns":3.0},{"damage":0.0,"enemies":"Gensokyo:Python","floor":3.0,"turns":2.0},{"damage":0.0,"enemies":"downfall:FleeingMerchant","floor":4.0,"turns":5.0},{"damage":0.0,"enemies":"Gensokyo:Mamizou","floor":8.0,"turns":3.0},{"damage":0.0,"enemies":"Gensokyo:3_Fairies","floor":9.0,"turns":3.0},{"damage":0.0,"enemies":"Gensokyo:Cirno","floor":11.0,"turns":6.0},{"damage":0.0,"enemies":"Gensokyo:Aya","floor":12.0,"turns":4.0},{"damage":0.0,"enemies":"Gensokyo:Cirno","floor":13.0,"turns":6.0},{"damage":0.0,"enemies":"Gensokyo:VengefulSpirit","floor":14.0,"turns":4.0},{"damage":0.0,"enemies":"Gensokyo:Kitsune","floor":15.0,"turns":2.0},{"damage":0.0,"enemies":"WA_ARCHETYPE_RETAIN","floor":16.0,"turns":4.0},{"damage":0.0,"enemies":"conspire:FuzzyDice","floor":19.0,"turns":5.0},{"damage":0.0,"enemies":"HollowMod:Nosk","floor":20.0,"turns":5.0},{"damage":0.0,"enemies":"Cultist and Chosen","floor":21.0,"turns":6.0},{"damage":0.0,"enemies":"conspire:SneckoGhost","floor":22.0,"turns":5.0},{"damage":0.0,"enemies":"Nightmare","floor":23.0,"turns":6.0},{"damage":0.0,"enemies":"HollowMod:Nosk","floor":26.0,"turns":3.0},{"damage":0.0,"enemies":"Centurion and Healer","floor":27.0,"turns":6.0},{"damage":0.0,"enemies":"3 Cultists","floor":28.0,"turns":5.0},{"damage":0.0,"enemies":"conspire:SneckoGhost","floor":29.0,"turns":5.0},{"damage":0.0,"enemies":"downfall:FleeingMerchant","floor":30.0,"turns":4.0},{"damage":0.0,"enemies":"Gremlin Leader","floor":31.0,"turns":4.0},{"damage":0.0,"enemies":"Snake Plant","floor":32.0,"turns":5.0},{"damage":0.0,"enemies":"SI_MIRROR_ARCHETYPE","floor":33.0,"turns":6.0},{"damage":0,"enemies":"3 Darklings","floor":36,"turns":5},{"damage":0,"enemies":"3 Shapes","floor":37,"turns":4},{"damage":0,"enemies":"Spire Growth","floor":38,"turns":3},{"damage":0,"enemies":"4 Shapes","floor":39,"turns":5},{"damage":0,"enemies":"Nemesis","floor":40,"turns":4},{"damage":0,"enemies":"conspire:MimicChest","floor":42,"turns":5},{"damage":0,"enemies":"Writhing Mass","floor":43,"turns":3},{"damage":0,"enemies":"R_Hoarder","floor":46,"turns":3},{"damage":0,"enemies":"3 Darklings","floor":47,"turns":4},{"damage":0,"enemies":"HollowMod:SlobberingHusk","floor":49,"turns":6},{"damage":0,"enemies":"IC_BLOCK_ARCHETYPE","floor":50,"turns":12}],"seed_played":"4929901711883043476","potions_obtained":[{"floor":4.0,"key":"Slimebound:ThreeZeroPotion"},{"floor":12.0,"key":"hexamod:SoulburnPotion"},{"floor":22.0,"key":"Regen Potion"},{"floor":31.0,"key":"hexamod:InfernoChargePotion"},{"floor":33.0,"key":"potionbrewer:ToxicPotion"},{"floor":43,"key":"GamblersBrew"}],"is_trial":false,"path_per_floor":["R","M","M","$","?","?","T","E","M","?","E","E","E","M","M","B",null,"R_BF","M","E","M","E","NM","T","?","E","M","M","E","$","E","M","B",null,"R","M","M","M","M","E","T","?","M","?","AVR","E","M","T","M","B",null],"character_chosen":"THE_SPIRIT","items_purchased":["hexamod:PhantomFireball","hexamod:MatchstickCase","hexamod:JarOfFuel","hexamod:SecondSeal","hexamod:RadiantFlame","Guard_Bracelet","OrangePellets","hexamod:Hexaguard","hexamod:HeatMetal","hexamod:RainOfEmbers","hexamod:ExtraCrispy","hexamod:SuperheatedStrike","hexamod:NightmareGuise","hexamod:GhostShield","hexamod:FirstSeal","hexamod:InspiringFlames","reliquary:BoilingFlask","potionbrewer:DiscountPotion","potionbrewer:CleansingPotion","hexamod:Toasty","hexamod:SoulOfChaos","hexamod:ThermalTransfer","theSenshi:SuperSailorFukuRelic","HollowMod:JonisBlessing","hexamod:SearingWound+1","hexamod:FlamesFromBeyond","hexamod:FourthSeal","Specialist","Mummified Hand","qcfpunch:Chain_With_Nametags","hexamod:ShieldOfDarkness","hexamod:SpectralSpark","hexamod:Firestarter","aspiration:FetidBarrel","reliquary:PartyBalloon","Anchor","hexamod:Incineration+1","hexamod:VolcanoVisage"],"campfire_rested":1,"item_purchase_floors":[0,0,0,0,0,0,0,0,0,0,0,0,0,0,0,0,0,0,0,0,0,0,0,0,0,0,0,0,0,0,0,0,0,0,0,0,0,0],"current_hp_per_floor":[57,57,57,57,57,60,60,60,60,63,63,63,63,63,63,63,63,48,48,48,48,48,48,48,48,48,48,48,48,48,48,48,48,58,69,69,69,69,69,69,69,69,69,70,71,71,71,72,72,72],"gold":2232,"neow_bonus":"","is_daily":false,"chose_seed":false,"campfire_upgraded":1,"win_rate":0.0,"timestamp":1613914525,"path_taken":["R","M","M","?","?","?","T","E","?","?","E","E","E","M","M","BOSS","R_BF","M","E","M","E","NM","T","?","E","M","M","E","$","E","M","BOSS","R","M","M","M","M","E","T","?","M","?","AVR","E","M","?","M","BOSS"],"items_purchased_type":["Card","Relic","Relic","Card","Card","Relic","Relic","Card","Card","Card","Card","Card","Card","Card","Card","Card","Relic","Potion","Potion","Card","Relic","Card","Relic","Relic","Card","Card","Card","Card","Relic","Relic","Card","Card","Card","Relic","Relic","Relic","Card","Card"],"build_version":"2020-12-22","purchased_purges":4,"victory":true,"max_hp_per_floor":[63,63,63,63,63,63,63,63,63,63,63,63,63,63,63,63,63,63,63,63,65,65,65,65,65,65,65,65,65,65,65,75,75,75,75,75,75,75,75,75,75,75,75,75,75,75,75,75,75,75],"relic_stats":{"OrangePellets":[39],"counters":[36,162],"Mummified Hand":[341],"PreservedInsect":332,"obtain_stats":[{"hexamod:JarOfFuel":0,"Golden Egg":0,"theSenshi:SuperSailorFukuRelic":0,"vexMod:MemoryStick":29,"reliquary:PartyBalloon":0,"reliquary:BoilingFlask":0,"Empty Cage":32,"qcfpunch:Crimson_Sash":34,"Replay:Rubber Ducky":41,"Mummified Hand":0,"hexamod:SoulOfChaos":0,"Replay:Bronze Core":17,"qcfpunch:Chain_With_Nametags":0,"hexamod:SpiritBrand":0,"ReplayTheSpireMod:Ninjato":48,"aspiration:FetidBarrel":0,"Quantum Egg":0,"HollowMod:JonisBlessing":0,"hubris:SphereOfDissonance":13,"hexamod:TheBrokenSeal":32,"wanderingMiniBosses:MasterThiefsPresence":4,"PreservedInsect":23,"Protect_Vest":12,"hexamod:MatchstickCase":0,"OrangePellets":0,"Anchor":0,"vexMod:HeadHunter":0,"Tintinnabulum":42,"Pandora\u0027s Box":0,"Guard_Bracelet":0},{"hexamod:JarOfFuel":1,"Golden Egg":1,"theSenshi:SuperSailorFukuRelic":1,"vexMod:MemoryStick":21,"reliquary:PartyBalloon":1,"reliquary:BoilingFlask":1,"Empty Cage":24,"qcfpunch:Crimson_Sash":25,"Replay:Rubber Ducky":30,"Mummified Hand":1,"hexamod:SoulOfChaos":1,"Replay:Bronze Core":12,"qcfpunch:Chain_With_Nametags":1,"hexamod:SpiritBrand":0,"ReplayTheSpireMod:Ninjato":34,"aspiration:FetidBarrel":1,"Quantum Egg":1,"HollowMod:JonisBlessing":1,"hubris:SphereOfDissonance":9,"hexamod:TheBrokenSeal":24,"wanderingMiniBosses:MasterThiefsPresence":4,"PreservedInsect":17,"Protect_Vest":8,"hexamod:MatchstickCase":1,"OrangePellets":1,"Anchor":1,"vexMod:HeadHunter":1,"Tintinnabulum":31,"Pandora\u0027s Box":1,"Guard_Bracelet":1},{"hexamod:JarOfFuel":1,"Golden Egg":1,"theSenshi:SuperSailorFukuRelic":1,"vexMod:MemoryStick":89,"reliquary:PartyBalloon":1,"reliquary:BoilingFlask":1,"Empty Cage":102,"qcfpunch:Crimson_Sash":108,"Replay:Rubber Ducky":129,"Mummified Hand":1,"hexamod:SoulOfChaos":1,"Replay:Bronze Core":43,"qcfpunch:Chain_With_Nametags":1,"hexamod:SpiritBrand":0,"ReplayTheSpireMod:Ninjato":144,"aspiration:FetidBarrel":1,"Quantum Egg":1,"HollowMod:JonisBlessing":1,"hubris:SphereOfDissonance":33,"hexamod:TheBrokenSeal":101,"wanderingMiniBosses:MasterThiefsPresence":11,"PreservedInsect":70,"Protect_Vest":27,"hexamod:MatchstickCase":1,"OrangePellets":1,"Anchor":1,"vexMod:HeadHunter":1,"Tintinnabulum":134,"Pandora\u0027s Box":1,"Guard_Bracelet":1}]},"card_choices":[{"not_picked":["hexamod:GhostShield","hexamod:FastForward","hexamod:FlamesFromBeyond"],"picked":"SKIP","floor":2.0},{"not_picked":["hexamod:SuperheatedStrike","hexamod:GhostOfSpireFuture","hexamod:GhostShield"],"picked":"SKIP","floor":2.0},{"not_picked":["hexamod:EtherealExpedition","hexamod:StepThrough","hexamod:UnlimitedPower"],"picked":"SKIP","floor":3.0},{"not_picked":["hexamod:SecondSeal","hexamod:BurningTouch","hexamod:FirstSeal"],"picked":"SKIP","floor":3.0},{"not_picked":["hexamod:FourthSeal","hexamod:FastForward"],"picked":"hexamod:WildfireWeapon","floor":4.0},{"not_picked":["hexamod:NightmareGuise","hexamod:SpectralAdrenaline","hexamod:SoulSteal"],"picked":"SKIP","floor":4.0},{"not_picked":["hexamod:ParanormalForm","hexamod:ApocalypticArmor"],"picked":"hexamod:SixthSeal","floor":8.0},{"not_picked":["hexamod:EtherealExpedition","hexamod:NecessarySacrifice","hexamod:PhantomFireball"],"picked":"SKIP","floor":8.0},{"not_picked":["hexamod:SpectersWail","hexamod:BacktrackSmack","hexamod:EtherealExpedition"],"picked":"SKIP","floor":8.0},{"not_picked":["hexamod:Firestarter","hexamod:SoulSteal","hexamod:GhostOfSpirePresent"],"picked":"SKIP","floor":9.0},{"not_picked":["hexamod:SwordOfDarkness","hexamod:RecurringNightmare","hexamod:GhostShield"],"picked":"SKIP","floor":9.0},{"not_picked":["hexamod:ForkedFlame","hexamod:UnlimitedPower","hexamod:ApocalypseNow"],"picked":"SKIP","floor":11.0},{"not_picked":["hexamod:Again","hexamod:SpectralAdrenaline","hexamod:DynamicBlow"],"picked":"SKIP","floor":11.0},{"not_picked":["hexamod:HeatShield","hexamod:HauntingEcho","hexamod:ShieldOfDarkness"],"picked":"SKIP","floor":11.0},{"not_picked":["hexamod:TimeWarp","hexamod:FlameSwitch"],"picked":"hexamod:GiftsFromTheDead","floor":12.0},{"not_picked":["hexamod:EtherealExpedition","hexamod:PhantomFireball","hexamod:NightmareGuise"],"picked":"SKIP","floor":12.0},{"not_picked":["hexamod:FourthSeal","hexamod:ThermalTransfer","hexamod:GhostShield"],"picked":"SKIP","floor":12.0},{"not_picked":["hexamod:ForkedFlame","hexamod:TimeWarp","hexamod:SixthSeal"],"picked":"SKIP","floor":13.0},{"not_picked":["hexamod:SuperheatedStrike","hexamod:Haunt","hexamod:HeatMetal"],"picked":"SKIP","floor":13.0},{"not_picked":["hexamod:SpectralAdrenaline","hexamod:UnleashSpirits","hexamod:ShieldOfDarkness"],"picked":"SKIP","floor":13.0},{"not_picked":["hexamod:NightmareGuise","hexamod:RainOfEmbers","hexamod:Firestarter"],"picked":"SKIP","floor":14.0},{"not_picked":["hexamod:DynamicBlow","hexamod:Firestarter","hexamod:SpectralSpark"],"picked":"SKIP","floor":14.0},{"not_picked":["hexamod:SpectersWail","hexamod:AdvancingGuard","hexamod:InspiringFlames"],"picked":"SKIP","floor":15.0},{"not_picked":["hexamod:Hexaguard","hexamod:StepThrough","hexamod:ShieldOfDarkness"],"picked":"SKIP","floor":15.0},{"not_picked":["ReplayTheSpireMod:Book of Names","infinitespire:DeathsTouch"],"picked":"infinitespire:Menacing","floor":18.0},{"not_picked":["hexamod:BurningTouch","hexamod:ShieldOfDarkness+1","hexamod:AdvancingGuard"],"picked":"SKIP","floor":19.0},{"not_picked":["hexamod:ThermalTransfer","hexamod:AdvancingGuard","hexamod:GhostLash"],"picked":"SKIP","floor":19.0},{"not_picked":["hexamod:WildfireWeapon","hexamod:ParanormalForm","hexamod:UnlimitedPower"],"picked":"SKIP","floor":20.0},{"not_picked":["hexamod:FirstSeal","hexamod:DynamicBlow","hexamod:SpectralAdrenaline"],"picked":"SKIP","floor":20.0},{"not_picked":["hexamod:EmpoweredFlame","hexamod:ShieldOfDarkness","hexamod:ApocalypseNow"],"picked":"SKIP","floor":20.0},{"not_picked":["hexamod:SuperheatedStrike","hexamod:GhostOfSpireFuture","hexamod:ThermalTransfer"],"picked":"SKIP","floor":21.0},{"not_picked":["hexamod:SuperheatedStrike","hexamod:FlamesFromBeyond","hexamod:GhostOfSpireFuture"],"picked":"SKIP","floor":21.0},{"not_picked":["hexamod:TimeWarp","hexamod:SixthSeal","hexamod:Toasty"],"picked":"SKIP","floor":22.0},{"not_picked":["hexamod:NightmareGuise","hexamod:BurningTouch","hexamod:RainOfEmbers"],"picked":"SKIP","floor":22.0},{"not_picked":["hexamod:InspiringFlames","hexamod:HauntingEcho","hexamod:FirstSeal"],"picked":"SKIP","floor":22.0},{"not_picked":["ReplayTheSpireMod:??????????????????????","infinitespire:Punishment"],"picked":"infinitespire:SevenWalls","floor":23.0},{"not_picked":["hexamod:GhostflameInferno","hexamod:TurnItUp","hexamod:ApocalypseNow"],"picked":"SKIP","floor":23.0},{"not_picked":["hexamod:HeatMetal","hexamod:StepThrough","hexamod:SuperheatedStrike"],"picked":"SKIP","floor":23.0},{"not_picked":["hexamod:InspiringFlames","hexamod:SuperheatedStrike","hexamod:SwordOfDarkness"],"picked":"SKIP","floor":23.0},{"not_picked":["hexamod:GhostOfSpirePresent","hexamod:ApocalypticArmor"],"picked":"hexamod:HexaLevel","floor":26.0},{"not_picked":["hexamod:UnlimitedPower","hexamod:ChargedBarrage","hexamod:PhantomCloak"],"picked":"SKIP","floor":26.0},{"not_picked":["hexamod:BacktrackSmack","hexamod:SpectersWail","hexamod:Firestarter"],"picked":"SKIP","floor":26.0},{"not_picked":["hexamod:SpectralAdrenaline","hexamod:SoulSteal","hexamod:ChargedBarrage"],"picked":"SKIP","floor":27.0},{"not_picked":["hexamod:BurningTouch+1","hexamod:HeatCrush","hexamod:SoulSteal"],"picked":"SKIP","floor":27.0},{"not_picked":["hexamod:Hexaguard","hexamod:FlamesFromBeyond","hexamod:ThermalTransfer"],"picked":"SKIP","floor":28.0},{"not_picked":["hexamod:GhostShield","hexamod:NecessarySacrifice","hexamod:SpectersWail"],"picked":"SKIP","floor":28.0},{"not_picked":["hexamod:UnlimitedPower","hexamod:ForkedFlame","hexamod:WildfireWeapon"],"picked":"SKIP","floor":29.0},{"not_picked":["hexamod:InspiringFlames","hexamod:NecessarySacrifice","hexamod:HauntingEcho"],"picked":"SKIP","floor":29.0},{"not_picked":["hexamod:HeatMetal","hexamod:PowerFromBeyond","hexamod:FlamesFromBeyond"],"picked":"SKIP","floor":29.0},{"not_picked":["hexamod:RetreatToShadows+1","hexamod:Again","hexamod:GhostflameBarrier"],"picked":"SKIP","floor":30.0},{"not_picked":["hexamod:PhantomCloak+1","hexamod:EmpoweredFlame","hexamod:PhantomFireball"],"picked":"SKIP","floor":30.0},{"not_picked":["hexamod:TurnItUp","hexamod:ApocalypticArmor","hexamod:ForkedFlame"],"picked":"SKIP","floor":31.0},{"not_picked":["hexamod:PowerFromBeyond+1","hexamod:FlameSwitch","hexamod:SpectersWail"],"picked":"SKIP","floor":31.0},{"not_picked":["hexamod:PhantomFireball","hexamod:EmpoweredFlame","hexamod:EtherealExpedition"],"picked":"SKIP","floor":31.0},{"not_picked":["hexamod:TurnItUp","hexamod:ApocalypticArmor","hexamod:ForkedFlame"],"picked":"SKIP","floor":31.0},{"not_picked":["hexamod:PowerFromBeyond+1","hexamod:FlameSwitch","hexamod:SpectersWail"],"picked":"SKIP","floor":31.0},{"not_picked":["hexamod:PhantomFireball","hexamod:EmpoweredFlame","hexamod:EtherealExpedition"],"picked":"SKIP","floor":31.0},{"not_picked":["hexamod:SuperheatedStrike","hexamod:SpectersWail","hexamod:FirstSeal"],"picked":"SKIP","floor":32.0},{"not_picked":["hexamod:Firestarter+1","hexamod:FlamesFromBeyond","hexamod:EmpoweredFlame"],"picked":"SKIP","floor":32.0},{"not_picked":["hexamod:SuperheatedStrike","hexamod:SpectersWail","hexamod:FirstSeal"],"picked":"SKIP","floor":32.0},{"not_picked":["hexamod:Firestarter+1","hexamod:FlamesFromBeyond","hexamod:EmpoweredFlame"],"picked":"SKIP","floor":32.0},{"not_picked":["hexamod:Firestarter+1","hexamod:InspiringFlames+1","hexamod:NightmareGuise"],"picked":"SKIP","floor":36},{"not_picked":["hexamod:FlamesFromBeyond","hexamod:Hexaguard","hexamod:NightmareStrike"],"picked":"SKIP","floor":37},{"not_picked":["hexamod:NightmareStrike+1","hexamod:SwordOfDarkness","hexamod:FlamesFromBeyond+1"],"picked":"SKIP","floor":38},{"not_picked":["hexamod:SwordOfDarkness","hexamod:GhostShield+1","hexamod:SuperheatedStrike"],"picked":"SKIP","floor":39},{"not_picked":["hexamod:HexaLevel","hexamod:TurnItUp","hexamod:UnleashSpirits"],"picked":"SKIP","floor":40},{"not_picked":["hexamod:ForkedFlame","hexamod:ThermalTransfer","hexamod:FirstSeal"],"picked":"SKIP","floor":40},{"not_picked":["hexamod:SwordOfDarkness+1","hexamod:NightmareGuise+1","hexamod:GhostOfSpireFuture+1"],"picked":"SKIP","floor":43},{"not_picked":["hexamod:FifthSeal","hexamod:Toasty"],"picked":"hexamod:TimeOfNeed","floor":46},{"not_picked":["hexamod:GhostOfSpireFuture+1","hexamod:UnlimitedPower","hexamod:ThermalTransfer"],"picked":"SKIP","floor":46},{"not_picked":["hexamod:GhostOfSpireFuture+1","hexamod:UnlimitedPower","hexamod:ThermalTransfer"],"picked":"SKIP","floor":46},{"not_picked":["hexamod:SwordOfDarkness","hexamod:Firestarter","hexamod:EmpoweredFlame"],"picked":"SKIP","floor":47},{"not_picked":["hexamod:SwordOfDarkness","hexamod:FastForward","hexamod:ThermalTransfer"],"picked":"SKIP","floor":49}],"player_experience":1477372,"relics_obtained":[{"floor":4.0,"key":"wanderingMiniBosses:MasterThiefsPresence"},{"floor":12.0,"key":"Protect_Vest"},{"floor":13.0,"key":"hubris:SphereOfDissonance"},{"floor":23.0,"key":"PreservedInsect"},{"floor":29.0,"key":"vexMod:MemoryStick"},{"floor":41,"key":"Replay:Rubber Ducky"},{"floor":42,"key":"Tintinnabulum"},{"floor":48,"key":"ReplayTheSpireMod:Ninjato"}],"event_choices":[],"is_beta":false,"boss_relics":[{"not_picked":["hubris:GrandSneckoEye","hubris:BlackHole"],"picked":"Replay:Bronze Core"},{"not_picked":["hubris:VirtuousBlindfold","ReplayTheSpireMod:SealedPack"],"picked":"qcfpunch:Crimson_Sash"}],"items_purged_floors":[0,0,0,0],"is_endless":false,"potions_floor_spawned":[2,8,9,12,13,22,23,26,31,33,38,39,40,43,46],"ascension_level":20,"is_humility":true}}