{"host":"yx5rao87132cy5xq","time":1613941639,"event":{"mods":["2.2 Compatiblity","AchievementEnabler","BaseMod","Bestiary","Colored Map","Colored Powertips","Minty Spire (QoL Compilation)","Quick Restart","Relic Stats","Slay-I","SuperFastMode"],"gold_per_floor":[116,132,132,145,158,158,158,158],"floor_reached":7,"language":"ENG","playtime":5574,"items_purged":[],"score":84,"play_id":"1e4f488e-b30f-4eef-91a3-98a51836332d","local_time":"20210221220719","is_ascension_mode":true,"campfire_choices":[{"data":"Shrug It Off","floor":6,"key":"SMITH"}],"circlet_count":0,"master_deck":["AscendersBane","Strike_R","Strike_R","Strike_R","Strike_R","Strike_R","Defend_R","Defend_R","Defend_R","Defend_R","Bash","Shrug It Off+1","Anger","Flex","Blood for Blood","Carnage"],"relics":["Burning Blood"],"acts_visited":["Exordium"],"potions_floor_usage":[],"damage_taken":[{"damage":12,"enemies":"Cultist","floor":1,"turns":4},{"damage":14,"enemies":"Jaw Worm","floor":2,"turns":3},{"damage":3,"enemies":"Small Slimes","floor":4,"turns":3},{"damage":19,"enemies":"3 Louse","floor":5,"turns":5},{"damage":53,"enemies":"Gremlin Nob","floor":7,"turns":4}],"seed_played":"-7204554653891319794","potions_obtained":[{"floor":1,"key":"GamblersBrew"},{"floor":4,"key":"Swift Potion"}],"is_trial":false,"path_per_floor":["M","M","?","M","M","R","E"],"character_chosen":"IRONCLAD","items_purchased":[],"campfire_rested":0,"item_purchase_floors":[],"current_hp_per_floor":[62,54,59,62,49,49,0,0],"gold":158,"neow_bonus":"THREE_CARDS","is_daily":false,"chose_seed":false,"campfire_upgraded":1,"win_rate":0.0,"timestamp":1613941639,"path_taken":["M","?","?","M","M","R","E"],"items_purchased_type":[],"build_version":"2020-12-22","purchased_purges":0,"victory":false,"max_hp_per_floor":[75,75,80,80,80,80,80,80],"relic_stats":{"counters":[5,19],"obtain_stats":[{"Burning Blood":0},{"Burning Blood":0},{"Burning Blood":0}],"Burning Blood":24},"card_choices":[{"not_picked":["Flex","True Grit"],"picked":"Shrug It Off","floor":0},{"not_picked":["Rage","Thunderclap"],"picked":"Anger","floor":1},{"not_picked":["Rupture","Thunderclap"],"picked":"Flex","floor":2},{"not_picked":["Clothesline","Perfected Strike"],"picked":"Blood for Blood","floor":4},{"not_picked":["Perfected Strike","Sword Boomerang"],"picked":"Carnage","floor":5}],"player_experience":1098664,"relics_obtained":[],"event_choices":[{"damage_healed":0,"gold_gain":0,"player_choice":"Donut","damage_taken":0,"max_hp_gain":5,"max_hp_loss":0,"event_name":"Big Fish","floor":3,"gold_loss":0}],"is_beta":false,"boss_relics":[],"items_purged_floors":[],"is_endless":false,"potions_floor_spawned":[1,4],"killed_by":"Gremlin Nob","ascension_level":19}}