{"host":"c6m2gd7h1328eiwi","time":1613919379,"event":{"mods":["Act Like it!","Aspiration","BaseMod","Better Skull","BetterRewards","Challenge The Spire","Colored Map","Conspire","Downfall","Elementarium","Energized Spire","GifTheSpireLib","Halation","Hubris","Infinite Spire","Mimic Mod","Minty Spire (QoL Compilation)","Potionbrewer","Quick Restart","Reliquary","Replay The Spire","Ruina","Spikes Relics","Spires And Sneckos","StSLib","The Jungle","Wandering Minibosses"],"gold_per_floor":[117,117,117,129,129,129,129,149,174,192,218,236,236,261,261,364,364,378,378,396,396,396,396],"floor_reached":22,"language":"ENG","playtime":1187,"items_purged":[],"score":244,"play_id":"7031dab1-efe9-4a13-bb99-7658a9a0cb7d","local_time":"20210221075619","is_ascension_mode":false,"campfire_choices":[{"data":"Sever Soul","floor":6,"key":"SMITH"},{"data":"Rampage","floor":13,"key":"SMITH"},{"floor":15,"key":"REST"}],"circlet_count":0,"master_deck":["Strike_R","Strike_R","Strike_R","Strike_R","Strike_R","Defend_R","Defend_R","Defend_R","Bash","Pommel Strike","Sever Soul+1","Rampage+1","Flex","Twin Strike","Pommel Strike","Metallicize","Barricade","infinitespire:OneForAll","Thunderclap","Strike_R","Strike_R","Strike_R","Strike_R","Strike_R","Defend_R","Defend_R","Defend_R","Bash","Pommel Strike","Sever Soul+1","Rampage+1","Flex","Twin Strike","Pommel Strike","Metallicize","Barricade","infinitespire:OneForAll","Thunderclap"],"relics":["Burning Blood","Quantum Egg","Replay:Wax Seal","Nunchaku","potionbrewer:MortarAndPestle","conspire:RoyalGoblet"],"acts_visited":["Exordium","TheCity"],"potions_floor_usage":[],"damage_taken":[{"damage":11,"enemies":"Jaw Worm","floor":1,"turns":3},{"damage":11,"enemies":"Small Slimes","floor":4,"turns":3},{"damage":6,"enemies":"Cultist","floor":8,"turns":3},{"damage":9,"enemies":"Blue Slaver","floor":10,"turns":3},{"damage":28,"enemies":"Gremlin Nob","floor":11,"turns":4},{"damage":6,"enemies":"Exordium Thugs","floor":12,"turns":3},{"damage":36,"enemies":"Lagavulin","floor":14,"turns":4},{"damage":52,"enemies":"Fading Forest","floor":16,"turns":11},{"damage":42,"enemies":"Shell Parasite","floor":18,"turns":6},{"damage":17,"enemies":"3 Byrds","floor":20,"turns":6},{"damage":40,"enemies":"Centurion and Healer","floor":22,"turns":6}],"seed_played":"1801451710342024671","potions_obtained":[{"floor":11,"key":"Dexterity Potion"},{"floor":12,"key":"Explosive Potion"},{"floor":14,"key":"Dexterity Potion"},{"floor":18,"key":"Swift Potion"}],"is_trial":false,"path_per_floor":["M","?","T","M","?","R","?","M","T","M","E","M","R","E","R","B",null,"M","?","M","?","M"],"character_chosen":"IRONCLAD","items_purchased":[],"campfire_rested":1,"item_purchase_floors":[],"current_hp_per_floor":[75,75,75,70,70,70,70,70,70,67,45,45,45,30,54,18,80,44,44,38,38,0,0],"gold":396,"neow_bonus":"REMOVE_CARD","is_daily":false,"chose_seed":false,"campfire_upgraded":2,"win_rate":0.0,"timestamp":1613919379,"path_taken":["M","?","?","M","?","R","?","M","T","M","E","M","R","E","R","BOSS","M","?","M","?","?"],"items_purchased_type":[],"build_version":"2020-12-22","purchased_purges":0,"victory":false,"max_hp_per_floor":[80,80,80,80,80,80,80,80,80,80,80,80,80,80,80,80,80,80,80,80,80,80,80],"card_choices":[{"not_picked":["Thunderclap","conspire:ExplosiveBarrier"],"picked":"Pommel Strike","floor":1},{"not_picked":["ReplayTheSpireMod:Muscle Training","Replay:Undeath\u0027s Touch"],"picked":"Sever Soul","floor":4},{"not_picked":["Hemokinesis","Warcry"],"picked":"Rampage","floor":8},{"not_picked":["Shrug It Off","ReplayTheSpireMod:Muscle Training"],"picked":"Flex","floor":10},{"not_picked":["Eclipse","True Grit"],"picked":"Twin Strike","floor":11},{"not_picked":["Ghostly Armor","Warcry"],"picked":"Pommel Strike","floor":12},{"not_picked":["hubris:SharpeningStone","conspire:Purge"],"picked":"Metallicize","floor":14},{"not_picked":["conspire:HitWhereItHurts","Offering"],"picked":"Barricade","floor":16},{"not_picked":["Sever Soul","Shrug It Off"],"picked":"infinitespire:OneForAll","floor":18},{"not_picked":["hubris:CleavingFinish","ReplayTheSpireMod:Muscle Training"],"picked":"Thunderclap","floor":20}],"player_experience":0,"relics_obtained":[{"floor":3,"key":"Quantum Egg"},{"floor":9,"key":"Replay:Wax Seal"},{"floor":11,"key":"Nunchaku"},{"floor":14,"key":"potionbrewer:MortarAndPestle"}],"event_choices":[{"damage_healed":0,"gold_gain":0,"player_choice":"Disagree","damage_taken":0,"max_hp_gain":0,"max_hp_loss":0,"event_name":"conspire:LoneGhost","floor":2,"gold_loss":0},{"damage_healed":0,"gold_gain":0,"player_choice":"Leave","damage_taken":0,"max_hp_gain":0,"max_hp_loss":0,"event_name":"conspire:Investor","floor":19,"gold_loss":0}],"is_beta":false,"boss_relics":[{"not_picked":["Snecko Eye","Electric Blood"],"picked":"conspire:RoyalGoblet"}],"items_purged_floors":[],"is_endless":false,"potions_floor_spawned":[11,12,14,18],"killed_by":"Centurion and Healer","ascension_level":0}}