{"host":"4a6fro0of1ie0h2w","time":1613920166,"event":{"mods":["Aspiration","BaseMod","CCEM2","Colored Map","Conspire","Downfall","GifTheSpireLib","Halation","Highlight Path","Hubris","Infinite Spire","Marisa????????","Minty Spire (QoL Compilation)","Permanent Neow","Replay The Spire","StSLib","Stuff the Spire","The Servant 0.9.4"],"gold_per_floor":[349,366,383,138,23,23,23,23],"floor_reached":6,"language":"ENG","playtime":303,"items_purged":["champ:Defend","champ:Strike"],"score":39,"play_id":"a836778a-bb26-4385-9d20-1a58b4477786","local_time":"20210221170926","is_ascension_mode":true,"campfire_choices":[],"circlet_count":0,"master_deck":["champ:Strike","champ:Strike","champ:Strike","champ:Defend","champ:Defend","champ:Defend","champ:Execute","champ:Taunt","champ:BringItOn","champ:BerserkersShout","champ:BerserkersShout","champ:AdrenalArmor"],"relics":["champ:ChampionCrown","conspire:TreasureMap"],"acts_visited":["Exordium"],"potions_floor_usage":[6],"damage_taken":[{"damage":10,"enemies":"Cultist","floor":2,"turns":4},{"damage":10,"enemies":"Small Slimes","floor":3,"turns":3},{"damage":30,"enemies":"downfall:FleeingMerchant","floor":4,"turns":4},{"damage":55,"enemies":"downfall:FleeingMerchant","floor":5,"turns":4},{"damage":76,"enemies":"Lagavulin","floor":6,"turns":6}],"seed_played":"-887348945067721426","potions_obtained":[{"floor":1,"key":"AttackPotion"},{"floor":1,"key":"Elixir"},{"floor":3,"key":"Strength Potion"}],"is_trial":false,"path_per_floor":["R_BF","M","M","$","$","E"],"character_chosen":"THE_CHAMP","items_purchased":["conspire:TreasureMap"],"campfire_rested":0,"item_purchase_floors":[4],"current_hp_per_floor":[63,63,63,63,53,0,0,0],"gold":23,"neow_bonus":"TWO_FIFTY_GOLD","is_daily":false,"chose_seed":false,"campfire_upgraded":0,"win_rate":0.0,"timestamp":1613920166,"path_taken":["R_BF","M","M","?","$","E"],"items_purchased_type":["Relic"],"build_version":"2020-12-22","purchased_purges":2,"victory":false,"max_hp_per_floor":[90,90,90,90,90,90,90,90],"card_choices":[{"not_picked":["champ:RecklessLeap","champ:BladeFlurry"],"picked":"champ:BringItOn","floor":2},{"not_picked":["champ:BringItOn","champ:BladeFlurry"],"picked":"champ:BerserkersShout","floor":3},{"not_picked":["champ:BringItOn","champ:CrownThrow"],"picked":"champ:BerserkersShout","floor":4},{"not_picked":["champ:BringItOn","champ:LastStand"],"picked":"champ:AdrenalArmor","floor":5}],"player_experience":243649,"relics_obtained":[],"event_choices":[],"is_beta":false,"boss_relics":[],"items_purged_floors":[4,5],"is_endless":false,"potions_floor_spawned":[3],"killed_by":"Lagavulin","ascension_level":3}}