{"host":"p5axfb00mxhraew6","time":1613872571,"event":{"mods":["100% Spire Juice","Abigail Mod","Act Like it!","BaseMod","CapriCore","Friendly Minions","GifTheSpireLib","Jedi Mod","KomeijiMod","MarisaÅiñ∂âJÅ@ñÇóùçπÅj","Minty Spire (QoL Compilation)","Prisma Mod","ReimuÅiîé??öÎÅj","RemiliaÅiÂQïƒ‰ª?Åj","SOSÅiézîb?îVéqÅj","StSLib","Td1madao Mod","The Alterego","The Immortal","The Problem Sleuth","Yakumo Yukari mod"],"gold_per_floor":[115,140,9,61,91,91,154,154,154,176,176,219,68,112,112,201,201,108,158,178,78,116,116,196,116,162,35,89,151,202,251,251,199,199,96,96,96,76,76,76,108,169,169,217,263,177,177,225,225,258,294,294,294,8,41,41,41],"floor_reached":56,"language":"ENG","playtime":2363,"items_purged":["Shoot","Shoot","Redorb+1"],"score":2918,"play_id":"90343833-5dba-461f-8a57-c5e0bc14937a","local_time":"20210221105611","is_ascension_mode":true,"campfire_choices":[{"data":"Swordmaster","floor":6.0,"key":"SMITH"},{"data":"Rebellion","floor":8.0,"key":"SMITH"},{"data":"Attack_b","floor":15.0,"key":"SMITH"},{"data":"Millionstab","floor":23,"key":"SMITH"},{"data":"Weaponchange","floor":32,"key":"SMITH"},{"floor":40,"key":"RECALL"},{"data":"Trickster","floor":47,"key":"SMITH"},{"data":"Provocation","floor":49,"key":"SMITH"},{"data":"Enemystep","floor":53,"key":"SMITH"}],"circlet_count":0,"master_deck":["AscendersBane","Attack_a","Attack_a","Attack_b+1","Provocation+1","Defend_Dante","Defend_Dante","Defend_Dante","Defend_Dante","Swordmaster+1","Rebellion+1","Royaldefend","Purpleorb","Millionstab+1","Hightime+1","Weaponchange+1","Trickster+1","SSScard","Enemystep+1","Millionstab","Royaldefend","Millionstab","Millionstab+1"],"relics":["SSS","Combocheck","NeowsBlessing","Bag of Marbles","Boot","Blue Candle","Coffee Dripper","Strawberry","Pen Nib","jedi:arcanewood","Singing Bowl","SacredBark","Ornamental Fan","Happy Flower","HoshigumaDish","Lee\u0027s Waffle","Pocketwatch"],"acts_visited":["Exordium","TheCity","TheBeyond","TheEnding"],"potions_floor_usage":[16,48,56,56],"damage_taken":[{"damage":0.0,"enemies":"Jaw Worm","floor":1.0,"turns":1.0},{"damage":0.0,"enemies":"Cultist","floor":2.0,"turns":3.0},{"damage":0.0,"enemies":"2 Louse","floor":4.0,"turns":2.0},{"damage":10.0,"enemies":"Large Slime","floor":5.0,"turns":7.0},{"damage":0.0,"enemies":"3 Sentries","floor":7.0,"turns":2.0},{"damage":7.0,"enemies":"Exordium Thugs","floor":10.0,"turns":3.0},{"damage":6.0,"enemies":"Lots of Slimes","floor":12.0,"turns":2.0},{"damage":0.0,"enemies":"Gremlin Nob","floor":14.0,"turns":2.0},{"damage":0,"enemies":"Slime Boss","floor":16,"turns":3},{"damage":0,"enemies":"Chosen","floor":18,"turns":2},{"damage":0,"enemies":"2 Thieves","floor":20,"turns":2},{"damage":0,"enemies":"3 Cultists","floor":22,"turns":2},{"damage":0,"enemies":"Slavers","floor":24,"turns":1},{"damage":0,"enemies":"Shelled Parasite and Fungi","floor":25,"turns":1},{"damage":0,"enemies":"Snecko","floor":27,"turns":1},{"damage":0,"enemies":"Gremlin Leader","floor":28,"turns":1},{"damage":0,"enemies":"Sentry and Sphere","floor":29,"turns":2},{"damage":0,"enemies":"Slavers","floor":30,"turns":1},{"damage":0,"enemies":"Cultist and Chosen","floor":31,"turns":1},{"damage":0,"enemies":"Collector","floor":33,"turns":2},{"damage":0,"enemies":"3 Darklings","floor":35,"turns":1},{"damage":0,"enemies":"Nemesis","floor":41,"turns":3},{"damage":0,"enemies":"3 Shapes","floor":42,"turns":2},{"damage":0,"enemies":"Maw","floor":44,"turns":1},{"damage":0,"enemies":"Jaw Worm Horde","floor":45,"turns":2},{"damage":0,"enemies":"Giant Head","floor":46,"turns":1},{"damage":0,"enemies":"Nemesis","floor":48,"turns":1},{"damage":0,"enemies":"Donu and Deca","floor":50,"turns":1},{"damage":1,"enemies":"Time Eater","floor":51,"turns":5},{"damage":0,"enemies":"Shield and Spear","floor":55,"turns":1},{"damage":139,"enemies":"The Heart","floor":56,"turns":6}],"seed_played":"-5429789616234225786","potions_obtained":[{"floor":1.0,"key":"Weak Potion"},{"floor":4.0,"key":"SmokeBomb"},{"floor":7.0,"key":"jedi:StrikingPotion"},{"floor":14.0,"key":"jedi:StrikingPotion"},{"floor":22,"key":"Block Potion"},{"floor":27,"key":"Swift Potion"},{"floor":42,"key":"GrandPatriotsElixir:ReiMu"},{"floor":45,"key":"DuplicationPotion"},{"floor":48,"key":"Regen Potion"}],"is_trial":false,"path_per_floor":["M","M","$","M","M","R","E","R","T","M","?","M","$","E","R","B",null,"M","?","M","$","M","R","E","M","T","M","E","M","E","M","R","B",null,"M","?","$","?","$","R","E","M","T","M","M","E","R","E","R","B","B",null,"R","$","E","B"],"character_chosen":"DANTE","items_purchased":["Rebellion","Purpleorb","Lee\u0027s Waffle"],"campfire_rested":0,"item_purchase_floors":[3,13,54],"current_hp_per_floor":[68,68,68,68,58,58,58,58,58,51,51,45,45,45,45,45,68,68,61,61,61,61,61,68,68,68,68,68,68,70,72,72,72,83,85,87,87,87,87,87,89,89,89,89,91,91,91,93,93,93,92,95,95,103,103,0,0],"gold":41,"neow_bonus":"THREE_ENEMY_KILL","is_daily":false,"chose_seed":false,"campfire_upgraded":8,"win_rate":0.0,"timestamp":1613872571,"path_taken":["M","M","$","M","M","R","E","R","T","M","?","M","$","E","R","BOSS","M","?","M","$","M","R","E","?","T","M","E","M","E","M","R","BOSS","M","?","$","?","$","R","E","M","T","M","?","E","?","E","R","BOSS","BOSS","R","$","E","BOSS"],"items_purchased_type":["Card","Card","Relic"],"build_version":"2020-12-22","purchased_purges":3,"victory":false,"max_hp_per_floor":[75,75,75,75,75,75,75,75,75,75,75,75,75,75,75,75,75,75,75,75,75,75,75,82,82,82,82,82,82,84,86,86,86,86,88,90,90,90,90,90,92,92,92,92,94,94,94,96,96,96,96,96,96,103,103,103,103],"card_choices":[{"not_picked":["VitalstarM","Whiteorb"],"picked":"Swordmaster","floor":1.0},{"not_picked":["GilgameshcomboA","Swordmaster","Airhike"],"picked":"SKIP","floor":2.0},{"not_picked":["VitalstarS","Weaponupgrade","DevilstarS"],"picked":"SKIP","floor":4.0},{"not_picked":["Greenorb","CoyoteA","LucifercomboD"],"picked":"SKIP","floor":5.0},{"not_picked":["Lucifer","GilgameshcomboA","VitalstarM"],"picked":"SKIP","floor":7.0},{"not_picked":["VitalstarS","DevilstarS","Splesh"],"picked":"SKIP","floor":10.0},{"not_picked":["BeastUppercut","Airhike"],"picked":"Royaldefend","floor":12.0},{"not_picked":["Weaponreturn","Gunstinger","Holywater"],"picked":"SKIP","floor":14.0},{"not_picked":["DT","Fullhouse"],"picked":"Millionstab","floor":18},{"not_picked":["Millionkick+1","Lucifer","Doubleshoot"],"picked":"SKIP","floor":20},{"not_picked":["Kick13","Gilgamesh","Weaponupgrade"],"picked":"SKIP","floor":22},{"not_picked":["SSScard+1","Darkslayer"],"picked":"Hightime+1","floor":24},{"not_picked":["Weaponupgrade","Gunstinger"],"picked":"Weaponchange","floor":25},{"not_picked":["CoyoteA","Whiteorb","Rebellion+1"],"picked":"SKIP","floor":27},{"not_picked":["DT","DevilstarS"],"picked":"Trickster","floor":28},{"not_picked":["Chargeshoot2","Splesh"],"picked":"SSScard","floor":29},{"not_picked":["Straight","Weaponchange+1","Shock"],"picked":"Singing Bowl","floor":30},{"not_picked":["Dash2","GilgameshcomboA","Weaponupgrade"],"picked":"Singing Bowl","floor":31},{"not_picked":["Royalguard","Goldorb"],"picked":"Enemystep","floor":33},{"not_picked":["DT","LucifercomboA","EbonyIvory+1"],"picked":"Singing Bowl","floor":35},{"not_picked":["Secret Weapon","jedi:forcepush","Sadistic Nature"],"picked":"Singing Bowl","floor":36},{"not_picked":["LucifercomboA","EbonyIvory+1","Gunslinger"],"picked":"Singing Bowl","floor":41},{"not_picked":["DevilstarS","EbonyIvory"],"picked":"Millionstab","floor":42},{"not_picked":["EbonyIvory","Hightime"],"picked":"Royaldefend","floor":44},{"not_picked":["LucifercomboB","Shock","CoyoteA"],"picked":"Singing Bowl","floor":45},{"not_picked":["VitalstarS","Trickster"],"picked":"Millionstab","floor":46},{"not_picked":["Doubleshoot","Straight+1","VitalstarS"],"picked":"Singing Bowl","floor":48},{"not_picked":["LucifercomboB","Greenorb"],"picked":"Millionstab+1","floor":55}],"player_experience":1242149,"relics_obtained":[{"floor":7.0,"key":"Bag of Marbles"},{"floor":9.0,"key":"Boot"},{"floor":14.0,"key":"Blue Candle"},{"floor":24,"key":"Strawberry"},{"floor":26,"key":"Pen Nib"},{"floor":28,"key":"jedi:arcanewood"},{"floor":30,"key":"Singing Bowl"},{"floor":41,"key":"Ornamental Fan"},{"floor":46,"key":"Happy Flower"},{"floor":48,"key":"HoshigumaDish"},{"floor":55,"key":"Pocketwatch"}],"event_choices":[{"damage_healed":0.0,"max_hp_gain":0.0,"max_hp_loss":0.0,"gold_gain":0.0,"event_name":"Living Wall","player_choice":"Grow","floor":11.0,"gold_loss":0.0,"damage_taken":0.0,"cards_upgraded":["Redorb"]},{"damage_healed":0,"gold_gain":50,"player_choice":"Touch","damage_taken":7,"max_hp_gain":0,"max_hp_loss":0,"event_name":"FaceTrader","floor":19,"gold_loss":0},{"damage_healed":0,"gold_gain":0,"player_choice":"Memory 1","damage_taken":0,"max_hp_gain":0,"max_hp_loss":0,"event_name":"SensoryStone","floor":36,"gold_loss":0},{"damage_healed":0,"gold_gain":0,"player_choice":"Bought 1 Potion","damage_taken":0,"max_hp_gain":0,"max_hp_loss":0,"event_name":"The Woman in Blue","floor":38,"gold_loss":0}],"is_beta":false,"boss_relics":[{"not_picked":["Velvet Choker","Astrolabe"],"picked":"Coffee Dripper"},{"not_picked":["Cursed Key","Runic Dome"],"picked":"SacredBark"}],"items_purged_floors":[3,21,54],"is_endless":false,"potions_floor_spawned":[1,4,7,14,22,27,28,30,41,42,45,48],"killed_by":"The Heart","ascension_level":20}}