{"host":"oigynbtg272c19pw","time":1613929147,"event":{"mods":["BaseMod","Colored Map","Minty Spire (QoL Compilation)","Relic Stats","Slay the Relics Exporter","StSLib"],"gold_per_floor":[115,40,40,40,50,50,60,77,152,152,179,179,179,190,190,263,263,274,288,298,315,46,79,79,91,91,14,43,43,91,121,121,196,196,209,38,48,62,62,62,90,90,136,181,209,209,224,253,253,253,253,253,253,34,69,69],"floor_reached":57,"playtime":4108,"items_purged":["Strike_G","Normality"],"score":3121,"play_id":"0e7c2a84-82eb-4550-bc92-e46c9b2eaba9","local_time":"20210221183907","is_ascension_mode":true,"campfire_choices":[{"data":"Quick Slash","floor":6.0,"key":"SMITH"},{"data":"Well Laid Plans","floor":10.0,"key":"SMITH"},{"data":"Grand Finale","floor":13.0,"key":"SMITH"},{"data":"Prepared","floor":15.0,"key":"SMITH"},{"data":"Reflex","floor":24.0,"key":"SMITH"},{"floor":32.0,"key":"REST"},{"data":"Adrenaline","floor":40.0,"key":"SMITH"},{"data":"Footwork","floor":42.0,"key":"SMITH"},{"floor":49.0,"key":"RECALL"},{"floor":53,"key":"REST"}],"circlet_count":0,"master_deck":["AscendersBane","Strike_G","Defend_G","Defend_G","Defend_G","Defend_G","Survivor","Neutralize","Grand Finale+1","Backflip","Quick Slash+1","Well Laid Plans+1","Prepared+1","Adrenaline+1","Reflex+1","Tactician+1","Footwork+1","PiercingWail+1","After Image+1","Backflip+1","Acrobatics","Dodge and Roll+1","Footwork+1"],"relics":["Ring of the Snake","Singing Bowl","Happy Flower","Empty Cage","OrangePellets","Bottled Flame","Tough Bandages","Frozen Egg 2","Smiling Mask","Cursed Key","Medical Kit","Orichalcum","Art of War","Ginger","Bronze Scales","Molten Egg 2","Toy Ornithopter","Bag of Marbles"],"acts_visited":["Exordium","TheCity","TheBeyond","TheEnding"],"potions_floor_usage":[51,56],"damage_taken":[{"damage":0.0,"enemies":"2 Louse","floor":1.0,"turns":4.0},{"damage":5.0,"enemies":"Jaw Worm","floor":5.0,"turns":6.0},{"damage":0.0,"enemies":"Cultist","floor":7.0,"turns":3.0},{"damage":13.0,"enemies":"Lots of Slimes","floor":8.0,"turns":2.0},{"damage":10.0,"enemies":"Lagavulin","floor":11.0,"turns":4.0},{"damage":0.0,"enemies":"Large Slime","floor":14.0,"turns":6.0},{"damage":2.0,"enemies":"The Guardian","floor":16.0,"turns":9.0},{"damage":9.0,"enemies":"2 Thieves","floor":18.0,"turns":2.0},{"damage":0.0,"enemies":"3 Byrds","floor":19.0,"turns":2.0},{"damage":0.0,"enemies":"Cultist and Chosen","floor":20.0,"turns":5.0},{"damage":1.0,"enemies":"3 Cultists","floor":21.0,"turns":5.0},{"damage":2.0,"enemies":"Book of Stabbing","floor":23.0,"turns":3.0},{"damage":3.0,"enemies":"Centurion and Healer","floor":25.0,"turns":6.0},{"damage":41.0,"enemies":"Slavers","floor":28.0,"turns":5.0},{"damage":0.0,"enemies":"Gremlin Leader","floor":31.0,"turns":3.0},{"damage":0.0,"enemies":"Collector","floor":33.0,"turns":5.0},{"damage":0.0,"enemies":"3 Darklings","floor":35.0,"turns":3.0},{"damage":0.0,"enemies":"Orb Walker","floor":37.0,"turns":3.0},{"damage":0.0,"enemies":"Jaw Worm Horde","floor":38.0,"turns":4.0},{"damage":1.0,"enemies":"Giant Head","floor":41.0,"turns":8.0},{"damage":4.0,"enemies":"2 Orb Walkers","floor":44.0,"turns":5.0},{"damage":0.0,"enemies":"Reptomancer","floor":45.0,"turns":4.0},{"damage":2.0,"enemies":"Spire Growth","floor":47.0,"turns":5.0},{"damage":0.0,"enemies":"Giant Head","floor":48.0,"turns":10.0},{"damage":24.0,"enemies":"Donu and Deca","floor":50.0,"turns":12.0},{"damage":38,"enemies":"Time Eater","floor":51,"turns":14},{"damage":6,"enemies":"Shield and Spear","floor":55,"turns":6},{"damage":0,"enemies":"The Heart","floor":56,"turns":11}],"seed_played":"312863482895497187","potions_obtained":[{"floor":1.0,"key":"Explosive Potion"},{"floor":5.0,"key":"Dexterity Potion"},{"floor":12.0,"key":"LiquidMemories"},{"floor":12.0,"key":"GamblersBrew"},{"floor":14.0,"key":"Block Potion"},{"floor":18.0,"key":"ColorlessPotion"},{"floor":23.0,"key":"EntropicBrew"},{"floor":25.0,"key":"LiquidBronze"},{"floor":31.0,"key":"Dexterity Potion"}],"is_trial":false,"path_per_floor":["M","?","?","$","M","R","M","M","T","R","E","?","R","M","R","B",null,"M","M","M","M","$","E","R","M","T","$","E","?","T","E","R","B",null,"M","$","M","M","?","R","E","R","T","?","E","?","M","E","R","B","B",null,"R","$","E","B",null],"character_chosen":"THE_SILENT","items_purchased":["Reflex","OrangePellets","Footwork","Medical Kit","Toy Ornithopter"],"campfire_rested":2,"item_purchase_floors":[22,22,27,36,54],"current_hp_per_floor":[44,44,44,44,39,39,39,26,26,26,18,18,18,20,20,18,57,50,50,52,53,53,51,51,50,50,50,11,11,11,11,35,35,69,71,71,73,75,75,75,74,74,74,70,70,70,68,70,70,46,8,68,88,88,84,89],"gold":69,"neow_bonus":"THREE_RARE_CARDS","is_daily":false,"chose_seed":false,"campfire_upgraded":7,"win_rate":0.0,"timestamp":1613929147,"path_taken":["M","?","?","$","?","R","M","?","T","R","E","?","R","M","R","BOSS","M","M","M","M","$","E","R","M","T","?","E","?","?","E","R","BOSS","M","$","M","M","?","R","E","R","T","?","E","?","M","E","R","BOSS","BOSS","R","$","E","BOSS"],"items_purchased_type":["Card","Relic","Card","Relic","Relic"],"build_version":"2020-12-13","purchased_purges":2,"victory":true,"max_hp_per_floor":[66,66,66,66,66,66,66,66,66,66,68,68,68,70,70,70,70,72,72,74,76,76,76,76,78,78,78,80,80,80,80,80,80,80,82,82,84,86,86,86,86,86,86,86,86,86,86,88,88,88,88,88,88,88,90,90],"relic_stats":{"Singing Bowl":24,"Happy Flower":[45],"counters":[28,155],"Ginger":[8],"Orichalcum":[0],"Smiling Mask":50,"Cursed Key":1,"Medical Kit":[23],"OrangePellets":[3],"Tough Bandages":[675],"Bronze Scales":[288],"Art of War":[8],"obtain_stats":[{"Singing Bowl":9,"Happy Flower":11,"Ginger":44,"Frozen Egg 2":28,"Orichalcum":41,"Empty Cage":17,"Smiling Mask":31,"Cursed Key":34,"Medical Kit":36,"OrangePellets":22,"Bottled Flame":23,"Tough Bandages":26,"Bronze Scales":45,"Molten Egg 2":48,"Art of War":43,"Bag of Marbles":55,"Toy Ornithopter":54,"Ring of the Snake":0},{"Singing Bowl":4,"Happy Flower":5,"Ginger":21,"Frozen Egg 2":14,"Orichalcum":20,"Empty Cage":7,"Smiling Mask":15,"Cursed Key":16,"Medical Kit":17,"OrangePellets":11,"Bottled Flame":12,"Tough Bandages":13,"Bronze Scales":22,"Molten Egg 2":24,"Art of War":20,"Bag of Marbles":27,"Toy Ornithopter":26,"Ring of the Snake":0},{"Singing Bowl":15,"Happy Flower":19,"Ginger":93,"Frozen Egg 2":62,"Orichalcum":88,"Empty Cage":34,"Smiling Mask":65,"Cursed Key":70,"Medical Kit":73,"OrangePellets":48,"Bottled Flame":51,"Tough Bandages":57,"Bronze Scales":97,"Molten Egg 2":112,"Art of War":88,"Bag of Marbles":144,"Toy Ornithopter":138,"Ring of the Snake":0}],"Toy Ornithopter":5,"Ring of the Snake":[56]},"card_choices":[{"not_picked":["Phantasmal Killer","After Image"],"picked":"Grand Finale","floor":0.0},{"not_picked":["Crippling Poison","Bane"],"picked":"Backflip","floor":1.0},{"not_picked":["Finisher","Bouncing Flask"],"picked":"Quick Slash","floor":5.0},{"not_picked":["Caltrops","Choke"],"picked":"Well Laid Plans","floor":7.0},{"not_picked":["Noxious Fumes","Leg Sweep"],"picked":"Prepared","floor":8.0},{"not_picked":["Riddle With Holes","Predator","Distraction"],"picked":"Singing Bowl","floor":11.0},{"not_picked":["Quick Slash","Skewer","Predator"],"picked":"Singing Bowl","floor":14.0},{"not_picked":["Unload","Malaise"],"picked":"Adrenaline","floor":16.0},{"not_picked":["Cloak And Dagger","Expertise","Crippling Poison"],"picked":"Singing Bowl","floor":18.0},{"not_picked":["Dodge and Roll","Crippling Poison"],"picked":"Underhanded Strike+1","floor":19.0},{"not_picked":["Sucker Punch+1","All Out Attack","Riddle With Holes"],"picked":"Singing Bowl","floor":20.0},{"not_picked":["Crippling Poison","Deadly Poison+1","Terror"],"picked":"Singing Bowl","floor":21.0},{"not_picked":["Underhanded Strike","Slice"],"picked":"Tactician+1","floor":23.0},{"not_picked":["Cloak And Dagger","Dodge and Roll","Backflip"],"picked":"Singing Bowl","floor":25.0},{"not_picked":["Crippling Poison+1","Bouncing Flask","A Thousand Cuts+1"],"picked":"Singing Bowl","floor":28.0},{"not_picked":["Terror","Deadly Poison"],"picked":"PiercingWail+1","floor":31.0},{"not_picked":["Glass Knife","Malaise"],"picked":"After Image+1","floor":33.0},{"not_picked":["Catalyst","Prepared+1","Cloak And Dagger"],"picked":"Singing Bowl","floor":35.0},{"not_picked":["Dagger Throw","Bouncing Flask","Blade Dance"],"picked":"Singing Bowl","floor":37.0},{"not_picked":["Slice","Dagger Throw","Underhanded Strike"],"picked":"Singing Bowl","floor":38.0},{"not_picked":["Endless Agony","Glass Knife"],"picked":"Backflip+1","floor":41.0},{"not_picked":["Well Laid Plans+1","Dodge and Roll"],"picked":"Acrobatics","floor":44.0},{"not_picked":["Infinite Blades+1","Noxious Fumes+1"],"picked":"Dodge and Roll+1","floor":45.0},{"not_picked":["Sucker Punch","Acrobatics"],"picked":"Footwork+1","floor":47.0},{"not_picked":["Finisher+1","Escape Plan","Predator+1"],"picked":"Singing Bowl","floor":48.0},{"not_picked":["Cloak And Dagger+1","Deadly Poison","Infinite Blades+1"],"picked":"Singing Bowl","floor":55}],"player_experience":1641860,"relics_obtained":[{"floor":9.0,"key":"Singing Bowl"},{"floor":11.0,"key":"Happy Flower"},{"floor":23.0,"key":"Bottled Flame"},{"floor":26.0,"key":"Tough Bandages"},{"floor":28.0,"key":"Frozen Egg 2"},{"floor":31.0,"key":"Smiling Mask"},{"floor":41.0,"key":"Orichalcum"},{"floor":43.0,"key":"Art of War"},{"floor":44.0,"key":"Ginger"},{"floor":45.0,"key":"Bronze Scales"},{"floor":48.0,"key":"Molten Egg 2"},{"floor":55,"key":"Bag of Marbles"}],"event_choices":[{"cards_removed":["Strike_G"],"damage_healed":0.0,"max_hp_gain":0.0,"max_hp_loss":0.0,"gold_gain":0.0,"event_name":"The Cleric","player_choice":"Card Removal","floor":2.0,"gold_loss":75.0,"damage_taken":0.0},{"cards_removed":["Defend_G"],"damage_healed":0.0,"max_hp_gain":0.0,"max_hp_loss":0.0,"gold_gain":0.0,"event_name":"Bonfire Elementals","player_choice":"Offered Basic","floor":3.0,"gold_loss":0.0,"damage_taken":0.0},{"damage_healed":0.0,"max_hp_gain":0.0,"max_hp_loss":0.0,"gold_gain":0.0,"event_name":"Lab","player_choice":"Got Potions","floor":12.0,"gold_loss":0.0,"damage_taken":0.0},{"cards_removed":["Underhanded Strike"],"damage_healed":0.0,"max_hp_gain":0.0,"max_hp_loss":0.0,"gold_gain":0.0,"event_name":"Falling","player_choice":"Removed Attack","floor":39.0,"gold_loss":0.0,"damage_taken":0.0},{"damage_healed":0.0,"max_hp_gain":0.0,"max_hp_loss":0.0,"gold_gain":0.0,"event_name":"Mysterious Sphere","player_choice":"Fight","floor":44.0,"gold_loss":0.0,"damage_taken":0.0},{"damage_healed":0.0,"max_hp_gain":0.0,"max_hp_loss":0.0,"gold_gain":0.0,"event_name":"Tomb of Lord Red Mask","player_choice":"Ignored","floor":46.0,"gold_loss":0.0,"damage_taken":0.0}],"is_beta":false,"boss_relics":[{"not_picked":["Velvet Choker","SacredBark"],"picked":"Empty Cage"},{"not_picked":["Astrolabe","Philosopher\u0027s Stone"],"picked":"Cursed Key"}],"items_purged_floors":[22,54],"is_endless":false,"potions_floor_spawned":[1,5,11,14,18,19,23,25,31,35,38,41,44,45],"ascension_level":20}}