{"host":"7cp3z5w0tcrrm8ys","time":1613909992,"event":{"mods":["AchievementEnabler","BaseMod","DeckTracker","Minty Spire (QoL Compilation)","StSLib","SuperFastMode"],"gold_per_floor":[110,130,141,152,152,152,191,204,204,204,217,251,251,31,31,31,31],"floor_reached":16,"language":"KOR","playtime":483,"items_purged":[],"score":224,"play_id":"2b154c8d-702f-4fb8-b181-945bcd99df7f","local_time":"20210221211952","is_ascension_mode":true,"campfire_choices":[{"floor":6,"key":"REST"},{"data":"Combust","floor":13,"key":"SMITH"},{"data":"Disarm","floor":15,"key":"SMITH"}],"circlet_count":0,"master_deck":["AscendersBane","Strike_R","Strike_R","Strike_R","Defend_R","Defend_R","Defend_R","Defend_R","Bash","Power Through","Metallicize","Clothesline","Cleave","Combust+1","Anger","Disarm+1","Parasite","Impervious"],"relics":["Burning Blood","Golden Idol","Smiling Mask","Gremlin Horn","Sundial","TheAbacus"],"acts_visited":["Exordium"],"potions_floor_usage":[4,7,12,12,16,16],"damage_taken":[{"damage":6,"enemies":"Cultist","floor":1,"turns":4},{"damage":9,"enemies":"Small Slimes","floor":2,"turns":4},{"damage":6,"enemies":"Jaw Worm","floor":3,"turns":4},{"damage":17,"enemies":"Exordium Wildlife","floor":4,"turns":6},{"damage":12,"enemies":"3 Sentries","floor":7,"turns":5},{"damage":14,"enemies":"Blue Slaver","floor":8,"turns":4},{"damage":11,"enemies":"Large Slime","floor":11,"turns":7},{"damage":27,"enemies":"Lagavulin","floor":12,"turns":9},{"damage":29,"enemies":"Hexaghost","floor":16,"turns":12}],"seed_played":"-8198544125499790829","potions_obtained":[{"floor":3,"key":"GamblersBrew"},{"floor":4,"key":"SkillPotion"},{"floor":7,"key":"SneckoOil"},{"floor":8,"key":"Swift Potion"},{"floor":12,"key":"Dexterity Potion"}],"is_trial":false,"path_per_floor":["M","M","M","M","?","R","E","M","T","?","M","E","R","$","R","B"],"character_chosen":"IRONCLAD","items_purchased":["TheAbacus","Weak Potion"],"campfire_rested":1,"item_purchase_floors":[14,14],"current_hp_per_floor":[68,65,65,54,31,51,45,37,37,54,49,28,28,28,28,0,0],"gold":31,"neow_bonus":"TRANSFORM_TWO_CARDS","is_daily":false,"chose_seed":false,"campfire_upgraded":2,"win_rate":0.0,"timestamp":1613909992,"path_taken":["M","M","?","M","?","R","E","M","T","?","M","E","R","?","R","BOSS"],"items_purchased_type":["Relic","Potion"],"build_version":"2020-12-22","purchased_purges":0,"victory":false,"max_hp_per_floor":[68,68,68,68,68,68,68,68,68,68,68,68,68,68,68,68,68],"card_choices":[{"not_picked":["Shrug It Off","Combust"],"picked":"Clothesline","floor":1},{"not_picked":["Armaments","True Grit"],"picked":"Cleave","floor":2},{"not_picked":["Armaments","Heavy Blade"],"picked":"Combust","floor":3},{"not_picked":["Juggernaut","Shrug It Off"],"picked":"Anger","floor":4},{"not_picked":["Flex","Body Slam"],"picked":"Disarm","floor":7},{"not_picked":["Iron Wave","Anger","Warcry"],"picked":"SKIP","floor":8},{"not_picked":["Clothesline","Clash"],"picked":"Impervious","floor":11},{"not_picked":["Iron Wave","Combust","Searing Blow"],"picked":"SKIP","floor":12}],"player_experience":834229,"relics_obtained":[{"floor":7,"key":"Smiling Mask"},{"floor":9,"key":"Gremlin Horn"},{"floor":12,"key":"Sundial"}],"event_choices":[{"damage_healed":0,"gold_gain":0,"player_choice":"Take Damage","damage_taken":23,"relics_obtained":["Golden Idol"],"max_hp_gain":0,"max_hp_loss":0,"event_name":"Golden Idol","floor":5,"gold_loss":0},{"damage_healed":17,"gold_gain":0,"player_choice":"Healed and dodged fight","damage_taken":0,"max_hp_gain":0,"max_hp_loss":0,"event_name":"Mushrooms","floor":10,"gold_loss":0,"cards_obtained":["Parasite"]}],"is_beta":false,"boss_relics":[],"items_purged_floors":[],"is_endless":false,"potions_floor_spawned":[3,4,7,8,12],"killed_by":"Hexaghost","ascension_level":20}}