{"host":"sav7uxregyirlf69","time":1613895647,"event":{"mods":["AchievementEnabler","BaseMod","Colored Map","DeckTracker","Keyboard Shortcuts","Minty Spire (QoL Compilation)","READ ME - Guardian Mod","StSLib","SuperFastMode"],"gold_per_floor":[117,134,134,146,146,146,178,15,15,31,31,31,49,65,65,138,138,151,164,181,192,203,203,203,203],"floor_reached":24,"language":"KOR","playtime":529,"items_purged":[],"score":404,"play_id":"29faf77b-6c93-45e4-9284-f5bb36b0fbef","local_time":"20210221172047","is_ascension_mode":true,"campfire_choices":[{"data":"Noxious Fumes","floor":6.0,"key":"SMITH"},{"floor":15,"key":"REST"},{"floor":23,"key":"REST"}],"circlet_count":0,"master_deck":["AscendersBane","Strike_G","Strike_G+1","Strike_G","Strike_G","Defend_G","Defend_G+1","Defend_G","Defend_G","Survivor","Neutralize","Backstab","Tactician","Noxious Fumes+1","After Image","Prepared","Deadly Poison","Dagger Throw","Doppelganger","Blade Dance","Footwork","PiercingWail","Backflip"],"relics":["Ring of the Snake","Bottled Tornado","TheAbacus","Toy Ornithopter","Cursed Key"],"acts_visited":["Exordium","TheCity"],"potions_floor_usage":[16,16,22],"damage_taken":[{"damage":12.0,"enemies":"Small Slimes","floor":1.0,"turns":4.0},{"damage":1.0,"enemies":"2 Louse","floor":2.0,"turns":3.0},{"damage":0.0,"enemies":"Jaw Worm","floor":4.0,"turns":4.0},{"damage":9.0,"enemies":"3 Sentries","floor":7.0,"turns":6.0},{"damage":0.0,"enemies":"Looter","floor":10.0,"turns":4.0},{"damage":3.0,"enemies":"3 Louse","floor":13.0,"turns":4.0},{"damage":4,"enemies":"Exordium Wildlife","floor":14,"turns":7},{"damage":17,"enemies":"Hexaghost","floor":16,"turns":10},{"damage":16,"enemies":"Spheric Guardian","floor":18,"turns":6},{"damage":10,"enemies":"Shell Parasite","floor":19,"turns":6},{"damage":20,"enemies":"Sentry and Sphere","floor":20,"turns":6},{"damage":4,"enemies":"Centurion and Healer","floor":21,"turns":8},{"damage":2,"enemies":"Snecko","floor":22,"turns":7},{"damage":37,"enemies":"Chosen and Byrds","floor":24,"turns":5}],"seed_played":"-3059728673139507122","potions_obtained":[{"floor":4.0,"key":"Explosive Potion"},{"floor":13.0,"key":"BlessingOfTheForge"},{"floor":14,"key":"FearPotion"},{"floor":16,"key":"DistilledChaos"},{"floor":19,"key":"Poison Potion"},{"floor":20,"key":"DuplicationPotion"},{"floor":22,"key":"Fire Potion"}],"is_trial":false,"path_per_floor":["M","M","?","M","?","R","E","$","T","M","?","?","M","M","R","B",null,"M","M","M","M","M","R","M"],"character_chosen":"THE_SILENT","items_purchased":["TheAbacus"],"campfire_rested":2,"item_purchase_floors":[8],"current_hp_per_floor":[47,46,39,39,19,19,10,10,10,10,10,10,7,3,22,15,53,37,27,7,3,6,25,0,0],"gold":203,"neow_bonus":"REMOVE_CARD","is_daily":false,"chose_seed":false,"campfire_upgraded":1,"win_rate":0.0,"timestamp":1613895647,"path_taken":["M","M","?","M","?","R","E","$","T","M","?","?","M","M","R","BOSS","M","M","M","M","M","R","M"],"items_purchased_type":["Relic"],"build_version":"2020-12-22","purchased_purges":0,"victory":false,"max_hp_per_floor":[66,66,66,66,66,66,66,66,66,66,66,66,66,66,66,66,66,66,66,66,66,66,66,66,66],"card_choices":[{"not_picked":["Flying Knee","Blur"],"picked":"Backstab","floor":1.0},{"not_picked":["Concentrate","Quick Slash"],"picked":"Tactician","floor":2.0},{"not_picked":["Sucker Punch","Backflip"],"picked":"Noxious Fumes","floor":4.0},{"not_picked":["Cloak And Dagger","Deflect"],"picked":"After Image","floor":7.0},{"not_picked":["Backstab","Bane"],"picked":"Prepared","floor":10.0},{"not_picked":["Distraction","Underhanded Strike"],"picked":"Deadly Poison","floor":13.0},{"not_picked":["Predator","Sucker Punch"],"picked":"Dagger Throw","floor":14},{"not_picked":["Envenom","Malaise"],"picked":"Doppelganger","floor":16},{"not_picked":["Flying Knee","Poisoned Stab"],"picked":"Blade Dance","floor":18},{"not_picked":["Expertise","Dodge and Roll"],"picked":"Footwork","floor":19},{"not_picked":["Sucker Punch+1","Backflip"],"picked":"PiercingWail","floor":20},{"not_picked":["Flying Knee","Dagger Throw"],"picked":"Backflip","floor":21},{"not_picked":["Sucker Punch","Glass Knife","Deflect"],"picked":"SKIP","floor":22}],"player_experience":1641977,"relics_obtained":[{"floor":7.0,"key":"Bottled Tornado"},{"floor":9.0,"key":"Toy Ornithopter"}],"event_choices":[{"cards_removed":["Strike_G"],"damage_healed":0.0,"max_hp_gain":0.0,"max_hp_loss":0.0,"gold_gain":0.0,"event_name":"Golden Wing","player_choice":"Card Removal","floor":3.0,"gold_loss":0.0,"damage_taken":7.0},{"damage_healed":0.0,"max_hp_gain":0.0,"max_hp_loss":0.0,"gold_gain":0.0,"event_name":"Shining Light","player_choice":"Entered Light","floor":5.0,"gold_loss":0.0,"damage_taken":20.0,"cards_upgraded":["Defend_G","Strike_G"]},{"damage_healed":0.0,"max_hp_gain":0.0,"max_hp_loss":0.0,"gold_gain":0.0,"event_name":"Dead Adventurer","player_choice":"Searched \u00270\u0027 times","floor":11.0,"gold_loss":0.0,"damage_taken":0.0},{"damage_healed":0.0,"max_hp_gain":0.0,"max_hp_loss":0.0,"gold_gain":0.0,"event_name":"Liars Game","player_choice":"Ignored","floor":12.0,"gold_loss":0.0,"damage_taken":0.0}],"is_beta":false,"boss_relics":[{"not_picked":["Tiny House","Philosopher\u0027s Stone"],"picked":"Cursed Key"}],"items_purged_floors":[],"is_endless":false,"potions_floor_spawned":[4,13,14,16,19,20,22],"killed_by":"Chosen and Byrds","ascension_level":20}}