{"host":"t9zjxed0utvsfjwc","time":1613895460,"event":{"mods":["2.2 Compatiblity","Act Like it!","Aspiration","BaseMod","Better Altar","Better Match","Better Note","Better Sensory Stone","Better Skull","Better Third Choice","Block Reminder","Colored Map","Colored Powertips","Conspire","Defuse TimeMaze Blight","Energized Spire","GifTheSpireLib","Hermit","Highlight Path","Hubris","Infinite Spire","Marked Mod","Minty Spire (QoL Compilation)","Quick Restart","Rare Cards Sparkle","Relic Sorter","Relic Stats","Reliquary","Replay The Spire","Ruina","StSLib","Stuff the Spire","The Blue Laboratory","The Jungle","The Marked","Unceasing Turn Reminder","Wandering Minibosses","everything is the same but u backflip on backflip"],"gold_per_floor":[110,70,70,18,29,61,61,86,109,125,138,138,157,176,176,274,274,290,3,3,19,34,48,48,48,48,48,48,77,77,92,92,92,92],"floor_reached":33,"language":"ENG","playtime":1053,"items_purged":[],"score":342,"play_id":"43a76d83-b855-4a87-ba96-d38829617046","local_time":"20210221081740","is_ascension_mode":true,"campfire_choices":[{"data":"hubris:Fate","floor":12,"key":"SMITH"},{"data":"Perfected Strike","floor":15,"key":"SMITH"},{"data":"StuffTheSpire:RockThrow","floor":24,"key":"SMITH"},{"data":"Offering","floor":27,"key":"SMITH"},{"data":"Bludgeon","floor":32,"key":"SMITH"}],"circlet_count":0,"master_deck":["Strike_R+1","Strike_R","Strike_R","Strike_R","Strike_R","Defend_R+1","Defend_R","Defend_R","Defend_R","Bash","Headbutt","hubris:CleavingFinish","hubris:Fate+1","Thunderclap","Wild Strike","Clothesline","Feed","Anger","Rage","Offering+1","Perfected Strike+1","Bludgeon+1","AbeCurse","Sword Boomerang","hubris:Disease","Pain","ReplayTheSpireMod:Strike From Hell+1","StuffTheSpire:RockThrow+1","Demon Form"],"relics":["Burning Blood","hubris:AstralHammer","Replay:Mystery Machine","Simple Rune","Abe\u0027s Treasure","ReplayTheSpireMod:CursedCoin","Thread and Needle","Blood Vial","WarpedTongs","ReplayFunnel","reliquary:TuningFork","hubris:Potato"],"acts_visited":["Exordium","Exordium"],"potions_floor_usage":[5,11,13,16,16,23,33],"damage_taken":[{"damage":0,"enemies":"Small Slimes","floor":1,"turns":3},{"damage":0,"enemies":"2 Louse","floor":5,"turns":1},{"damage":7,"enemies":"Gremlin Nob","floor":6,"turns":3},{"damage":31,"enemies":"3 Sentries","floor":8,"turns":6},{"damage":0,"enemies":"Cultist","floor":10,"turns":2},{"damage":0,"enemies":"Large Slime","floor":11,"turns":3},{"damage":3,"enemies":"Blue Slaver","floor":13,"turns":3},{"damage":3,"enemies":"Red Slaver","floor":14,"turns":2},{"damage":50,"enemies":"The Guardian","floor":16,"turns":8},{"damage":18,"enemies":"theJungle:GiantWrat","floor":18,"turns":4},{"damage":0,"enemies":"theJungle:MUSHROOMGANG","floor":21,"turns":3},{"damage":17,"enemies":"Snake Plant","floor":22,"turns":2},{"damage":11,"enemies":"theJungle:JungleHuntersEncounter","floor":23,"turns":4},{"damage":8,"enemies":"theJungle:MamaSnecko","floor":29,"turns":3},{"damage":0,"enemies":"theJungle:2_Snecko_Cultists","floor":31,"turns":2},{"damage":89,"enemies":"theJungle:TotemBoss","floor":33,"turns":5}],"seed_played":"6042457794226225764","potions_obtained":[{"floor":1,"key":"BlessingOfTheForge"},{"floor":5,"key":"Swift Potion"},{"floor":8,"key":"SteroidPotion"},{"floor":10,"key":"BloodPotion"},{"floor":13,"key":"EssenceOfSteel"},{"floor":22,"key":"blueLaboratory:NullPotion"},{"floor":29,"key":"Ancient Potion"},{"floor":31,"key":"Explosive Potion"}],"is_trial":false,"path_per_floor":["M","$","?","$","M","E","?","E","T","M","M","R","M","M","R","B",null,"M","$","?","M","M","M","R","?","T","R","$","E","?","M","R","B"],"character_chosen":"IRONCLAD","items_purchased":["hubris:CleavingFinish","Thunderclap","ReplayTheSpireMod:CursedCoin","Thread and Needle","Blood Vial"],"campfire_rested":0,"item_purchase_floors":[2,4,19,19,19],"current_hp_per_floor":[80,80,60,60,66,65,65,40,40,46,55,55,74,80,80,39,89,80,80,80,91,82,79,79,79,79,79,79,79,79,87,87,0,0],"gold":92,"neow_bonus":"ONE_RARE_RELIC","is_daily":false,"chose_seed":false,"campfire_upgraded":5,"win_rate":0.0,"timestamp":1613895460,"path_taken":["M","$","?","$","M","E","?","E","T","?","M","R","M","M","R","BOSS","M","$","?","M","M","M","R","?","T","R","$","E","?","?","R","BOSS"],"items_purchased_type":["Card","Card","Relic","Relic","Relic"],"build_version":"2020-12-22","purchased_purges":0,"victory":false,"max_hp_per_floor":[80,80,80,80,80,80,80,80,80,80,83,83,83,86,86,89,89,92,92,92,95,95,95,95,95,95,95,95,95,95,95,95,95,95],"relic_stats":{"Blood Vial":12,"counters":[16,54],"obtain_stats":[{"Blood Vial":19,"ReplayFunnel":26,"hubris:AstralHammer":0,"ReplayTheSpireMod:CursedCoin":19,"Simple Rune":9,"Thread and Needle":19,"reliquary:TuningFork":29,"Replay:Mystery Machine":8,"Burning Blood":0,"Abe\u0027s Treasure":17,"hubris:Potato":30,"WarpedTongs":20},{"Blood Vial":10,"ReplayFunnel":13,"hubris:AstralHammer":0,"ReplayTheSpireMod:CursedCoin":10,"Simple Rune":4,"Thread and Needle":10,"reliquary:TuningFork":14,"Replay:Mystery Machine":4,"Burning Blood":0,"Abe\u0027s Treasure":9,"hubris:Potato":14,"WarpedTongs":10},{"Blood Vial":35,"ReplayFunnel":44,"hubris:AstralHammer":0,"ReplayTheSpireMod:CursedCoin":35,"Simple Rune":13,"Thread and Needle":35,"reliquary:TuningFork":47,"Replay:Mystery Machine":13,"Burning Blood":0,"Abe\u0027s Treasure":31,"hubris:Potato":47,"WarpedTongs":35}],"Burning Blood":84,"WarpedTongs":[19]},"card_choices":[{"not_picked":["Evolve","Combust"],"picked":"Headbutt","floor":1},{"not_picked":["hubris:Rewind","infinitespire:Execution"],"picked":"hubris:Fate","floor":3},{"not_picked":["ReplayTheSpireMod:Strike From Hell","StuffTheSpire:Pyroclast"],"picked":"Wild Strike","floor":5},{"not_picked":["Infernal Blade","Exhume"],"picked":"Clothesline","floor":6},{"not_picked":["Blood for Blood","StuffTheSpire:Incineration"],"picked":"Feed","floor":8},{"not_picked":["Armaments","StuffTheSpire:Incineration"],"picked":"Anger","floor":10},{"not_picked":["Abandon","Feel No Pain"],"picked":"Rage","floor":11},{"not_picked":["Iron Wave","Sword Boomerang"],"picked":"Offering","floor":13},{"not_picked":["Clothesline","Heavy Blade"],"picked":"Perfected Strike","floor":14},{"not_picked":["Double Tap","Exhume"],"picked":"Bludgeon","floor":16},{"not_picked":["hubris:ReadiedAction+1","Evolve+1"],"picked":"Sword Boomerang","floor":18},{"not_picked":["ReplayTheSpireMod:Corrosion Curse","Replay:Undeath\u0027s Touch+1","Whirlwind"],"picked":"SKIP","floor":21},{"not_picked":["Pommel Strike","Infernal Blade"],"picked":"ReplayTheSpireMod:Strike From Hell+1","floor":22},{"not_picked":["Clothesline","Replay:Many Hands"],"picked":"StuffTheSpire:RockThrow","floor":23},{"not_picked":["Flex","ReplayTheSpireMod:Muscle Training","ReplayTheSpireMod:Corrosion Curse"],"picked":"SKIP","floor":29},{"not_picked":["Dual Wield+1","Sword Boomerang","Heavy Blade"],"picked":"SKIP","floor":31}],"player_experience":501915,"relics_obtained":[{"floor":8,"key":"Replay:Mystery Machine"},{"floor":9,"key":"Simple Rune"},{"floor":26,"key":"ReplayFunnel"},{"floor":29,"key":"reliquary:TuningFork"}],"event_choices":[{"cards_removed":["hubris:Compulsion"],"damage_healed":0,"gold_gain":0,"player_choice":"Card Removal","damage_taken":0,"max_hp_gain":0,"max_hp_loss":0,"event_name":"Wheel of Change","floor":7,"gold_loss":0},{"damage_healed":0,"gold_gain":0,"player_choice":"Rummage","damage_taken":0,"relics_obtained":["WarpedTongs"],"max_hp_gain":0,"max_hp_loss":0,"event_name":"Accursed Blacksmith","floor":20,"gold_loss":0,"cards_obtained":["Pain"]},{"damage_healed":0,"gold_gain":0,"player_choice":"Take","damage_taken":0,"max_hp_gain":0,"max_hp_loss":0,"event_name":"betterNote:BetterNote","floor":25,"gold_loss":0,"cards_obtained":["Demon Form"]},{"damage_healed":0,"gold_gain":0,"player_choice":"Gave Potion","damage_taken":0,"relics_obtained":["hubris:Potato"],"max_hp_gain":0,"max_hp_loss":0,"event_name":"WeMeetAgain","floor":30,"gold_loss":0}],"is_beta":false,"boss_relics":[{"not_picked":["Calling Bell","conspire:RunicOctahedron"],"picked":"Abe\u0027s Treasure"}],"items_purged_floors":[],"is_endless":false,"potions_floor_spawned":[1,5,8,10,13,22,29,31],"killed_by":"theJungle:TotemBoss","ascension_level":1}}