{"host":"40jzjik7hyc9heun","time":1613928555,"event":{"mods":["BaseMod","Colored Powertips","Downfall","Minty Spire (QoL Compilation)","StSLib"],"gold_per_floor":[0,10,29,44,44,58,58,58,43,193,219,55,55,67,84,179,179,179,196,196,196,318,318,318,328,45,45,57,68,68,94,107,203,203,103,114,114,114,126,137,137,157,171,71,100,0,19,19,30,30,30,30],"floor_reached":50,"language":"ENG","playtime":4662,"items_purged":["downfall:Icky","sneckomod:Strike","Writhe"],"score":561,"play_id":"79b37fd9-e209-4401-93c1-b52274574a4c","local_time":"20210221122915","is_ascension_mode":false,"campfire_choices":[{"data":"sneckomod:TailWhip","floor":1,"key":"SMITH"},{"data":"sneckomod:UnendingSupply","floor":18,"key":"SMITH"},{"data":"sneckomod:WideSting","floor":27,"key":"SMITH"},{"floor":30,"key":"REST"},{"floor":35,"key":"RECALL"},{"floor":44,"key":"REST"},{"floor":46,"key":"REST"}],"circlet_count":0,"master_deck":["sneckomod:Strike","sneckomod:Strike","sneckomod:Defend","sneckomod:Defend","sneckomod:Defend","sneckomod:TailWhip+1","sneckomod:SnekBite","sneckomod:Unknown","Sadistic Nature","sneckomod:SlitherStrike","sneckomod:SnekBeam","sneckomod:RainOfDice","sneckomod:UnknownRareAttack","sneckomod:UnknownBlock","sneckomod:UnknownRarePower","Regret","sneckomod:DefensiveFlair","sneckomod:UnendingSupply+1","sneckomod:UnknownRareAttack","sneckomod:ImprovisedAttack+1","sneckomod:UnknownExhaust","sneckomod:CheapStock","sneckomod:SnakeSap","sneckomod:WideSting+1","sneckomod:Unknown0Cost+1","sneckomod:UnknownVulnerable","sneckomod:UnknownX","sneckomod:CheapStock","sneckomod:UnknownRareSkill","sneckomod:MorePower","Guardian:BronzeArmor","sneckomod:CheapStock","sneckomod:UnknownRareAttack+1","sneckomod:IronFang","sneckomod:UnknownUncommonPower+1","sneckomod:Unknown0Cost+1","sneckomod:UnknownRareAttack+1","sneckomod:UnknownRareSkill","sneckomod:UnknownCommonSkill+1","sneckomod:SnekBeam+1","sneckomod:UnknownUncommonSkill+1","sneckomod:UnknownBoss","sneckomod:UnknownUncommonPower","sneckomod:UnknownRareAttack+1","sneckomod:UnknownDraw+1"],"relics":["sneckomod:SuperSneckoSoul","HornCleat","downfall:ShatteredFragment","Bronze Scales","TungstenRod","Sozu","Blue Candle","Smiling Mask","Matryoshka","ClockworkSouvenir","Dream Catcher","downfall:HeartBlessingGreen","Ancient Tea Set","downfall:HeartBlessingRed","Mummified Hand","downfall:HeartBlessingBlue"],"acts_visited":["Exordium","TheCity","TheBeyond"],"potions_floor_usage":[16,29,45],"damage_taken":[{"damage":0,"enemies":"Small Slimes","floor":2,"turns":3},{"damage":0,"enemies":"Cultist","floor":3,"turns":3},{"damage":3,"enemies":"Jaw Worm","floor":4,"turns":2},{"damage":5,"enemies":"2 Fungi Beasts","floor":6,"turns":3},{"damage":0,"enemies":"downfall:FleeingMerchant","floor":9,"turns":4},{"damage":1,"enemies":"downfall:FleeingMerchant","floor":12,"turns":4},{"damage":11,"enemies":"Blue Slaver","floor":14,"turns":2},{"damage":11,"enemies":"3 Louse","floor":15,"turns":3},{"damage":12,"enemies":"SI_SHIV_ARCHETYPE","floor":16,"turns":6},{"damage":11,"enemies":"downfall:LooterAlt2","floor":19,"turns":2},{"damage":0,"enemies":"downfall:FleeingMerchant","floor":22,"turns":3},{"damage":0,"enemies":"3 Byrds","floor":25,"turns":3},{"damage":13,"enemies":"Centurion and Healer","floor":28,"turns":5},{"damage":20,"enemies":"Chosen and Byrds","floor":29,"turns":5},{"damage":2,"enemies":"Book of Stabbing","floor":31,"turns":4},{"damage":17,"enemies":"3 Cultists","floor":32,"turns":4},{"damage":37,"enemies":"WA_ARCHETYPE_CALM","floor":33,"turns":10},{"damage":9,"enemies":"Orb Walker","floor":36,"turns":3},{"damage":14,"enemies":"3 Shapes","floor":39,"turns":5},{"damage":3,"enemies":"Spire Growth","floor":40,"turns":5},{"damage":21,"enemies":"3 Darklings","floor":42,"turns":6},{"damage":11,"enemies":"Sphere and 2 Shapes","floor":43,"turns":4},{"damage":22,"enemies":"Nemesis","floor":45,"turns":7},{"damage":20,"enemies":"Maw","floor":47,"turns":5},{"damage":8,"enemies":"Writhing Mass","floor":49,"turns":4},{"damage":54,"enemies":"DF_ARCHETYPE_ORBS","floor":50,"turns":7}],"seed_played":"7232022367944761093","potions_obtained":[{"floor":4,"key":"SteroidPotion"},{"floor":5,"key":"ColorlessPotion"},{"floor":5,"key":"SkillPotion"},{"floor":16,"key":"DuplicationPotion"}],"is_trial":false,"path_per_floor":["R","M","M","M","?","M","T","?","$","?","T","$","?","M","M","B",null,"R","M","?","?","$","?","T","M","$","R","M","M","R","E","M","B",null,"R","M","?","?","M","M","T","M","M","R","E","R","M","$","M","B"],"character_chosen":"THE_SNECKO","items_purchased":["sneckomod:UnknownRarePower","sneckomod:CheapStock","sneckomod:SnakeSap","ClockworkSouvenir","sneckomod:Unknown0Cost"],"campfire_rested":3,"item_purchase_floors":[12,22,22,26,26],"current_hp_per_floor":[90,90,90,87,87,82,82,61,61,61,61,60,60,49,38,26,90,90,79,75,75,75,75,75,75,75,75,62,42,69,67,50,13,90,90,81,81,81,67,64,64,43,32,59,37,77,57,57,49,0,0,0],"gold":30,"neow_bonus":"RANDOM_COLORLESS_2","is_daily":false,"chose_seed":false,"campfire_upgraded":3,"win_rate":0.0,"timestamp":1613928555,"path_taken":["R","M","M","M","?","?","T","?","$","?","?","$","?","M","M","BOSS","R","M","?","?","$","?","T","M","?","R","M","M","R","E","M","BOSS","R","M","?","?","?","M","T","M","M","R","E","R","M","$","M","BOSS"],"items_purchased_type":["Card","Card","Card","Relic","Card"],"build_version":"2020-12-22","purchased_purges":3,"victory":false,"max_hp_per_floor":[90,90,90,90,90,90,90,90,90,90,90,90,90,90,90,90,90,90,90,90,90,90,90,90,90,90,90,90,90,90,90,90,90,90,90,90,90,90,90,90,90,90,90,90,90,100,100,100,100,100,100,100],"card_choices":[{"not_picked":["Secret Technique","Master of Strategy"],"picked":"Sadistic Nature","floor":0},{"not_picked":["sneckomod:QuickBite","sneckomod:UnknownCommonSkill"],"picked":"sneckomod:SlitherStrike","floor":2},{"not_picked":["sneckomod:Unknown1Cost","sneckomod:UnknownCommonAttack"],"picked":"sneckomod:SnekBeam","floor":3},{"not_picked":["sneckomod:ImprovisedGuard","sneckomod:SoulDraw"],"picked":"sneckomod:RainOfDice","floor":4},{"not_picked":["sneckomod:RainOfDice","sneckomod:UnknownExhaust"],"picked":"sneckomod:UnknownUncommonSkill","floor":6},{"not_picked":["sneckomod:UnknownVulnerable","sneckomod:DiceCrush"],"picked":"sneckomod:UnknownRareAttack","floor":9},{"not_picked":["sneckomod:DiceBlock","sneckomod:ImprovisedGuard"],"picked":"sneckomod:UnknownBlock","floor":12},{"not_picked":["sneckomod:Unknown2Cost","sneckomod:UnknownCommonAttack"],"picked":"sneckomod:DefensiveFlair","floor":14},{"not_picked":["sneckomod:SoulCleanse","sneckomod:ImprovisedGuard"],"picked":"sneckomod:UnendingSupply","floor":15},{"not_picked":["sneckomod:SoulExchange","sneckomod:Unknown3Cost"],"picked":"sneckomod:UnknownRareAttack","floor":16},{"not_picked":["sneckomod:UnknownWeak","sneckomod:Nope"],"picked":"sneckomod:ImprovisedAttack+1","floor":19},{"not_picked":["sneckomod:UnknownClassPURPLE","sneckomod:ImprovisedGuard"],"picked":"sneckomod:UnknownExhaust","floor":22},{"not_picked":["sneckomod:SoulRoll","sneckomod:UnknownStrike"],"picked":"sneckomod:WideSting","floor":25},{"not_picked":["sneckomod:SnekBeam","sneckomod:DefensiveFlair"],"picked":"sneckomod:UnknownVulnerable","floor":28},{"not_picked":["sneckomod:UnknownClassHEXA_GHOST_PURPLE","sneckomod:UnknownDraw"],"picked":"sneckomod:UnknownX","floor":29},{"not_picked":["sneckomod:UnknownCommonAttack","sneckomod:UnknownClassHEXA_GHOST_PURPLE"],"picked":"sneckomod:CheapStock","floor":31},{"not_picked":["sneckomod:SoulDraw","sneckomod:SoulRoll"],"picked":"sneckomod:UnknownRareSkill","floor":32},{"not_picked":["sneckomod:UnlimitedRolls","sneckomod:Mudshield"],"picked":"sneckomod:MorePower","floor":33},{"not_picked":["sneckomod:IronFang","sneckomod:UnknownClassHEXA_GHOST_PURPLE+1"],"picked":"sneckomod:CheapStock","floor":36},{"not_picked":["sneckomod:Unknown2Cost+1","sneckomod:Unknown0Cost+1"],"picked":"sneckomod:UnknownRareAttack+1","floor":39},{"not_picked":["sneckomod:Nope","sneckomod:SoulRoll"],"picked":"sneckomod:IronFang","floor":39},{"not_picked":["sneckomod:UnknownCommonAttack+1","sneckomod:UnknownWeak+1"],"picked":"sneckomod:UnknownUncommonPower+1","floor":40},{"not_picked":["sneckomod:WideSting","sneckomod:DiceBlock+1"],"picked":"sneckomod:Unknown0Cost+1","floor":40},{"not_picked":["sneckomod:UnknownExhaust+1","sneckomod:UnknownUncommonAttack+1"],"picked":"sneckomod:UnknownRareAttack+1","floor":42},{"not_picked":["sneckomod:UnknownWeak+1","sneckomod:DefensiveFlair"],"picked":"sneckomod:UnknownRareSkill","floor":42},{"not_picked":["sneckomod:Unknown1Cost","sneckomod:Nope+1"],"picked":"sneckomod:UnknownCommonSkill+1","floor":43},{"not_picked":["sneckomod:UnknownWeak","sneckomod:UnknownClassPURPLE"],"picked":"sneckomod:SnekBeam+1","floor":44},{"not_picked":["sneckomod:UnknownUncommonAttack+1","sneckomod:UnknownX+1"],"picked":"sneckomod:UnknownUncommonSkill+1","floor":45},{"not_picked":["sneckomod:SoulRoll","sneckomod:SoulCleanse+1"],"picked":"sneckomod:UnknownBoss","floor":45},{"not_picked":["sneckomod:QuickMove","sneckomod:UnknownCommonAttack+1"],"picked":"sneckomod:UnknownUncommonPower","floor":47},{"not_picked":["sneckomod:Unknown0Cost+1","sneckomod:UnknownClassHEXA_GHOST_PURPLE+1"],"picked":"sneckomod:UnknownRareAttack+1","floor":49},{"not_picked":["sneckomod:RainOfDice+1","sneckomod:UnknownWeak+1"],"picked":"sneckomod:UnknownDraw+1","floor":49}],"player_experience":137225,"relics_obtained":[{"floor":7,"key":"HornCleat"},{"floor":11,"key":"Bronze Scales"},{"floor":24,"key":"Matryoshka"},{"floor":31,"key":"Dream Catcher"},{"floor":41,"key":"Ancient Tea Set"},{"floor":45,"key":"Mummified Hand"}],"event_choices":[{"damage_healed":0,"gold_gain":0,"player_choice":"Got Potions","damage_taken":0,"max_hp_gain":0,"max_hp_loss":0,"event_name":"Lab","floor":5,"gold_loss":0},{"damage_healed":0,"gold_gain":0,"player_choice":"Box","damage_taken":0,"relics_obtained":["TungstenRod"],"max_hp_gain":0,"max_hp_loss":0,"event_name":"Big Fish","floor":13,"gold_loss":0,"cards_obtained":["Regret"]},{"damage_healed":0,"gold_gain":0,"player_choice":"Ignored","damage_taken":0,"max_hp_gain":0,"max_hp_loss":0,"event_name":"Ghosts","floor":21,"gold_loss":0},{"cards_removed":["sneckomod:Unknown"],"damage_healed":0,"gold_gain":0,"player_choice":"Removed Skill","damage_taken":0,"max_hp_gain":0,"max_hp_loss":0,"event_name":"Falling","floor":37,"gold_loss":0}],"is_beta":false,"boss_relics":[{"not_picked":["Black Star","Astrolabe"],"picked":"Sozu"},{"not_picked":["Runic Pyramid","Velvet Choker"],"picked":"sneckomod:SuperSneckoSoul"}],"items_purged_floors":[12,22,26],"is_endless":false,"potions_floor_spawned":[4,6,16,28,31,32,36,39,42,43],"killed_by":"DF_ARCHETYPE_ORBS","ascension_level":0}}