{"host":"2pqii8qptv2rr269","time":1613950164,"event":{"mods":["2.2 Compatiblity","BaseMod","Better Note","Card Forge","HololiveMod","KinomotoSakuraMod(木之本樱)","Minty Spire (QoL Compilation)","Permanent Neow","Prisma Mod","Quick Restart","Relic Filter","Shop Mod","StSLib","The Cursed","Unknown Chances","Voiceroid Mod"],"gold_per_floor":[118,129,204,275,105,105,124,142,142,142,142,142,142,170,170,170,170],"floor_reached":16,"language":"JPN","playtime":800,"items_purged":[],"score":98,"play_id":"d7675ab3-8fce-4cd4-b90b-6a58daff9c3e","local_time":"20210222082924","is_ascension_mode":false,"campfire_choices":[{"data":"Double Energy","floor":6,"key":"SMITH"},{"data":"Double Energy","floor":11,"key":"SMITH"},{"data":"Conserve Battery","floor":13,"key":"SMITH"},{"data":"Capacitor","floor":15,"key":"SMITH"}],"circlet_count":0,"master_deck":["Zap","Dualcast","Sunder","Double Energy+1","Self Repair","Conserve Battery+1","Heatsinks","Double Energy+1","Storm","Capacitor+1","Loop","Hologram","Recycle","Capacitor","Hello World"],"relics":["Cracked Core","Hammer of Thor","Seething Fire","Anvil of the Gods","Boot","PreservedInsect","Strawberry"],"acts_visited":["Exordium"],"potions_floor_usage":[16,16,16],"damage_taken":[{"damage":7,"enemies":"2 Louse","floor":1,"turns":3},{"damage":3,"enemies":"Jaw Worm","floor":2,"turns":3},{"damage":0,"enemies":"Small Slimes","floor":7,"turns":3},{"damage":12,"enemies":"Blue Slaver","floor":8,"turns":3},{"damage":8,"enemies":"Lagavulin","floor":14,"turns":4},{"damage":44,"enemies":"Slime Boss","floor":16,"turns":7}],"seed_played":"8912492012223973729","potions_obtained":[{"floor":1,"key":"Block Potion"},{"floor":2,"key":"EssenceOfSteel"},{"floor":14,"key":"FearPotion"}],"is_trial":false,"path_per_floor":["M","M","?","?","$","R","M","M","T","?","R","$","R","E","R","B"],"character_chosen":"DEFECT","items_purchased":["Boot","Hologram"],"campfire_rested":0,"item_purchase_floors":[5,5],"current_hp_per_floor":[47,44,33,33,33,33,40,35,35,35,35,35,35,41,41,0,0],"gold":170,"neow_bonus":"THREE_RARE_CARDS","is_daily":false,"chose_seed":false,"campfire_upgraded":4,"win_rate":0.0,"timestamp":1613950164,"path_taken":["M","M","?","?","$","R","M","M","T","?","R","?","R","E","R","BOSS"],"items_purchased_type":["Relic","Card"],"build_version":"2020-12-22","purchased_purges":0,"victory":false,"max_hp_per_floor":[75,75,75,75,75,75,75,75,75,75,75,75,75,82,82,82,82],"card_choices":[{"not_picked":["Thunder Strike","Electrodynamics"],"picked":"Creative AI","floor":0},{"not_picked":["Gash","Streamline"],"picked":"Sunder","floor":1},{"not_picked":["Ball Lightning","Meteor Strike"],"picked":"Double Energy","floor":2},{"not_picked":["Darkness","Aggregate"],"picked":"Recycle","floor":7},{"not_picked":["Scrape","Leap"],"picked":"Capacitor","floor":8},{"not_picked":["Auto Shields","Steam"],"picked":"Hello World","floor":14}],"player_experience":124710,"relics_obtained":[{"floor":9,"key":"PreservedInsect"},{"floor":14,"key":"Strawberry"}],"event_choices":[{"damage_healed":0,"gold_gain":75,"player_choice":"Gather Gold","damage_taken":11,"max_hp_gain":0,"max_hp_loss":0,"event_name":"World of Goop","floor":3,"gold_loss":0},{"damage_healed":0,"gold_gain":71,"player_choice":"Gained Gold","damage_taken":0,"max_hp_gain":0,"max_hp_loss":0,"event_name":"Golden Wing","floor":4,"gold_loss":0},{"damage_healed":0,"gold_gain":0,"player_choice":"Leave","damage_taken":0,"max_hp_gain":0,"max_hp_loss":0,"event_name":"The Cleric","floor":10,"gold_loss":0}],"is_beta":false,"boss_relics":[],"items_purged_floors":[],"is_endless":false,"potions_floor_spawned":[1,2,14],"killed_by":"Slime Boss","ascension_level":0}}