{"host":"uv5ws9rdk87e8i5k","time":1613938099,"event":{"mods":["AchievementEnabler","BaseMod","Colored Map","Minty Spire (QoL Compilation)","Permanent Neow","Quick Restart","StSLib","SuperFastMode","The Necromancer","The Saiyan"],"gold_per_floor":[109,128,146,157,171,196,7,36,89,54,54,5,5,40,40,137,137,155,254,26,38,48,78,78,110,110,110,110],"floor_reached":27,"language":"ENG","playtime":576,"items_purged":[],"score":400,"play_id":"3fbd5b16-446c-48df-bd51-abaafbff96f8","local_time":"20210221140819","is_ascension_mode":true,"campfire_choices":[{"data":"Electrodynamics","floor":11.0,"key":"SMITH"},{"data":"Loop","floor":13.0,"key":"SMITH"},{"data":"Turbo","floor":15.0,"key":"SMITH"},{"data":"Buffer","floor":24.0,"key":"SMITH"}],"circlet_count":0,"master_deck":["Strike_B","Strike_B","Strike_B","Strike_B","Defend_B","Defend_B","Defend_B","Defend_B","Zap","Dualcast","Electrodynamics+1","Loop+1","Glacier","Glacier","Force Field","Reboot","Ball Lightning","Turbo+1","Coolheaded","Reboot","Buffer+1","Conserve Battery","Loop","Force Field","Doom and Gloom","Defragment","Auto Shields"],"relics":["Cracked Core","Pantograph","PreservedInsect","Letter Opener","Bronze Scales","Ornamental Fan","Sozu","Lee\u0027s Waffle","Tiny Chest","CaptainsWheel","Question Card"],"acts_visited":["Exordium","TheCity"],"potions_floor_usage":[25],"damage_taken":[{"damage":1.0,"enemies":"Cultist","floor":1.0,"turns":4.0},{"damage":17.0,"enemies":"Small Slimes","floor":2.0,"turns":3.0},{"damage":10.0,"enemies":"Jaw Worm","floor":3.0,"turns":4.0},{"damage":0.0,"enemies":"3 Louse","floor":4.0,"turns":1.0},{"damage":0.0,"enemies":"Large Slime","floor":5.0,"turns":4.0},{"damage":9.0,"enemies":"Lagavulin","floor":6.0,"turns":9.0},{"damage":0.0,"enemies":"3 Sentries","floor":8.0,"turns":4.0},{"damage":10.0,"enemies":"Gremlin Nob","floor":14.0,"turns":3.0},{"damage":22.0,"enemies":"Slime Boss","floor":16.0,"turns":6.0},{"damage":12.0,"enemies":"Shell Parasite","floor":18.0,"turns":4.0},{"damage":0.0,"enemies":"3 Byrds","floor":21.0,"turns":2.0},{"damage":26.0,"enemies":"Snecko","floor":22.0,"turns":6.0},{"damage":21.0,"enemies":"Book of Stabbing","floor":23.0,"turns":5.0},{"damage":15,"enemies":"Gremlin Leader","floor":25,"turns":4},{"damage":25,"enemies":"Book of Stabbing","floor":27,"turns":4}],"seed_played":"5943557513333488385","potions_obtained":[{"floor":1.0,"key":"FearPotion"},{"floor":4.0,"key":"DuplicationPotion"},{"floor":5.0,"key":"Fire Potion"},{"floor":6.0,"key":"LiquidBronze"},{"floor":16.0,"key":"SpeedPotion"}],"is_trial":false,"path_per_floor":["M","M","M","M","M","E","$","E","T","?","R","$","R","E","R","B",null,"M","?","$","M","M","E","R","E","T","E"],"character_chosen":"DEFECT","items_purchased":["PreservedInsect","Ball Lightning","Coolheaded","Loop","Lee\u0027s Waffle"],"campfire_rested":0,"item_purchase_floors":[7,7,12,20,20],"current_hp_per_floor":[67,50,40,40,40,31,31,31,31,49,49,49,49,39,39,42,67,55,55,82,82,56,35,35,20,20,0,0],"gold":110,"neow_bonus":"ONE_RANDOM_RARE_CARD","is_daily":false,"chose_seed":false,"campfire_upgraded":4,"win_rate":0.0,"timestamp":1613938099,"path_taken":["M","M","M","M","M","E","?","E","T","?","R","?","R","E","R","BOSS","M","?","$","M","M","E","R","E","T","E"],"items_purchased_type":["Relic","Card","Card","Card","Relic"],"build_version":"2020-12-22","purchased_purges":0,"victory":false,"max_hp_per_floor":[75,75,75,75,75,75,75,75,75,75,75,75,75,75,75,75,75,75,75,82,82,82,82,82,82,82,82,82],"card_choices":[{"not_picked":["Stack","Force Field"],"picked":"Loop","floor":1.0},{"not_picked":["Gash","Cold Snap"],"picked":"Glacier","floor":2.0},{"not_picked":["Darkness","Beam Cell"],"picked":"Glacier","floor":3.0},{"not_picked":["Melter","Streamline"],"picked":"Force Field","floor":4.0},{"not_picked":["Stack","Beam Cell","Go for the Eyes"],"picked":"SKIP","floor":5.0},{"not_picked":["Coolheaded","Blizzard"],"picked":"Reboot","floor":6.0},{"not_picked":["Streamline","Steam Power"],"picked":"Turbo","floor":8.0},{"not_picked":["Stack","Turbo"],"picked":"Reboot","floor":14.0},{"not_picked":["Electrodynamics","Seek"],"picked":"Buffer","floor":16.0},{"not_picked":["Streamline","Ball Lightning"],"picked":"Conserve Battery","floor":18.0},{"not_picked":["Redo","Turbo"],"picked":"Force Field","floor":21.0},{"not_picked":["Coolheaded","Lockon"],"picked":"Doom and Gloom","floor":22.0},{"not_picked":["Go for the Eyes","Reprogram"],"picked":"Defragment","floor":23.0},{"not_picked":["Turbo","Doom and Gloom+1"],"picked":"Auto Shields","floor":25}],"player_experience":234844,"relics_obtained":[{"floor":6.0,"key":"Pantograph"},{"floor":8.0,"key":"Letter Opener"},{"floor":9.0,"key":"Bronze Scales"},{"floor":14.0,"key":"Ornamental Fan"},{"floor":23.0,"key":"Tiny Chest"},{"floor":25,"key":"CaptainsWheel"},{"floor":26,"key":"Question Card"}],"event_choices":[{"damage_healed":18.0,"max_hp_gain":0.0,"max_hp_loss":0.0,"gold_gain":0.0,"event_name":"The Cleric","player_choice":"Healed","floor":10.0,"gold_loss":35.0,"damage_taken":0.0},{"damage_healed":0.0,"max_hp_gain":0.0,"max_hp_loss":0.0,"gold_gain":99.0,"event_name":"Nest","player_choice":"Stole From Cult","floor":19.0,"gold_loss":0.0,"damage_taken":0.0}],"is_beta":false,"boss_relics":[{"not_picked":["Runic Dome","Fusion Hammer"],"picked":"Sozu"}],"items_purged_floors":[],"is_endless":false,"potions_floor_spawned":[1,4,5,6,16,23],"killed_by":"Book of Stabbing","ascension_level":7}}