{"host":"jt67skv49snb75sm","time":1613938407,"event":{"mods":["BaseMod","Bestiary","Minty Spire (QoL Compilation)","Relic Stats"],"gold_per_floor":[214,224,21,40,1,1,32,49,74,74,105,105,118,149,149,227,277,292,292,292,292,292],"floor_reached":21,"language":"ENG","playtime":1342,"items_purged":[],"score":398,"play_id":"ac3ae1dc-33ae-47a3-b779-d0201362059b","local_time":"20210221211327","is_ascension_mode":true,"campfire_choices":[{"data":"Sucker Punch","floor":6.0,"key":"SMITH"},{"floor":15,"key":"REST"}],"circlet_count":0,"master_deck":["AscendersBane","Strike_G","Strike_G","Strike_G","Strike_G","Strike_G","Defend_G","Defend_G","Defend_G","Defend_G","Defend_G","Survivor","Neutralize","Blade Dance","Sucker Punch+1","Footwork","Poisoned Stab","Well Laid Plans","Dagger Spray","Choke","Predator+1","Infinite Blades","Bullet Time+1","Noxious Fumes","Burst","PiercingWail","Dagger Throw+1","Neutralize","Outmaneuver"],"relics":["Ring of the Snake","Art of War","Pen Nib","PreservedInsect","Snake Skull","Dream Catcher","Tiny House"],"acts_visited":["Exordium","TheCity"],"potions_floor_usage":[13,14,16,19],"damage_taken":[{"damage":5.0,"enemies":"Cultist","floor":1.0,"turns":5.0},{"damage":4.0,"enemies":"Jaw Worm","floor":2.0,"turns":5.0},{"damage":4.0,"enemies":"Small Slimes","floor":4.0,"turns":3.0},{"damage":18.0,"enemies":"Lagavulin","floor":7.0,"turns":11.0},{"damage":0.0,"enemies":"2 Fungi Beasts","floor":8.0,"turns":2.0},{"damage":8.0,"enemies":"Gremlin Nob","floor":11.0,"turns":3.0},{"damage":0,"enemies":"Gremlin Gang","floor":13,"turns":3},{"damage":13,"enemies":"3 Sentries","floor":14,"turns":5},{"damage":20,"enemies":"Slime Boss","floor":16,"turns":8},{"damage":13,"enemies":"Spheric Guardian","floor":18,"turns":6},{"damage":0,"enemies":"2 Thieves","floor":19,"turns":1},{"damage":38,"enemies":"Centurion and Healer","floor":21,"turns":6}],"seed_played":"6644074626020461856","potions_obtained":[{"floor":2.0,"key":"BlessingOfTheForge"},{"floor":8.0,"key":"SneckoOil"},{"floor":11.0,"key":"AttackPotion"},{"floor":14,"key":"CunningPotion"},{"floor":17,"key":"SmokeBomb"}],"is_trial":false,"path_per_floor":["M","M","$","M","$","R","E","M","T","?","E","?","M","E","R","B",null,"M","M","?","M"],"character_chosen":"THE_SILENT","items_purchased":["Art of War","Footwork","Well Laid Plans"],"campfire_rested":1,"item_purchase_floors":[3,3,5],"current_hp_per_floor":[54,50,50,46,46,46,28,28,28,28,20,20,20,7,26,6,56,43,43,43,5,5],"gold":292,"neow_bonus":"HUNDRED_GOLD","is_daily":false,"chose_seed":false,"campfire_upgraded":1,"win_rate":0.0,"timestamp":1613938407,"path_taken":["M","M","$","M","?","R","E","M","T","?","E","?","M","E","R","BOSS","M","M","?","?"],"items_purchased_type":["Relic","Card","Card"],"build_version":"2020-12-22","purchased_purges":0,"victory":false,"max_hp_per_floor":[66,66,66,66,66,66,66,66,66,66,66,66,66,66,66,66,71,71,71,71,71,71],"relic_stats":{"Dream Catcher":1,"counters":[12,58],"Pen Nib":[9],"PreservedInsect":54,"Snake Skull":[23],"Art of War":[3],"obtain_stats":[{"Dream Catcher":14,"Tiny House":17,"Pen Nib":7,"PreservedInsect":9,"Snake Skull":11,"Art of War":3,"Ring of the Snake":0},{"Dream Catcher":8,"Tiny House":9,"Pen Nib":4,"PreservedInsect":5,"Snake Skull":6,"Art of War":2,"Ring of the Snake":0},{"Dream Catcher":37,"Tiny House":45,"Pen Nib":24,"PreservedInsect":26,"Snake Skull":29,"Art of War":10,"Ring of the Snake":0}],"Ring of the Snake":[24]},"card_choices":[{"not_picked":["Accuracy","Masterful Stab"],"picked":"Blade Dance","floor":1.0},{"not_picked":["Slice","Quick Slash"],"picked":"Sucker Punch","floor":2.0},{"not_picked":["Blade Dance","Acrobatics"],"picked":"Poisoned Stab","floor":4.0},{"not_picked":["Outmaneuver","PiercingWail"],"picked":"Dagger Spray","floor":7.0},{"not_picked":["PiercingWail","Dagger Spray"],"picked":"Choke","floor":8.0},{"not_picked":["Flechettes","Riddle With Holes"],"picked":"Predator","floor":11.0},{"not_picked":["Dagger Throw","Blur"],"picked":"Infinite Blades","floor":13},{"not_picked":["Dodge and Roll","Bouncing Flask"],"picked":"Bullet Time","floor":14},{"not_picked":["Crippling Poison","Infinite Blades"],"picked":"Noxious Fumes","floor":15},{"not_picked":["Grand Finale","Unload"],"picked":"Burst","floor":16},{"not_picked":["Deflect","Eviscerate"],"picked":"PiercingWail","floor":17},{"not_picked":["Quick Slash","Backstab"],"picked":"Dagger Throw+1","floor":18}],"player_experience":859386,"relics_obtained":[{"floor":7.0,"key":"Pen Nib"},{"floor":9.0,"key":"PreservedInsect"},{"floor":11.0,"key":"Snake Skull"},{"floor":14,"key":"Dream Catcher"}],"event_choices":[{"damage_healed":0.0,"max_hp_gain":0.0,"max_hp_loss":0.0,"gold_gain":0.0,"event_name":"Liars Game","player_choice":"Ignored","floor":10.0,"gold_loss":0.0,"damage_taken":0.0},{"damage_healed":0.0,"max_hp_gain":0.0,"max_hp_loss":0.0,"gold_gain":0.0,"event_name":"Living Wall","player_choice":"Grow","floor":12.0,"gold_loss":0.0,"damage_taken":0.0,"cards_upgraded":["Predator"]},{"damage_healed":0,"gold_gain":0,"player_choice":"2 cards matched","damage_taken":0,"max_hp_gain":0,"max_hp_loss":0,"event_name":"Match and Keep!","floor":20,"gold_loss":0,"cards_obtained":["Neutralize","Outmaneuver"]}],"is_beta":false,"boss_relics":[{"not_picked":["Snecko Eye","Velvet Choker"],"picked":"Tiny House"}],"items_purged_floors":[],"is_endless":false,"potions_floor_spawned":[2,8,11,14,19],"killed_by":"Centurion and Healer","ascension_level":20}}