{"host":"j4tm1fhkymdbe3p9","time":1613951882,"event":{"mods":["A Magickal Journey","BaseMod","Better Third Choice","BetterRewards","Chen","Downfall","Hermit","Hubris","Infinite Spire","Koishi","Luminous","Marisa????????","Mimic Mod","Minty Spire (QoL Compilation)","Reimu??????","Remilia??????","Replay The Spire","Shade Mod","Shop Mod","StSLib","The Administrix","The Animator","The Blackbeard","The Bladedancer","The Construct","The Cursed","The Disciple","The Druid","The Exalted","The Gatherer","The Hierophant","The Mystic","The Necromancer","The Runesmith","The Servant 0.9.4","The Spell Scribe","TheSwordswoman","??????REMEMod"],"gold_per_floor":[109,123,133,133,18,49,49,59,89,89,89,109,109,122,122,227,227,243,255,12,31,31,62,62,96,96,96,116,116,35,46,46,46,46,46],"floor_reached":33,"language":"ENG","playtime":1910,"items_purged":["Gatherer:Strike_Gatherer"],"score":287,"play_id":"295acd08-84fa-4797-830f-e7fd1b9884c0","local_time":"20210221185802","is_ascension_mode":false,"metric_token":2449,"campfire_choices":[{"data":"Gatherer:FlowerBeam+1","floor":7,"key":"SMITH"},{"floor":11,"key":"REST"},{"data":"Gatherer:BomberForm","floor":15,"key":"SMITH"},{"floor":24,"key":"REST"},{"floor":27,"key":"REST"},{"data":"Gatherer:Duplicator","floor":32,"key":"SMITH"}],"circlet_count":0,"master_deck":["Gatherer:Centralize","Gatherer:FlowerWhip+1","Gatherer:GatherMaterial","Gatherer:BomberForm+1","Gatherer:TacticalStrike","Gatherer:FlowerBeam+3","Gatherer:Nutrients","Gatherer:DrugPower","Gatherer:Snatch","Gatherer:GlowingPlant+1","Gatherer:Shadow","Gatherer:Light","Gatherer:MiningStrike","Gatherer:Examine","Gatherer:DrugPower","Gatherer:SmartManeuver","Gatherer:FlowerBeam","Gatherer:PotentialSlash","Gatherer:AromaProtection","Gatherer:BlackTea","Gatherer:Duality","Gatherer:Polymorphism","Gatherer:EnergyBasket","Gatherer:EnergyBasket","Gatherer:Liquidism","Gatherer:Duplicator+1","Gatherer:GrowBook","Gatherer:AlchemyTrial","Gatherer:Snatch+1"],"relics":["White Beast Statue","StoneMask","ReplayTheSpireMod:Ring of Addiction","Mercury?","Bromod:ArcanePistoleer","infinitespire:Chaos","Toy Ornithopter","Potion Belt","Replay:Wax Seal","Gatherer:MistGenerator","Sundial"],"acts_visited":["Exordium","TheCity"],"potions_floor_usage":[6,16,16,19,21,23,23,28,33,33],"damage_taken":[{"damage":1,"enemies":"Cultist","floor":1,"turns":4},{"damage":0,"enemies":"2 Louse","floor":2,"turns":4},{"damage":1,"enemies":"Jaw Worm","floor":3,"turns":3},{"damage":42,"enemies":"Lagavulin","floor":6,"turns":8},{"damage":7,"enemies":"Blue Slaver","floor":8,"turns":4},{"damage":4,"enemies":"Looter","floor":9,"turns":5},{"damage":0,"enemies":"Looter","floor":12,"turns":2},{"damage":1,"enemies":"2 Fungi Beasts","floor":14,"turns":4},{"damage":43,"enemies":"The Guardian","floor":16,"turns":10},{"damage":18,"enemies":"Shell Parasite","floor":18,"turns":4},{"damage":16,"enemies":"3 Byrds","floor":19,"turns":3},{"damage":26,"enemies":"Snake Plant","floor":21,"turns":3},{"damage":53,"enemies":"Book of Stabbing","floor":23,"turns":5},{"damage":25,"enemies":"Gremlin Leader","floor":25,"turns":5},{"damage":19,"enemies":"Cultist and Chosen","floor":28,"turns":4},{"damage":46,"enemies":"3 Cultists","floor":31,"turns":5},{"damage":59,"enemies":"hubris:MusketHawk","floor":33,"turns":6}],"seed_played":"-7182284320032039056","potions_obtained":[{"floor":3,"key":"BloodPotion"},{"floor":8,"key":"SpeedPotion"},{"floor":12,"key":"GamblersBrew"},{"floor":16,"key":"Poison Potion"},{"floor":20,"key":"SkillPotion"},{"floor":20,"key":"AttackPotion"},{"floor":20,"key":"Poison Potion"},{"floor":21,"key":"SteroidPotion"},{"floor":23,"key":"Explosive Potion"},{"floor":25,"key":"Block Potion"},{"floor":28,"key":"PowerPotion"},{"floor":31,"key":"sneckomod:MuddlingPotion"}],"is_trial":false,"path_per_floor":["M","M","M","?","$","E","R","M","MIM","?","R","M","?","M","R","B",null,"M","M","$","M","?","E","R","E","T","R","M","?","$","M","R","B"],"character_chosen":"THE_GATHERER","items_purchased":["Gatherer:FlowerBeam","infinitespire:Chaos","Gatherer:EnergyBasket","Gatherer:Liquidism","Gatherer:AlchemyTrial"],"campfire_rested":3,"item_purchase_floors":[5,20,20,20,30],"current_hp_per_floor":[71,71,70,63,63,35,35,28,24,24,45,45,45,44,44,1,72,54,38,38,20,44,4,26,4,4,26,18,77,77,38,38,0,0,0],"gold":46,"neow_bonus":"THREE_CARDS","is_daily":false,"chose_seed":false,"campfire_upgraded":3,"win_rate":0.0,"timestamp":1613951882,"path_taken":["M","?","M","?","$","E","R","M","MIM","?","R","M","?","M","R","BOSS","M","M","$","M","?","E","R","E","T","R","?","?","$","M","R","BOSS"],"items_purchased_type":["Card","Relic","Card","Card","Card"],"build_version":"2020-12-22","purchased_purges":1,"victory":false,"max_hp_per_floor":[72,72,72,72,72,72,72,72,72,72,72,72,72,72,72,72,72,72,72,72,73,73,74,74,75,75,75,77,77,77,80,80,80,80,80],"card_choices":[{"not_picked":["Gatherer:Uplift","Gatherer:GlowingPlant"],"picked":"Gatherer:GatherMaterial","floor":0},{"not_picked":["Gatherer:CollectorsShot","Gatherer:Convert","Gatherer:Frenzy"],"picked":"SKIP","floor":1},{"not_picked":["Gatherer:Convert","Gatherer:TacticalStrike"],"picked":"Gatherer:BomberForm","floor":2},{"not_picked":["Gatherer:Frenzy","Gatherer:Snatch"],"picked":"Gatherer:TacticalStrike","floor":3},{"not_picked":["Gatherer:DrugPower","Gatherer:QuickSynthesis"],"picked":"Gatherer:Nutrients","floor":6},{"not_picked":["Gatherer:TacticalStrike","Gatherer:PotentialSlash"],"picked":"Gatherer:DrugPower","floor":8},{"not_picked":["Gatherer:TacticalStrike","Gatherer:AromaProtection"],"picked":"Gatherer:Snatch","floor":9},{"not_picked":["Gatherer:OddSpoils","Gatherer:RottenStipe"],"picked":"Gatherer:MiningStrike","floor":12},{"not_picked":["Gatherer:FragileHammer","Gatherer:ScherryThrow","Gatherer:AcidicSpray"],"picked":"SKIP","floor":14},{"not_picked":["Gatherer:Bulldoze","Gatherer:Overflowing"],"picked":"Gatherer:Examine","floor":16},{"not_picked":["Gatherer:AcidicSpray+1","Gatherer:Frenzy"],"picked":"Gatherer:Polymorphism","floor":18},{"not_picked":["Gatherer:Convert","Gatherer:GatherMaterial+1"],"picked":"Gatherer:EnergyBasket","floor":19},{"not_picked":["Gatherer:FragileHammer","Gatherer:FlowerShield"],"picked":"Gatherer:Duplicator","floor":21},{"not_picked":["Gatherer:FlowerShield","Gatherer:PotentialSlash"],"picked":"Gatherer:GrowBook","floor":23},{"not_picked":["Gatherer:RottenStipe","Gatherer:CarefulStrike","Gatherer:CollectorsShot"],"picked":"SKIP","floor":25},{"not_picked":["Gatherer:RottenStipe","Gatherer:SaveValuables+1","Gatherer:TreeGrowth"],"picked":"SKIP","floor":28},{"not_picked":["Gatherer:WoolGloves","Gatherer:DrugPower+1"],"picked":"Gatherer:Snatch+1","floor":31}],"player_experience":632907,"relics_obtained":[{"floor":6,"key":"hubris:Reverence"},{"floor":9,"key":"Lantern"},{"floor":20,"key":"Toy Ornithopter"},{"floor":20,"key":"Potion Belt"},{"floor":23,"key":"Replay:Wax Seal"},{"floor":25,"key":"Gatherer:MistGenerator"},{"floor":26,"key":"Sundial"}],"event_choices":[{"cards_removed":["Gatherer:Strike_Gatherer"],"damage_healed":0,"gold_gain":0,"player_choice":"Card Removal","damage_taken":7,"max_hp_gain":0,"max_hp_loss":0,"event_name":"Golden Wing","floor":4,"gold_loss":0},{"damage_healed":0,"gold_gain":0,"player_choice":"Grow","damage_taken":0,"max_hp_gain":0,"max_hp_loss":0,"event_name":"Living Wall","floor":13,"gold_loss":0,"cards_upgraded":["Gatherer:FlowerBeam"]},{"damage_healed":24,"gold_gain":0,"player_choice":"Heal","damage_taken":0,"max_hp_gain":0,"max_hp_loss":0,"event_name":"The Library","floor":22,"gold_loss":0},{"cards_removed":["Gatherer:RecipeChange"],"damage_healed":59,"gold_gain":0,"player_choice":"Offered Uncommon","damage_taken":0,"max_hp_gain":0,"max_hp_loss":0,"event_name":"Bonfire Elementals","floor":29,"gold_loss":0}],"is_beta":false,"boss_relics":[{"not_picked":["RedLine:ReiMu","Black Star"],"picked":"Pandora\u0027s Box"}],"items_purged_floors":[5],"is_endless":false,"potions_floor_spawned":[3,8,12,16,21,23,25,28,31],"killed_by":"hubris:MusketHawk","ascension_level":0}}