{"host":"q4axc00jr2bozlh9","time":1613914904,"event":{"mods":["AchievementEnabler","BaseMod","Bestiary","Colored Map","Colored Powertips","Curses Come First","Minty Spire (QoL Compilation)","Relic Stats","StSLib","SuperFastMode","UnlockEverythingMod"],"gold_per_floor":[369,369,388,407,417,417,49,49,49,83,103,117,117,131,131,235,235,253,265,20,20,20,20,20],"floor_reached":23,"language":"ENG","playtime":1142,"items_purged":["Strike_R"],"score":193,"play_id":"a0da73ee-0ab5-4622-b629-936e248e950c","local_time":"20210221144144","is_ascension_mode":false,"campfire_choices":[{"data":"Feed","floor":6,"key":"SMITH"},{"data":"Armaments","floor":8,"key":"SMITH"},{"data":"Rupture","floor":13,"key":"SMITH"},{"data":"Warcry","floor":15,"key":"SMITH"}],"circlet_count":0,"master_deck":["Strike_R","Strike_R","Strike_R","Defend_R+1","Defend_R","Defend_R+1","Defend_R","Bash","Inflame","Feed+1","Rupture+1","Flame Barrier","Shrug It Off","Armaments+1","Thunderclap","Warcry+1","Immolate","CurseOfTheBell","Rampage","Shame","True Grit"],"relics":["Burning Blood","Meat on the Bone","War Paint","The Courier","Calling Bell","Blood Vial","Paper Frog","Gambling Chip","Calipers","Ancient Tea Set"],"acts_visited":["Exordium","TheCity"],"potions_floor_usage":[10,11,16,23,23],"damage_taken":[{"damage":3,"enemies":"Small Slimes","floor":1,"turns":3},{"damage":5,"enemies":"Jaw Worm","floor":3,"turns":5},{"damage":3,"enemies":"2 Louse","floor":4,"turns":3},{"damage":46,"enemies":"Gremlin Gang","floor":5,"turns":7},{"damage":22,"enemies":"Lagavulin","floor":10,"turns":15},{"damage":10,"enemies":"Exordium Wildlife","floor":11,"turns":7},{"damage":11,"enemies":"Lots of Slimes","floor":12,"turns":6},{"damage":4,"enemies":"Gremlin Gang","floor":14,"turns":6},{"damage":31,"enemies":"The Guardian","floor":16,"turns":15},{"damage":12,"enemies":"Shell Parasite","floor":18,"turns":10},{"damage":8,"enemies":"2 Thieves","floor":19,"turns":2},{"damage":93,"enemies":"Book of Stabbing","floor":23,"turns":8}],"seed_played":"7103827100979374485","potions_obtained":[{"floor":1,"key":"Swift Potion"},{"floor":4,"key":"Swift Potion"},{"floor":11,"key":"Fire Potion"},{"floor":14,"key":"FearPotion"},{"floor":16,"key":"BlessingOfTheForge"}],"is_trial":false,"path_per_floor":["M","?","M","M","M","R","$","R","T","E","M","M","R","M","R","B",null,"M","M","$","?","?","E"],"character_chosen":"IRONCLAD","items_purchased":["Meat on the Bone","Armaments","Calipers"],"campfire_rested":0,"item_purchase_floors":[7,7,20],"current_hp_per_floor":[72,72,75,78,41,41,41,41,41,41,49,60,60,66,66,53,93,87,87,87,87,87,0,0],"gold":20,"neow_bonus":"TWO_FIFTY_GOLD","is_daily":false,"chose_seed":false,"campfire_upgraded":4,"win_rate":0.0,"timestamp":1613914904,"path_taken":["M","?","M","M","M","R","$","R","T","E","M","M","R","M","R","BOSS","M","M","$","?","?","E"],"items_purchased_type":["Relic","Card","Relic"],"build_version":"2020-12-22","purchased_purges":1,"victory":false,"max_hp_per_floor":[72,72,75,78,81,81,81,81,81,85,85,89,89,93,93,93,93,93,93,93,93,93,93,93],"relic_stats":{"Blood Vial":4,"counters":[12,87],"Gambling Chip":[9],"War Paint":["Defend_R","Defend_R"],"obtain_stats":[{"Calling Bell":17,"Blood Vial":17,"Calipers":20,"Gambling Chip":17,"The Courier":10,"War Paint":9,"Ancient Tea Set":21,"Burning Blood":0,"Meat on the Bone":7,"Paper Frog":17},{"Calling Bell":9,"Blood Vial":9,"Calipers":11,"Gambling Chip":9,"The Courier":5,"War Paint":4,"Ancient Tea Set":11,"Burning Blood":0,"Meat on the Bone":4,"Paper Frog":9},{"Calling Bell":67,"Blood Vial":67,"Calipers":79,"Gambling Chip":67,"The Courier":33,"War Paint":18,"Ancient Tea Set":79,"Burning Blood":0,"Meat on the Bone":18,"Paper Frog":67}],"Burning Blood":59,"Meat on the Bone":48},"card_choices":[{"not_picked":["Perfected Strike","Sever Soul"],"picked":"Inflame","floor":1},{"not_picked":["Warcry","Carnage"],"picked":"Rupture","floor":3},{"not_picked":["Dropkick","Entrench"],"picked":"Flame Barrier","floor":4},{"not_picked":["Entrench","Clothesline"],"picked":"Shrug It Off","floor":5},{"not_picked":["Second Wind","Warcry"],"picked":"Thunderclap","floor":10},{"not_picked":["Clash","Havoc","Cleave"],"picked":"SKIP","floor":11},{"not_picked":["Double Tap","Rage"],"picked":"Warcry","floor":12},{"not_picked":["Searing Blow","Warcry","Anger"],"picked":"SKIP","floor":14},{"not_picked":["Berserk","Corruption"],"picked":"Immolate","floor":16},{"not_picked":["Shrug It Off","Wild Strike","Body Slam+1"],"picked":"SKIP","floor":18},{"not_picked":["Entrench","Burning Pact"],"picked":"Rampage","floor":19}],"player_experience":289393,"relics_obtained":[{"floor":9,"key":"War Paint"},{"floor":10,"key":"The Courier"},{"floor":17,"key":"Blood Vial"},{"floor":17,"key":"Paper Frog"},{"floor":17,"key":"Gambling Chip"}],"event_choices":[{"damage_healed":0,"gold_gain":0,"cards_transformed":["Strike_R"],"player_choice":"Change","damage_taken":0,"max_hp_gain":0,"max_hp_loss":0,"event_name":"Living Wall","floor":2,"gold_loss":0,"cards_obtained":["Feed"]},{"damage_healed":0,"gold_gain":0,"player_choice":"Stole Relic","damage_taken":0,"relics_obtained":["Ancient Tea Set"],"max_hp_gain":0,"max_hp_loss":0,"event_name":"Addict","floor":21,"gold_loss":0,"cards_obtained":["Shame"]},{"damage_healed":0,"gold_gain":0,"player_choice":"Read","damage_taken":0,"max_hp_gain":0,"max_hp_loss":0,"event_name":"The Library","floor":22,"gold_loss":0,"cards_obtained":["True Grit"]}],"is_beta":false,"boss_relics":[{"not_picked":["Cursed Key","Runic Pyramid"],"picked":"Calling Bell"}],"items_purged_floors":[7],"is_endless":false,"potions_floor_spawned":[1,4,11,14,16],"killed_by":"Book of Stabbing","ascension_level":0}}