{"host":"ow66nzv2xecjoor3","time":1613899039,"event":{"mods":["BaseMod","Bestiary","Block Reminder","Colored Powertips","Curses Come First","Highlight Path","Keyboard Shortcuts","Minty Spire (QoL Compilation)","Permanent Neow","Relic Stats","StSLib","UnlockEverythingMod"],"gold_per_floor":[110,185,205,205,222,222,247,247,271,299,206,206,233,243,243,243,243],"floor_reached":16,"language":"ENG","playtime":451,"items_purged":["Strike_B"],"score":236,"play_id":"f7cb38d4-d4b7-4853-8331-69e807581af3","local_time":"20210221031719","is_ascension_mode":true,"campfire_choices":[{"data":"Biased Cognition","floor":6,"key":"SMITH"},{"data":"Coolheaded","floor":8,"key":"SMITH"},{"floor":15,"key":"REST"}],"circlet_count":0,"master_deck":["AscendersBane","Strike_B","Strike_B","Defend_B","Defend_B","Defend_B","Defend_B","Zap","Dualcast","Rip and Tear","Cold Snap","Recycle","Conserve Battery","Biased Cognition+1","Coolheaded+1","Tempest","Capacitor","Loop","White Noise","Capacitor"],"relics":["Cracked Core","Prayer Wheel","Art of War","Smiling Mask","Dream Catcher","Bottled Tornado"],"acts_visited":["Exordium"],"potions_floor_usage":[10,16],"damage_taken":[{"damage":4,"enemies":"Small Slimes","floor":1,"turns":3},{"damage":1,"enemies":"2 Louse","floor":3,"turns":2},{"damage":0,"enemies":"Cultist","floor":5,"turns":3},{"damage":31,"enemies":"Gremlin Nob","floor":7,"turns":4},{"damage":6,"enemies":"Lagavulin","floor":10,"turns":6},{"damage":25,"enemies":"Gremlin Nob","floor":13,"turns":4},{"damage":0,"enemies":"Large Slime","floor":14,"turns":3},{"damage":27,"enemies":"The Guardian","floor":16,"turns":5}],"seed_played":"5349024296617854491","potions_obtained":[{"floor":1,"key":"Regen Potion"},{"floor":10,"key":"SteroidPotion"},{"floor":13,"key":"AttackPotion"},{"floor":14,"key":"LiquidBronze"}],"is_trial":false,"path_per_floor":["M","?","M","?","M","R","E","R","T","E","$","?","E","M","R","B"],"character_chosen":"DEFECT","items_purchased":["Capacitor"],"campfire_rested":1,"item_purchase_floors":[11],"current_hp_per_floor":[60,49,48,53,53,53,22,22,22,31,31,31,6,6,26,0,0],"gold":243,"neow_bonus":"ONE_RARE_RELIC","is_daily":false,"chose_seed":false,"campfire_upgraded":2,"win_rate":0.0,"timestamp":1613899039,"path_taken":["M","?","M","?","M","R","E","R","T","E","$","?","E","M","R","BOSS"],"items_purchased_type":["Card"],"build_version":"2020-12-22","purchased_purges":1,"victory":false,"max_hp_per_floor":[64,64,64,69,69,69,69,69,69,69,69,69,69,69,69,69,69],"relic_stats":{"Dream Catcher":1,"counters":[8,30],"Prayer Wheel":4,"Art of War":[8],"Smiling Mask":25,"obtain_stats":[{"Dream Catcher":10,"Prayer Wheel":0,"Art of War":7,"Bottled Tornado":13,"Cracked Core":0,"Smiling Mask":9},{"Dream Catcher":5,"Prayer Wheel":0,"Art of War":4,"Bottled Tornado":6,"Cracked Core":0,"Smiling Mask":4},{"Dream Catcher":18,"Prayer Wheel":0,"Art of War":12,"Bottled Tornado":22,"Cracked Core":0,"Smiling Mask":12}]},"card_choices":[{"not_picked":["White Noise","Gash"],"picked":"Rip and Tear","floor":1},{"not_picked":["Fusion","Skim"],"picked":"Cold Snap","floor":1},{"not_picked":["Sweeping Beam","Tempest"],"picked":"Recycle","floor":3},{"not_picked":["Stack","Loop"],"picked":"Conserve Battery","floor":3},{"not_picked":["Tempest","White Noise"],"picked":"Biased Cognition","floor":5},{"not_picked":["Steam","Redo","Stack"],"picked":"SKIP","floor":5},{"not_picked":["Undo","Gash"],"picked":"Coolheaded","floor":7},{"not_picked":["Hologram","Leap"],"picked":"Tempest","floor":10},{"not_picked":["All For One","Auto Shields"],"picked":"Loop","floor":13},{"not_picked":["Gash","Go for the Eyes"],"picked":"White Noise","floor":14},{"not_picked":["Heatsinks","Blizzard","Barrage"],"picked":"SKIP","floor":14},{"not_picked":["Doom and Gloom","Steam"],"picked":"Capacitor","floor":15}],"player_experience":2924781,"relics_obtained":[{"floor":7,"key":"Art of War"},{"floor":9,"key":"Smiling Mask"},{"floor":10,"key":"Dream Catcher"},{"floor":13,"key":"Bottled Tornado"}],"event_choices":[{"damage_healed":0,"gold_gain":75,"player_choice":"Gather Gold","damage_taken":11,"max_hp_gain":0,"max_hp_loss":0,"event_name":"World of Goop","floor":2,"gold_loss":0},{"damage_healed":0,"gold_gain":0,"player_choice":"Donut","damage_taken":0,"max_hp_gain":5,"max_hp_loss":0,"event_name":"Big Fish","floor":4,"gold_loss":0},{"cards_removed":["Strike_B"],"damage_healed":0,"gold_gain":0,"player_choice":"Purged","damage_taken":0,"max_hp_gain":0,"max_hp_loss":0,"event_name":"Purifier","floor":12,"gold_loss":0}],"is_beta":false,"boss_relics":[],"items_purged_floors":[11],"is_endless":false,"potions_floor_spawned":[1,10,13,14],"killed_by":"The Guardian","ascension_level":20}}