{"host":"72n3jwtrlpjobydj","time":1613899639,"event":{"mods":["AchievementEnabler","BaseMod","CapriCore","DeckTracker","Hermit","Koishi","KomeijiMod","Lobotomy","Marisa£¨Ùöéë¡¡Øª×âÞÞ£©","Minty Spire (QoL Compilation)","Permanent Neow","StSLib","SuperFastMode","The Cursed","The Hierophant","The Immortal"],"gold_per_floor":[113,113,113,113,21,21,34,64,91,110,122,148,160,160],"floor_reached":13,"language":"KOR","playtime":339,"items_purged":[],"score":106,"play_id":"8c7367be-2f1b-408b-80e1-5e47f296477a","local_time":"20210221182719","is_ascension_mode":false,"campfire_choices":[{"floor":6,"key":"REST"}],"circlet_count":0,"master_deck":["hierophant:Strike_Hierophant","hierophant:Strike_Hierophant","hierophant:Strike_Hierophant","hierophant:Strike_Hierophant","hierophant:Punish","hierophant:Defend_Hierophant","hierophant:Defend_Hierophant","hierophant:Defend_Hierophant","hierophant:Defend_Hierophant","hierophant:ChurchCoffers","hierophant:Sermon","hierophant:ArchangelShield","hierophant:HammerAndAnvil","hierophant:FieryStrike","hierophant:Smite"],"relics":["hierophant:PropheticMaskRelic","NeowsBlessing","Matryoshka","MawBank","Toxic Egg 2","Toy Ornithopter"],"acts_visited":["Exordium"],"potions_floor_usage":[],"damage_taken":[{"damage":0,"enemies":"Cultist","floor":1,"turns":1},{"damage":0,"enemies":"Jaw Worm","floor":7,"turns":1},{"damage":0,"enemies":"3 Sentries","floor":10,"turns":1},{"damage":8,"enemies":"Small Slimes","floor":12,"turns":5},{"damage":46,"enemies":"Gremlin Nob","floor":13,"turns":6}],"seed_played":"-739164788788612067","potions_obtained":[{"floor":1,"key":"Energy Potion"},{"floor":7,"key":"Ancient Potion"}],"is_trial":false,"path_per_floor":["M","?","?","?","$","R","M","?","T","E","T","M","E"],"character_chosen":"HIEROPHANT","items_purchased":["hierophant:ArchangelShield","hierophant:HammerAndAnvil"],"campfire_rested":1,"item_purchase_floors":[5,5],"current_hp_per_floor":[75,50,50,50,50,72,72,72,72,72,72,64,18,18],"gold":160,"neow_bonus":"THREE_ENEMY_KILL","is_daily":false,"chose_seed":false,"campfire_upgraded":0,"win_rate":0.0,"timestamp":1613899639,"path_taken":["M","?","?","?","$","R","?","?","T","E","?","M","E"],"items_purchased_type":["Card","Card"],"build_version":"2020-12-22","purchased_purges":0,"victory":false,"max_hp_per_floor":[75,75,75,75,75,75,75,75,75,75,75,75,75,75],"card_choices":[{"not_picked":["hierophant:SecretStash","hierophant:Blessing"],"picked":"hierophant:Sermon","floor":1},{"not_picked":["hierophant:Remorse","hierophant:RepressedViolence","hierophant:Shelter"],"picked":"SKIP","floor":7},{"not_picked":["hierophant:Batter","hierophant:AuricForm"],"picked":"hierophant:FieryStrike","floor":10},{"not_picked":["hierophant:DisplayOfPower","hierophant:Racketeering+1"],"picked":"hierophant:Smite","floor":12}],"player_experience":110399,"relics_obtained":[{"floor":9,"key":"MawBank"},{"floor":10,"key":"Toxic Egg 2"},{"floor":11,"key":"Toy Ornithopter"}],"event_choices":[{"damage_healed":0,"gold_gain":0,"player_choice":"Success","damage_taken":25,"relics_obtained":["Matryoshka"],"max_hp_gain":0,"max_hp_loss":0,"event_name":"Scrap Ooze","floor":2,"gold_loss":0},{"damage_healed":0,"gold_gain":0,"player_choice":"Ignored","damage_taken":0,"max_hp_gain":0,"max_hp_loss":0,"event_name":"Golden Wing","floor":3,"gold_loss":0},{"damage_healed":0,"gold_gain":0,"player_choice":"Ignored","damage_taken":0,"max_hp_gain":0,"max_hp_loss":0,"event_name":"Shining Light","floor":4,"gold_loss":0},{"damage_healed":0,"gold_gain":30,"player_choice":"Searched \u00271\u0027 times","damage_taken":0,"max_hp_gain":0,"max_hp_loss":0,"event_name":"Dead Adventurer","floor":8,"gold_loss":0}],"is_beta":false,"boss_relics":[],"items_purged_floors":[],"is_endless":false,"potions_floor_spawned":[1,7],"killed_by":"Gremlin Nob","ascension_level":0}}