{"host":"dxw0slwvk2p0izr3","time":1613877211,"event":{"mods":["BaseMod","Downfall","Minty Spire (QoL Compilation)","Replay The Spire","Shop Mod","StSLib"],"gold_per_floor":[99,117,129,129,141,170,246,279,294,310,336,347,366,37,54,149,149,49,63,83,83,83,97,97,122,175,16,27,59,74,85,95,197,197,97,109,123,123,8,21,75,101,101,119,148,48,48,98,113,113,113,139,24,24,24,24],"floor_reached":57,"language":"ZHS","playtime":3944,"items_purged":["bronze:Defend","bronze:Defend","bronze:Strike","bronze:Strike"],"score":1460,"play_id":"b863b881-8538-4990-9bbb-7ec894f1830e","local_time":"20210221111331","is_ascension_mode":true,"campfire_choices":[{"floor":1.0,"key":"RECALL"},{"data":"bronze:Defend","floor":18.0,"key":"PURGE"},{"floor":35.0,"key":"REST"},{"floor":46.0,"key":"REST"},{"floor":54,"key":"REST"}],"circlet_count":0,"master_deck":["bronze:Strike","bronze:Defend","bronze:Replicate","bronze:Goto+1","bronze:BronzeOrb","bronze:Separator","bronze:DazingPulse","bronze:SpaghettiCode","bronze:Branch","bronze:Iterate","bronze:Flail","bronze:Boost+1","bronze:Virus+1","bronze:WhirlingStrike","bronze:FineTuning+1","bronze:Overheat+1","bronze:BronzeOrb+1","bronze:ChildClass+1","bronze:CleanCode","bronze:CutThrough+1","bronze:Branch+1","bronze:InfiniteLoop","bronze:Virus+1","bronze:ChildClass+1","bronze:DelayedSlice+1","bronze:Repulsor","bronze:Philosophize+1","bronze:Flail","bronze:DigitalCarnage+1","bronze:Turbo","bronze:Boost"],"relics":["bronze:BronzeCore","The Courier","MerchantsRug","Mirror","Fusion Hammer","downfall:HeartBlessingRed","sneckomod:BabySnecko","Bag of Preparation","Quantum Egg","Snack Pack","Runic Pyramid","downfall:HeartBlessingBlue","Ginger","Centennial Puzzle","downfall:HeartBlessingGreen","FossilizedHelix","Anchor","Guide Book"],"acts_visited":["Exordium","TheCity","TheBeyond","TheEnding"],"potions_floor_usage":[56],"damage_taken":[{"damage":1.0,"enemies":"Jaw Worm","floor":2.0,"turns":4.0},{"damage":0.0,"enemies":"Small Slimes","floor":3.0,"turns":2.0},{"damage":0.0,"enemies":"Small Slimes","floor":4.0,"turns":1.0},{"damage":0.0,"enemies":"2 Louse","floor":5.0,"turns":2.0},{"damage":31.0,"enemies":"Lagavulin","floor":6.0,"turns":8.0},{"damage":0.0,"enemies":"Replay:BlueRogue","floor":8.0,"turns":3.0},{"damage":0.0,"enemies":"Blue Slaver","floor":9.0,"turns":2.0},{"damage":0.0,"enemies":"Exordium Wildlife","floor":10.0,"turns":3.0},{"damage":1.0,"enemies":"3 Sentries","floor":11.0,"turns":4.0},{"damage":0.0,"enemies":"2 Fungi Beasts","floor":12.0,"turns":1.0},{"damage":4.0,"enemies":"downfall:LooterAlt","floor":13.0,"turns":2.0},{"damage":0.0,"enemies":"downfall:FleeingMerchant","floor":14.0,"turns":4.0},{"damage":0.0,"enemies":"3 Louse","floor":15.0,"turns":2.0},{"damage":11.0,"enemies":"IC_STATUS_ARCHETYPE","floor":16.0,"turns":3.0},{"damage":0.0,"enemies":"downfall:LooterAlt2","floor":19.0,"turns":1.0},{"damage":5.0,"enemies":"3 Byrds","floor":20.0,"turns":3.0},{"damage":12.0,"enemies":"Snecko","floor":23.0,"turns":4.0},{"damage":16.0,"enemies":"Slavers","floor":25.0,"turns":3.0},{"damage":10.0,"enemies":"downfall:FleeingMerchant","floor":27.0,"turns":4.0},{"damage":0.0,"enemies":"Cultist and Chosen","floor":28.0,"turns":2.0},{"damage":0.0,"enemies":"Gremlin Leader","floor":29.0,"turns":2.0},{"damage":5.0,"enemies":"Sentry and Sphere","floor":30.0,"turns":3.0},{"damage":2.0,"enemies":"Snake Plant","floor":31.0,"turns":4.0},{"damage":0.0,"enemies":"3 Cultists","floor":32.0,"turns":2.0},{"damage":50.0,"enemies":"DF_ARCHETYPE_CLAW","floor":33.0,"turns":6.0},{"damage":9.0,"enemies":"3 Darklings","floor":36.0,"turns":3.0},{"damage":18.0,"enemies":"3 Shapes","floor":37.0,"turns":2.0},{"damage":0.0,"enemies":"downfall:FleeingMerchant","floor":39.0,"turns":1.0},{"damage":15.0,"enemies":"Reptomancer","floor":40.0,"turns":3.0},{"damage":58.0,"enemies":"Giant Head","floor":42.0,"turns":7.0},{"damage":0.0,"enemies":"3 Darklings","floor":44.0,"turns":2.0},{"damage":22.0,"enemies":"Reptomancer","floor":45.0,"turns":3.0},{"damage":5.0,"enemies":"2 Orb Walkers","floor":48.0,"turns":2.0},{"damage":0.0,"enemies":"4 Shapes","floor":49.0,"turns":2.0},{"damage":0,"enemies":"SI_POISON_ARCHETYPE","floor":50,"turns":4},{"damage":57,"enemies":"downfall:CharBossMerchant","floor":52,"turns":6},{"damage":9,"enemies":"downfall:NeowBoss","floor":55,"turns":7},{"damage":0,"enemies":"downfall:NeowBossFinal","floor":56,"turns":5}],"seed_played":"4330570502610159831","potions_obtained":[{"floor":5.0,"key":"EntropicBrew"},{"floor":6.0,"key":"bronze:BuildAFunctionPotion"},{"floor":8.0,"key":"Reflective Coating"},{"floor":11.0,"key":"PowerPotion"},{"floor":15.0,"key":"ColorlessPotion"},{"floor":16.0,"key":"Languid Potion"},{"floor":19.0,"key":"Strength Potion"},{"floor":23.0,"key":"Energy Potion"},{"floor":30.0,"key":"Toxic Potion"},{"floor":32.0,"key":"Milkshake"},{"floor":33.0,"key":"Explosive Potion"},{"floor":37.0,"key":"Elixir"}],"is_trial":false,"path_per_floor":["R","M","M","?","M","E","T","E","M","M","E","M","M","$","M","B",null,"R","M","M","?","?","M","T","E","T","$","M","E","M","M","M","B",null,"R","M","M","?","$","E","T","E","?","M","E","R","?","?","M","B",null,"E","$","R","B","B",null],"character_chosen":"THE_AUTOMATON","items_purchased":["MerchantsRug","Mirror","War Paint","Bag of Preparation","Quantum Egg","Lee\u0027s Waffle","Ginger","Guide Book"],"campfire_rested":3,"item_purchase_floors":[14,14,27,27,27,39,39,53],"current_hp_per_floor":[70,69,69,69,69,38,38,38,38,38,37,37,45,50,50,39,75,75,75,70,70,70,58,58,42,42,44,44,44,47,51,59,23,75,85,80,66,66,92,85,85,47,47,57,49,76,76,81,89,92,92,43,43,70,81,92],"gold":24,"neow_bonus":"THREE_CARDS","is_daily":false,"chose_seed":false,"campfire_upgraded":0,"win_rate":0.0,"timestamp":1613877211,"path_taken":["R","M","M","?","M","E","T","E","M","M","E","M","M","$","M","BOSS","R","M","M","?","?","M","T","E","?","$","M","E","M","M","M","BOSS","R","M","M","?","$","E","T","E","?","M","E","R","?","?","M","BOSS","E","$","R","BOSS","BOSS"],"items_purchased_type":["Relic","Relic","Relic","Relic","Relic","Relic","Relic","Relic"],"build_version":"2020-12-22","purchased_purges":4,"victory":true,"max_hp_per_floor":[70,70,70,70,70,70,70,70,70,70,70,70,70,75,75,75,75,75,75,75,75,75,75,75,75,75,75,75,75,75,75,75,75,75,85,85,85,85,92,92,92,92,92,92,92,92,92,92,92,92,92,92,92,92,92,92],"card_choices":[{"not_picked":["bronze:Constructor","bronze:FineTuning"],"picked":"bronze:BronzeOrb","floor":0.0},{"not_picked":["bronze:BitShift","bronze:FineTuning"],"picked":"bronze:Separator","floor":2.0},{"not_picked":["bronze:Shell","bronze:BugBarrage","bronze:Shield"],"picked":"SKIP","floor":3.0},{"not_picked":[],"picked":"bronze:DazingPulse","floor":4.0},{"not_picked":["bronze:Safeguard","bronze:Branch"],"picked":"bronze:SpaghettiCode","floor":5.0},{"not_picked":["bronze:Deprecate","bronze:BronzeOrb"],"picked":"bronze:Branch","floor":6.0},{"not_picked":["bronze:FineTuning","bronze:WhirlingStrike"],"picked":"bronze:Iterate","floor":8.0},{"not_picked":["bronze:ItsAFeature","bronze:ForceShield"],"picked":"bronze:Flail","floor":9.0},{"not_picked":["bronze:BitShift","bronze:BugBarrage"],"picked":"bronze:Boost","floor":10.0},{"not_picked":["bronze:FineTuning","bronze:FollowUp"],"picked":"bronze:Virus","floor":11.0},{"not_picked":["bronze:BronzeOrb","bronze:Iterate","bronze:BitShift"],"picked":"SKIP","floor":12.0},{"not_picked":["bronze:Separator","bronze:Allocate","bronze:BugBarrage"],"picked":"SKIP","floor":13.0},{"not_picked":["bronze:Optimize","bronze:ForceShield","bronze:BitShift"],"picked":"SKIP","floor":14.0},{"not_picked":["bronze:OilSpill","bronze:BronzeOrb"],"picked":"bronze:WhirlingStrike","floor":15.0},{"not_picked":["bronze:WildBeam","bronze:NullPointer"],"picked":"bronze:FineTuning+1","floor":19.0},{"not_picked":["bronze:FineTuning+1","bronze:BugBarrage"],"picked":"bronze:Overheat+1","floor":20.0},{"not_picked":["bronze:Turbo","bronze:ForLoop+1"],"picked":"bronze:BronzeOrb+1","floor":23.0},{"not_picked":["bronze:FineTuning","bronze:Turbo"],"picked":"bronze:ChildClass+1","floor":25.0},{"not_picked":["bronze:Allocate","bronze:ItsAFeature"],"picked":"bronze:CleanCode","floor":27.0},{"not_picked":["bronze:Separator","bronze:Turbo","bronze:Invalidate"],"picked":"SKIP","floor":28.0},{"not_picked":["bronze:DigitalCarnage","bronze:Terminator"],"picked":"bronze:CutThrough+1","floor":29.0},{"not_picked":["bronze:Frontload","bronze:Invalidate"],"picked":"bronze:Branch+1","floor":30.0},{"not_picked":["bronze:DelayedGuard","bronze:Overload"],"picked":"bronze:InfiniteLoop","floor":31.0},{"not_picked":["bronze:CutThrough","bronze:OilSpill","bronze:DelayedSlice"],"picked":"SKIP","floor":32.0},{"not_picked":["bronze:SpaghettiCode","bronze:ThunderWave"],"picked":"bronze:Virus","floor":33.0},{"not_picked":["bronze:FineTuning+1","bronze:Return+1"],"picked":"bronze:ChildClass+1","floor":36.0},{"not_picked":["bronze:Constructor","bronze:OilSpill+1"],"picked":"bronze:DelayedSlice+1","floor":37.0},{"not_picked":["bronze:DelayedGuard+1","bronze:Shield+1"],"picked":"bronze:Repulsor","floor":40.0},{"not_picked":["bronze:BitShift","bronze:Frontload"],"picked":"bronze:Philosophize+1","floor":42.0},{"not_picked":["bronze:Constructor","bronze:Return"],"picked":"bronze:InfiniteBeams","floor":44.0},{"not_picked":["bronze:Overheat","bronze:WhirlingStrike+1"],"picked":"bronze:DigitalCarnage+1","floor":45.0},{"not_picked":["bronze:FineTuning","bronze:BitShift"],"picked":"bronze:Turbo","floor":49.0},{"not_picked":["bronze:Philosophize+1","bronze:BuggyMess"],"picked":"bronze:Boost","floor":52}],"player_experience":107971,"relics_obtained":[{"floor":6.0,"key":"Juzu Bracelet"},{"floor":7.0,"key":"The Courier"},{"floor":8.0,"key":"Matryoshka"},{"floor":11.0,"key":"Meat on the Bone"},{"floor":24.0,"key":"Art of War"},{"floor":24.0,"key":"Blue Doll"},{"floor":25.0,"key":"ReplayTheSpireMod:Lightbulb"},{"floor":26.0,"key":"bronze:ProtectiveGoggles"},{"floor":29.0,"key":"Snack Pack"},{"floor":41.0,"key":"Centennial Puzzle"},{"floor":42.0,"key":"Divine Protection"},{"floor":45.0,"key":"Pet Ghost"},{"floor":48.0,"key":"FossilizedHelix"},{"floor":52,"key":"Anchor"}],"event_choices":[{"cards_removed":["bronze:InfiniteBeams"],"damage_healed":0.0,"max_hp_gain":0.0,"max_hp_loss":0.0,"gold_gain":0.0,"event_name":"Falling","player_choice":"Removed Power","floor":47.0,"gold_loss":0.0,"damage_taken":0.0},{"damage_healed":0.0,"max_hp_gain":0.0,"max_hp_loss":0.0,"gold_gain":0.0,"event_name":"Mysterious Sphere","player_choice":"Fight","floor":48.0,"gold_loss":0.0,"damage_taken":0.0}],"is_beta":false,"boss_relics":[{"not_picked":["Velvet Choker","SacredBark"],"picked":"Fusion Hammer"},{"not_picked":["Empty Cage","Snecko Eye"],"picked":"Runic Pyramid"}],"items_purged_floors":[14,27,39,53],"is_endless":false,"potions_floor_spawned":[5,6,8,11,12,15,16,19,23,30,32,33,37,42,44,45,52],"ascension_level":1}}