{"host":"d52brwsy6af8zvaq","time":1613931250,"event":{"mods":["AchievementEnabler","BaseMod","Bestiary","Highlight Path","Minty Spire (QoL Compilation)","Quick Restart","Relic Stats","ojb\u0027s Better Paths Mod"],"gold_per_floor":[111,122,6,79,90,119,119,119,190,217,217,236,236,236],"floor_reached":13,"language":"ENG","playtime":339,"items_purged":[],"score":186,"play_id":"ebeeb856-5f47-4cd9-a1cb-988464861e51","local_time":"20210221111410","is_ascension_mode":true,"campfire_choices":[{"floor":7,"key":"REST"},{"data":"Zap","floor":11,"key":"SMITH"}],"circlet_count":0,"master_deck":["AscendersBane","Strike_B","Strike_B","Strike_B","Defend_B","Defend_B","Defend_B","Defend_B","Zap+1","Dualcast","Doom and Gloom","Reinforced Body","Coolheaded","Ball Lightning","Gash","Undo","Gash","Parasite","Multi-Cast","Self Repair"],"relics":["Cracked Core","Blood Vial","Letter Opener","Shuriken"],"acts_visited":["Exordium"],"potions_floor_usage":[6],"damage_taken":[{"damage":7.0,"enemies":"Small Slimes","floor":1.0,"turns":3.0},{"damage":12,"enemies":"Jaw Worm","floor":2,"turns":4},{"damage":0,"enemies":"Cultist","floor":5,"turns":3},{"damage":32,"enemies":"Gremlin Nob","floor":6,"turns":4},{"damage":21,"enemies":"Lagavulin","floor":10,"turns":5},{"damage":15,"enemies":"Exordium Thugs","floor":12,"turns":5},{"damage":35,"enemies":"Gremlin Nob","floor":13,"turns":3}],"seed_played":"-7308784322075781171","potions_obtained":[{"floor":1.0,"key":"Dexterity Potion"},{"floor":5,"key":"Weak Potion"}],"is_trial":false,"path_per_floor":["M","M","$","?","M","E","R","?","T","E","R","M","E"],"character_chosen":"DEFECT","items_purchased":["Ball Lightning","Gash"],"campfire_rested":1,"item_purchase_floors":[3,3],"current_hp_per_floor":[57,45,45,45,45,13,34,51,51,32,32,19,0,0],"gold":236,"neow_bonus":"TRANSFORM_CARD","is_daily":false,"chose_seed":false,"campfire_upgraded":1,"win_rate":0.0,"timestamp":1613931250,"path_taken":["M","M","$","?","M","E","R","?","T","E","R","M","E"],"items_purchased_type":["Card","Card"],"build_version":"2020-12-22","purchased_purges":0,"victory":false,"max_hp_per_floor":[71,71,71,71,71,71,71,71,71,71,71,71,71,71],"relic_stats":{"Blood Vial":6,"counters":[7,27],"Shuriken":[1],"Letter Opener":[5],"obtain_stats":[{"Blood Vial":6,"Shuriken":10,"Letter Opener":9,"Cracked Core":0},{"Blood Vial":4,"Shuriken":5,"Letter Opener":4,"Cracked Core":0},{"Blood Vial":14,"Shuriken":19,"Letter Opener":14,"Cracked Core":0}]},"card_choices":[{"not_picked":["Heatsinks","Hologram"],"picked":"Reinforced Body","floor":1.0},{"not_picked":["Melter","Storm"],"picked":"Coolheaded","floor":2},{"not_picked":["Sweeping Beam","Heatsinks"],"picked":"Undo","floor":5},{"not_picked":["FTL","Force Field"],"picked":"Gash","floor":6},{"not_picked":["Reinforced Body","Skim"],"picked":"Multi-Cast","floor":10},{"not_picked":["Leap","Glacier"],"picked":"Self Repair","floor":12}],"player_experience":2328972,"relics_obtained":[{"floor":6,"key":"Blood Vial"},{"floor":9,"key":"Letter Opener"},{"floor":10,"key":"Shuriken"}],"event_choices":[{"damage_healed":0,"gold_gain":73,"player_choice":"Gained Gold","damage_taken":0,"max_hp_gain":0,"max_hp_loss":0,"event_name":"Golden Wing","floor":4,"gold_loss":0},{"damage_healed":17,"gold_gain":0,"player_choice":"Healed and dodged fight","damage_taken":0,"max_hp_gain":0,"max_hp_loss":0,"event_name":"Mushrooms","floor":8,"gold_loss":0,"cards_obtained":["Parasite"]}],"is_beta":false,"boss_relics":[],"items_purged_floors":[],"is_endless":false,"potions_floor_spawned":[1,5],"killed_by":"Gremlin Nob","ascension_level":20}}