{"host":"8is2j71l4wmybkoi","time":1613897938,"event":{"mods":["AchievementEnabler","BaseMod","Colored Map","DeckTracker","Minty Spire (QoL Compilation)","Rare Cards Sparkle","Relic Stats","StSLib","SuperFastMode"],"gold_per_floor":[118,135,435,123,135,135,161,171,171,171,171,71,103,123,123,123,123],"floor_reached":16,"language":"KOR","playtime":415,"items_purged":["Strike_G","Strike_G"],"score":193,"play_id":"869bcd22-02c4-4bba-8513-f06ef4abaed2","local_time":"20210221175858","is_ascension_mode":true,"campfire_choices":[{"data":"Catalyst","floor":6,"key":"SMITH"},{"data":"Defend_G","floor":11,"key":"PURGE"},{"data":"Strike_G","floor":15,"key":"PURGE"}],"circlet_count":0,"master_deck":["AscendersBane","Strike_G","Strike_G","Defend_G","Defend_G","Defend_G","Defend_G","Survivor","Neutralize","Noxious Fumes","Deadly Poison","Catalyst+1","Poisoned Stab","Well Laid Plans","Reflex","Burst","Malaise"],"relics":["Ring of the Snake","NeowsBlessing","Old Coin","Mango","Peace Pipe","Oddly Smooth Stone"],"acts_visited":["Exordium"],"potions_floor_usage":[7],"damage_taken":[{"damage":0,"enemies":"Jaw Worm","floor":1,"turns":1},{"damage":0,"enemies":"Cultist","floor":2,"turns":1},{"damage":0,"enemies":"Small Slimes","floor":5,"turns":1},{"damage":17,"enemies":"Lagavulin","floor":7,"turns":6},{"damage":7,"enemies":"3 Louse","floor":8,"turns":5},{"damage":25,"enemies":"Gremlin Nob","floor":13,"turns":4},{"damage":2,"enemies":"Blue Slaver","floor":14,"turns":3},{"damage":22,"enemies":"The Guardian","floor":16,"turns":6}],"seed_played":"-4942104419298338237","potions_obtained":[{"floor":2,"key":"CunningPotion"},{"floor":8,"key":"Strength Potion"}],"is_trial":false,"path_per_floor":["M","M","?","$","M","R","E","M","T","?","R","$","E","M","R","B"],"character_chosen":"THE_SILENT","items_purchased":["Deadly Poison","Catalyst","Poisoned Stab","Well Laid Plans"],"campfire_rested":0,"item_purchase_floors":[4,4,4,4],"current_hp_per_floor":[59,59,59,59,59,59,56,49,49,49,49,49,24,22,22,0,0],"gold":123,"neow_bonus":"THREE_ENEMY_KILL","is_daily":false,"chose_seed":false,"campfire_upgraded":1,"win_rate":0.0,"timestamp":1613897938,"path_taken":["M","M","?","$","?","R","E","M","T","?","R","$","E","?","R","BOSS"],"items_purchased_type":["Card","Card","Card","Card"],"build_version":"2020-12-22","purchased_purges":2,"victory":false,"max_hp_per_floor":[66,66,66,66,66,66,80,80,80,80,80,80,80,80,80,80,80],"relic_stats":{"Peace Pipe":2,"counters":[8,27],"obtain_stats":[{"Peace Pipe":9,"NeowsBlessing":0,"Oddly Smooth Stone":13,"Mango":7,"Ring of the Snake":0,"Old Coin":3},{"Peace Pipe":5,"NeowsBlessing":0,"Oddly Smooth Stone":6,"Mango":4,"Ring of the Snake":0,"Old Coin":2},{"Peace Pipe":14,"NeowsBlessing":0,"Oddly Smooth Stone":18,"Mango":9,"Ring of the Snake":0,"Old Coin":2}],"Ring of the Snake":[16]},"card_choices":[{"not_picked":["Prepared","Sucker Punch"],"picked":"Deflect","floor":1},{"not_picked":["Bouncing Flask","Terror"],"picked":"Noxious Fumes","floor":2},{"not_picked":["Riddle With Holes","Dagger Throw"],"picked":"Reflex","floor":5},{"not_picked":["Infinite Blades","Terror","Dodge and Roll"],"picked":"SKIP","floor":7},{"not_picked":["Riddle With Holes","Finisher","Poisoned Stab"],"picked":"SKIP","floor":8},{"not_picked":["Sucker Punch","Acrobatics"],"picked":"Malaise","floor":13},{"not_picked":["Masterful Stab","Bane","Poisoned Stab"],"picked":"SKIP","floor":14}],"player_experience":1275496,"relics_obtained":[{"floor":7,"key":"Mango"},{"floor":9,"key":"Peace Pipe"},{"floor":13,"key":"Oddly Smooth Stone"}],"event_choices":[{"cards_removed":["Deflect"],"damage_healed":0,"gold_gain":0,"player_choice":"Gave Card","damage_taken":0,"relics_obtained":["Old Coin"],"max_hp_gain":0,"max_hp_loss":0,"event_name":"WeMeetAgain","floor":3,"gold_loss":0},{"damage_healed":0,"gold_gain":0,"player_choice":"1 cards matched","damage_taken":0,"max_hp_gain":0,"max_hp_loss":0,"event_name":"Match and Keep!","floor":10,"gold_loss":0,"cards_obtained":["Burst"]}],"is_beta":false,"boss_relics":[],"items_purged_floors":[4,12],"is_endless":false,"potions_floor_spawned":[2,8],"killed_by":"The Guardian","ascension_level":15}}