{"host":"zsnmfqgcm92hlreo","time":1613869966,"event":{"mods":["AchievementEnabler","BaseMod","Bestiary","Block Reminder","Colored Map","Colored Powertips","Filter the Spire","Minty Spire (QoL Compilation)","Permanent Neow","Quick Restart","Relic Stats","StSLib","Weighted Paths"],"gold_per_floor":[111,122,136,136,136,165,165,197,197,197,211,211,221,249,249,326,326,344,359,20,70,89,124,124,149,224,253,253,253,253,286,286,361,361,397,460,460,525,525,559,559,646,669,683,723,288,288,375,375,375,375,375,375,15,43,43],"floor_reached":57,"language":"ENG","playtime":2732,"items_purged":[],"score":3322,"play_id":"81e9096c-deab-4796-aca1-4abb269c6e60","local_time":"20210220191246","is_ascension_mode":true,"campfire_choices":[{"floor":7.0,"key":"REST"},{"data":"Swivel","floor":10.0,"key":"SMITH"},{"data":"SpiritShield","floor":12.0,"key":"SMITH"},{"data":"Wallop","floor":15.0,"key":"SMITH"},{"floor":24.0,"key":"REST"},{"floor":29.0,"key":"RECALL"},{"data":"WheelKick","floor":32.0,"key":"SMITH"},{"data":"Wish","floor":41.0,"key":"SMITH"},{"data":"1","floor":47.0,"key":"LIFT"},{"data":"2","floor":49.0,"key":"LIFT"},{"data":"Blasphemy","floor":53.0,"key":"SMITH"}],"circlet_count":0,"master_deck":["AscendersBane","Eruption","Vigilance+1","EmptyMind","CarveReality","ThirdEye","Swivel+1","SpiritShield+1","Vengeance","Wallop+1","Omniscience","Wallop","Meditate","CrushJoints+1","Vault","WheelKick+1","ReachHeaven+1","DevaForm","BowlingBash","Vault","CrushJoints","Blasphemy+1","TalkToTheHand","WheelKick","Wish+1","Evaluate","Protect","CrushJoints+1","Shame","Worship","TalkToTheHand","Swivel+1","Crescendo+1","Fasting2+1"],"relics":["Snecko Eye","Bag of Marbles","Ornamental Fan","Darkstone Periapt","War Paint","Cursed Key","Du-Vu Doll","Omamori","Ice Cream","TeardropLocket","Bird Faced Urn","Potion Belt","Pandora\u0027s Box","Art of War","Unceasing Top","Smiling Mask","Membership Card","Girya","Toxic Egg 2","Lantern","Pantograph","Turnip"],"acts_visited":["Exordium","TheCity","TheBeyond","TheEnding"],"potions_floor_usage":[56,56,56],"damage_taken":[{"damage":0.0,"enemies":"2 Louse","floor":1.0,"turns":2.0},{"damage":0.0,"enemies":"Jaw Worm","floor":2.0,"turns":3.0},{"damage":12.0,"enemies":"Small Slimes","floor":3.0,"turns":3.0},{"damage":16.0,"enemies":"Lagavulin","floor":6.0,"turns":8.0},{"damage":3.0,"enemies":"Gremlin Nob","floor":8.0,"turns":3.0},{"damage":13.0,"enemies":"Exordium Wildlife","floor":11.0,"turns":4.0},{"damage":1.0,"enemies":"2 Fungi Beasts","floor":13.0,"turns":3.0},{"damage":5.0,"enemies":"3 Sentries","floor":14.0,"turns":7.0},{"damage":0.0,"enemies":"Slime Boss","floor":16.0,"turns":4.0},{"damage":0.0,"enemies":"Shell Parasite","floor":18.0,"turns":2.0},{"damage":0.0,"enemies":"2 Thieves","floor":19.0,"turns":3.0},{"damage":0.0,"enemies":"3 Cultists","floor":22.0,"turns":4.0},{"damage":10.0,"enemies":"Gremlin Leader","floor":23.0,"turns":6.0},{"damage":0.0,"enemies":"Book of Stabbing","floor":25.0,"turns":4.0},{"damage":0.0,"enemies":"Slavers","floor":27.0,"turns":3.0},{"damage":14.0,"enemies":"Book of Stabbing","floor":31.0,"turns":4.0},{"damage":18.0,"enemies":"Collector","floor":33.0,"turns":7.0},{"damage":0.0,"enemies":"Orb Walker","floor":35.0,"turns":3.0},{"damage":0.0,"enemies":"3 Shapes","floor":36.0,"turns":2.0},{"damage":0.0,"enemies":"Spire Growth","floor":38.0,"turns":2.0},{"damage":0.0,"enemies":"Reptomancer","floor":40.0,"turns":2.0},{"damage":0.0,"enemies":"Giant Head","floor":42.0,"turns":5.0},{"damage":0.0,"enemies":"Sphere and 2 Shapes","floor":44.0,"turns":4.0},{"damage":0.0,"enemies":"Maw","floor":45.0,"turns":5.0},{"damage":0.0,"enemies":"Reptomancer","floor":48.0,"turns":2.0},{"damage":0.0,"enemies":"Time Eater","floor":50.0,"turns":5.0},{"damage":12.0,"enemies":"Awakened One","floor":51.0,"turns":9.0},{"damage":39,"enemies":"Shield and Spear","floor":55,"turns":6},{"damage":14,"enemies":"The Heart","floor":56,"turns":9}],"seed_played":"-9081456889100710310","potions_obtained":[{"floor":2.0,"key":"ColorlessPotion"},{"floor":6.0,"key":"LiquidMemories"},{"floor":8.0,"key":"LiquidBronze"},{"floor":19.0,"key":"FearPotion"},{"floor":27.0,"key":"Dexterity Potion"},{"floor":35.0,"key":"SkillPotion"},{"floor":38.0,"key":"AttackPotion"},{"floor":40.0,"key":"SneckoOil"},{"floor":48.0,"key":"ColorlessPotion"}],"is_trial":false,"path_per_floor":["M","M","M","?","?","E","R","E","T","R","M","R","M","E","R","B",null,"M","M","$","?","M","E","R","E","T","E","$","R","?","E","R","B",null,"M","M","?","M","T","E","R","E","T","M","M","$","R","E","R","B","B",null,"R","$","E","B",null],"character_chosen":"WATCHER","items_purchased":["Du-Vu Doll","Membership Card","Girya","SneckoOil","DuplicationPotion","TalkToTheHand","Lantern","Swivel+1","Pantograph","ColorlessPotion","Crescendo+1"],"campfire_rested":2,"item_purchase_floors":[20,46,46,46,46,54,54,54,54,54,54],"current_hp_per_floor":[61,61,49,49,49,33,53,50,50,50,37,37,36,31,31,31,59,59,59,59,59,59,49,68,68,68,68,68,68,68,54,54,36,60,62,64,64,66,66,66,66,68,74,74,74,74,74,74,74,74,62,71,71,71,34,51],"gold":43,"neow_bonus":"BOSS_RELIC","is_daily":false,"chose_seed":false,"campfire_upgraded":6,"win_rate":0.0,"timestamp":1613869966,"path_taken":["M","M","M","?","?","E","R","E","T","R","M","R","M","E","R","BOSS","M","M","$","?","M","E","R","E","T","E","$","R","?","E","R","BOSS","M","M","?","M","?","E","R","E","T","M","M","$","R","E","R","BOSS","BOSS","R","$","E","BOSS"],"items_purchased_type":["Relic","Relic","Relic","Potion","Potion","Card","Relic","Card","Relic","Potion","Card"],"build_version":"2020-12-22","purchased_purges":0,"victory":true,"max_hp_per_floor":[68,68,68,68,68,68,68,68,68,68,68,68,68,68,68,68,68,68,68,68,68,68,68,68,68,68,68,68,68,68,68,68,68,68,68,68,68,68,68,68,68,68,74,74,74,74,74,74,74,74,74,74,74,74,74,74],"relic_stats":{"Darkstone Periapt":6,"counters":[29,124],"War Paint":["Defend_P","Vigilance"],"Cursed Key":3,"Smiling Mask":0,"Ornamental Fan":[236],"Bird Faced Urn":[16],"Pantograph":25,"Snecko Eye":[245,223,229,238],"Pandora\u0027s Box":["BowlingBash","Vault","CrushJoints","Blasphemy","TalkToTheHand","WheelKick","Wish","Evaluate"],"Turnip":[4],"Art of War":[2],"obtain_stats":[{"Darkstone Periapt":9,"Ice Cream":25,"Potion Belt":31,"Girya":46,"Lantern":54,"Omamori":23,"TeardropLocket":26,"War Paint":14,"Cursed Key":17,"Smiling Mask":43,"Du-Vu Doll":20,"Ornamental Fan":8,"Bird Faced Urn":27,"Pantograph":54,"Snecko Eye":0,"Pandora\u0027s Box":34,"Turnip":55,"Bag of Marbles":6,"Art of War":40,"Membership Card":46,"PureWater":0,"Toxic Egg 2":48,"Unceasing Top":42},{"Darkstone Periapt":5,"Ice Cream":14,"Potion Belt":16,"Girya":24,"Lantern":27,"Omamori":13,"TeardropLocket":14,"War Paint":8,"Cursed Key":9,"Smiling Mask":22,"Du-Vu Doll":11,"Ornamental Fan":5,"Bird Faced Urn":15,"Pantograph":27,"Snecko Eye":0,"Pandora\u0027s Box":17,"Turnip":28,"Bag of Marbles":4,"Art of War":21,"Membership Card":24,"PureWater":0,"Toxic Egg 2":25,"Unceasing Top":22},{"Darkstone Periapt":19,"Ice Cream":56,"Potion Belt":63,"Girya":93,"Lantern":109,"Omamori":52,"TeardropLocket":56,"War Paint":33,"Cursed Key":37,"Smiling Mask":84,"Du-Vu Doll":42,"Ornamental Fan":19,"Bird Faced Urn":59,"Pantograph":109,"Snecko Eye":0,"Pandora\u0027s Box":70,"Turnip":115,"Bag of Marbles":16,"Art of War":79,"Membership Card":93,"PureWater":0,"Toxic Egg 2":95,"Unceasing Top":84}],"Unceasing Top":[0]},"card_choices":[{"not_picked":["Prostrate","ThirdEye"],"picked":"EmptyMind","floor":1.0},{"not_picked":["CrushJoints","ClearTheMind"],"picked":"CarveReality","floor":2.0},{"not_picked":["ReachHeaven","Crescendo"],"picked":"ThirdEye","floor":3.0},{"not_picked":["Perseverance","ClearTheMind"],"picked":"Swivel","floor":6.0},{"not_picked":["Evaluate","FollowUp","EmptyBody"],"picked":"SKIP","floor":8.0},{"not_picked":["Consecrate","FlyingSleeves"],"picked":"SpiritShield","floor":11.0},{"not_picked":["Halt","Wireheading"],"picked":"Vengeance","floor":13.0},{"not_picked":["CutThroughFate","ClearTheMind"],"picked":"Wallop","floor":14.0},{"not_picked":["Brilliance","SpiritShield"],"picked":"Omniscience","floor":16.0},{"not_picked":["ClearTheMind","FollowUp+1"],"picked":"Wallop","floor":18.0},{"not_picked":["ClearTheMind","Halt","LikeWater"],"picked":"SKIP","floor":19.0},{"not_picked":["Consecrate","FollowUp"],"picked":"Meditate","floor":22.0},{"not_picked":["Evaluate","Adaptation","Perseverance"],"picked":"SKIP","floor":23.0},{"not_picked":["Weave+1","DeceiveReality"],"picked":"CrushJoints+1","floor":25.0},{"not_picked":["Brilliance","MentalFortress"],"picked":"Vault","floor":27.0},{"not_picked":["Consecrate","Pray"],"picked":"ReachHeaven+1","floor":31.0},{"not_picked":["Alpha","Judgement"],"picked":"DevaForm","floor":33.0},{"not_picked":["Halt","JustLucky+1","FlyingSleeves"],"picked":"SKIP","floor":35.0},{"not_picked":["CutThroughFate","ForeignInfluence","EmptyFist"],"picked":"SKIP","floor":36.0},{"not_picked":["WreathOfFlame+1","Evaluate"],"picked":"Protect","floor":38.0},{"not_picked":["SashWhip","Establishment","Blasphemy"],"picked":"SKIP","floor":40.0},{"not_picked":["CrushJoints+1","ClearTheMind","SashWhip"],"picked":"SKIP","floor":42.0},{"not_picked":["ClearTheMind","SashWhip"],"picked":"CrushJoints+1","floor":42.0},{"not_picked":["Crescendo+1","ThirdEye","ClearTheMind"],"picked":"SKIP","floor":44.0},{"not_picked":["BattleHymn","CutThroughFate"],"picked":"Worship","floor":45.0},{"not_picked":["Halt+1","FlyingSleeves","CrushJoints"],"picked":"SKIP","floor":48.0},{"not_picked":["FlyingSleeves","EmptyBody+1"],"picked":"Fasting2+1","floor":55}],"player_experience":1245192,"relics_obtained":[{"floor":6.0,"key":"Bag of Marbles"},{"floor":8.0,"key":"Ornamental Fan"},{"floor":9.0,"key":"Darkstone Periapt"},{"floor":14.0,"key":"War Paint"},{"floor":23.0,"key":"Omamori"},{"floor":25.0,"key":"Ice Cream"},{"floor":26.0,"key":"TeardropLocket"},{"floor":27.0,"key":"Bird Faced Urn"},{"floor":31.0,"key":"Potion Belt"},{"floor":40.0,"key":"Art of War"},{"floor":42.0,"key":"Unceasing Top"},{"floor":43.0,"key":"Smiling Mask"},{"floor":48.0,"key":"Toxic Egg 2"},{"floor":55,"key":"Turnip"}],"event_choices":[{"damage_healed":0.0,"max_hp_gain":0.0,"max_hp_loss":0.0,"gold_gain":0.0,"event_name":"Shining Light","player_choice":"Ignored","floor":4.0,"gold_loss":0.0,"damage_taken":0.0},{"damage_healed":0.0,"max_hp_gain":0.0,"max_hp_loss":0.0,"gold_gain":0.0,"event_name":"Liars Game","player_choice":"Ignored","floor":5.0,"gold_loss":0.0,"damage_taken":0.0},{"damage_healed":0.0,"max_hp_gain":0.0,"max_hp_loss":0.0,"gold_gain":50.0,"event_name":"Nest","player_choice":"Stole From Cult","floor":21.0,"gold_loss":0.0,"damage_taken":0.0},{"damage_healed":0.0,"max_hp_gain":0.0,"max_hp_loss":0.0,"gold_gain":0.0,"event_name":"The Library","player_choice":"Read","floor":30.0,"gold_loss":0.0,"damage_taken":0.0,"cards_obtained":["WheelKick"]},{"damage_healed":0.0,"max_hp_gain":0.0,"max_hp_loss":0.0,"gold_gain":0.0,"event_name":"Tomb of Lord Red Mask","player_choice":"Ignored","floor":37.0,"gold_loss":0.0,"damage_taken":0.0}],"is_beta":false,"boss_relics":[{"not_picked":["Runic Pyramid","Philosopher\u0027s Stone"],"picked":"Cursed Key"},{"not_picked":["Velvet Choker","Fusion Hammer"],"picked":"Pandora\u0027s Box"}],"items_purged_floors":[],"is_endless":false,"potions_floor_spawned":[2,6,8,13,19,27,35,38,40,45,48],"ascension_level":20}}