{"host":"xsuxkwaivmtd234a","time":1613922945,"event":{"mods":["BaseMod","Bestiary","Colored Map","Minty Spire (QoL Compilation)","Relic Stats","StSLib"],"gold_per_floor":[116,131,145,160,160,160,0,0,26,26,58,73,73,73,73,73,73],"floor_reached":16,"language":"ENG","playtime":771,"items_purged":[],"score":150,"play_id":"aa42768a-a421-4d8f-9950-84d3f408afd9","local_time":"20210221105545","is_ascension_mode":true,"campfire_choices":[{"data":"Creative AI","floor":6,"key":"SMITH"},{"data":"Sweeping Beam","floor":8,"key":"SMITH"},{"data":"Beam Cell","floor":10,"key":"SMITH"},{"floor":13,"key":"REST"},{"data":"White Noise","floor":15,"key":"SMITH"}],"circlet_count":0,"master_deck":["AscendersBane","Strike_B","Strike_B","Strike_B","Defend_B","Defend_B","Defend_B","Defend_B","Zap","Dualcast","Aggregate","Sweeping Beam+1","Creative AI+1","Beam Cell+1","Core Surge","Doom and Gloom","White Noise+1"],"relics":["Runic Dome","Centennial Puzzle","Juzu Bracelet","Oddly Smooth Stone"],"acts_visited":["Exordium"],"potions_floor_usage":[16],"damage_taken":[{"damage":2,"enemies":"Jaw Worm","floor":1,"turns":4},{"damage":5,"enemies":"Small Slimes","floor":2,"turns":3},{"damage":6,"enemies":"Cultist","floor":3,"turns":4},{"damage":11,"enemies":"Exordium Wildlife","floor":4,"turns":3},{"damage":24,"enemies":"Gremlin Nob","floor":11,"turns":4},{"damage":3,"enemies":"3 Louse","floor":12,"turns":2},{"damage":20,"enemies":"Hexaghost","floor":16,"turns":9}],"seed_played":"-27752411983359721","potions_obtained":[{"floor":3,"key":"Dexterity Potion"},{"floor":4,"key":"Fire Potion"},{"floor":12,"key":"Fire Potion"}],"is_trial":false,"path_per_floor":["M","M","M","M","?","R","$","R","T","R","E","M","R","?","R","B"],"character_chosen":"DEFECT","items_purchased":["Core Surge"],"campfire_rested":1,"item_purchase_floors":[7],"current_hp_per_floor":[66,61,55,44,37,37,37,37,37,37,13,10,32,20,20,0,0],"gold":73,"neow_bonus":"BOSS_RELIC","is_daily":false,"chose_seed":false,"campfire_upgraded":4,"win_rate":0.0,"timestamp":1613922945,"path_taken":["M","M","M","M","?","R","$","R","T","R","E","M","R","?","R","BOSS"],"items_purchased_type":["Card"],"build_version":"2020-12-22","purchased_purges":0,"victory":false,"max_hp_per_floor":[75,75,75,75,75,75,75,75,75,75,75,75,75,75,75,75,75],"relic_stats":{"Centennial Puzzle":[9],"counters":[7,29],"Juzu Bracelet":0,"obtain_stats":[{"Runic Dome":0,"Centennial Puzzle":9,"Oddly Smooth Stone":14,"Juzu Bracelet":11,"Cracked Core":0},{"Runic Dome":0,"Centennial Puzzle":4,"Oddly Smooth Stone":6,"Juzu Bracelet":5,"Cracked Core":0},{"Runic Dome":0,"Centennial Puzzle":14,"Oddly Smooth Stone":20,"Juzu Bracelet":18,"Cracked Core":0}]},"card_choices":[{"not_picked":["Steam","Recycle"],"picked":"Aggregate","floor":1},{"not_picked":["Stack","Barrage"],"picked":"Sweeping Beam","floor":2},{"not_picked":["Turbo","Blizzard"],"picked":"Creative AI","floor":3},{"not_picked":["Leap","Sweeping Beam"],"picked":"Beam Cell","floor":4},{"not_picked":["Conserve Battery","Auto Shields"],"picked":"Doom and Gloom","floor":11},{"not_picked":["Compile Driver","Aggregate"],"picked":"White Noise","floor":12}],"player_experience":1328324,"relics_obtained":[{"floor":9,"key":"Centennial Puzzle"},{"floor":11,"key":"Juzu Bracelet"}],"event_choices":[{"cards_removed":["Strike_B"],"damage_healed":0,"gold_gain":0,"player_choice":"Card Removal","damage_taken":7,"max_hp_gain":0,"max_hp_loss":0,"event_name":"Golden Wing","floor":5,"gold_loss":0},{"damage_healed":0,"gold_gain":0,"player_choice":"Success","damage_taken":12,"relics_obtained":["Oddly Smooth Stone"],"max_hp_gain":0,"max_hp_loss":0,"event_name":"Scrap Ooze","floor":14,"gold_loss":0}],"is_beta":false,"boss_relics":[],"items_purged_floors":[],"is_endless":false,"potions_floor_spawned":[3,4,12],"killed_by":"Hexaghost","ascension_level":10}}