{"host":"7jbuhzz8yy5cuou7","time":1613948503,"event":{"mods":["AchievementEnabler","Act Like it!","BaseMod","Better Third Choice","Bossed Relics","Colored Map","Colored Powertips","Dark Map","DeckTracker","Minty Spire (QoL Compilation)","Permanent Neow","Quick Restart","Ruina","StSLib","The Necromancer","Weighted Paths"],"gold_per_floor":[111,127,127,154,182,220,246,283,295,307,307],"floor_reached":10,"language":"ENG","playtime":584,"items_purged":[],"score":80,"play_id":"4cd09d35-f5db-43f8-a164-ce5326c54388","local_time":"20210221160143","is_ascension_mode":false,"campfire_choices":[],"circlet_count":0,"master_deck":["Strike_W","Strike_W","Strike_W","Strike_W","Defend_W","Defend_W","Defend_W","Defend_W","Negative_Energy_Arrows","Bone_Wall","Blood_Shield","Finger_Of_Death","Summon_Undead","Bone_Shift","Summon_Undead_Army","Corrupt","Negative_Energy_Shield"],"relics":["Vampire_Amulet","NeowsBlessing","MawBank","Question Card","Singing Bowl","Thread and Needle","StoneCalendar"],"acts_visited":["Exordium"],"potions_floor_usage":[7,8,10,10],"damage_taken":[{"damage":0,"enemies":"Jaw Worm","floor":1,"turns":1},{"damage":0,"enemies":"2 Louse","floor":2,"turns":1},{"damage":0,"enemies":"Small Slimes","floor":4,"turns":1},{"damage":7,"enemies":"Red Slaver","floor":5,"turns":4},{"damage":12,"enemies":"3 Sentries","floor":6,"turns":10},{"damage":8,"enemies":"3 Louse","floor":7,"turns":2},{"damage":28,"enemies":"Gremlin Nob","floor":8,"turns":6},{"damage":14,"enemies":"Lagavulin","floor":10,"turns":2}],"seed_played":"-1886973285455495237","potions_obtained":[{"floor":1,"key":"Fire Potion"},{"floor":6,"key":"Explosive Potion"},{"floor":7,"key":"Explosive Potion"},{"floor":8,"key":"GamblersBrew"}],"is_trial":false,"path_per_floor":["M","M","?","M","M","E","M","E","T","E"],"character_chosen":"NECROMANCER","items_purchased":[],"campfire_rested":0,"item_purchase_floors":[],"current_hp_per_floor":[75,75,44,48,43,37,35,9,9,0,0],"gold":307,"neow_bonus":"THREE_ENEMY_KILL","is_daily":false,"chose_seed":false,"campfire_upgraded":0,"win_rate":0.0,"timestamp":1613948503,"path_taken":["M","M","?","M","M","E","M","E","T","E"],"items_purchased_type":[],"build_version":"2020-12-22","purchased_purges":0,"victory":false,"max_hp_per_floor":[75,75,75,75,75,75,75,75,75,75,75],"card_choices":[{"not_picked":["Bone_Armory","Scare"],"picked":"Blood_Shield","floor":1},{"not_picked":["Life_Drain","Deaths_Shadow"],"picked":"Finger_Of_Death","floor":2},{"not_picked":["Vampiric_Strike","Plague_Bolt","Bones_to_Steel"],"picked":"Summon_Undead","floor":4},{"not_picked":["Negative_Energy_Javelin","Blood_Curse","Blood_Shield"],"picked":"Bone_Shift","floor":5},{"not_picked":["Reap_The_Weak","Summon_Undead","Negative_Energy_Sphere"],"picked":"Summon_Undead_Army","floor":6},{"not_picked":["Toxic_Smoke_Screen","Bone_Armory","Negative_Energy_Mist"],"picked":"Corrupt","floor":7},{"not_picked":["Chill_Blood","Consume_Illness","Bone_Shift"],"picked":"Negative_Energy_Shield","floor":8}],"player_experience":422980,"relics_obtained":[{"floor":6,"key":"Singing Bowl"},{"floor":8,"key":"Thread and Needle"},{"floor":9,"key":"StoneCalendar"}],"event_choices":[{"damage_healed":0,"gold_gain":1,"player_choice":"Relic Relic ","damage_taken":31,"max_hp_gain":0,"max_hp_loss":0,"event_name":"betterThird:BetterScrap","floor":3,"gold_loss":0,"cards_obtained":["Carnage"]}],"is_beta":false,"boss_relics":[],"items_purged_floors":[],"is_endless":false,"potions_floor_spawned":[1,6,7,8],"killed_by":"Lagavulin","ascension_level":0}}