{"host":"oyzno85dy6ca94bi","time":1613899896,"event":{"mods":["AchievementEnabler","BaseMod","Colored Map","DeckTracker","Keyboard Shortcuts","Minty Spire (QoL Compilation)","Permanent Neow","SuperFastMode","everything is the same but u backflip on backflip"],"gold_per_floor":[113,133,133,143,1,1,26,46,46,60,75,86,86,66,66,145,145,163,49,63,63,81,81,96,96,120,120,120,120,131,131,131],"floor_reached":31,"language":"KOR","playtime":2341,"items_purged":["Strike_R"],"score":430,"play_id":"a6d6c974-5de5-4b88-8632-1729c159a5ff","local_time":"20210221183136","is_ascension_mode":true,"campfire_choices":[{"data":"Spot Weakness","floor":6,"key":"SMITH"},{"data":"Body Slam","floor":13,"key":"SMITH"},{"floor":15,"key":"REST"},{"data":"Pommel Strike","floor":23,"key":"SMITH"},{"floor":25,"key":"REST"},{"floor":29,"key":"REST"}],"circlet_count":0,"master_deck":["AscendersBane","Strike_R","Strike_R","Strike_R","Strike_R","Defend_R","Defend_R","Defend_R","Defend_R","Bash+1","Reckless Charge","Spot Weakness+1","Sword Boomerang","Evolve","Shrug It Off","Pommel Strike+1","Twin Strike","Inflame","Body Slam+1","Impervious","Power Through","Fire Breathing","Sword Boomerang+1","Reaper","RitualDagger","J.A.X.","Fire Breathing"],"relics":["Burning Blood","NeowsBlessing","Bottled Flame","Mummified Hand","Velvet Choker","Pen Nib"],"acts_visited":["Exordium","TheCity"],"potions_floor_usage":[8,16,16,16,20,20,31],"damage_taken":[{"damage":0,"enemies":"Jaw Worm","floor":1,"turns":1},{"damage":0,"enemies":"Cultist","floor":2,"turns":1},{"damage":0,"enemies":"Small Slimes","floor":4,"turns":1},{"damage":35,"enemies":"Gremlin Nob","floor":7,"turns":5},{"damage":15,"enemies":"Exordium Thugs","floor":8,"turns":2},{"damage":0,"enemies":"Large Slime","floor":10,"turns":4},{"damage":12,"enemies":"3 Louse","floor":11,"turns":4},{"damage":6,"enemies":"Looter","floor":12,"turns":4},{"damage":35,"enemies":"The Guardian","floor":16,"turns":13},{"damage":21,"enemies":"Chosen","floor":18,"turns":6},{"damage":7,"enemies":"3 Byrds","floor":20,"turns":3},{"damage":14,"enemies":"Centurion and Healer","floor":22,"turns":4},{"damage":28,"enemies":"Snecko","floor":24,"turns":5},{"damage":36,"enemies":"3 Cultists","floor":30,"turns":5},{"damage":42,"enemies":"Snake Plant","floor":31,"turns":4}],"seed_played":"-570837323300247003","potions_obtained":[{"floor":1,"key":"FearPotion"},{"floor":7,"key":"Fire Potion"},{"floor":14,"key":"EntropicBrew"},{"floor":16,"key":"EssenceOfSteel"},{"floor":20,"key":"BloodPotion"},{"floor":30,"key":"PowerPotion"}],"is_trial":false,"path_per_floor":["M","M","?","M","$","R","E","M","T","M","M","M","R","?","R","B",null,"M","$","M","?","M","R","M","R","T","?","?","R","M","M"],"character_chosen":"IRONCLAD","items_purchased":["Evolve","Shrug It Off","Fire Breathing"],"campfire_rested":3,"item_purchase_floors":[5,5,19],"current_hp_per_floor":[74,75,75,75,75,75,46,37,37,43,37,37,37,37,59,30,64,49,49,63,63,55,55,33,55,55,49,49,71,41,0,0],"gold":131,"neow_bonus":"THREE_ENEMY_KILL","is_daily":false,"chose_seed":false,"campfire_upgraded":3,"win_rate":0.0,"timestamp":1613899896,"path_taken":["M","M","?","M","?","R","E","M","T","M","M","M","R","?","R","BOSS","M","$","M","?","M","R","M","R","T","?","?","R","M","M"],"items_purchased_type":["Card","Card","Card"],"build_version":"2020-12-22","purchased_purges":1,"victory":false,"max_hp_per_floor":[75,75,75,75,75,75,75,75,75,75,75,75,75,75,75,75,75,75,75,75,75,75,75,75,75,75,75,75,75,75,75,75],"card_choices":[{"not_picked":["Thunderclap","Clothesline"],"picked":"Reckless Charge","floor":1},{"not_picked":["Perfected Strike","Flex"],"picked":"Spot Weakness","floor":2},{"not_picked":["Armaments","Iron Wave"],"picked":"Sword Boomerang","floor":4},{"not_picked":["Perfected Strike","Limit Break"],"picked":"Pommel Strike","floor":7},{"not_picked":["Spot Weakness","Metallicize"],"picked":"Twin Strike","floor":8},{"not_picked":["Sword Boomerang","Thunderclap"],"picked":"Inflame","floor":10},{"not_picked":["Havoc","Anger","Evolve"],"picked":"SKIP","floor":11},{"not_picked":["Warcry","Headbutt"],"picked":"Body Slam","floor":12},{"not_picked":["Immolate","Demon Form"],"picked":"Impervious","floor":16},{"not_picked":["Metallicize","Thunderclap"],"picked":"Power Through","floor":18},{"not_picked":["Twin Strike+1","Wild Strike","Carnage"],"picked":"SKIP","floor":20},{"not_picked":["Thunderclap","Shockwave"],"picked":"Sword Boomerang+1","floor":22},{"not_picked":["Wild Strike","Flame Barrier"],"picked":"Reaper","floor":24},{"not_picked":["Sever Soul","Clothesline"],"picked":"Fire Breathing","floor":30}],"player_experience":500676,"relics_obtained":[{"floor":7,"key":"Bottled Flame"},{"floor":9,"key":"Mummified Hand"},{"floor":26,"key":"Pen Nib"}],"event_choices":[{"damage_healed":0,"gold_gain":0,"player_choice":"Upgraded","damage_taken":0,"max_hp_gain":0,"max_hp_loss":0,"event_name":"Upgrade Shrine","floor":3,"gold_loss":0,"cards_upgraded":["Bash"]},{"damage_healed":0,"gold_gain":0,"player_choice":"Bought 1 Potion","damage_taken":0,"max_hp_gain":0,"max_hp_loss":0,"event_name":"The Woman in Blue","floor":14,"gold_loss":0},{"damage_healed":0,"gold_gain":0,"player_choice":"Joined the Cult","damage_taken":6,"max_hp_gain":0,"max_hp_loss":0,"event_name":"Nest","floor":27,"gold_loss":0,"cards_obtained":["RitualDagger"]},{"damage_healed":0,"gold_gain":0,"player_choice":"Obtain J.A.X.","damage_taken":0,"max_hp_gain":0,"max_hp_loss":0,"event_name":"Drug Dealer","floor":28,"gold_loss":0,"cards_obtained":["J.A.X."]}],"is_beta":false,"boss_relics":[{"not_picked":["Pandora\u0027s Box","Runic Cube"],"picked":"Velvet Choker"}],"items_purged_floors":[19],"is_endless":false,"potions_floor_spawned":[1,7,16,20,30],"killed_by":"Snake Plant","ascension_level":16}}