{"host":"2c84cb4cp1emursg","time":1613931693,"event":{"mods":["Act Like it!","BaseMod","Better Third Choice","Bossed Relics","Downfall","Hermit","Mimic Mod","Minty Spire (QoL Compilation)","Permanent Neow","Shapeshifter Mod","StSLib"],"gold_per_floor":[109,384,395,172,186,186,186,186],"floor_reached":7,"language":"ENG","playtime":292,"items_purged":["StSShapeShifter:ShapeShifter_Strike"],"score":41,"play_id":"c0ad3fdf-7111-490e-a97d-d37b70e1a89e","local_time":"20210221112133","is_ascension_mode":false,"campfire_choices":[],"circlet_count":0,"master_deck":["StSShapeShifter:ShapeShifter_Strike","StSShapeShifter:ShapeShifter_Strike","StSShapeShifter:ShapeShifter_Strike","StSShapeShifter:ShapeShifter_Strike","StSShapeShifter:ShapeShifter_Defend","StSShapeShifter:ShapeShifter_Defend","StSShapeShifter:ShapeShifter_Defend","StSShapeShifter:ShapeShifter_Defend+1","StSShapeShifter:ShapeShifter_Defend","StSShapeShifter:Tortoise_Form","StSShapeShifter:Lynx_Form","StSShapeShifter:SquirrelForm","Regret","StSShapeShifter:Rest+1"],"relics":["StSShapeShifter:AnimalHeart","StSShapeShifter:TheShapeShiftersMagnolia","Du-Vu Doll","Lantern"],"acts_visited":["Exordium"],"potions_floor_usage":[],"damage_taken":[{"damage":10,"enemies":"Jaw Worm","floor":1,"turns":5},{"damage":1,"enemies":"Cultist","floor":3,"turns":4},{"damage":4,"enemies":"Small Slimes","floor":5,"turns":4},{"damage":66,"enemies":"Gremlin Nob","floor":7,"turns":5}],"seed_played":"8661624932134956583","potions_obtained":[],"is_trial":false,"path_per_floor":["M","?","M","$","M","?","E"],"character_chosen":"SHAPESHIFTER","items_purchased":["Lantern"],"campfire_rested":0,"item_purchase_floors":[4],"current_hp_per_floor":[61,61,60,60,56,42,0,0],"gold":186,"neow_bonus":"ONE_RARE_RELIC","is_daily":false,"chose_seed":false,"campfire_upgraded":0,"win_rate":0.0,"timestamp":1613931693,"path_taken":["M","?","M","?","M","?","E"],"items_purchased_type":["Relic"],"build_version":"2020-12-22","purchased_purges":1,"victory":false,"max_hp_per_floor":[71,71,71,71,71,71,71,71],"card_choices":[{"not_picked":["StSShapeShifter:BloomingSlash","StSShapeShifter:BladeOfGrass"],"picked":"StSShapeShifter:SquirrelForm","floor":1},{"not_picked":["StSShapeShifter:FallingLeaves","StSShapeShifter:SunflowerShuriken","StSShapeShifter:Sapling"],"picked":"SKIP","floor":3},{"not_picked":["StSShapeShifter:SquirrelForm","StSShapeShifter:BladeOfGrass"],"picked":"StSShapeShifter:Rest","floor":5}],"player_experience":687672,"relics_obtained":[],"event_choices":[{"damage_healed":0,"gold_gain":275,"player_choice":"Desecrate","damage_taken":0,"max_hp_gain":0,"max_hp_loss":0,"event_name":"Golden Shrine","floor":2,"gold_loss":0,"cards_obtained":["Regret"]},{"damage_healed":56,"gold_gain":0,"player_choice":"Upgrade","damage_taken":14,"max_hp_gain":0,"max_hp_loss":71,"event_name":"betterThird:BetterShining","floor":6,"gold_loss":0,"cards_upgraded":["StSShapeShifter:ShapeShifter_Defend","StSShapeShifter:Rest"]}],"is_beta":false,"boss_relics":[],"items_purged_floors":[4],"is_endless":false,"potions_floor_spawned":[],"killed_by":"Gremlin Nob","ascension_level":0}}