{"host":"5bsc0nab6whpyrbj","time":1613894362,"event":{"mods":["BaseMod","Highlight Path","Minty Spire (QoL Compilation)"],"gold_per_floor":[111,39,50,50,50,78,78,10,36,36,56,21,47,57,57,156,156,166,186,199,56,68,68,68,68],"floor_reached":24,"language":"ENG","playtime":573,"items_purged":[],"score":196,"play_id":"804f444f-c7c1-446d-800e-df398dcae051","local_time":"20210221025922","is_ascension_mode":false,"campfire_choices":[{"floor":7,"key":"REST"},{"floor":10,"key":"REST"},{"data":"Defragment","floor":15,"key":"SMITH"},{"floor":23,"key":"REST"}],"circlet_count":0,"master_deck":["Strike_B","Strike_B","Strike_B+1","Defend_B+1","Defend_B","Defend_B","Defend_B","Zap","Capacitor","Ball Lightning","BootSequence","Defragment+1","Ball Lightning","White Noise","Capacitor+1","Hologram","Electrodynamics+1","Lockon","Ball Lightning+1"],"relics":["Cracked Core","Frozen Egg 2","Regal Pillow","DataDisk","Philosopher\u0027s Stone","Runic Capacitor"],"acts_visited":["Exordium","TheCity"],"potions_floor_usage":[16,19,24],"damage_taken":[{"damage":0,"enemies":"Cultist","floor":1,"turns":3},{"damage":5,"enemies":"2 Louse","floor":3,"turns":3},{"damage":35,"enemies":"3 Sentries","floor":6,"turns":6},{"damage":7,"enemies":"Jaw Worm","floor":11,"turns":3},{"damage":9,"enemies":"Large Slime","floor":14,"turns":4},{"damage":16,"enemies":"Slime Boss","floor":16,"turns":6},{"damage":11,"enemies":"Shell Parasite","floor":18,"turns":3},{"damage":0,"enemies":"Chosen","floor":19,"turns":3},{"damage":14,"enemies":"3 Cultists","floor":20,"turns":3},{"damage":33,"enemies":"Cultist and Chosen","floor":22,"turns":4},{"damage":66,"enemies":"Slavers","floor":24,"turns":3}],"seed_played":"-5434460232959545621","potions_obtained":[{"floor":3,"key":"Block Potion"},{"floor":6,"key":"Swift Potion"},{"floor":16,"key":"SpeedPotion"},{"floor":18,"key":"EssenceOfDarkness"}],"is_trial":false,"path_per_floor":["M","$","M","?","?","E","R","$","T","R","M","?","T","M","R","B",null,"M","M","M","$","M","R","E"],"character_chosen":"DEFECT","items_purchased":["Defragment","Capacitor+1","Runic Capacitor"],"campfire_rested":3,"item_purchase_floors":[2,8,21],"current_hp_per_floor":[54,54,49,74,59,24,46,46,46,75,68,75,75,66,66,50,75,64,64,50,50,17,54,0,0],"gold":68,"neow_bonus":"TRANSFORM_TWO_CARDS","is_daily":false,"chose_seed":false,"campfire_upgraded":1,"win_rate":0.0,"timestamp":1613894362,"path_taken":["M","$","M","?","?","E","R","$","T","R","M","?","?","M","R","BOSS","M","M","M","$","M","R","E"],"items_purchased_type":["Card","Card","Relic"],"build_version":"2020-12-22","purchased_purges":0,"victory":false,"max_hp_per_floor":[75,75,75,75,75,75,75,75,75,75,75,75,75,75,75,75,75,75,75,75,75,75,75,75,75],"card_choices":[{"not_picked":["Leap","Beam Cell"],"picked":"BootSequence","floor":1},{"not_picked":["Aggregate","Recycle"],"picked":"Ball Lightning","floor":3},{"not_picked":["Reinforced Body","Rebound"],"picked":"White Noise","floor":6},{"not_picked":["Stack","Genetic Algorithm","Coolheaded"],"picked":"SKIP","floor":11},{"not_picked":["Gash","Fusion"],"picked":"Hologram","floor":14},{"not_picked":["Thunder Strike","Creative AI+1"],"picked":"Electrodynamics+1","floor":16},{"not_picked":["Coolheaded","Gash+1","Beam Cell"],"picked":"SKIP","floor":18},{"not_picked":["Steam","Sweeping Beam","Cold Snap"],"picked":"SKIP","floor":19},{"not_picked":["Heatsinks+1","Sweeping Beam"],"picked":"Lockon","floor":20},{"not_picked":["Streamline","Buffer+1"],"picked":"Ball Lightning+1","floor":22}],"player_experience":86686,"relics_obtained":[{"floor":6,"key":"Frozen Egg 2"},{"floor":9,"key":"Regal Pillow"},{"floor":13,"key":"DataDisk"}],"event_choices":[{"damage_healed":25,"gold_gain":0,"player_choice":"Banana","damage_taken":0,"max_hp_gain":0,"max_hp_loss":0,"event_name":"Big Fish","floor":4,"gold_loss":0},{"damage_healed":0,"gold_gain":0,"player_choice":"Entered Light","damage_taken":15,"max_hp_gain":0,"max_hp_loss":0,"event_name":"Shining Light","floor":5,"gold_loss":0,"cards_upgraded":["Strike_B","Defend_B"]},{"damage_healed":18,"gold_gain":0,"player_choice":"Healed","damage_taken":0,"max_hp_gain":0,"max_hp_loss":0,"event_name":"The Cleric","floor":12,"gold_loss":35}],"is_beta":false,"boss_relics":[{"not_picked":["Velvet Choker","Ectoplasm"],"picked":"Philosopher\u0027s Stone"}],"items_purged_floors":[],"is_endless":false,"potions_floor_spawned":[3,6,16,18],"killed_by":"Slavers","ascension_level":0}}