{"host":"r4yhuzs0e1z69tr3","time":1613943384,"event":{"mods":["BaseMod","Minty Spire (QoL Compilation)","Rare Cards Sparkle"],"gold_per_floor":[218,218,231,7,19,19,74,85,132,132,132,132,144,154,154,253,253,266,285,47,47,65,65,92,109,109,109,109,120,136,136,136,241,241,261,261,191,208,208,233,249,249,272,272,307,63,63,76,76,76,76],"floor_reached":50,"language":"ENG","playtime":2651,"items_purged":["Defend_P","Writhe"],"score":564,"play_id":"1e6c2cf1-398c-42e6-a90a-37c1f7ae9070","local_time":"20210221163624","is_ascension_mode":true,"campfire_choices":[{"data":"Eruption","floor":6,"key":"SMITH"},{"data":"Tantrum","floor":10,"key":"SMITH"},{"data":"Ragnarok","floor":12,"key":"SMITH"},{"data":"WindmillStrike","floor":15,"key":"SMITH"},{"data":"Scrawl","floor":23,"key":"SMITH"},{"floor":28,"key":"REST"},{"floor":32,"key":"REST"},{"floor":42,"key":"REST"},{"floor":44,"key":"REST"},{"data":"Vault","floor":49,"key":"SMITH"}],"circlet_count":0,"master_deck":["Strike_P","Strike_P","Strike_P","Strike_P","Defend_P","Defend_P","Defend_P","Eruption+1","Vigilance","ReachHeaven","Tantrum+1","Ragnarok+1","FlurryOfBlows","CutThroughFate","FollowUp","WindmillStrike+1","Scrawl+1","SashWhip","Crescendo+1","EmptyBody+1","SandsOfTime","Indignation","ClearTheMind","FlyingSleeves","Judgement","Perseverance","Vault+1","CutThroughFate","BattleHymn+1","Swivel"],"relics":["PureWater","Blood Vial","Bag of Preparation","Sozu","Bottled Flame","NlothsMask","Darkstone Periapt","Juzu Bracelet","Busted Crown","Mercury Hourglass","Strawberry","CaptainsWheel","Medical Kit"],"acts_visited":["Exordium","TheCity","TheBeyond"],"potions_floor_usage":[16,22,24],"damage_taken":[{"damage":0,"enemies":"Jaw Worm","floor":1,"turns":3},{"damage":0,"enemies":"2 Louse","floor":3,"turns":3},{"damage":0,"enemies":"Small Slimes","floor":5,"turns":3},{"damage":0,"enemies":"Gremlin Nob","floor":7,"turns":2},{"damage":24,"enemies":"Exordium Thugs","floor":8,"turns":5},{"damage":0,"enemies":"3 Louse","floor":13,"turns":1},{"damage":0,"enemies":"Lots of Slimes","floor":14,"turns":1},{"damage":30,"enemies":"Hexaghost","floor":16,"turns":4},{"damage":0,"enemies":"2 Thieves","floor":18,"turns":1},{"damage":0,"enemies":"Chosen","floor":19,"turns":3},{"damage":30,"enemies":"Snake Plant","floor":22,"turns":2},{"damage":34,"enemies":"Slavers","floor":24,"turns":4},{"damage":3,"enemies":"Snecko","floor":25,"turns":3},{"damage":18,"enemies":"Centurion and Healer","floor":29,"turns":3},{"damage":0,"enemies":"3 Cultists","floor":30,"turns":2},{"damage":26,"enemies":"Collector","floor":33,"turns":3},{"damage":5,"enemies":"Orb Walker","floor":35,"turns":2},{"damage":25,"enemies":"3 Darklings","floor":38,"turns":3},{"damage":38,"enemies":"Reptomancer","floor":40,"turns":4},{"damage":32,"enemies":"4 Shapes","floor":41,"turns":3},{"damage":58,"enemies":"Giant Head","floor":45,"turns":7},{"damage":0,"enemies":"Sphere and 2 Shapes","floor":48,"turns":3},{"damage":197,"enemies":"Awakened One","floor":50,"turns":7}],"seed_played":"-8856352916132370702","potions_obtained":[{"floor":5,"key":"FairyPotion"},{"floor":11,"key":"StancePotion"},{"floor":11,"key":"SteroidPotion"},{"floor":16,"key":"Weak Potion"}],"is_trial":false,"path_per_floor":["M","?","M","$","M","R","?","M","T","R","?","R","M","M","R","B",null,"M","M","$","?","M","R","E","M","T","T","R","M","M","?","R","B",null,"M","?","$","M","?","E","M","R","T","R","E","$","?","M","R","B"],"character_chosen":"WATCHER","items_purchased":["Ragnarok","Bottled Flame","Perseverance","Medical Kit"],"campfire_rested":4,"item_purchase_floors":[4,20,37,46],"current_hp_per_floor":[72,72,72,72,72,72,72,48,48,48,48,48,50,52,52,24,72,72,72,72,72,42,42,10,9,9,9,30,14,16,22,45,21,78,73,73,73,50,76,40,10,35,42,69,13,13,80,80,80,0,0],"gold":76,"neow_bonus":"HUNDRED_GOLD","is_daily":false,"chose_seed":false,"campfire_upgraded":6,"win_rate":0.0,"timestamp":1613943384,"path_taken":["M","?","M","$","M","R","?","M","T","R","?","R","M","?","R","BOSS","M","M","$","?","M","R","E","?","T","?","R","M","M","?","R","BOSS","M","?","?","M","?","E","M","R","T","R","E","$","?","M","R","BOSS"],"items_purchased_type":["Card","Relic","Card","Relic"],"build_version":"2020-12-22","purchased_purges":2,"victory":false,"max_hp_per_floor":[72,72,72,72,72,72,72,72,72,72,72,72,72,72,72,72,72,72,72,72,72,72,72,72,72,72,72,72,72,72,78,78,78,78,78,78,78,78,84,84,84,84,91,91,91,91,80,80,80,80,80],"card_choices":[{"not_picked":["EmptyFist","Consecrate"],"picked":"ReachHeaven","floor":1},{"not_picked":["WaveOfTheHand","BowlingBash"],"picked":"Tantrum","floor":3},{"not_picked":["Crescendo","Study"],"picked":"FlurryOfBlows","floor":5},{"not_picked":["Collect","WheelKick"],"picked":"CutThroughFate","floor":7},{"not_picked":["WheelKick","Vengeance"],"picked":"FollowUp","floor":8},{"not_picked":["EmptyMind","Evaluate","ThirdEye"],"picked":"SKIP","floor":13},{"not_picked":["FlurryOfBlows","WheelKick"],"picked":"WindmillStrike","floor":14},{"not_picked":["Wish","MasterReality"],"picked":"Scrawl","floor":16},{"not_picked":["FollowUp","Wireheading"],"picked":"SashWhip","floor":18},{"not_picked":["ClearTheMind","JustLucky"],"picked":"Crescendo+1","floor":19},{"not_picked":["WindmillStrike","ClearTheMind"],"picked":"EmptyBody+1","floor":22},{"not_picked":["Worship","BowlingBash"],"picked":"SandsOfTime","floor":24},{"not_picked":["FlurryOfBlows","Pray+1"],"picked":"Indignation","floor":25},{"not_picked":["WaveOfTheHand","Crescendo"],"picked":"ClearTheMind","floor":29},{"not_picked":["LikeWater","Indignation"],"picked":"FlyingSleeves","floor":30},{"not_picked":["Scrawl","Blasphemy"],"picked":"Judgement","floor":33},{"not_picked":["Pray"],"picked":"SKIP","floor":35},{"not_picked":["Evaluate+1"],"picked":"SKIP","floor":38},{"not_picked":[],"picked":"Vault","floor":40},{"not_picked":[],"picked":"CutThroughFate","floor":41},{"not_picked":[],"picked":"BattleHymn+1","floor":45},{"not_picked":[],"picked":"Swivel","floor":48}],"player_experience":146000,"relics_obtained":[{"floor":7,"key":"Blood Vial"},{"floor":9,"key":"Bag of Preparation"},{"floor":24,"key":"Darkstone Periapt"},{"floor":27,"key":"Juzu Bracelet"},{"floor":40,"key":"Mercury Hourglass"},{"floor":43,"key":"Strawberry"},{"floor":45,"key":"CaptainsWheel"}],"event_choices":[{"damage_healed":0,"gold_gain":0,"player_choice":"Ignored","damage_taken":0,"max_hp_gain":0,"max_hp_loss":0,"event_name":"Golden Idol","floor":2,"gold_loss":0},{"damage_healed":0,"gold_gain":0,"player_choice":"Searched \u00271\u0027 times","damage_taken":0,"max_hp_gain":0,"max_hp_loss":0,"event_name":"Dead Adventurer","floor":7,"gold_loss":0},{"damage_healed":0,"gold_gain":0,"player_choice":"Got Potions","damage_taken":0,"max_hp_gain":0,"max_hp_loss":0,"event_name":"Lab","floor":11,"gold_loss":0},{"damage_healed":0,"gold_gain":0,"player_choice":"Trade","damage_taken":0,"relics_obtained":["NlothsMask"],"max_hp_gain":0,"max_hp_loss":0,"event_name":"FaceTrader","floor":21,"gold_loss":0},{"damage_healed":0,"gold_gain":0,"player_choice":"Smashed Altar","damage_taken":0,"max_hp_gain":0,"max_hp_loss":0,"event_name":"Forgotten Altar","floor":31,"gold_loss":0,"cards_obtained":["Decay"]},{"cards_removed":["Decay"],"damage_healed":0,"gold_gain":0,"player_choice":"Card Removal","damage_taken":0,"max_hp_gain":0,"max_hp_loss":0,"event_name":"Wheel of Change","floor":36,"gold_loss":0},{"damage_healed":20,"gold_gain":0,"player_choice":"Writhe","damage_taken":0,"max_hp_gain":0,"max_hp_loss":0,"event_name":"Winding Halls","floor":39,"gold_loss":0,"cards_obtained":["Writhe"]},{"damage_healed":80,"gold_gain":0,"player_choice":"Heal","damage_taken":0,"max_hp_gain":0,"max_hp_loss":11,"event_name":"The Moai Head","floor":47,"gold_loss":0}],"is_beta":false,"boss_relics":[{"not_picked":["HolyWater","Velvet Choker"],"picked":"Sozu"},{"not_picked":["Fusion Hammer","Astrolabe"],"picked":"Busted Crown"}],"items_purged_floors":[4,46],"is_endless":false,"potions_floor_spawned":[5,13,16,25,30,33,35,38,41],"killed_by":"Awakened One","ascension_level":1}}