{"host":"ppqll9nf92xyjrj9","time":1613886077,"event":{"mods":["Act Like it!","Arknights","BaseMod","Bestiary","Better Third Choice","Bossed Relics","Curses Come First","Ekko","Evolution","Hermit","Jorbs\u0027s Wanderer Trilogy","Keyboard Shortcuts","Marked Mod","Minty Spire (QoL Compilation)","Relic Stats","Shapeshifter Mod","Spicy Shops","StS++","StSLib","The Marked","The Runesmith","Weighted Paths","【遗物卡牌】REMEMod"],"gold_per_floor":[115,128,128,140,140,140,179,21,72,93,116,141,159,198,198,328,328,352,404,13,13,13,48,48,48,75,75,114,114,157,182,182,305,305,320,339,354,367,367,405,405,418,418,418,418,461,144,165,165,165],"floor_reached":51,"language":"ENG","playtime":2531,"items_purged":["Barrage","Dualcast"],"score":1000,"play_id":"a33fdeca-a5b4-4da2-84bd-a17894d462f9","local_time":"20210220214117","is_ascension_mode":false,"campfire_choices":[{"data":"REME_Flogging","floor":6,"key":"SMITH"},{"data":"Zap","floor":15,"key":"SMITH"},{"data":"Seek","floor":25,"key":"SMITH"},{"data":"StSpp:Igniter","floor":29,"key":"SMITH"},{"data":"Hologram","floor":32,"key":"SMITH"},{"data":"Fission","floor":41,"key":"SMITH"},{"data":"Redo","floor":45,"key":"SMITH"},{"data":"Fission","floor":49,"key":"SMITH"}],"circlet_count":0,"master_deck":["Compile Driver","Rebound","Sweeping Beam","Leap","Defend_B","Defend_B","Zap+1","CurseOfTheBell","REME_Flogging+1","Conserve Battery","Seek+1","Cold Snap","Redo+1","White Noise","REME_Shoggoth","Hologram+1","Multi-Cast","StSpp:Igniter+1","Fission+1","Gash+1","Echo Form","Undo+1","Reinforced Body+1","Redo+1","stsjorbsmod:Withering","Fission+1","REME_Flogging+1","REME_BuildACard","Streamline+1","Go for the Eyes+1"],"relics":["EVO:Axolotl","REME_ComplimentaryCards","Calling Bell","Tiny Chest","Mercury Hourglass","Mango","Golden Idol","Juzu Bracelet","StSpp:XCola","Strange Spoon","Lantern","Unceasing Top","Tiny House","Pen Nib","Membership Card","StSpp:BackupBattery","Mummified Hand","Eternal Feather","StSpp:WoodenStick","Anchor","StSpp:WoodenPendulum","Matryoshka","Bottled Tornado","Cursed Key","Bag of Marbles","Bag of Preparation","Gremlin Horn","Molten Egg 2","DollysMirror"],"acts_visited":["Exordium","TheCity","TheBeyond"],"potions_floor_usage":[47,50,50],"damage_taken":[{"damage":5,"enemies":"Cultist","floor":1,"turns":4},{"damage":2,"enemies":"Jaw Worm","floor":2,"turns":2},{"damage":0,"enemies":"Small Slimes","floor":4,"turns":1},{"damage":2,"enemies":"Lagavulin","floor":7,"turns":4},{"damage":0,"enemies":"Blue Slaver","floor":10,"turns":2},{"damage":0,"enemies":"Looter","floor":11,"turns":3},{"damage":0,"enemies":"Exordium Wildlife","floor":12,"turns":2},{"damage":1,"enemies":"Gremlin Gang","floor":13,"turns":2},{"damage":9,"enemies":"3 Sentries","floor":14,"turns":4},{"damage":0,"enemies":"Slime Boss","floor":16,"turns":5},{"damage":3,"enemies":"2 Thieves","floor":18,"turns":2},{"damage":11,"enemies":"Gremlin Leader","floor":23,"turns":5},{"damage":0,"enemies":"Book of Stabbing","floor":28,"turns":2},{"damage":0,"enemies":"Slavers","floor":30,"turns":3},{"damage":0,"enemies":"Chosen","floor":31,"turns":2},{"damage":16,"enemies":"Automaton","floor":33,"turns":5},{"damage":0,"enemies":"3 Darklings","floor":35,"turns":1},{"damage":3,"enemies":"3 Shapes","floor":36,"turns":2},{"damage":0,"enemies":"Transient","floor":37,"turns":5},{"damage":7,"enemies":"Writhing Mass","floor":38,"turns":4},{"damage":0,"enemies":"Giant Head","floor":40,"turns":4},{"damage":0,"enemies":"Sphere and 2 Shapes","floor":42,"turns":1},{"damage":0,"enemies":"Nemesis","floor":46,"turns":2},{"damage":0,"enemies":"Spire Growth","floor":48,"turns":1},{"damage":31,"enemies":"Awakened One","floor":50,"turns":5}],"seed_played":"7901406033542459530","potions_obtained":[{"floor":2,"key":"FocusPotion"},{"floor":3,"key":"DuplicationPotion"},{"floor":3,"key":"SteroidPotion"}],"is_trial":false,"path_per_floor":["M","M","?","M","?","R","E","$","T","M","M","M","M","E","R","B",null,"M","T","$","?","T","E","?","R","T","T","E","R","E","M","R","B",null,"M","M","M","M","?","E","R","M","T","?","R","E","$","M","R","B",null],"character_chosen":"DEFECT","items_purchased":["StSpp:XCola","Strange Spoon","Membership Card","StSpp:BackupBattery","Mummified Hand","DollysMirror","REME_BuildACard","Streamline+1","Fruit Juice","CultistPotion"],"campfire_rested":0,"item_purchase_floors":[8,8,20,20,20,47,47,47,47,47],"current_hp_per_floor":[84,82,82,82,82,82,80,80,80,80,80,80,79,70,70,70,82,79,79,79,79,79,68,68,80,80,80,80,82,82,82,82,66,82,82,79,79,72,72,72,82,82,82,82,82,82,87,87,87,56],"gold":165,"neow_bonus":"BOSS_RELIC","is_daily":false,"chose_seed":false,"campfire_upgraded":8,"win_rate":0.0,"timestamp":1613886077,"path_taken":["M","M","?","?","?","R","E","$","T","M","M","M","M","E","R","BOSS","M","?","$","?","?","E","?","R","T","?","E","R","E","M","R","BOSS","M","M","M","M","?","E","R","M","T","?","R","E","$","M","R","BOSS"],"items_purchased_type":["Relic","Relic","Relic","Relic","Relic","Relic","Card","Card","Potion","Potion"],"build_version":"2020-12-22","purchased_purges":2,"victory":true,"max_hp_per_floor":[89,89,89,89,82,82,82,82,82,82,82,82,82,82,82,82,82,82,82,82,82,82,82,82,82,82,82,82,82,82,82,82,82,82,82,82,82,82,82,82,82,82,82,82,82,82,87,87,87,87],"relic_stats":{"Gremlin Horn":[3,3],"counters":[25,72],"Golden Idol":182,"Eternal Feather":24,"Pen Nib":[14],"Juzu Bracelet":1,"Bag of Preparation":[6],"Cursed Key":1,"Mercury Hourglass":[321],"Strange Spoon":[65],"Mummified Hand":[41],"Tiny Chest":2,"obtain_stats":[{"Lantern":9,"Tiny House":17,"Gremlin Horn":43,"Mango":0,"Juzu Bracelet":7,"Bag of Preparation":43,"EVO:Axolotl":0,"Bottled Tornado":30,"Cursed Key":34,"Matryoshka":28,"Mummified Hand":20,"DollysMirror":47,"Tiny Chest":0,"StSpp:WoodenStick":23,"Cracked Core":0,"StSpp:XCola":8,"Golden Idol":5,"StSpp:WoodenPendulum":27,"Eternal Feather":22,"Pen Nib":19,"Mercury Hourglass":0,"Calling Bell":0,"Strange Spoon":8,"Anchor":26,"Molten Egg 2":46,"StSpp:BackupBattery":20,"Bag of Marbles":40,"Membership Card":20,"Unceasing Top":14,"REME_ComplimentaryCards":0},{"Lantern":4,"Tiny House":10,"Gremlin Horn":22,"Mango":0,"Juzu Bracelet":4,"Bag of Preparation":22,"EVO:Axolotl":0,"Bottled Tornado":14,"Cursed Key":16,"Matryoshka":13,"Mummified Hand":11,"DollysMirror":23,"Tiny Chest":0,"StSpp:WoodenStick":12,"Cracked Core":0,"StSpp:XCola":4,"Golden Idol":3,"StSpp:WoodenPendulum":12,"Eternal Feather":11,"Pen Nib":11,"Mercury Hourglass":0,"Calling Bell":0,"Strange Spoon":4,"Anchor":12,"Molten Egg 2":23,"StSpp:BackupBattery":11,"Bag of Marbles":21,"Membership Card":11,"Unceasing Top":9,"REME_ComplimentaryCards":0},{"Lantern":11,"Tiny House":29,"Gremlin Horn":64,"Mango":0,"Juzu Bracelet":11,"Bag of Preparation":64,"EVO:Axolotl":0,"Bottled Tornado":41,"Cursed Key":47,"Matryoshka":38,"Mummified Hand":31,"DollysMirror":66,"Tiny Chest":0,"StSpp:WoodenStick":36,"Cracked Core":0,"StSpp:XCola":11,"Golden Idol":7,"StSpp:WoodenPendulum":36,"Eternal Feather":31,"Pen Nib":31,"Mercury Hourglass":0,"Calling Bell":0,"Strange Spoon":11,"Anchor":36,"Molten Egg 2":66,"StSpp:BackupBattery":31,"Bag of Marbles":63,"Membership Card":31,"Unceasing Top":24,"REME_ComplimentaryCards":0}],"Unceasing Top":[24]},"card_choices":[{"not_picked":["Sunder","Cold Snap"],"picked":"Ball Lightning","floor":1},{"not_picked":["Rip and Tear","Steam"],"picked":"Conserve Battery","floor":2},{"not_picked":["Ball Lightning","Barrage","Static Discharge"],"picked":"SKIP","floor":4},{"not_picked":["Sunder","Rebound"],"picked":"Seek","floor":7},{"not_picked":["Go for the Eyes","Turbo","Barrage"],"picked":"SKIP","floor":10},{"not_picked":["Leap","Capacitor"],"picked":"Cold Snap","floor":11},{"not_picked":["Beam Cell","Compile Driver","Barrage"],"picked":"SKIP","floor":12},{"not_picked":["Cold Snap","Sweeping Beam"],"picked":"Redo","floor":13},{"not_picked":["Echo Form","Compile Driver"],"picked":"White Noise","floor":14},{"not_picked":["Fission","StSpp:MemoryLeak"],"picked":"REME_Shoggoth","floor":16},{"not_picked":["Compile Driver+1","Genetic Algorithm"],"picked":"Hologram","floor":18},{"not_picked":["Meteor Strike","Steam+1","Coolheaded"],"picked":"Multi-Cast","floor":23},{"not_picked":["Go for the Eyes","Conserve Battery","Stack","Blizzard","Steam"],"picked":"SKIP","floor":28},{"not_picked":["Rip and Tear","Turbo","Go for the Eyes","Auto Shields","Scrape"],"picked":"SKIP","floor":30},{"not_picked":["Ball Lightning","REME_SelfUpgrade","Conserve Battery+1","Stack","Steam"],"picked":"SKIP","floor":31},{"not_picked":["Thunder Strike","Meteor Strike","Echo Form","Rainbow","Reboot"],"picked":"Fission","floor":33},{"not_picked":["Go for the Eyes","Cold Snap","Sunder","Hologram"],"picked":"Gash+1","floor":35},{"not_picked":["Loop","Turbo","Rebound","Double Energy+1","Cold Snap+1"],"picked":"SKIP","floor":36},{"not_picked":["Stack+1","Turbo","Streamline+1","White Noise"],"picked":"Echo Form","floor":37},{"not_picked":["Capacitor+1","Ball Lightning","Fusion+1","Genetic Algorithm+1"],"picked":"Undo+1","floor":38},{"not_picked":["Sweeping Beam","BootSequence+1","Conserve Battery+1","Reboot"],"picked":"Reinforced Body+1","floor":40},{"not_picked":["Coolheaded","Rebound+1","Auto Shields+1","Hello World"],"picked":"Redo+1","floor":42},{"not_picked":["Streamline+1","Conserve Battery","Redo+1","Turbo"],"picked":"Fission","floor":46},{"not_picked":["Barrage+1","REME_Compress","Turbo+1","Leap+1"],"picked":"Go for the Eyes+1","floor":48}],"player_experience":155971,"relics_obtained":[{"floor":0,"key":"Tiny Chest"},{"floor":0,"key":"Mercury Hourglass"},{"floor":0,"key":"Mango"},{"floor":7,"key":"Juzu Bracelet"},{"floor":9,"key":"Lantern"},{"floor":14,"key":"Unceasing Top"},{"floor":19,"key":"Pen Nib"},{"floor":22,"key":"Eternal Feather"},{"floor":23,"key":"StSpp:WoodenStick"},{"floor":26,"key":"Anchor"},{"floor":27,"key":"StSpp:WoodenPendulum"},{"floor":28,"key":"Matryoshka"},{"floor":30,"key":"Bottled Tornado"},{"floor":40,"key":"Bag of Marbles"},{"floor":43,"key":"Bag of Preparation"},{"floor":43,"key":"Gremlin Horn"},{"floor":46,"key":"Molten Egg 2"}],"event_choices":[{"damage_healed":0,"gold_gain":0,"player_choice":"Got Potions","damage_taken":0,"max_hp_gain":0,"max_hp_loss":0,"event_name":"Lab","floor":3,"gold_loss":0},{"damage_healed":0,"gold_gain":0,"player_choice":"Lose Max HP","damage_taken":0,"relics_obtained":["Golden Idol"],"max_hp_gain":0,"max_hp_loss":7,"event_name":"Golden Idol","floor":5,"gold_loss":0},{"damage_healed":0,"gold_gain":0,"player_choice":"Ignored","damage_taken":0,"max_hp_gain":0,"max_hp_loss":0,"event_name":"Vampires","floor":21,"gold_loss":0},{"damage_healed":0,"gold_gain":0,"player_choice":"Read","damage_taken":0,"max_hp_gain":0,"max_hp_loss":0,"event_name":"The Library","floor":24,"gold_loss":0,"cards_obtained":["StSpp:Igniter"]},{"cards_removed":["Defend_B"],"damage_healed":0,"gold_gain":0,"player_choice":"Removed Skill","damage_taken":0,"max_hp_gain":0,"max_hp_loss":0,"event_name":"Falling","floor":39,"gold_loss":0},{"cards_removed":["Ball Lightning"],"damage_healed":5,"gold_gain":0,"player_choice":"Offered Common","damage_taken":0,"max_hp_gain":0,"max_hp_loss":0,"event_name":"Bonfire Elementals","floor":44,"gold_loss":0},{"cards_removed":["Ball Lightning"],"damage_healed":5,"gold_gain":0,"player_choice":"Offered Special","damage_taken":0,"max_hp_gain":0,"max_hp_loss":0,"event_name":"Bonfire Elementals","floor":44,"gold_loss":0}],"is_beta":false,"boss_relics":[{"not_picked":["Fusion Hammer","Velvet Choker"],"picked":"Tiny House"},{"not_picked":["StSpp:Balance","SacredBark"],"picked":"Cursed Key"}],"items_purged_floors":[20,47],"is_endless":false,"potions_floor_spawned":[2,11,12,13,16,28,30,36,37,46,48],"ascension_level":0}}