{"host":"zxd2l8an9de7z7b9","time":1613932868,"event":{"mods":["100% Spire Juice","2.2 Compatiblity","AchievementEnabler","BaseMod","CapriCore","Colored Map","Colored Powertips","Marisa£¨Ùöéë¡¡Øª×âÞÞ£©","Minty Spire (QoL Compilation)","Rare Cards Sparkle","StSLib","SuperFastMode","Td1madao Mod","everything is the same but u backflip on backflip"],"gold_per_floor":[114,131,144,69,69,69,103,103,103,178,204,204,227,251,251,375,375,399,399,415,75,88,88,109,109,190,190,190],"floor_reached":27,"language":"KOR","playtime":944,"items_purged":["Strike_B","Injury"],"score":223,"play_id":"d88d4d6b-5e2e-4231-98de-6f5bee256b9d","local_time":"20210222034108","is_ascension_mode":false,"campfire_choices":[{"data":"Gash","floor":6,"key":"SMITH"},{"data":"Skim","floor":8,"key":"SMITH"},{"floor":15,"key":"REST"},{"floor":23,"key":"REST"},{"data":"Reprogram","floor":25,"key":"SMITH"}],"circlet_count":0,"master_deck":["Zap","Dualcast","Gash+1","Skim+1","Genetic Algorithm","Sweeping Beam","Leap","Auto Shields","Amplify","Sweeping Beam","Doom and Gloom","Steam Power","Beam Cell","Tempest","Hello World","Thunder Strike","Beam Cell+1","Turbo","FTL","Reprogram+1","Gash"],"relics":["SlaversCollar","Ginger","Cables","Bottled Lightning","War Paint","Golden Idol","Pandora\u0027s Box","DataDisk","MealTicket","Symbiotic Virus"],"acts_visited":["Exordium","TheCity"],"potions_floor_usage":[7,14,16,16,16,16,22],"damage_taken":[{"damage":1,"enemies":"Cultist","floor":1,"turns":4},{"damage":5,"enemies":"2 Louse","floor":2,"turns":3},{"damage":2,"enemies":"Small Slimes","floor":3,"turns":4},{"damage":19,"enemies":"3 Sentries","floor":7,"turns":9},{"damage":20,"enemies":"Lagavulin","floor":11,"turns":8},{"damage":10,"enemies":"3 Louse","floor":13,"turns":3},{"damage":0,"enemies":"Blue Slaver","floor":14,"turns":5},{"damage":15,"enemies":"Hexaghost","floor":16,"turns":9},{"damage":19,"enemies":"3 Byrds","floor":18,"turns":5},{"damage":28,"enemies":"Shell Parasite","floor":20,"turns":7},{"damage":9,"enemies":"Shelled Parasite and Fungi","floor":22,"turns":2},{"damage":18,"enemies":"Snecko","floor":24,"turns":7},{"damage":27,"enemies":"Slavers","floor":27,"turns":2}],"seed_played":"-7249353486722202183","potions_obtained":[{"floor":2,"key":"DistilledChaos"},{"floor":7,"key":"DuplicationPotion"},{"floor":13,"key":"EntropicBrew"},{"floor":16,"key":"BlessingOfTheForge"},{"floor":18,"key":"LiquidBronze"},{"floor":24,"key":"EssenceOfSteel"}],"is_trial":false,"path_per_floor":["M","M","M","$","?","R","E","R","T","?","E","?","M","M","R","B",null,"M","?","M","$","M","R","M","R","T","E"],"character_chosen":"DEFECT","items_purchased":["Turbo","MealTicket","FTL"],"campfire_rested":2,"item_purchase_floors":[21,21,21],"current_hp_per_floor":[74,69,67,67,64,64,45,45,45,34,14,14,4,4,26,11,75,56,56,28,28,19,41,23,23,23,0,0],"gold":190,"neow_bonus":"BOSS_RELIC","is_daily":false,"chose_seed":false,"campfire_upgraded":3,"win_rate":0.0,"timestamp":1613932868,"path_taken":["M","M","?","$","?","R","E","R","T","?","E","?","M","M","R","BOSS","M","?","M","$","M","R","M","R","T","E"],"items_purchased_type":["Card","Relic","Card"],"build_version":"2020-12-22","purchased_purges":2,"victory":false,"max_hp_per_floor":[75,75,75,75,75,75,75,75,75,75,75,75,75,75,75,75,75,75,75,75,75,75,75,75,75,75,75,75],"card_choices":[{"not_picked":["Steam","Barrage"],"picked":"Gash","floor":1},{"not_picked":["Lockon","Barrage"],"picked":"Skim","floor":2},{"not_picked":["Stack","Doom and Gloom","Compile Driver"],"picked":"SKIP","floor":3},{"not_picked":["Rebound","Consume"],"picked":"Genetic Algorithm","floor":7},{"not_picked":["Genetic Algorithm","Defragment"],"picked":"Sweeping Beam","floor":11},{"not_picked":["Heatsinks","Coolheaded"],"picked":"Leap","floor":13},{"not_picked":["Blizzard","Coolheaded"],"picked":"Auto Shields","floor":14},{"not_picked":["Multi-Cast","Thunder Strike"],"picked":"Amplify","floor":16},{"not_picked":["Steam","Sweeping Beam","Reinforced Body"],"picked":"SKIP","floor":18},{"not_picked":["Hologram+1","Gash+1"],"picked":"Beam Cell+1","floor":20},{"not_picked":["Tempest","Go for the Eyes"],"picked":"Reprogram","floor":22},{"not_picked":["Redo","Stack"],"picked":"Gash","floor":24}],"player_experience":432697,"relics_obtained":[{"floor":7,"key":"Cables"},{"floor":9,"key":"Bottled Lightning"},{"floor":11,"key":"War Paint"},{"floor":26,"key":"Symbiotic Virus"}],"event_choices":[{"damage_healed":0,"gold_gain":0,"player_choice":"Success","damage_taken":3,"relics_obtained":["Ginger"],"max_hp_gain":0,"max_hp_loss":0,"event_name":"Scrap Ooze","floor":5,"gold_loss":0},{"damage_healed":0,"gold_gain":75,"player_choice":"Gather Gold","damage_taken":11,"max_hp_gain":0,"max_hp_loss":0,"event_name":"World of Goop","floor":10,"gold_loss":0},{"damage_healed":0,"gold_gain":0,"player_choice":"Take Wound","damage_taken":0,"relics_obtained":["Golden Idol"],"max_hp_gain":0,"max_hp_loss":0,"event_name":"Golden Idol","floor":12,"gold_loss":0,"cards_obtained":["Injury"]},{"damage_healed":0,"gold_gain":0,"player_choice":"Opened","damage_taken":0,"relics_obtained":["DataDisk"],"max_hp_gain":0,"max_hp_loss":0,"event_name":"The Mausoleum","floor":19,"gold_loss":0}],"is_beta":false,"boss_relics":[{"not_picked":["SacredBark","Philosopher\u0027s Stone"],"picked":"Pandora\u0027s Box"}],"items_purged_floors":[4,21],"is_endless":false,"potions_floor_spawned":[2,7,13,16,18,24],"killed_by":"Slavers","ascension_level":0}}