{"host":"ia6vzboaxs0e83w2","time":1613907999,"event":{"mods":["2.2 Compatiblity","BaseMod","Colored Map","DeckTracker","Downfall","Highlight Path","Minty Spire (QoL Compilation)","Random Character Button","StSLib"],"gold_per_floor":[99,118,118,56,75,100,100,100,128,128,139,164,164,164,181,279,279,279,289,389,400,28,28,52,52,82,67,67,67,83,109,126,224,224,124,134,43,55,69,69,69,69,94,112,112,112,131,131,142,142,142,142],"floor_reached":50,"language":"POL","playtime":4131,"items_purged":[],"score":550,"play_id":"c4704c4e-d7c2-4667-b31d-796e0ceeeecf","local_time":"20210221124639","is_ascension_mode":false,"campfire_choices":[{"data":"Slimebound:Split","floor":1,"key":"SMITH"},{"floor":8,"key":"REST"},{"floor":10,"key":"REST"},{"data":"Slimebound:OneTwoCombo","floor":13,"key":"SMITH"},{"data":"Slimebound:GrowthPunch","floor":18,"key":"SMITH"},{"data":"Slimebound:LeechingTouch","floor":23,"key":"SMITH"},{"data":"Slimebound:Schlurp","floor":25,"key":"SMITH"},{"data":"Slimebound:ItLooksTasty","floor":29,"key":"SMITH"},{"data":"Slimebound:MassRepurpose","floor":35,"key":"SMITH"},{"data":"Slimebound:SplitLeeching","floor":40,"key":"SMITH"},{"data":"Slimebound:LeechLife","floor":46,"key":"SMITH"}],"circlet_count":0,"master_deck":["Slimebound:Strike_Slimebound","Slimebound:Strike_Slimebound","Slimebound:Strike_Slimebound","Slimebound:Tackle","Slimebound:Defend_Slimebound+1","Slimebound:Defend_Slimebound+1","Slimebound:Defend_Slimebound","Slimebound:Defend_Slimebound","Slimebound:Split+1","Slimebound:CorrosiveSpit+1","Slimebound:Replication","Slimebound:LeechingTouch+1","Slimebound:SamplingLick","Slimebound:GoopSpray","Slimebound:OneTwoCombo+1","Slimebound:SamplingLick","Slimebound:ItLooksTasty+1","Slimebound:SlimeSpikes","Slimebound:GrowthPunch+1","Slimebound:LeechLife+1","Slimebound:SamplingLick","Slimebound:SplitLeeching+1","Slimebound:Schlurp+1","Slimebound:SplitBruiser+1","Slimebound:LivingWall","Slimebound:MassRepurpose+1","Slimebound:HauntingLick+1","Slimebound:MassFeed","Slimebound:ItLooksTasty+1","Slimebound:PressTheAttack+1","Slimebound:Gluttony","Slimebound:ViciousTackle+1","Slimebound:GrowthPunch+1","Slimebound:SlimeTap+1","Slimebound:Schlurp+1","Slimebound:HauntingLick"],"relics":["Slimebound:AbsorbEndCombat","Gremlin Horn","Lizard Tail","Potion Belt","Anchor","SacredBark","Toy Ornithopter","Lantern","Frozen Eye","Omamori","War Paint","Darkstone Periapt","Turnip","Black Star","downfall:HeartBlessingGreen","TheAbacus","Bag of Marbles","Pocketwatch","Regal Pillow"],"acts_visited":["Exordium","TheCity","TheBeyond"],"potions_floor_usage":[12,16,20,21,22,26,33,33,33,37,38,39,39,45],"damage_taken":[{"damage":0,"enemies":"2 Louse","floor":2,"turns":3},{"damage":0,"enemies":"downfall:FleeingMerchant","floor":4,"turns":4},{"damage":0,"enemies":"Cultist","floor":5,"turns":3},{"damage":27,"enemies":"Gremlin Nob","floor":6,"turns":4},{"damage":27,"enemies":"Lagavulin","floor":9,"turns":8},{"damage":0,"enemies":"Small Slimes","floor":11,"turns":2},{"damage":6,"enemies":"3 Sentries","floor":12,"turns":5},{"damage":0,"enemies":"downfall:LooterAlt","floor":15,"turns":2},{"damage":19,"enemies":"IC_STATUS_ARCHETYPE","floor":16,"turns":9},{"damage":6,"enemies":"Spheric Guardian","floor":19,"turns":5},{"damage":14,"enemies":"downfall:LadyInBlue","floor":20,"turns":12},{"damage":0,"enemies":"Shell Parasite","floor":21,"turns":6},{"damage":0,"enemies":"downfall:FleeingMerchant","floor":22,"turns":4},{"damage":7,"enemies":"Book of Stabbing","floor":26,"turns":5},{"damage":9,"enemies":"downfall:FleeingMerchant","floor":27,"turns":4},{"damage":0,"enemies":"Centurion and Healer","floor":30,"turns":7},{"damage":2,"enemies":"Slavers","floor":31,"turns":5},{"damage":0,"enemies":"Chosen and Byrds","floor":32,"turns":4},{"damage":31,"enemies":"SI_MIRROR_ARCHETYPE","floor":33,"turns":12},{"damage":0,"enemies":"Orb Walker","floor":36,"turns":5},{"damage":15,"enemies":"downfall:FleeingMerchant","floor":37,"turns":4},{"damage":20,"enemies":"3 Darklings","floor":38,"turns":5},{"damage":11,"enemies":"Transient","floor":39,"turns":5},{"damage":17,"enemies":"Maw","floor":44,"turns":8},{"damage":0,"enemies":"Spire Growth","floor":45,"turns":1},{"damage":22,"enemies":"Writhing Mass","floor":47,"turns":6},{"damage":37,"enemies":"Sphere and 2 Shapes","floor":49,"turns":7},{"damage":107,"enemies":"DF_ARCHETYPE_ORBS","floor":50,"turns":9}],"seed_played":"8495462082927581483","potions_obtained":[{"floor":2,"key":"Explosive Potion"},{"floor":9,"key":"Block Potion"},{"floor":11,"key":"Strength Potion"},{"floor":15,"key":"Dexterity Potion"},{"floor":20,"key":"LiquidBronze"},{"floor":20,"key":"Slimebound:ThreeZeroPotion"},{"floor":20,"key":"EssenceOfSteel"},{"floor":20,"key":"LiquidMemories"},{"floor":31,"key":"Fire Potion"},{"floor":33,"key":"Fire Potion"},{"floor":38,"key":"Energy Potion"},{"floor":39,"key":"Fire Potion"},{"floor":44,"key":"SmokeBomb"}],"is_trial":false,"path_per_floor":["R","M","?","$","M","E","T","R","E","R","M","E","R","?","M","B",null,"R","M","?","M","$","R","T","R","E","$","?","R","M","E","M","B",null,"R","M","$","M","M","R","T","$","?","M","M","R","M","?","M","B"],"character_chosen":"SLIMEBOUND","items_purchased":["Slimebound:SamplingLick","Lantern","Frozen Eye","ColorlessPotion","TheAbacus","Bag of Marbles","Slimebound:Gluttony","SkillPotion"],"campfire_rested":2,"item_purchase_floors":[4,22,22,22,37,37,37,37],"current_hp_per_floor":[71,71,71,71,71,48,48,69,50,71,71,67,67,67,71,56,71,71,71,61,71,71,71,71,71,64,63,63,63,71,71,71,53,71,71,71,63,63,70,70,70,70,70,61,66,66,52,65,47,0,0,0],"gold":142,"neow_bonus":"TEN_PERCENT_HP_BONUS","is_daily":false,"chose_seed":false,"campfire_upgraded":9,"win_rate":0.0,"timestamp":1613907999,"path_taken":["R","M","?","?","M","E","T","R","E","R","M","E","R","?","M","BOSS","R","?","?","?","$","R","T","R","E","$","?","R","M","E","M","BOSS","R","M","$","M","M","R","T","$","?","M","M","R","M","?","M","BOSS"],"items_purchased_type":["Card","Relic","Relic","Potion","Relic","Relic","Card","Potion"],"build_version":"2020-12-22","purchased_purges":0,"victory":false,"max_hp_per_floor":[71,71,71,71,71,71,71,71,71,71,71,71,71,71,71,71,71,71,71,71,71,71,71,71,71,71,71,71,71,71,71,71,71,71,71,71,71,71,71,71,71,71,71,74,74,74,74,65,68,68,68,68],"card_choices":[{"not_picked":["Slimebound:ForwardTackle","Slimebound:FinishingTackle"],"picked":"Slimebound:Replication","floor":2},{"not_picked":["Slimebound:PressTheAttack","Slimebound:SplitLeeching"],"picked":"Slimebound:LeechingTouch","floor":4},{"not_picked":["Slimebound:SamplingLick","Slimebound:ComboTackle"],"picked":"Slimebound:GoopSpray","floor":5},{"not_picked":["Slimebound:HauntingLick","Slimebound:SlimeSpikes"],"picked":"Slimebound:OneTwoCombo","floor":6},{"not_picked":["Slimebound:FinishingTackle","Slimebound:Prepare"],"picked":"Slimebound:SamplingLick","floor":9},{"not_picked":["Slimebound:RejuvenatingLick","Slimebound:RollThrough"],"picked":"Slimebound:ItLooksTasty","floor":11},{"not_picked":["Slimebound:RejuvenatingLick","Slimebound:LevelUp"],"picked":"Slimebound:SlimeSpikes","floor":12},{"not_picked":["Slimebound:DisruptingSlam","Slimebound:Prepare"],"picked":"Slimebound:GrowthPunch","floor":15},{"not_picked":["Slimebound:SlimeSlap","Slimebound:Overexert"],"picked":"Slimebound:LeechLife","floor":16},{"not_picked":["Slimebound:GoopTackle","Slimebound:PressTheAttack"],"picked":"Slimebound:SamplingLick","floor":19},{"not_picked":["Slimebound:RainOfGoop","Slimebound:AcidTongue"],"picked":"Slimebound:SplitLeeching","floor":20},{"not_picked":["Slimebound:PressTheAttack","Slimebound:SlimeSpikes"],"picked":"Slimebound:Schlurp","floor":21},{"not_picked":["Slimebound:PressTheAttack","Slimebound:SlimeSlap"],"picked":"Slimebound:SplitBruiser+1","floor":22},{"not_picked":["Slimebound:Schlurp","Slimebound:SplitLeeching","Slimebound:ItLooksTasty"],"picked":"SKIP","floor":26},{"not_picked":["Slimebound:WasteNot","Slimebound:SplitBruiser"],"picked":"Slimebound:LivingWall","floor":27},{"not_picked":["Slimebound:FormOfPuddle","Slimebound:FlameTackle","Slimebound:DivideAndConquer"],"picked":"SKIP","floor":30},{"not_picked":["Slimebound:RollThrough+1","Slimebound:Replication"],"picked":"Slimebound:MassRepurpose","floor":31},{"not_picked":["Slimebound:ForwardTackle","Slimebound:Schlurp"],"picked":"Slimebound:HauntingLick+1","floor":32},{"not_picked":["Slimebound:MassRepurpose","Slimebound:FirmFortitude"],"picked":"Slimebound:MassFeed","floor":33},{"not_picked":["Slimebound:SplitLeeching","Slimebound:GoopTackle"],"picked":"Slimebound:ItLooksTasty+1","floor":36},{"not_picked":["Slimebound:LeechEnergy","Slimebound:SlimeBrawl"],"picked":"Slimebound:PressTheAttack+1","floor":37},{"not_picked":["Slimebound:Chomp","Slimebound:SplitLeeching"],"picked":"Slimebound:ViciousTackle+1","floor":38},{"not_picked":["Slimebound:Chomp+1","Slimebound:FlameTackle+1"],"picked":"Slimebound:GrowthPunch+1","floor":39},{"not_picked":["Slimebound:SplitLeeching","Slimebound:GrowthPunch"],"picked":"Slimebound:SlimeTap+1","floor":44},{"not_picked":["Slimebound:GoopTackle","Slimebound:PressTheAttack+1"],"picked":"Slimebound:Schlurp+1","floor":47},{"not_picked":["Slimebound:SplitAcid","Slimebound:DivideAndConquer+1"],"picked":"Slimebound:HauntingLick","floor":49}],"player_experience":456154,"relics_obtained":[{"floor":6,"key":"Gremlin Horn"},{"floor":7,"key":"Lizard Tail"},{"floor":9,"key":"Potion Belt"},{"floor":12,"key":"Anchor"},{"floor":20,"key":"Toy Ornithopter"},{"floor":24,"key":"Omamori"},{"floor":26,"key":"War Paint"},{"floor":31,"key":"Turnip"},{"floor":41,"key":"Pocketwatch"},{"floor":43,"key":"Regal Pillow"}],"event_choices":[{"damage_healed":0,"gold_gain":0,"player_choice":"Ignored","damage_taken":0,"max_hp_gain":0,"max_hp_loss":0,"event_name":"NoteForYourself","floor":14,"gold_loss":0}],"is_beta":false,"boss_relics":[{"not_picked":["Philosopher\u0027s Stone","Runic Dome"],"picked":"SacredBark"},{"not_picked":["Cursed Key","Pandora\u0027s Box"],"picked":"Black Star"}],"items_purged_floors":[],"is_endless":false,"potions_floor_spawned":[2,9,11,15,20,31,33,38,39,44],"killed_by":"DF_ARCHETYPE_ORBS","ascension_level":0}}