{"host":"pdq28s6637cpsst2","time":1613878066,"event":{"mods":["BaseMod","Colored Map","Colored Powertips","Highlight Path","Minty Spire (QoL Compilation)","Permanent Neow","Quick Restart","StSLib"],"gold_per_floor":[119,66,81,91,104,130,144,174,174,174,189,189,223,239,239,344,344,356,371,384,395,406,439,439,465,465,492,492,507,539,539,539,641,641,655,666,666,678,730,730,749,781,781,781,798,798,177,192,192,192],"floor_reached":51,"language":"ENG","playtime":4343,"items_purged":["Strike_G"],"score":1172,"play_id":"6376dee1-a132-4b74-a56a-a2bbe79865bc","local_time":"20210220222746","is_ascension_mode":true,"campfire_choices":[{"floor":10.0,"key":"REST"},{"floor":12.0,"key":"REST"},{"data":"Terror","floor":15.0,"key":"SMITH"},{"floor":24,"key":"REST"},{"floor":28,"key":"REST"},{"floor":32,"key":"REST"},{"floor":40,"key":"REST"},{"floor":44,"key":"REST"},{"data":"Adrenaline","floor":49,"key":"SMITH"}],"circlet_count":0,"master_deck":["Strike_G","Strike_G","Strike_G","Strike_G","Defend_G+1","Defend_G+1","Defend_G","Defend_G","Defend_G","Survivor","Neutralize","Finesse","Dagger Spray","Cloak And Dagger","Quick Slash","Blade Dance","Corpse Explosion","Backstab","Terror+1","Adrenaline+1","Quick Slash","Poisoned Stab+1","Cloak And Dagger","Backflip","Blade Dance+1","Bouncing Flask+1","After Image+1","Wraith Form v2+1","Backflip+1","Parasite","Escape Plan","Footwork+1"],"relics":["Ring of the Snake","Regal Pillow","Bronze Scales","The Courier","Kunai","Lantern","Cursed Key","War Paint","Darkstone Periapt","Juzu Bracelet","Frozen Egg 2","WristBlade","StoneCalendar","Turnip","Pen Nib","Gremlin Horn","Orichalcum"],"acts_visited":["Exordium","TheCity","TheBeyond"],"potions_floor_usage":[23,23,25,29,33,33,38,42,50,50,50],"damage_taken":[{"damage":8.0,"enemies":"Cultist","floor":1.0,"turns":6.0},{"damage":0.0,"enemies":"Small Slimes","floor":3.0,"turns":2.0},{"damage":1.0,"enemies":"2 Louse","floor":4.0,"turns":3.0},{"damage":3.0,"enemies":"Blue Slaver","floor":5.0,"turns":5.0},{"damage":15.0,"enemies":"3 Sentries","floor":6.0,"turns":7.0},{"damage":10.0,"enemies":"Exordium Wildlife","floor":7.0,"turns":3.0},{"damage":23.0,"enemies":"Lagavulin","floor":8.0,"turns":6.0},{"damage":5.0,"enemies":"3 Louse","floor":11.0,"turns":2.0},{"damage":0.0,"enemies":"3 Sentries","floor":13.0,"turns":2.0},{"damage":0.0,"enemies":"Red Slaver","floor":14.0,"turns":2.0},{"damage":39.0,"enemies":"The Guardian","floor":16.0,"turns":10.0},{"damage":0.0,"enemies":"2 Thieves","floor":18.0,"turns":1.0},{"damage":22.0,"enemies":"Spheric Guardian","floor":19.0,"turns":3.0},{"damage":6.0,"enemies":"Snecko","floor":20.0,"turns":5.0},{"damage":1.0,"enemies":"3 Cultists","floor":21.0,"turns":3.0},{"damage":10.0,"enemies":"Snake Plant","floor":22.0,"turns":3.0},{"damage":12,"enemies":"Gremlin Leader","floor":23,"turns":7},{"damage":0,"enemies":"Book of Stabbing","floor":25,"turns":4},{"damage":29,"enemies":"Slavers","floor":27,"turns":2},{"damage":0,"enemies":"Chosen and Byrds","floor":29,"turns":4},{"damage":11,"enemies":"Book of Stabbing","floor":30,"turns":4},{"damage":40,"enemies":"Champ","floor":33,"turns":14},{"damage":1,"enemies":"3 Shapes","floor":35,"turns":4},{"damage":0,"enemies":"Orb Walker","floor":36,"turns":2},{"damage":15,"enemies":"Writhing Mass","floor":38,"turns":5},{"damage":34,"enemies":"2 Orb Walkers","floor":39,"turns":3},{"damage":12,"enemies":"Spire Growth","floor":41,"turns":5},{"damage":13,"enemies":"Reptomancer","floor":42,"turns":7},{"damage":0,"enemies":"Transient","floor":45,"turns":5},{"damage":0,"enemies":"3 Darklings","floor":48,"turns":5},{"damage":27,"enemies":"Donu and Deca","floor":50,"turns":10}],"seed_played":"-3316404951641290656","potions_obtained":[{"floor":3.0,"key":"CunningPotion"},{"floor":4.0,"key":"BlessingOfTheForge"},{"floor":6.0,"key":"CunningPotion"},{"floor":8.0,"key":"Fire Potion"},{"floor":13.0,"key":"Dexterity Potion"},{"floor":14.0,"key":"Swift Potion"},{"floor":19.0,"key":"Explosive Potion"},{"floor":21.0,"key":"Energy Potion"},{"floor":23,"key":"ColorlessPotion"},{"floor":27,"key":"DistilledChaos"},{"floor":29,"key":"DuplicationPotion"},{"floor":30,"key":"Energy Potion"},{"floor":36,"key":"SpeedPotion"},{"floor":38,"key":"Strength Potion"},{"floor":39,"key":"PowerPotion"},{"floor":45,"key":"Block Potion"}],"is_trial":false,"path_per_floor":["M","?","M","M","M","E","M","E","T","R","M","R","E","M","R","B",null,"M","M","M","M","M","E","R","E","T","E","R","M","E","?","R","B",null,"M","M","?","M","?","R","M","E","T","R","M","T","$","M","R","B",null],"character_chosen":"THE_SILENT","items_purchased":["Pen Nib","Gremlin Horn","Orichalcum","ColorlessPotion","GhostInAJar"],"campfire_rested":7,"item_purchase_floors":[47,47,47,47,47],"current_hp_per_floor":[55,55,55,54,51,36,26,3,3,39,34,70,70,70,70,31,60,60,38,32,31,21,9,45,45,45,16,52,52,41,28,65,25,63,62,62,62,53,19,57,45,32,32,70,70,70,70,70,70,43],"gold":192,"neow_bonus":"RANDOM_COLORLESS","is_daily":false,"chose_seed":false,"campfire_upgraded":2,"win_rate":0.0,"timestamp":1613878066,"path_taken":["M","?","?","M","M","E","M","E","T","R","M","R","E","M","R","BOSS","M","M","M","M","M","E","R","E","T","E","R","M","E","?","R","BOSS","M","M","?","M","?","R","M","E","T","R","M","?","$","M","R","BOSS"],"items_purchased_type":["Relic","Relic","Relic","Potion","Potion"],"build_version":"2020-12-22","purchased_purges":1,"victory":true,"max_hp_per_floor":[70,70,70,70,70,70,70,70,70,70,70,70,70,70,70,70,70,70,70,70,70,70,70,70,70,70,70,70,70,70,75,75,75,75,75,75,71,77,77,77,77,77,77,77,77,77,77,77,77,77],"card_choices":[{"not_picked":["Deep Breath","Mind Blast"],"picked":"Finesse","floor":0.0},{"not_picked":["Prepared","Choke"],"picked":"Dagger Spray","floor":1.0},{"not_picked":["Dagger Spray","Dodge and Roll"],"picked":"Cloak And Dagger","floor":3.0},{"not_picked":["Storm of Steel","Catalyst"],"picked":"Quick Slash","floor":4.0},{"not_picked":["Endless Agony","Acrobatics"],"picked":"Blade Dance","floor":5.0},{"not_picked":["Deflect","Choke","Underhanded Strike"],"picked":"SKIP","floor":6.0},{"not_picked":["Blur","Crippling Poison"],"picked":"Corpse Explosion","floor":7.0},{"not_picked":["Outmaneuver","Prepared","Deflect"],"picked":"SKIP","floor":8.0},{"not_picked":["Reflex","Choke","Dagger Throw"],"picked":"SKIP","floor":11.0},{"not_picked":["Dagger Throw","Leg Sweep"],"picked":"Backstab","floor":13.0},{"not_picked":["Unload","Backflip"],"picked":"Terror","floor":14.0},{"not_picked":["Glass Knife","Burst"],"picked":"Adrenaline","floor":16.0},{"not_picked":["Deflect","Flying Knee"],"picked":"Quick Slash","floor":18.0},{"not_picked":["Skewer","Finisher"],"picked":"Poisoned Stab+1","floor":19.0},{"not_picked":["Expertise+1","Choke","Endless Agony"],"picked":"SKIP","floor":20.0},{"not_picked":["Tools of the Trade","Footwork"],"picked":"Cloak And Dagger","floor":21.0},{"not_picked":["Terror","Finisher"],"picked":"Backflip","floor":22.0},{"not_picked":["Heel Hook+1","Concentrate","Underhanded Strike+1"],"picked":"SKIP","floor":23},{"not_picked":["Bane","Quick Slash","Deflect"],"picked":"SKIP","floor":25},{"not_picked":["Distraction","Bane+1"],"picked":"Blade Dance+1","floor":27},{"not_picked":["Flechettes+1","Finisher"],"picked":"Bouncing Flask+1","floor":29},{"not_picked":["Outmaneuver","Caltrops+1"],"picked":"After Image+1","floor":30},{"not_picked":["Bullet Time","Die Die Die"],"picked":"Wraith Form v2+1","floor":33},{"not_picked":["Slice","Dagger Spray"],"picked":"Backflip+1","floor":35},{"not_picked":["Deadly Poison","Dagger Throw","Bouncing Flask+1"],"picked":"SKIP","floor":36},{"not_picked":["Night Terror","Accuracy+1"],"picked":"Escape Plan","floor":38},{"not_picked":["Accuracy+1","Infinite Blades+1","Bane+1"],"picked":"SKIP","floor":41},{"not_picked":["Dagger Spray+1","Deadly Poison","Blade Dance"],"picked":"SKIP","floor":42},{"not_picked":["Acrobatics","Tactician","Poisoned Stab"],"picked":"SKIP","floor":45},{"not_picked":["Bane","Noxious Fumes+1"],"picked":"Footwork+1","floor":48}],"player_experience":271988,"relics_obtained":[{"floor":6.0,"key":"Bronze Scales"},{"floor":8.0,"key":"The Courier"},{"floor":9.0,"key":"Kunai"},{"floor":13.0,"key":"Lantern"},{"floor":23,"key":"War Paint"},{"floor":25,"key":"Darkstone Periapt"},{"floor":27,"key":"Juzu Bracelet"},{"floor":30,"key":"Frozen Egg 2"},{"floor":39,"key":"StoneCalendar"},{"floor":42,"key":"Turnip"}],"event_choices":[{"damage_healed":0.0,"max_hp_gain":0.0,"max_hp_loss":0.0,"gold_gain":0.0,"event_name":"WeMeetAgain","player_choice":"Paid Gold","floor":2.0,"gold_loss":53.0,"damage_taken":0.0,"relics_obtained":["Regal Pillow"]},{"damage_healed":0,"gold_gain":0,"player_choice":"Shed Blood","damage_taken":18,"max_hp_gain":5,"max_hp_loss":0,"event_name":"Forgotten Altar","floor":31,"gold_loss":0},{"damage_healed":0,"gold_gain":0,"player_choice":"Max HP","damage_taken":0,"max_hp_gain":0,"max_hp_loss":4,"event_name":"Winding Halls","floor":37,"gold_loss":0},{"damage_healed":0,"gold_gain":0,"player_choice":"Fight","damage_taken":0,"max_hp_gain":0,"max_hp_loss":0,"event_name":"Mysterious Sphere","floor":39,"gold_loss":0}],"is_beta":false,"boss_relics":[{"not_picked":["Empty Cage","Runic Pyramid"],"picked":"Cursed Key"},{"not_picked":["Tiny House","Pandora\u0027s Box"],"picked":"WristBlade"}],"items_purged_floors":[47],"is_endless":false,"potions_floor_spawned":[3,4,6,8,13,14,19,21,23,27,29,30,36,38,39,45],"ascension_level":9}}