{"host":"5jyeqch4fosnsiz2","time":1613871781,"event":{"mods":["BaseMod","Bestiary","Colored Map","Colored Powertips","Filter the Spire","Minty Spire (QoL Compilation)","Relic Stats","StSLib","Waifu the Spire","ojb\u0027s Better Paths Mod","ojb\u0027s Info Mod"],"gold_per_floor":[111,111,36,1,13,13,88,117,117,17,17,47,62,62,62,157,157,171,181,181,1,11,11,11,28,28,38,38,38,38],"floor_reached":29,"language":"ENG","playtime":1049,"items_purged":["Strike_B","Defend_B"],"score":231,"play_id":"ea47d312-ee27-47b0-8fca-dc5ccd1853ca","local_time":"20210220204301","is_ascension_mode":false,"campfire_choices":[{"data":"Zap","floor":6,"key":"SMITH"},{"data":"Static Discharge","floor":11,"key":"SMITH"},{"data":"Hologram","floor":15,"key":"SMITH"},{"floor":23,"key":"REST"}],"circlet_count":0,"master_deck":["Strike_B","Defend_B","Zap+1","Dualcast","Conserve Battery","Go for the Eyes","Static Discharge+1","Rip and Tear","Rebound","Coolheaded","Hologram+1","Core Surge","White Noise+1","Leap","Conserve Battery","Ball Lightning","Amplify"],"relics":["Empty Cage","Pen Nib","Ancient Tea Set","Shuriken","Nuclear Battery","Membership Card","Enchiridion","Toxic Egg 2"],"acts_visited":["Exordium","TheCity"],"potions_floor_usage":[16,29,29],"damage_taken":[{"damage":15,"enemies":"Jaw Worm","floor":1,"turns":4},{"damage":1,"enemies":"Cultist","floor":5,"turns":4},{"damage":5,"enemies":"Gremlin Nob","floor":8,"turns":4},{"damage":12,"enemies":"Lagavulin","floor":12,"turns":6},{"damage":0,"enemies":"2 Louse","floor":13,"turns":1},{"damage":36,"enemies":"The Guardian","floor":16,"turns":11},{"damage":28,"enemies":"2 Thieves","floor":18,"turns":4},{"damage":20,"enemies":"3 Byrds","floor":19,"turns":2},{"damage":22,"enemies":"3 Cultists","floor":22,"turns":5},{"damage":0,"enemies":"Centurion and Healer","floor":25,"turns":11},{"damage":1,"enemies":"Sentry and Sphere","floor":27,"turns":5},{"damage":11,"enemies":"Snake Plant","floor":29,"turns":3}],"seed_played":"1873655842461980986","potions_obtained":[{"floor":1,"key":"FairyPotion"},{"floor":5,"key":"PotionOfCapacity"},{"floor":13,"key":"SkillPotion"},{"floor":19,"key":"Weak Potion"},{"floor":22,"key":"AttackPotion"},{"floor":25,"key":"Block Potion"}],"is_trial":false,"path_per_floor":["M","?","$","$","M","R","?","E","T","$","R","E","M","?","R","B",null,"M","M","?","$","M","R","?","M","T","M","?","M"],"character_chosen":"DEFECT","items_purchased":["Static Discharge","Membership Card","Conserve Battery"],"campfire_rested":1,"item_purchase_floors":[4,21,21],"current_hp_per_floor":[60,60,60,60,59,59,48,43,43,43,43,31,31,24,24,10,75,47,27,27,27,5,27,11,11,11,10,10,0,0],"gold":38,"neow_bonus":"BOSS_RELIC","is_daily":false,"chose_seed":false,"campfire_upgraded":3,"win_rate":0.0,"timestamp":1613871781,"path_taken":["M","?","?","$","?","R","?","E","T","$","R","E","M","?","R","BOSS","M","M","?","$","M","R","?","M","T","M","?","M"],"items_purchased_type":["Card","Relic","Card"],"build_version":"2020-12-22","purchased_purges":2,"victory":false,"max_hp_per_floor":[75,75,75,75,75,75,75,75,75,75,75,75,75,75,75,75,75,75,75,75,75,75,75,75,75,75,75,75,75,75],"relic_stats":{"counters":[12,60],"Shuriken":[2],"Pen Nib":[6],"obtain_stats":[{"Shuriken":12,"Enchiridion":24,"Pen Nib":8,"Membership Card":21,"Toxic Egg 2":26,"Cracked Core":0,"Empty Cage":0,"Ancient Tea Set":9,"Nuclear Battery":17},{"Shuriken":4,"Enchiridion":9,"Pen Nib":3,"Membership Card":8,"Toxic Egg 2":10,"Cracked Core":0,"Empty Cage":0,"Ancient Tea Set":3,"Nuclear Battery":6},{"Shuriken":18,"Enchiridion":41,"Pen Nib":12,"Membership Card":36,"Toxic Egg 2":52,"Cracked Core":0,"Empty Cage":0,"Ancient Tea Set":12,"Nuclear Battery":30}]},"card_choices":[{"not_picked":["Force Field","Gash"],"picked":"Conserve Battery","floor":1},{"not_picked":["Barrage","Compile Driver"],"picked":"Rip and Tear","floor":5},{"not_picked":["Go for the Eyes","Fusion"],"picked":"Rebound","floor":8},{"not_picked":["Sunder","Machine Learning"],"picked":"Coolheaded","floor":12},{"not_picked":["Sweeping Beam","Conserve Battery"],"picked":"Hologram","floor":13},{"not_picked":["Machine Learning","Buffer"],"picked":"Core Surge","floor":16},{"not_picked":["Leap","Conserve Battery+1"],"picked":"White Noise+1","floor":18},{"not_picked":["Loop","Turbo"],"picked":"Leap","floor":19},{"not_picked":["Leap+1","Barrage"],"picked":"Ball Lightning","floor":22},{"not_picked":["Streamline","Leap"],"picked":"Amplify","floor":25},{"not_picked":["Steam+1","Beam Cell+1","Compile Driver+1"],"picked":"SKIP","floor":27}],"player_experience":400311,"relics_obtained":[{"floor":8,"key":"Pen Nib"},{"floor":9,"key":"Ancient Tea Set"},{"floor":12,"key":"Shuriken"},{"floor":24,"key":"Enchiridion"},{"floor":26,"key":"Toxic Egg 2"}],"event_choices":[{"damage_healed":0,"gold_gain":0,"cards_transformed":["Strike_B"],"player_choice":"Transformed","damage_taken":0,"max_hp_gain":0,"max_hp_loss":0,"event_name":"Transmorgrifier","floor":2,"gold_loss":0,"cards_obtained":["Go for the Eyes"]},{"damage_healed":0,"gold_gain":75,"player_choice":"Gather Gold","damage_taken":11,"max_hp_gain":0,"max_hp_loss":0,"event_name":"World of Goop","floor":7,"gold_loss":0},{"cards_removed":["Strike_B"],"damage_healed":0,"gold_gain":0,"player_choice":"Card Removal","damage_taken":7,"max_hp_gain":0,"max_hp_loss":0,"event_name":"Golden Wing","floor":14,"gold_loss":0},{"damage_healed":0,"gold_gain":0,"player_choice":"Ignored","damage_taken":0,"max_hp_gain":0,"max_hp_loss":0,"event_name":"Vampires","floor":20,"gold_loss":0},{"damage_healed":0,"gold_gain":0,"player_choice":"Obtained Book","damage_taken":16,"max_hp_gain":0,"max_hp_loss":0,"event_name":"Cursed Tome","floor":24,"gold_loss":0}],"is_beta":false,"boss_relics":[{"not_picked":["Runic Pyramid","Ectoplasm"],"picked":"Nuclear Battery"}],"items_purged_floors":[3,10],"is_endless":false,"potions_floor_spawned":[1,5,13,19,22,25],"killed_by":"Snake Plant","ascension_level":0}}