{"host":"buycw3k5d5tgqflx","time":1613919283,"event":{"mods":["AchievementEnabler","Act Like it!","Aspiration","BaseMod","Better Altar","Better Match","Better Note","Better Sensory Stone","Better Skull","Better Third Choice","BetterRewards","GifTheSpireLib","Halation","HexUI Lib","Hubris","Infinite Spire","Koishi","Lobotomy","LobotomyExtend","Minty Spire (QoL Compilation)","Permanent Neow","Quick Restart","Reimu??????","Relic Sorter","Relic Stats","Replay The Spire","Ruina","SacredBarkPlus","StSLib","The Administrix","The Wild Card","Yuri Mod","Yuyuko"],"gold_per_floor":[13,66,85,103,170,170,170],"floor_reached":6,"language":"ENG","playtime":1173,"items_purged":[],"score":36,"play_id":"62f0c9e2-532d-4316-a641-b136d3fb8cac","local_time":"20210221095443","is_ascension_mode":false,"campfire_choices":[],"circlet_count":0,"master_deck":["Fantasy Butterflies","Fantasy Butterflies","Fantasy Butterflies","Fantasy Butterflies","Fantasy Butterflies","Dreamy Sakura","Dreamy Sakura","Dreamy Sakura","Dreamy Sakura","Dreamy Sakura","Deathly Ground","Faramita\u0027s Temptation","The Inky Sakura","The Forgotten Winter","Living to Die","Bloom","Mini Ghostdom","Dancing Soul"],"relics":["Coronal","halation:KoshaPiece","LetterFromLob","Yuyuko\u0027s fan"],"acts_visited":["Exordium"],"potions_floor_usage":[6],"damage_taken":[{"damage":23,"enemies":"Cultist","floor":1,"turns":4},{"damage":22,"enemies":"Small Slimes","floor":3,"turns":4},{"damage":33,"enemies":"Jaw Worm","floor":4,"turns":5},{"damage":26,"enemies":"Gremlin Nob","floor":6,"turns":5}],"seed_played":"7845549813397338109","potions_obtained":[{"floor":1,"key":"GrandPatriotsElixir:ReiMu"},{"floor":5,"key":"Flashbang"}],"is_trial":false,"path_per_floor":["M","T","M","M","?","E"],"character_chosen":"YUYOKO","items_purchased":[],"campfire_rested":0,"item_purchase_floors":[],"current_hp_per_floor":[26,26,31,24,8,0,0],"gold":170,"neow_bonus":"THREE_RARE_CARDS","is_daily":false,"chose_seed":false,"campfire_upgraded":0,"win_rate":0.0,"timestamp":1613919283,"path_taken":["M","?","M","?","?","E"],"items_purchased_type":[],"build_version":"2020-12-22","purchased_purges":0,"victory":false,"max_hp_per_floor":[40,40,40,40,40,40,40],"relic_stats":{"counters":[4,18],"obtain_stats":[{"Yuyuko\u0027s fan":0,"Coronal":0,"LetterFromLob":1,"halation:KoshaPiece":5},{"Yuyuko\u0027s fan":0,"Coronal":0,"LetterFromLob":1,"halation:KoshaPiece":3},{"Yuyuko\u0027s fan":0,"Coronal":0,"LetterFromLob":4,"halation:KoshaPiece":13}]},"card_choices":[{"not_picked":["Living to Die","Supernatural Nether"],"picked":"The Inky Sakura","floor":0},{"not_picked":["Steamed Phantom","Spear of Papilio"],"picked":"The Forgotten Winter","floor":1},{"not_picked":["All Wander","Wandering Soul"],"picked":"Living to Die","floor":3},{"not_picked":["Immigrant Phantom","Unstable Ward"],"picked":"Bloom","floor":4},{"not_picked":["Butterflies Rainbow","Steamed Phantom"],"picked":"Mini Ghostdom","floor":5},{"not_picked":["Dancing Butterflies","Immigrant Phantom"],"picked":"Dancing Soul","floor":5}],"player_experience":157508,"relics_obtained":[{"floor":1,"key":"LetterFromLob"},{"floor":5,"key":"halation:KoshaPiece"}],"event_choices":[],"is_beta":false,"boss_relics":[],"items_purged_floors":[],"is_endless":false,"potions_floor_spawned":[1],"killed_by":"Gremlin Nob","ascension_level":0}}