{"host":"yassvrowvc2yfwp2","time":1613915772,"event":{"mods":["2.2 Compatiblity","Act Like it!","BaseMod","Better Note","Curses Come First","Dota2Spire","Downfall","HololiveMod","Jorbs\u0027s Wanderer Trilogy","Minty Spire (QoL Compilation)","Prisma Mod","Rare Cards Sparkle","Reimu£®≤©¿ˆ¡È√Œ£©","Replay The Spire","Say the Spire","Spicy Shops","StSLib","The Bug Knight","The Cursed","The Servant 0.9.4"],"gold_per_floor":[99,119,137,154,154,154,181,141,155,169,181,195,195,214,230,230,230],"floor_reached":16,"language":"ZHS","playtime":593,"items_purged":[],"score":147,"play_id":"0a6fdbdb-0c43-45e1-9833-d219abd6df7b","local_time":"20210221215612","is_ascension_mode":true,"campfire_choices":[{"data":"Solidify","floor":6,"key":"SMITH"},{"floor":13,"key":"REST"}],"circlet_count":0,"master_deck":["AscendersBane","Strike_S","Strike_S","Strike_S","Strike_S","Defend_S","Defend_S","KidneyShot","Exchange","TimeWarp","Snipe","DualDimension","Alleviate","Solidify+1","ShiftingGears","InstantArmor","DualDimension","BottledTime","Barrier","PendulumOfEternity"],"relics":["Uniform","HollowMod:PaleOreRelic","PaintedHorse:ReiMu"],"acts_visited":["Exordium"],"potions_floor_usage":[16],"damage_taken":[{"damage":3,"enemies":"2 Louse","floor":2,"turns":3},{"damage":2,"enemies":"Jaw Worm","floor":3,"turns":3},{"damage":3,"enemies":"Small Slimes","floor":4,"turns":3},{"damage":9,"enemies":"Looter","floor":9,"turns":3},{"damage":0,"enemies":"3 Louse","floor":10,"turns":3},{"damage":18,"enemies":"Lots of Slimes","floor":11,"turns":4},{"damage":0,"enemies":"Exordium Wildlife","floor":12,"turns":5},{"damage":0,"enemies":"Looter","floor":14,"turns":3},{"damage":1,"enemies":"Blue Slaver","floor":15,"turns":3},{"damage":34,"enemies":"DF_ARCHETYPE_STREAMLINE","floor":16,"turns":15}],"seed_played":"5204286964167742876","potions_obtained":[{"floor":3,"key":"ColorlessPotion"},{"floor":4,"key":"Dexterity Potion"},{"floor":10,"key":"EntropicBrew"}],"is_trial":false,"path_per_floor":["R","M","M","M","?","R","T","?","M","M","M","M","R","M","M","B"],"character_chosen":"THE_SERVANT","items_purchased":[],"campfire_rested":1,"item_purchase_floors":[],"current_hp_per_floor":[65,62,60,57,57,57,57,57,48,48,30,30,51,51,50,16,16],"gold":230,"neow_bonus":"TEN_PERCENT_HP_BONUS","is_daily":false,"chose_seed":false,"campfire_upgraded":1,"win_rate":0.0,"timestamp":1613915772,"path_taken":["R","M","M","M","?","R","T","?","M","M","?","M","R","M","M","BOSS"],"items_purchased_type":[],"build_version":"2020-12-22","purchased_purges":0,"victory":false,"max_hp_per_floor":[71,71,71,71,71,71,71,71,71,71,71,71,71,71,71,71,71],"card_choices":[{"not_picked":["Alleviate","Replace"],"picked":"Snipe","floor":2},{"not_picked":["Manipulate","Ricochet"],"picked":"DualDimension","floor":3},{"not_picked":["BottledTime","SpecialFormula"],"picked":"Alleviate","floor":4},{"not_picked":["Rewind","Unruled"],"picked":"ShiftingGears","floor":9},{"not_picked":["Read","ShatteredReality"],"picked":"InstantArmor","floor":10},{"not_picked":["Replace","GearUp"],"picked":"DualDimension","floor":11},{"not_picked":["Rearm","TimeWarp"],"picked":"BottledTime","floor":12},{"not_picked":["BottledTime","Spin"],"picked":"Barrier","floor":14},{"not_picked":["Spin","Shuttle"],"picked":"PendulumOfEternity","floor":15}],"player_experience":2183873,"relics_obtained":[{"floor":7,"key":"HollowMod:PaleOreRelic"}],"event_choices":[{"damage_healed":0,"gold_gain":0,"cards_transformed":["Defend_S"],"player_choice":"Change","damage_taken":0,"max_hp_gain":0,"max_hp_loss":0,"event_name":"Living Wall","floor":5,"gold_loss":0,"cards_obtained":["Solidify"]},{"damage_healed":0,"gold_gain":0,"player_choice":"»˚«Æ","damage_taken":0,"relics_obtained":["PaintedHorse:ReiMu"],"max_hp_gain":0,"max_hp_loss":0,"event_name":"yidonshenshe","floor":8,"gold_loss":40}],"is_beta":false,"boss_relics":[],"items_purged_floors":[],"is_endless":false,"potions_floor_spawned":[3,4,10,14],"killed_by":"DF_ARCHETYPE_STREAMLINE","ascension_level":10}}