{"host":"t0bo9kmlst92gdfh","time":1613876061,"event":{"mods":["BaseMod","Block Reminder","Colored Powertips","DeckTracker","Jorbs\u0027s Wanderer Trilogy","Minty Spire (QoL Compilation)","Relic Stats","StSLib"],"gold_per_floor":[113,126,142,142,159,194,211,211,256,275,302,320,333,333,333,437,437,450,152,152,170,170,170,191,222,222,248,32,47,66,79,79,182,182,198,215,215,235,254,289,289,289,289],"floor_reached":42,"language":"ENG","playtime":4921,"items_purged":[],"score":511,"play_id":"ae546709-58be-4e83-8fb9-61bc8b808b94","local_time":"20210220185421","is_ascension_mode":false,"campfire_choices":[{"floor":8,"key":"REST"},{"floor":15,"key":"REST"},{"data":"stsjorbsmod:SmithingStrike","floor":23,"key":"SMITH"},{"floor":32,"key":"REST"}],"circlet_count":0,"master_deck":["stsjorbsmod:ForbiddenGrimoire+1","stsjorbsmod:Strike_Wanderer","stsjorbsmod:Strike_Wanderer","stsjorbsmod:Defend_Wanderer","stsjorbsmod:Defend_Wanderer","stsjorbsmod:Defend_Wanderer+1","stsjorbsmod:FreshAdventure","stsjorbsmod:EyeOfTheStorm","stsjorbsmod:SmithingStrike+1","stsjorbsmod:Thorns","stsjorbsmod:HedgeWizard","stsjorbsmod:TinyHut","stsjorbsmod:TrueStrike","stsjorbsmod:Rediscovery","stsjorbsmod:Prepare","stsjorbsmod:ArcaneWeapon","stsjorbsmod:Inferno","stsjorbsmod:ChainLightning+1","stsjorbsmod:ArcaneForm","stsjorbsmod:OldPocket+1","stsjorbsmod:MagicMissiles+1","stsjorbsmod:IvoryTower+1","stsjorbsmod:Stalwart+1","stsjorbsmod:FracturedMind+1","Necronomicurse","stsjorbsmod:ChainLightning","stsjorbsmod:Inferno+1","stsjorbsmod:Patron+1","stsjorbsmod:TrueStrike","stsjorbsmod:Firebolt","stsjorbsmod:FindFamiliar","stsjorbsmod:BlackTentacles","stsjorbsmod:Pyromancy","stsjorbsmod:ChatteringStrike+1","stsjorbsmod:TrueStrike+1","stsjorbsmod:MageArmor+1","Parasite","stsjorbsmod:Trauma"],"relics":["stsjorbsmod:GrimoireRelic","Ornamental Fan","Pen Nib","stsjorbsmod:AlchemistsFireRelic","Astrolabe","ClockworkSouvenir","Happy Flower","Ancient Tea Set","Necronomicon","Toy Ornithopter","Prayer Wheel","Boot","Blood Vial","Black Star","HornCleat","Omamori"],"acts_visited":["Exordium","TheCity","TheBeyond"],"potions_floor_usage":[10,11,16,16,25,29,29,33,40,40,42,42],"damage_taken":[{"damage":1,"enemies":"Cultist","floor":1,"turns":5},{"damage":0,"enemies":"Small Slimes","floor":2,"turns":4},{"damage":6,"enemies":"Jaw Worm","floor":3,"turns":3},{"damage":12,"enemies":"Large Slime","floor":5,"turns":6},{"damage":34,"enemies":"3 Sentries","floor":6,"turns":7},{"damage":9,"enemies":"Blue Slaver","floor":7,"turns":4},{"damage":11,"enemies":"Gremlin Gang","floor":10,"turns":3},{"damage":30,"enemies":"Lagavulin","floor":11,"turns":6},{"damage":15,"enemies":"Exordium Wildlife","floor":12,"turns":3},{"damage":4,"enemies":"Large Slime","floor":13,"turns":6},{"damage":29,"enemies":"The Guardian","floor":16,"turns":8},{"damage":10,"enemies":"3 Byrds","floor":18,"turns":5},{"damage":4,"enemies":"Spheric Guardian","floor":21,"turns":3},{"damage":0,"enemies":"Centurion and Healer","floor":24,"turns":3},{"damage":33,"enemies":"Slavers","floor":25,"turns":4},{"damage":12,"enemies":"Book of Stabbing","floor":27,"turns":5},{"damage":7,"enemies":"Shelled Parasite and Fungi","floor":29,"turns":5},{"damage":17,"enemies":"Snake Plant","floor":30,"turns":3},{"damage":0,"enemies":"Snecko","floor":31,"turns":5},{"damage":30,"enemies":"Automaton","floor":33,"turns":5},{"damage":16,"enemies":"Orb Walker","floor":35,"turns":4},{"damage":31,"enemies":"3 Shapes","floor":36,"turns":4},{"damage":8,"enemies":"Writhing Mass","floor":38,"turns":3},{"damage":5,"enemies":"3 Darklings","floor":39,"turns":4},{"damage":43,"enemies":"Giant Head","floor":40,"turns":7},{"damage":65,"enemies":"Reptomancer","floor":42,"turns":4}],"seed_played":"-4167857806431153243","potions_obtained":[{"floor":1,"key":"FairyPotion"},{"floor":5,"key":"FearPotion"},{"floor":7,"key":"SkillPotion"},{"floor":10,"key":"Dexterity Potion"},{"floor":13,"key":"ColorlessPotion"},{"floor":16,"key":"Block Potion"},{"floor":18,"key":"stsjorbsmod:BurningPotion"},{"floor":27,"key":"LiquidMemories"},{"floor":31,"key":"Strength Potion"},{"floor":33,"key":"PowerPotion"},{"floor":35,"key":"Swift Potion"},{"floor":39,"key":"stsjorbsmod:LiquidClarity"},{"floor":40,"key":"EssenceOfSteel"}],"is_trial":false,"path_per_floor":["M","M","M","?","M","E","M","R","T","M","E","M","M","?","R","B",null,"M","$","?","M","?","R","M","E","T","E","$","M","M","M","R","B",null,"M","M","?","M","M","E","?","E"],"character_chosen":"WANDERER","items_purchased":["ClockworkSouvenir","Happy Flower","stsjorbsmod:Patron","Blood Vial"],"campfire_rested":3,"item_purchase_floors":[19,19,28,28],"current_hp_per_floor":[74,74,69,69,59,25,18,40,40,31,3,24,25,10,32,3,76,70,70,70,71,55,55,62,36,36,26,26,36,22,29,51,34,76,62,35,66,59,63,36,53,0,0],"gold":289,"neow_bonus":"TEN_PERCENT_HP_BONUS","is_daily":false,"chose_seed":false,"campfire_upgraded":1,"win_rate":0.0,"timestamp":1613876061,"path_taken":["M","?","?","?","M","E","?","R","T","M","E","M","M","?","R","BOSS","M","$","?","M","?","R","M","E","T","E","?","?","M","M","R","BOSS","M","M","?","M","M","E","?","E"],"items_purchased_type":["Relic","Relic","Card","Relic"],"build_version":"2020-12-22","purchased_purges":0,"victory":false,"max_hp_per_floor":[74,74,74,74,74,74,74,74,74,74,74,74,76,76,76,76,76,76,76,76,76,76,76,76,76,76,76,76,76,76,76,76,76,76,76,76,66,66,66,66,66,66,66],"relic_stats":{"Blood Vial":16,"Happy Flower":[19],"counters":[26,119],"Ornamental Fan":[48],"Astrolabe":["stsjorbsmod:OldPocket","stsjorbsmod:MagicMissiles","stsjorbsmod:IvoryTower"],"Prayer Wheel":7,"Pen Nib":[13],"Necronomicon":[27],"Black Star":1,"Boot":[6],"obtain_stats":[{"Happy Flower":19,"Astrolabe":17,"stsjorbsmod:GrimoireRelic":0,"Pen Nib":9,"stsjorbsmod:AlchemistsFireRelic":11,"Omamori":40,"Ancient Tea Set":20,"Boot":27,"ClockworkSouvenir":19,"Blood Vial":28,"HornCleat":40,"Ornamental Fan":6,"Prayer Wheel":26,"Necronomicon":22,"Black Star":34,"Toy Ornithopter":25},{"Happy Flower":12,"Astrolabe":11,"stsjorbsmod:GrimoireRelic":0,"Pen Nib":6,"stsjorbsmod:AlchemistsFireRelic":8,"Omamori":25,"Ancient Tea Set":12,"Boot":16,"ClockworkSouvenir":12,"Blood Vial":16,"HornCleat":25,"Ornamental Fan":5,"Prayer Wheel":15,"Necronomicon":13,"Black Star":20,"Toy Ornithopter":15},{"Happy Flower":60,"Astrolabe":55,"stsjorbsmod:GrimoireRelic":0,"Pen Nib":29,"stsjorbsmod:AlchemistsFireRelic":38,"Omamori":115,"Ancient Tea Set":60,"Boot":75,"ClockworkSouvenir":60,"Blood Vial":75,"HornCleat":115,"Ornamental Fan":25,"Prayer Wheel":70,"Necronomicon":63,"Black Star":93,"Toy Ornithopter":70}],"Toy Ornithopter":31},"card_choices":[{"not_picked":["stsjorbsmod:Hurt","stsjorbsmod:Firebolt"],"picked":"stsjorbsmod:SmithingStrike","floor":1},{"not_picked":["stsjorbsmod:ParryingBlow","stsjorbsmod:WanderingMind"],"picked":"stsjorbsmod:Thorns","floor":2},{"not_picked":["stsjorbsmod:ParryingBlow","stsjorbsmod:Channel"],"picked":"stsjorbsmod:HedgeWizard","floor":3},{"not_picked":["stsjorbsmod:ParryingBlow","stsjorbsmod:FaerieFire"],"picked":"stsjorbsmod:TinyHut","floor":5},{"not_picked":["stsjorbsmod:RayOfFrost","stsjorbsmod:Mania"],"picked":"stsjorbsmod:TrueStrike","floor":6},{"not_picked":["stsjorbsmod:Will","stsjorbsmod:Mindworm"],"picked":"stsjorbsmod:Rediscovery","floor":7},{"not_picked":["stsjorbsmod:ArcaneWeapon","stsjorbsmod:UnseenServant"],"picked":"stsjorbsmod:Prepare","floor":10},{"not_picked":["stsjorbsmod:Determination","stsjorbsmod:Channel"],"picked":"stsjorbsmod:ArcaneWeapon","floor":11},{"not_picked":["stsjorbsmod:OldPocket","stsjorbsmod:WanderingMind"],"picked":"stsjorbsmod:Inferno","floor":12},{"not_picked":["stsjorbsmod:Thorns","stsjorbsmod:TrueStrike"],"picked":"stsjorbsmod:ChainLightning","floor":13},{"not_picked":["stsjorbsmod:MirrorImage","stsjorbsmod:HoldMonster"],"picked":"stsjorbsmod:ArcaneForm","floor":16},{"not_picked":["stsjorbsmod:MageArmor","stsjorbsmod:ScorchingRay"],"picked":"stsjorbsmod:Stalwart+1","floor":18},{"not_picked":["stsjorbsmod:Will","stsjorbsmod:ColorSpray+1"],"picked":"stsjorbsmod:FracturedMind+1","floor":21},{"not_picked":["stsjorbsmod:DisguiseSelf","stsjorbsmod:Message"],"picked":"stsjorbsmod:ChainLightning","floor":24},{"not_picked":["stsjorbsmod:WeightOfMemory","stsjorbsmod:Prestidigitation+1"],"picked":"stsjorbsmod:Inferno+1","floor":25},{"not_picked":["stsjorbsmod:Prepare+1","stsjorbsmod:SmithingStrike","stsjorbsmod:HedgeWizard"],"picked":"SKIP","floor":27},{"not_picked":["stsjorbsmod:Mindworm+1","stsjorbsmod:UnseenServant+1"],"picked":"stsjorbsmod:TrueStrike","floor":29},{"not_picked":["stsjorbsmod:ParryingBlow","stsjorbsmod:Mania+1"],"picked":"stsjorbsmod:Firebolt","floor":29},{"not_picked":["stsjorbsmod:Mending","stsjorbsmod:Hibernate+1"],"picked":"stsjorbsmod:FindFamiliar","floor":30},{"not_picked":["stsjorbsmod:ParryingBlow","stsjorbsmod:WanderingMind","stsjorbsmod:Hurt"],"picked":"SKIP","floor":30},{"not_picked":["stsjorbsmod:Message","stsjorbsmod:MistyStep"],"picked":"stsjorbsmod:BlackTentacles","floor":31},{"not_picked":["stsjorbsmod:DeathThroes","stsjorbsmod:Message","stsjorbsmod:RayOfFrost+1"],"picked":"SKIP","floor":31},{"not_picked":["stsjorbsmod:MirrorImage","stsjorbsmod:Fireball"],"picked":"stsjorbsmod:Pyromancy","floor":33},{"not_picked":["stsjorbsmod:TrueStrike","stsjorbsmod:Firebolt"],"picked":"stsjorbsmod:ChatteringStrike+1","floor":35},{"not_picked":["stsjorbsmod:Message+1","stsjorbsmod:Hibernate+1","stsjorbsmod:Hurt"],"picked":"SKIP","floor":35},{"not_picked":["stsjorbsmod:SchoolsOfMagic","stsjorbsmod:DisguiseSelf"],"picked":"stsjorbsmod:TrueStrike+1","floor":36},{"not_picked":["stsjorbsmod:Stalwart","stsjorbsmod:DisguiseSelf"],"picked":"stsjorbsmod:MageArmor+1","floor":36},{"not_picked":["stsjorbsmod:Mindworm+1","stsjorbsmod:Will+1","stsjorbsmod:Hurt"],"picked":"SKIP","floor":38},{"not_picked":["stsjorbsmod:Index+1","stsjorbsmod:SchoolsOfMagic+1","stsjorbsmod:SmithingStrike+1"],"picked":"SKIP","floor":38},{"not_picked":["stsjorbsmod:WanderingMind+1","stsjorbsmod:Index+1"],"picked":"stsjorbsmod:Trauma","floor":39},{"not_picked":["stsjorbsmod:DisguiseSelf+1","stsjorbsmod:FracturedMind+1","stsjorbsmod:Will"],"picked":"SKIP","floor":39},{"not_picked":["stsjorbsmod:LoseGrip+1","stsjorbsmod:BlackTentacles","stsjorbsmod:Will"],"picked":"SKIP","floor":40}],"player_experience":52953,"relics_obtained":[{"floor":6,"key":"Ornamental Fan"},{"floor":9,"key":"Pen Nib"},{"floor":11,"key":"stsjorbsmod:AlchemistsFireRelic"},{"floor":22,"key":"Necronomicon"},{"floor":25,"key":"Toy Ornithopter"},{"floor":26,"key":"Prayer Wheel"},{"floor":27,"key":"Boot"},{"floor":40,"key":"HornCleat"},{"floor":40,"key":"Omamori"}],"event_choices":[{"damage_healed":0,"gold_gain":0,"player_choice":"Ignored","damage_taken":0,"max_hp_gain":0,"max_hp_loss":0,"event_name":"NoteForYourself","floor":4,"gold_loss":0},{"damage_healed":0,"gold_gain":0,"player_choice":"Entered Light","damage_taken":15,"max_hp_gain":0,"max_hp_loss":0,"event_name":"Shining Light","floor":14,"gold_loss":0,"cards_upgraded":["stsjorbsmod:ChainLightning","stsjorbsmod:Defend_Wanderer"]},{"damage_healed":0,"gold_gain":0,"player_choice":"Opened","damage_taken":0,"relics_obtained":["Ancient Tea Set"],"max_hp_gain":0,"max_hp_loss":0,"event_name":"The Mausoleum","floor":20,"gold_loss":0},{"damage_healed":0,"gold_gain":0,"player_choice":"Obtained Book","damage_taken":16,"max_hp_gain":0,"max_hp_loss":0,"event_name":"Cursed Tome","floor":22,"gold_loss":0},{"damage_healed":66,"gold_gain":0,"player_choice":"Heal","damage_taken":0,"max_hp_gain":0,"max_hp_loss":10,"event_name":"The Moai Head","floor":37,"gold_loss":0},{"damage_healed":17,"gold_gain":0,"player_choice":"Writhe","damage_taken":0,"max_hp_gain":0,"max_hp_loss":0,"event_name":"Winding Halls","floor":41,"gold_loss":0,"cards_obtained":["Writhe"]}],"is_beta":false,"boss_relics":[{"not_picked":["SacredBark","Snecko Eye"],"picked":"Astrolabe"},{"not_picked":["Busted Crown","Runic Pyramid"],"picked":"Black Star"}],"items_purged_floors":[],"is_endless":false,"potions_floor_spawned":[1,5,7,10,13,16,18,27,31,33,35,39,40],"killed_by":"Reptomancer","ascension_level":0}}