{"host":"w14xfy17z3c5mpoi","time":1613950724,"event":{"mods":["AchievementEnabler","BaseMod","Minty Spire (QoL Compilation)","Relic Stats"],"gold_per_floor":[365,15,33,49,59,59,88,100,137,149,179,207,219,251,263,374,386,418,446,458,5,5,5,5,18,18,18,18],"floor_reached":27,"language":"ENG","playtime":1086,"items_purged":[],"score":321,"play_id":"a9dcd3be-35ab-49ae-9bf3-e7af724bc862","local_time":"20210221183844","is_ascension_mode":true,"campfire_choices":[{"floor":6,"key":"DIG"},{"floor":15,"key":"DIG"},{"floor":23,"key":"DIG"}],"circlet_count":0,"master_deck":["AscendersBane","Strike_G","Strike_G","Strike_G","Strike_G","Defend_G","Defend_G","Defend_G","Defend_G","Defend_G","Survivor","Neutralize","Sucker Punch","Predator","Crippling Poison","Dagger Spray","Burst","Deadly Poison","Footwork","Dash","Malaise","Backstab","Quick Slash","Wraith Form v2","Decay","Cloak And Dagger"],"relics":["Ring of the Snake","Shovel","MawBank","Orichalcum","Lantern","Philosopher\u0027s Stone","Strawberry","Kunai","Bottled Tornado","HornCleat"],"acts_visited":["Exordium","TheCity"],"potions_floor_usage":[3,11,12,16,25,27,27],"damage_taken":[{"damage":2,"enemies":"Cultist","floor":1,"turns":4},{"damage":0,"enemies":"2 Louse","floor":3,"turns":1},{"damage":0,"enemies":"Jaw Worm","floor":4,"turns":3},{"damage":8,"enemies":"Looter","floor":5,"turns":3},{"damage":13,"enemies":"3 Louse","floor":7,"turns":3},{"damage":0,"enemies":"2 Fungi Beasts","floor":11,"turns":2},{"damage":4,"enemies":"Looter","floor":12,"turns":3},{"damage":3,"enemies":"Large Slime","floor":14,"turns":6},{"damage":27,"enemies":"The Guardian","floor":16,"turns":13},{"damage":11,"enemies":"3 Byrds","floor":18,"turns":6},{"damage":12,"enemies":"Shell Parasite","floor":19,"turns":7},{"damage":5,"enemies":"Centurion and Healer","floor":25,"turns":9},{"damage":34,"enemies":"Slavers","floor":27,"turns":4}],"seed_played":"6761354842285092164","potions_obtained":[{"floor":3,"key":"Fire Potion"},{"floor":5,"key":"ColorlessPotion"},{"floor":11,"key":"Fruit Juice"},{"floor":12,"key":"Swift Potion"},{"floor":18,"key":"SneckoOil"},{"floor":25,"key":"SpeedPotion"}],"is_trial":false,"path_per_floor":["M","$","M","M","M","R","M","$","T","?","M","M","?","M","R","B",null,"M","M","?","$","?","R","?","M","T","E"],"character_chosen":"THE_SILENT","items_purchased":["Shovel","Explosive Potion","Wraith Form v2","Kunai","AttackPotion"],"campfire_rested":0,"item_purchase_floors":[2,2,21,21,21],"current_hp_per_floor":[61,61,61,61,53,53,40,40,40,40,40,41,34,31,31,4,52,41,29,36,36,36,36,36,31,31,0,0],"gold":18,"neow_bonus":"TWO_FIFTY_GOLD","is_daily":false,"chose_seed":false,"campfire_upgraded":0,"win_rate":0.0,"timestamp":1613950724,"path_taken":["M","$","M","M","M","R","M","$","T","?","M","M","?","M","R","BOSS","M","M","?","$","?","R","?","M","T","E"],"items_purchased_type":["Relic","Potion","Card","Relic","Potion"],"build_version":"2020-12-22","purchased_purges":0,"victory":false,"max_hp_per_floor":[63,63,63,63,63,63,63,63,63,63,63,68,68,68,68,68,68,68,68,75,75,75,75,75,75,75,75,75],"relic_stats":{"Shovel":3,"counters":[13,64],"Kunai":[7],"Orichalcum":[120],"MawBank":180,"obtain_stats":[{"Lantern":15,"Shovel":2,"HornCleat":26,"Strawberry":20,"Philosopher\u0027s Stone":17,"Kunai":21,"Orichalcum":9,"Bottled Tornado":23,"MawBank":6,"Ring of the Snake":0},{"Lantern":8,"Shovel":1,"HornCleat":12,"Strawberry":11,"Philosopher\u0027s Stone":9,"Kunai":11,"Orichalcum":5,"Bottled Tornado":11,"MawBank":4,"Ring of the Snake":0},{"Lantern":25,"Shovel":4,"HornCleat":60,"Strawberry":51,"Philosopher\u0027s Stone":38,"Kunai":51,"Orichalcum":14,"Bottled Tornado":51,"MawBank":11,"Ring of the Snake":0}],"Ring of the Snake":[26]},"card_choices":[{"not_picked":["Underhanded Strike","Acrobatics"],"picked":"Sucker Punch","floor":1},{"not_picked":["Dagger Spray","Quick Slash"],"picked":"Predator","floor":3},{"not_picked":["Well Laid Plans","Predator"],"picked":"Crippling Poison","floor":4},{"not_picked":["Slice","Bane"],"picked":"Dagger Spray","floor":5},{"not_picked":["Dash","Quick Slash"],"picked":"Burst","floor":7},{"not_picked":["Dodge and Roll","Flying Knee"],"picked":"Deadly Poison","floor":11},{"not_picked":["Slice","Heel Hook"],"picked":"Footwork","floor":12},{"not_picked":["Blade Dance","Skewer"],"picked":"Dash","floor":14},{"not_picked":["Bullet Time","Phantasmal Killer"],"picked":"Malaise","floor":16},{"not_picked":["Deflect+1","Sucker Punch"],"picked":"Backstab","floor":18},{"not_picked":["Dodge and Roll","Cloak And Dagger"],"picked":"Quick Slash","floor":19},{"not_picked":["Dagger Throw","Underhanded Strike","All Out Attack"],"picked":"SKIP","floor":25}],"player_experience":750134,"relics_obtained":[{"floor":6,"key":"MawBank"},{"floor":9,"key":"Orichalcum"},{"floor":15,"key":"Lantern"},{"floor":23,"key":"Bottled Tornado"},{"floor":26,"key":"HornCleat"}],"event_choices":[{"damage_healed":0,"gold_gain":0,"player_choice":"Ignored","damage_taken":0,"max_hp_gain":0,"max_hp_loss":0,"event_name":"Liars Game","floor":10,"gold_loss":0},{"cards_removed":["Strike_G"],"damage_healed":0,"gold_gain":0,"player_choice":"Card Removal","damage_taken":7,"max_hp_gain":0,"max_hp_loss":0,"event_name":"Golden Wing","floor":13,"gold_loss":0},{"damage_healed":0,"gold_gain":0,"player_choice":"Opened","damage_taken":0,"relics_obtained":["Strawberry"],"max_hp_gain":0,"max_hp_loss":0,"event_name":"The Mausoleum","floor":20,"gold_loss":0},{"damage_healed":0,"gold_gain":0,"player_choice":"Smashed Altar","damage_taken":0,"max_hp_gain":0,"max_hp_loss":0,"event_name":"Forgotten Altar","floor":22,"gold_loss":0,"cards_obtained":["Decay"]},{"damage_healed":0,"gold_gain":0,"player_choice":"Read","damage_taken":0,"max_hp_gain":0,"max_hp_loss":0,"event_name":"The Library","floor":24,"gold_loss":0,"cards_obtained":["Cloak And Dagger"]}],"is_beta":false,"boss_relics":[{"not_picked":["Busted Crown","Tiny House"],"picked":"Philosopher\u0027s Stone"}],"items_purged_floors":[],"is_endless":false,"potions_floor_spawned":[3,5,11,12,18,25],"killed_by":"Slavers","ascension_level":11}}