{"host":"a1eatafr7pisesky","time":1613906262,"event":{"mods":["AchievementEnabler","BaseMod","Colored Map","Keyboard Shortcuts","Minty Spire (QoL Compilation)","Say the Spire","StSLib","SuperFastMode","everything is the same but u backflip on backflip"],"gold_per_floor":[112,112,122,137,137,171,181,181,181,78,112,123,148,163,163,236,236,254,271,271,86,86,86,121,136,136,136,164,164,39,70,70,149,149,169,81,81,81,81,81,92,118,165,15,15,66,99,118,118,118,118,118,118,38,73,73],"floor_reached":57,"language":"KOR","playtime":1743,"items_purged":["Defend_R","Bash","Twin Strike","Perfected Strike+1"],"score":3193,"play_id":"b0d0e283-d42c-43b7-9c82-f0b214e7304b","local_time":"20210221201742","is_ascension_mode":true,"campfire_choices":[{"data":"Perfected Strike","floor":15.0,"key":"SMITH"},{"data":"Corruption","floor":23,"key":"SMITH"},{"data":"Offering","floor":27,"key":"SMITH"},{"data":"Barricade","floor":29,"key":"SMITH"},{"data":"Burning Pact","floor":32,"key":"SMITH"},{"data":"Feel No Pain","floor":40,"key":"SMITH"},{"data":"Burning Pact","floor":45,"key":"SMITH"},{"floor":49,"key":"RECALL"},{"data":"Bloodletting","floor":53,"key":"SMITH"}],"circlet_count":0,"master_deck":["AscendersBane","Shrug It Off","Feed","Shrug It Off","Reaper","Corruption+1","Inflame","Juggernaut","Reckless Charge","Havoc","Spot Weakness","Barricade+1","Brutality","Burning Pact+1","Burning Pact+1","Feel No Pain+1","Offering+1","True Grit+1","Dark Embrace+1","Flash of Steel","Madness","Bloodletting+1","Feel No Pain+1"],"relics":["Burning Blood","NeowsBlessing","Eternal Feather","Vajra","Question Card","Dead Branch","Bag of Marbles","Pandora\u0027s Box","Ginger","Frozen Egg 2","HornCleat","Omamori","Empty Cage","Bottled Tornado","Ice Cream","Kunai","Bag of Preparation"],"acts_visited":["Exordium","TheCity","TheBeyond","TheEnding"],"potions_floor_usage":[33,46],"damage_taken":[{"damage":0.0,"enemies":"2 Louse","floor":1.0,"turns":1.0},{"damage":0.0,"enemies":"Cultist","floor":3.0,"turns":1.0},{"damage":0.0,"enemies":"Jaw Worm","floor":4.0,"turns":1.0},{"damage":32.0,"enemies":"Gremlin Nob","floor":6.0,"turns":4.0},{"damage":9.0,"enemies":"3 Louse","floor":7.0,"turns":3.0},{"damage":40.0,"enemies":"3 Sentries","floor":11.0,"turns":7.0},{"damage":6.0,"enemies":"Exordium Thugs","floor":12.0,"turns":4.0},{"damage":8.0,"enemies":"Gremlin Nob","floor":13.0,"turns":3.0},{"damage":0.0,"enemies":"2 Fungi Beasts","floor":14.0,"turns":2.0},{"damage":0.0,"enemies":"Slime Boss","floor":16.0,"turns":5.0},{"damage":25.0,"enemies":"2 Thieves","floor":18.0,"turns":4.0},{"damage":19,"enemies":"3 Byrds","floor":19,"turns":4},{"damage":9,"enemies":"Gremlin Leader","floor":24,"turns":2},{"damage":11,"enemies":"Snake Plant","floor":25,"turns":3},{"damage":56,"enemies":"Slavers","floor":28,"turns":5},{"damage":26,"enemies":"Book of Stabbing","floor":31,"turns":5},{"damage":17,"enemies":"Collector","floor":33,"turns":7},{"damage":10,"enemies":"3 Shapes","floor":35,"turns":3},{"damage":25,"enemies":"3 Darklings","floor":41,"turns":3},{"damage":30,"enemies":"Nemesis","floor":42,"turns":3},{"damage":31,"enemies":"2 Orb Walkers","floor":46,"turns":2},{"damage":21,"enemies":"Giant Head","floor":47,"turns":6},{"damage":16,"enemies":"Writhing Mass","floor":48,"turns":2},{"damage":15,"enemies":"Awakened One","floor":50,"turns":4},{"damage":38,"enemies":"Donu and Deca","floor":51,"turns":4},{"damage":9,"enemies":"Shield and Spear","floor":55,"turns":1},{"damage":42,"enemies":"The Heart","floor":56,"turns":5}],"seed_played":"-2200057244184187019","potions_obtained":[{"floor":1.0,"key":"BloodPotion"},{"floor":2.0,"key":"Fire Potion"},{"floor":11.0,"key":"BlessingOfTheForge"},{"floor":16.0,"key":"BlessingOfTheForge"},{"floor":19,"key":"LiquidMemories"},{"floor":35,"key":"Regen Potion"},{"floor":46,"key":"BloodPotion"}],"is_trial":false,"path_per_floor":["M","?","M","M","?","E","M","?","T","$","E","M","E","M","R","B",null,"M","M","?","$","?","R","E","M","T","R","E","R","$","E","R","B",null,"M","$","?","?","$","R","M","E","T","$","R","?","E","M","R","B","B",null,"R","$","E","B",null],"character_chosen":"IRONCLAD","items_purchased":["Twin Strike","Feel No Pain","Dark Embrace+1","Feel No Pain+1"],"campfire_rested":0,"item_purchase_floors":[10,21,36,54],"current_hp_per_floor":[74,74,75,75,75,49,46,46,46,46,15,15,16,22,31,37,70,54,61,61,61,61,73,84,82,82,87,40,52,52,48,60,76,87,83,83,73,73,73,85,69,45,45,45,57,61,60,57,69,93,75,89,93,93,90,64],"gold":73,"neow_bonus":"THREE_ENEMY_KILL","is_daily":false,"chose_seed":false,"campfire_upgraded":8,"win_rate":0.0,"timestamp":1613906262,"path_taken":["M","?","?","M","?","E","?","?","T","$","E","M","E","?","R","BOSS","M","?","?","?","?","R","E","?","T","R","E","R","$","E","R","BOSS","M","$","?","?","$","R","?","E","T","$","R","?","E","M","R","BOSS","BOSS","R","$","E","BOSS"],"items_purchased_type":["Card","Card","Card","Card"],"build_version":"2020-12-22","purchased_purges":4,"victory":true,"max_hp_per_floor":[75,75,75,75,75,75,75,75,75,75,78,78,81,81,81,81,81,84,84,84,84,84,84,84,87,87,87,90,90,90,90,90,90,90,90,90,90,90,90,90,93,93,93,93,93,93,93,93,93,93,93,93,93,93,93,93],"card_choices":[{"not_picked":["Sever Soul","Combust"],"picked":"Shrug It Off","floor":1.0},{"not_picked":["Body Slam","Dark Embrace","Clothesline"],"picked":"SKIP","floor":3.0},{"not_picked":["Anger","Pommel Strike"],"picked":"Perfected Strike","floor":4.0},{"not_picked":["Seeing Red","Rampage"],"picked":"Feed","floor":6.0},{"not_picked":["Disarm","Warcry"],"picked":"Wild Strike","floor":7.0},{"not_picked":["Body Slam","Headbutt","Rupture"],"picked":"Shrug It Off","floor":11.0},{"not_picked":["Pommel Strike","Clash","Iron Wave","Rampage"],"picked":"SKIP","floor":12.0},{"not_picked":["Dropkick","Iron Wave","Clash"],"picked":"Wild Strike","floor":13.0},{"not_picked":["Clash","Havoc","Rupture"],"picked":"Reaper","floor":14.0},{"not_picked":["Feed","Limit Break","Fiend Fire"],"picked":"Corruption","floor":16.0},{"not_picked":["Dual Wield","Body Slam","Anger","Iron Wave"],"picked":"SKIP","floor":18.0},{"not_picked":["Perfected Strike","Rampage","Infernal Blade"],"picked":"Burning Pact","floor":19},{"not_picked":["Clash+1","Uppercut","True Grit"],"picked":"Offering","floor":24},{"not_picked":["True Grit","Blood for Blood","Flex","Sword Boomerang"],"picked":"SKIP","floor":25},{"not_picked":["Blood for Blood","Flex","Sword Boomerang"],"picked":"True Grit","floor":25},{"not_picked":["Reckless Charge","Headbutt","Searing Blow","Carnage"],"picked":"SKIP","floor":28},{"not_picked":["Hemokinesis","Wild Strike","Combust+1","Pummel"],"picked":"SKIP","floor":31},{"not_picked":["Fire Breathing+1","Twin Strike","Heavy Blade","Uppercut"],"picked":"SKIP","floor":35},{"not_picked":["Impatience","Thinking Ahead","Swift Strike"],"picked":"Flash of Steel","floor":37},{"not_picked":["Secret Weapon","Panacea","Forethought"],"picked":"Madness","floor":37},{"not_picked":["Combust+1","Burning Pact+1","Havoc","Cleave+1"],"picked":"SKIP","floor":41},{"not_picked":["Armaments","Disarm+1","Demon Form+1","Reckless Charge"],"picked":"SKIP","floor":42},{"not_picked":["Armaments","Disarm+1","Demon Form+1","Reckless Charge"],"picked":"SKIP","floor":42},{"not_picked":["Flex","Dark Embrace+1","Sword Boomerang"],"picked":"Bloodletting","floor":46},{"not_picked":["Anger","Uppercut","Dual Wield","Warcry"],"picked":"SKIP","floor":47},{"not_picked":["Thunderclap","Sword Boomerang+1","Cleave+1","Pummel"],"picked":"SKIP","floor":48},{"not_picked":["Sever Soul+1","Metallicize+1","Disarm","Whirlwind"],"picked":"SKIP","floor":55}],"player_experience":482010,"relics_obtained":[{"floor":6.0,"key":"Eternal Feather"},{"floor":9.0,"key":"Question Card"},{"floor":11.0,"key":"Dead Branch"},{"floor":13.0,"key":"Bag of Marbles"},{"floor":24,"key":"Ginger"},{"floor":26,"key":"Frozen Egg 2"},{"floor":28,"key":"HornCleat"},{"floor":31,"key":"Omamori"},{"floor":42,"key":"Bottled Tornado"},{"floor":46,"key":"Ice Cream"},{"floor":47,"key":"Kunai"},{"floor":55,"key":"Bag of Preparation"}],"event_choices":[{"damage_healed":0.0,"max_hp_gain":0.0,"max_hp_loss":0.0,"gold_gain":0.0,"event_name":"Lab","player_choice":"Got Potions","floor":2.0,"gold_loss":0.0,"damage_taken":0.0},{"damage_healed":0.0,"max_hp_gain":0.0,"max_hp_loss":0.0,"gold_gain":0.0,"event_name":"Match and Keep!","player_choice":"0 cards matched","floor":5.0,"gold_loss":0.0,"damage_taken":0.0,"cards_obtained":[]},{"damage_healed":0.0,"max_hp_gain":0.0,"max_hp_loss":0.0,"gold_gain":0.0,"event_name":"WeMeetAgain","player_choice":"Gave Potion","floor":8.0,"gold_loss":0.0,"damage_taken":0.0,"relics_obtained":["Vajra"]},{"damage_healed":0,"gold_gain":0,"player_choice":"Copied","damage_taken":0,"max_hp_gain":0,"max_hp_loss":0,"event_name":"Duplicator","floor":20,"gold_loss":0,"cards_obtained":["Burning Pact"]},{"cards_removed":["Pummel"],"damage_healed":0,"gold_gain":0,"player_choice":"Elegance","damage_taken":0,"max_hp_gain":0,"max_hp_loss":0,"event_name":"Back to Basics","floor":22,"gold_loss":0},{"damage_healed":0,"gold_gain":0,"player_choice":"Memory 3","damage_taken":10,"max_hp_gain":0,"max_hp_loss":0,"event_name":"SensoryStone","floor":37,"gold_loss":0},{"damage_healed":0,"gold_gain":0,"player_choice":"Upgraded","damage_taken":0,"max_hp_gain":0,"max_hp_loss":0,"event_name":"Upgrade Shrine","floor":38,"gold_loss":0,"cards_upgraded":["True Grit"]},{"damage_healed":0,"gold_gain":0,"player_choice":"Fight","damage_taken":0,"max_hp_gain":0,"max_hp_loss":0,"event_name":"Mysterious Sphere","floor":46,"gold_loss":0}],"is_beta":false,"boss_relics":[{"not_picked":["Calling Bell","Runic Pyramid"],"picked":"Pandora\u0027s Box"},{"not_picked":["Black Star","Velvet Choker"],"picked":"Empty Cage"}],"items_purged_floors":[10,21,30,44],"is_endless":false,"potions_floor_spawned":[1,4,11,16,19,24,31,35,46,47,55],"ascension_level":20}}