{"host":"7yyoe0ei0fseceei","time":1613941248,"event":{"mods":["BaseMod","Colored Map","Highlight Path","Minty Spire (QoL Compilation)","Quick Restart"],"gold_per_floor":[119,119,119,89,109,109,141,159,159,177,203,215,232,4,4,77,77,96,110,110,160,85,85,120,20,89,89,103,103,8,22,22,22,22],"floor_reached":33,"language":"ENG","playtime":3349,"items_purged":["Writhe","Defend_P"],"score":585,"play_id":"c5b18acd-e28d-43a1-8a11-e2d109920832","local_time":"20210221220048","is_ascension_mode":true,"campfire_choices":[{"data":"Eruption","floor":6.0,"key":"SMITH"},{"floor":15,"key":"REST"},{"data":"Ragnarok","floor":23,"key":"SMITH"},{"data":"MasterReality","floor":32,"key":"SMITH"}],"circlet_count":0,"master_deck":["AscendersBane","Strike_P","Strike_P","Strike_P","Defend_P+1","Defend_P","Defend_P+1","Eruption+1","Vigilance","CutThroughFate","Adaptation","MasterReality+1","FlurryOfBlows","Sanctity","Ragnarok+1","FlurryOfBlows","DevaForm","FearNoEvil","BattleHymn","Dramatic Entrance","FollowUp"],"relics":["PureWater","NeowsBlessing","Regal Pillow","War Paint","Question Card","Bronze Scales","MealTicket","Runic Pyramid","StoneCalendar","Art of War","Kunai"],"acts_visited":["Exordium","TheCity"],"potions_floor_usage":[16,24,28,33],"damage_taken":[{"damage":0.0,"enemies":"Jaw Worm","floor":1.0,"turns":1.0},{"damage":0.0,"enemies":"Small Slimes","floor":5.0,"turns":1.0},{"damage":0.0,"enemies":"3 Sentries","floor":7.0,"turns":1.0},{"damage":0.0,"enemies":"Cultist","floor":8.0,"turns":3.0},{"damage":25.0,"enemies":"Lots of Slimes","floor":10.0,"turns":5.0},{"damage":16.0,"enemies":"Gremlin Nob","floor":11.0,"turns":3.0},{"damage":6,"enemies":"Exordium Thugs","floor":12,"turns":3},{"damage":1,"enemies":"2 Fungi Beasts","floor":13,"turns":3},{"damage":46,"enemies":"The Guardian","floor":16,"turns":10},{"damage":7,"enemies":"Shell Parasite","floor":18,"turns":2},{"damage":5,"enemies":"Spheric Guardian","floor":19,"turns":3},{"damage":20,"enemies":"Slavers","floor":24,"turns":2},{"damage":16,"enemies":"3 Cultists","floor":28,"turns":4},{"damage":10,"enemies":"Snecko","floor":31,"turns":3},{"damage":74,"enemies":"Collector","floor":33,"turns":7}],"seed_played":"-692913791685695720","potions_obtained":[{"floor":4.0,"key":"Block Potion"},{"floor":4.0,"key":"CultistPotion"},{"floor":10.0,"key":"Fruit Juice"},{"floor":16,"key":"Ambrosia"},{"floor":18,"key":"SpeedPotion"},{"floor":28,"key":"SteroidPotion"},{"floor":31,"key":"SmokeBomb"}],"is_trial":false,"path_per_floor":["M","?","T","?","M","R","E","M","T","M","E","M","M","$","R","B",null,"M","M","?","?","$","R","E","$","T","?","M","?","$","M","R","B"],"character_chosen":"WATCHER","items_purchased":["MealTicket","Strength Potion","Dramatic Entrance"],"campfire_rested":1,"item_purchase_floors":[14,14,30],"current_hp_per_floor":[61,54,54,54,54,54,54,54,54,34,18,12,11,11,47,1,55,48,43,43,43,58,58,38,53,53,83,67,67,82,72,72,0,0],"gold":22,"neow_bonus":"THREE_ENEMY_KILL","is_daily":false,"chose_seed":false,"campfire_upgraded":3,"win_rate":0.0,"timestamp":1613941248,"path_taken":["M","?","?","?","M","R","E","M","T","M","E","M","?","?","R","BOSS","M","M","?","?","$","R","E","$","T","?","?","?","?","M","R","BOSS"],"items_purchased_type":["Relic","Potion","Card"],"build_version":"2020-12-22","purchased_purges":2,"victory":false,"max_hp_per_floor":[68,68,68,68,68,68,68,68,68,73,73,73,73,73,73,73,73,73,73,73,73,73,73,73,73,73,83,83,83,83,83,83,83,83],"card_choices":[{"not_picked":["Protect","JustLucky"],"picked":"CutThroughFate","floor":1.0},{"not_picked":["ThirdEye","Crescendo"],"picked":"Adaptation","floor":5.0},{"not_picked":["Nirvana","Consecrate"],"picked":"MasterReality","floor":7.0},{"not_picked":["SashWhip","Evaluate"],"picked":"FlurryOfBlows","floor":8.0},{"not_picked":["ThirdEye","FlyingSleeves","FollowUp"],"picked":"Sanctity","floor":10.0},{"not_picked":["WaveOfTheHand","Halt","Prostrate"],"picked":"Ragnarok","floor":11.0},{"not_picked":["SashWhip","EmptyBody","BowlingBash"],"picked":"FlurryOfBlows","floor":12},{"not_picked":["Evaluate","BowlingBash","Nirvana"],"picked":"DevaForm","floor":13},{"not_picked":["Alpha","Judgement","Brilliance"],"picked":"Scrawl","floor":16},{"not_picked":["ForeignInfluence","EmptyBody","Evaluate"],"picked":"FearNoEvil","floor":18},{"not_picked":["Protect","Consecrate","PathToVictory","DeceiveReality"],"picked":"SKIP","floor":19},{"not_picked":["Perseverance","Alpha","CrushJoints"],"picked":"BattleHymn","floor":24},{"not_picked":["SashWhip","ClearTheMind","Prostrate","WindmillStrike"],"picked":"SKIP","floor":28},{"not_picked":["WheelKick","Collect","ThirdEye"],"picked":"FollowUp","floor":31}],"player_experience":968836,"relics_obtained":[{"floor":3.0,"key":"Regal Pillow"},{"floor":7.0,"key":"War Paint"},{"floor":9.0,"key":"Question Card"},{"floor":11.0,"key":"Bronze Scales"},{"floor":24,"key":"Art of War"},{"floor":26,"key":"Kunai"}],"event_choices":[{"cards_removed":["Strike_P"],"damage_healed":0.0,"max_hp_gain":0.0,"max_hp_loss":0.0,"gold_gain":0.0,"event_name":"Golden Wing","player_choice":"Card Removal","floor":2.0,"gold_loss":0.0,"damage_taken":7.0},{"damage_healed":0.0,"max_hp_gain":0.0,"max_hp_loss":0.0,"gold_gain":0.0,"event_name":"The Woman in Blue","player_choice":"Bought 2 Potions","floor":4.0,"gold_loss":0.0,"damage_taken":0.0},{"damage_healed":0,"gold_gain":0,"player_choice":"Opened","damage_taken":0,"relics_obtained":["StoneCalendar"],"max_hp_gain":0,"max_hp_loss":0,"event_name":"The Mausoleum","floor":20,"gold_loss":0,"cards_obtained":["Writhe"]},{"damage_healed":0,"gold_gain":50,"player_choice":"Stole From Cult","damage_taken":0,"max_hp_gain":0,"max_hp_loss":0,"event_name":"Nest","floor":21,"gold_loss":0},{"cards_removed":["Scrawl"],"damage_healed":20,"gold_gain":0,"player_choice":"Offered Rare","damage_taken":0,"max_hp_gain":10,"max_hp_loss":0,"event_name":"Bonfire Elementals","floor":27,"gold_loss":0},{"damage_healed":0,"gold_gain":0,"player_choice":"Ignored","damage_taken":0,"max_hp_gain":0,"max_hp_loss":0,"event_name":"Ghosts","floor":29,"gold_loss":0}],"is_beta":false,"boss_relics":[{"not_picked":["Pandora\u0027s Box","Velvet Choker"],"picked":"Runic Pyramid"}],"items_purged_floors":[22,25],"is_endless":false,"potions_floor_spawned":[5,7,10,16,18,28,31],"killed_by":"Collector","ascension_level":19}}