{"host":"buaikbko8oj3kpfn","time":1613928668,"event":{"mods":["Act Like it!","BaseMod","Koishi","Minty Spire (QoL Compilation)","Remilia（蕾米莉亚）","RumiaBox-露米娅的神秘盒子","StSLib","【功能Mod】混沌之环修复补丁"],"gold_per_floor":[113,188,188,198,217,245,245,276,303,303,91,120,139,170,170,266,266,282,296,53,73,73,104,104,134,134,153,168,168,195,39,39,142,142,160,179,54,54,66,100,100,31,31,50,78,78,103,103,103,103,103,103,103,137,137],"floor_reached":56,"language":"ZHS","playtime":1407,"items_purged":["Strike_B","Strike_B","Strike_B"],"score":2360,"play_id":"a15708a1-0924-4746-91dc-bec871a7346e","local_time":"20210222013108","is_ascension_mode":true,"campfire_choices":[{"data":"Dualcast","floor":7,"key":"SMITH"},{"data":"Chill","floor":10,"key":"SMITH"},{"data":"Rainbow","floor":15,"key":"SMITH"},{"data":"Zap","floor":24,"key":"SMITH"},{"data":"Loop","floor":29,"key":"SMITH"},{"data":"Buffer","floor":32,"key":"SMITH"},{"data":"Madness","floor":41,"key":"SMITH"},{"floor":46,"key":"RECALL"},{"data":"Madness","floor":49,"key":"SMITH"},{"data":"Consume","floor":52,"key":"SMITH"}],"circlet_count":0,"master_deck":["Strike_B","Defend_B","Defend_B","Defend_B","Defend_B","Zap+1","Dualcast+1","Coolheaded","BootSequence","Chill+1","Rainbow+1","Reboot","Electrodynamics","Loop+1","Consume+1","Redo+1","Self Repair","Buffer+1","Thunder Strike","Madness+1","Madness+1","Seek","Seek"],"relics":["Runic Dome","AddBug","SecretRecord","SecretRecord","SecretRecord","AddBug","SecretRecord","SecretRecord","SecretRecord","SecretRecord","SecretRecord","SecretRecord"],"acts_visited":["Exordium","TheCity","TheBeyond","TheEnding"],"potions_floor_usage":[3,6,6,8,8,8,12],"damage_taken":[{"damage":0,"enemies":"Cultist","floor":1,"turns":4},{"damage":3,"enemies":"Jaw Worm","floor":4,"turns":4},{"damage":0,"enemies":"Small Slimes","floor":5,"turns":3},{"damage":0,"enemies":"3 Sentries","floor":6,"turns":8},{"damage":8,"enemies":"Gremlin Nob","floor":8,"turns":3},{"damage":3,"enemies":"3 Sentries","floor":12,"turns":5},{"damage":0,"enemies":"Exordium Thugs","floor":13,"turns":2},{"damage":0,"enemies":"Gremlin Nob","floor":14,"turns":1},{"damage":0,"enemies":"Slime Boss","floor":16,"turns":2},{"damage":0,"enemies":"Spheric Guardian","floor":18,"turns":2},{"damage":0,"enemies":"Shell Parasite","floor":19,"turns":1},{"damage":0,"enemies":"Centurion and Healer","floor":21,"turns":2},{"damage":0,"enemies":"Book of Stabbing","floor":23,"turns":3},{"damage":0,"enemies":"Slavers","floor":25,"turns":1},{"damage":0,"enemies":"Snecko","floor":27,"turns":2},{"damage":0,"enemies":"Shelled Parasite and Fungi","floor":28,"turns":2},{"damage":0,"enemies":"Gremlin Leader","floor":30,"turns":2},{"damage":0,"enemies":"Collector","floor":33,"turns":2},{"damage":0,"enemies":"3 Darklings","floor":35,"turns":2},{"damage":0,"enemies":"3 Shapes","floor":36,"turns":2},{"damage":0,"enemies":"Sphere and 2 Shapes","floor":39,"turns":1},{"damage":0,"enemies":"Nemesis","floor":40,"turns":3},{"damage":0,"enemies":"4 Shapes","floor":44,"turns":1},{"damage":0,"enemies":"Giant Head","floor":45,"turns":4},{"damage":0,"enemies":"Nemesis","floor":47,"turns":1},{"damage":0,"enemies":"Time Eater","floor":50,"turns":1},{"damage":0,"enemies":"Shield and Spear","floor":54,"turns":1},{"damage":18,"enemies":"The Heart","floor":55,"turns":4}],"seed_played":"-1787390226180333605","potions_obtained":[{"floor":1,"key":"Block Potion"},{"floor":3,"key":"Fruit Juice"},{"floor":3,"key":"SpeedPotion"},{"floor":3,"key":"EntropicBrew"},{"floor":6,"key":"DuplicationPotion"},{"floor":8,"key":"SteroidPotion"},{"floor":12,"key":"Weak Potion"},{"floor":18,"key":"PotionOfCapacity"},{"floor":39,"key":"DistilledChaos"}],"is_trial":false,"path_per_floor":["M","?","?","M","M","E","R","E","T","R","$","E","M","E","R","B",null,"M","M","$","M","$","E","R","E","T","M","M","R","E","$","R","B",null,"M","M","$","?","M","E","R","$","T","M","E","R","E","?","R","B",null,"R","$","E","B",null],"character_chosen":"DEFECT","items_purchased":["Rainbow","HandDrill","Buffer","Seek"],"campfire_rested":0,"item_purchase_floors":[11,20,31,42],"current_hp_per_floor":[68,57,62,59,59,59,59,51,51,51,51,48,48,48,48,48,72,72,72,72,72,72,72,72,72,72,72,72,72,80,80,80,80,80,80,80,80,70,70,70,70,70,70,70,80,80,80,80,80,80,80,80,80,80,80],"gold":137,"neow_bonus":"BOSS_RELIC","is_daily":false,"chose_seed":false,"campfire_upgraded":9,"win_rate":0.0,"timestamp":1613928668,"path_taken":["M","?","?","M","M","E","R","E","T","R","$","E","M","E","R","BOSS","M","M","$","?","$","E","R","E","T","M","M","R","E","$","R","BOSS","M","M","$","?","M","E","R","$","T","M","E","R","E","?","R","BOSS","R","$","E","BOSS"],"items_purchased_type":["Card","Relic","Card","Card"],"build_version":"2020-12-22","purchased_purges":3,"victory":true,"max_hp_per_floor":[75,75,80,80,80,80,80,80,80,80,80,80,80,80,80,80,80,80,80,80,80,80,80,80,80,80,80,80,80,80,80,80,80,80,80,80,80,80,80,80,80,80,80,80,80,80,80,80,80,80,80,80,80,80,80],"card_choices":[{"not_picked":["Force Field","Melter"],"picked":"Coolheaded","floor":1},{"not_picked":["Storm","Coolheaded"],"picked":"BootSequence","floor":4},{"not_picked":["Cold Snap","Scrape","Go for the Eyes"],"picked":"SKIP","floor":5},{"not_picked":["FTL","Chaos","Coolheaded"],"picked":"SKIP","floor":6},{"not_picked":["Force Field","Turbo"],"picked":"Chill","floor":8},{"not_picked":["Biased Cognition","Undo"],"picked":"Reboot","floor":12},{"not_picked":["Stack","Rebound","Compile Driver"],"picked":"SKIP","floor":13},{"not_picked":["Melter","Barrage","Streamline"],"picked":"SKIP","floor":14},{"not_picked":["Machine Learning","Rainbow"],"picked":"Electrodynamics","floor":16},{"not_picked":["Reinforced Body+1","Streamline+1"],"picked":"Loop","floor":18},{"not_picked":["Stack","Beam Cell","Cold Snap"],"picked":"SKIP","floor":19},{"not_picked":["Gash","Steam Power"],"picked":"Consume","floor":21},{"not_picked":["Rebound","Beam Cell+1","Steam"],"picked":"SKIP","floor":23},{"not_picked":["Steam","Ball Lightning","FTL"],"picked":"SKIP","floor":25},{"not_picked":["Gash+1","Conserve Battery"],"picked":"Redo+1","floor":27},{"not_picked":["Genetic Algorithm","Beam Cell"],"picked":"Self Repair","floor":28},{"not_picked":["Conserve Battery","Steam","Ball Lightning"],"picked":"SKIP","floor":30},{"not_picked":["Buffer","Electrodynamics"],"picked":"Thunder Strike","floor":33},{"not_picked":["Conserve Battery+1","Streamline+1","Sweeping Beam+1"],"picked":"SKIP","floor":35},{"not_picked":["Stack","FTL+1","Self Repair"],"picked":"SKIP","floor":36},{"not_picked":["Reprogram","Ball Lightning","Stack+1"],"picked":"SKIP","floor":39},{"not_picked":["Streamline","Rainbow"],"picked":"Seek","floor":40},{"not_picked":["White Noise","Stack","Chill"],"picked":"SKIP","floor":44},{"not_picked":["Defragment+1","Coolheaded","Auto Shields+1"],"picked":"SKIP","floor":45},{"not_picked":["Doom and Gloom","Beam Cell+1","FTL+1"],"picked":"SKIP","floor":47},{"not_picked":["Doom and Gloom","Beam Cell+1","FTL+1"],"picked":"SKIP","floor":47},{"not_picked":["Streamline+1","Tempest+1","Recycle+1"],"picked":"SKIP","floor":54}],"player_experience":438881,"relics_obtained":[{"floor":1,"key":"AddBug"},{"floor":6,"key":"Bronze Scales"},{"floor":8,"key":"SecretRecord"},{"floor":8,"key":"Strawberry"},{"floor":9,"key":"Regal Pillow"},{"floor":12,"key":"Tiny Chest"},{"floor":13,"key":"SecretRecord"},{"floor":14,"key":"Anchor"},{"floor":18,"key":"SecretRecord"},{"floor":23,"key":"Runic Dome"},{"floor":23,"key":"Centennial Puzzle"},{"floor":25,"key":"Pantograph"},{"floor":26,"key":"HornCleat"},{"floor":27,"key":"SecretRecord"},{"floor":30,"key":"Potion Belt"},{"floor":35,"key":"Runic Dome"},{"floor":36,"key":"SecretRecord"},{"floor":39,"key":"SecretRecord"},{"floor":40,"key":"Bottled Lightning"},{"floor":45,"key":"SecretRecord"},{"floor":45,"key":"Bird Faced Urn"},{"floor":47,"key":"MawBank"},{"floor":48,"key":"Meat on the Bone"},{"floor":54,"key":"SecretRecord"},{"floor":54,"key":"Lizard Tail"}],"event_choices":[{"damage_healed":0,"gold_gain":75,"player_choice":"Gather Gold","damage_taken":11,"max_hp_gain":0,"max_hp_loss":0,"event_name":"World of Goop","floor":2,"gold_loss":0},{"damage_healed":0,"gold_gain":0,"player_choice":"Got Potions","damage_taken":0,"max_hp_gain":0,"max_hp_loss":0,"event_name":"Lab","floor":3,"gold_loss":0},{"damage_healed":0,"gold_gain":0,"player_choice":"Embrace Madness","damage_taken":10,"max_hp_gain":0,"max_hp_loss":0,"event_name":"Winding Halls","floor":38,"gold_loss":0,"cards_obtained":["Madness","Madness"]},{"damage_healed":0,"gold_gain":0,"player_choice":"Relic","damage_taken":0,"max_hp_gain":0,"max_hp_loss":0,"event_name":"Wheel of Change","floor":48,"gold_loss":0}],"is_beta":false,"boss_relics":[{"not_picked":["Busted Crown","Calling Bell"],"picked":"AddBug"},{"not_picked":["Fusion Hammer","EasyGame_NEW"],"picked":"Black Star"}],"items_purged_floors":[11,20,37],"is_endless":false,"potions_floor_spawned":[1,6,8,12,13,16,18,23,33,39,40,44,54],"ascension_level":9}}