{"host":"zizeror0v90hbyn9","time":1613893084,"event":{"mods":["Aspiration","BaseMod","Downfall","Friendly Minions","Koishi","Marisa£®ÏF”Í°°ƒß¿Ì…≥£©","Minty Spire (QoL Compilation)","Prisma Mod","Replay The Spire","StSLib","The Animator","The Bug Knight","The Cursed","The Servant 0.9.4","Youmu£®ªÍ∆«—˝√Œ£©"],"gold_per_floor":[114,114,114,133,152,152,190,190,215,215,215],"floor_reached":10,"language":"ZHS","playtime":359,"items_purged":[],"score":91,"play_id":"59c98efa-f58e-43f5-b87d-566cd397c67a","local_time":"20210221153804","daily_mods":["Specialized","Flight","Terminal"],"is_ascension_mode":false,"campfire_choices":[{"data":"Neutralize","floor":6.0,"key":"SMITH"},{"data":"Concentrate","floor":8.0,"key":"SMITH"}],"circlet_count":0,"master_deck":["Strike_G","Strike_G","Strike_G","Strike_G","Strike_G","Defend_G","Defend_G","Defend_G","Defend_G","Defend_G","Survivor","Neutralize+1","Choke","Choke","Choke","Choke","Choke","Concentrate+1","Backflip"],"relics":["Ring of the Snake","Golden Idol","Ancient Tea Set","Potion Belt","Bronze Scales"],"acts_visited":[],"potions_floor_usage":[],"damage_taken":[{"damage":0.0,"enemies":"Small Slimes","floor":1.0,"turns":3.0},{"damage":0.0,"enemies":"2 Louse","floor":4.0,"turns":2.0},{"damage":0.0,"enemies":"Jaw Worm","floor":5.0,"turns":3.0},{"damage":5.0,"enemies":"Gremlin Nob","floor":7.0,"turns":3.0},{"damage":0,"enemies":"3 Sentries","floor":10,"turns":1}],"seed_played":"4005297234989847306","potions_obtained":[{"floor":1.0,"key":"Energy Potion"},{"floor":5.0,"key":"BlessingOfTheForge"},{"floor":7.0,"key":"Poison Potion"}],"is_trial":false,"path_per_floor":["M","?","?","M","M","R","E","R","T","E"],"character_chosen":"THE_SILENT","items_purchased":[],"campfire_rested":0,"item_purchase_floors":[],"current_hp_per_floor":[68,51,39,39,39,39,34,34,34,34,34],"gold":215,"neow_bonus":"","is_daily":true,"chose_seed":false,"campfire_upgraded":2,"win_rate":0.0,"timestamp":1613893084,"path_taken":["M","?","?","?","M","R","E","R","T","E"],"items_purchased_type":[],"build_version":"2020-12-22","purchased_purges":0,"victory":false,"max_hp_per_floor":[68,67,66,65,64,63,62,61,60,60,60],"card_choices":[{"not_picked":["Finisher","Dodge and Roll","Setup"],"picked":"SKIP","floor":1.0},{"not_picked":["Expertise","Dodge and Roll"],"picked":"Concentrate","floor":4.0},{"not_picked":["Outmaneuver","Bane","Sucker Punch"],"picked":"SKIP","floor":5.0},{"not_picked":["Predator","After Image"],"picked":"Backflip","floor":7.0}],"player_experience":139256,"relics_obtained":[{"floor":7.0,"key":"Potion Belt"},{"floor":9.0,"key":"Bronze Scales"}],"event_choices":[{"damage_healed":0.0,"max_hp_gain":0.0,"max_hp_loss":0.0,"gold_gain":0.0,"event_name":"Golden Idol","player_choice":"Take Damage","floor":2.0,"gold_loss":0.0,"damage_taken":17.0,"relics_obtained":["Golden Idol"]},{"damage_healed":0.0,"max_hp_gain":0.0,"max_hp_loss":0.0,"gold_gain":0.0,"event_name":"Scrap Ooze","player_choice":"Success","floor":3.0,"gold_loss":0.0,"damage_taken":12.0,"relics_obtained":["Ancient Tea Set"]}],"is_beta":false,"boss_relics":[],"items_purged_floors":[],"is_endless":false,"potions_floor_spawned":[1,5,7],"killed_by":"3 Sentries","ascension_level":0}}