{"host":"4a6fro0of1ie0h2w","time":1613927829,"event":{"mods":["Aspiration","BaseMod","CCEM2","Colored Map","Conspire","Downfall","GifTheSpireLib","Halation","Highlight Path","Hubris","Infinite Spire","Marisa????????","Minty Spire (QoL Compilation)","Permanent Neow","Replay The Spire","StSLib","Stuff the Spire","The Servant 0.9.4"],"gold_per_floor":[99,116,128,144,161,193,193,193,193,193],"floor_reached":8,"language":"ENG","playtime":323,"items_purged":[],"score":67,"play_id":"8d927764-3a54-46a3-b229-87cf00dbb4a9","local_time":"20210221191709","is_ascension_mode":true,"campfire_choices":[{"data":"champ:Taunt","floor":1,"key":"SMITH"}],"circlet_count":0,"master_deck":["champ:Strike","champ:Strike","champ:Strike","champ:Strike","champ:Defend","champ:Defend","champ:Defend","champ:Defend","champ:Execute","champ:Taunt+1","champ:EndlessRage","champ:ShieldSigil","champ:FanOfKnives","champ:AdrenalArmor"],"relics":["champ:ChampionCrown","infinitespire:PuzzleCube","halation:LettersToHer"],"acts_visited":["Exordium"],"potions_floor_usage":[6],"damage_taken":[{"damage":13,"enemies":"conspire:RoseBush","floor":2,"turns":4},{"damage":34,"enemies":"Cultist","floor":3,"turns":5},{"damage":19,"enemies":"Small Slimes","floor":4,"turns":4},{"damage":40,"enemies":"2 Fungi Beasts","floor":5,"turns":4},{"damage":28,"enemies":"Gremlin Nob","floor":6,"turns":3},{"damage":47,"enemies":"Replay:BlueRogue","floor":8,"turns":7}],"seed_played":"-1408713589506031270","potions_obtained":[{"floor":3,"key":"Death Potion"},{"floor":5,"key":"LiquidBronze"}],"is_trial":false,"path_per_floor":["R","M","M","M","M","E","T","E"],"character_chosen":"THE_CHAMP","items_purchased":[],"campfire_rested":0,"item_purchase_floors":[],"current_hp_per_floor":[90,87,73,64,54,26,26,0,0,0],"gold":193,"neow_bonus":"RANDOM_COMMON_RELIC","is_daily":false,"chose_seed":false,"campfire_upgraded":1,"win_rate":0.0,"timestamp":1613927829,"path_taken":["R","M","M","M","?","E","T","E"],"items_purchased_type":[],"build_version":"2020-12-22","purchased_purges":0,"victory":false,"max_hp_per_floor":[90,90,90,90,90,90,90,90,90,90],"card_choices":[{"not_picked":["champ:EnGarde","champ:CrownThrow"],"picked":"champ:EndlessRage","floor":2},{"not_picked":["champ:EnGarde","champ:Circumvent"],"picked":"champ:ShieldSigil","floor":3},{"not_picked":["champ:BerserkersShout","champ:GutPunch"],"picked":"champ:FanOfKnives","floor":4},{"not_picked":["champ:CrownThrow","champ:PreemptiveStrike","champ:FlashCut"],"picked":"SKIP","floor":5},{"not_picked":["champ:Encircle","champ:ArenaPreparation"],"picked":"champ:AdrenalArmor","floor":6}],"player_experience":244539,"relics_obtained":[{"floor":6,"key":"halation:LettersToHer"},{"floor":7,"key":"halation:LettersToHer"}],"event_choices":[],"is_beta":false,"boss_relics":[],"items_purged_floors":[],"is_endless":false,"potions_floor_spawned":[3,5],"killed_by":"Replay:BlueRogue","ascension_level":3}}