{"host":"mu5qkq7030l6349q","time":1613917539,"event":{"mods":["AchievementEnabler","BaseMod","Colored Powertips","Downfall","Highlight Path","Minty Spire (QoL Compilation)","Permanent Neow","Rare Cards Sparkle","Relic Sorter","Relic Stats","StSLib"],"gold_per_floor":[99,119,139,159,169,169,216,25,55,65,99,99,111,161,176,176,176,176],"floor_reached":16,"language":"ENG","playtime":1212,"items_purged":["sneckomod:Strike"],"score":114,"play_id":"7bb8593e-1fc9-4116-8511-f12238d844ac","local_time":"20210221152539","is_ascension_mode":false,"campfire_choices":[{"floor":12,"key":"REST"}],"circlet_count":0,"master_deck":["sneckomod:Strike","sneckomod:Strike","sneckomod:Defend","sneckomod:Defend","sneckomod:Defend","sneckomod:TailWhip","sneckomod:SnekBite","sneckomod:Unknown","sneckomod:UnknownRareSkill","Guardian:FierceBash","sneckomod:CheapStock","sneckomod:WideSting","sneckomod:QuickMove","sneckomod:UnendingSupply","sneckomod:SoulExchange","sneckomod:UnknownBoss","sneckomod:QuickMove","sneckomod:UnknownClassSLIMEBOUND","sneckomod:SoulCleanse","sneckomod:SnakeSap","CurseOfTheBell","CurseOfTheBell","downfall:Icky","sneckomod:MorePower","sneckomod:UnknownUncommonSkill+1"],"relics":["sneckomod:SneckoSoul","SsserpentHead","Orichalcum","Regal Pillow","MealTicket","downfall:ExtraCursedBell","Vajra","Mummified Hand","Unceasing Top"],"acts_visited":["Exordium"],"potions_floor_usage":[15],"damage_taken":[{"damage":0,"enemies":"Cultist","floor":2,"turns":1},{"damage":6,"enemies":"Small Slimes","floor":3,"turns":3},{"damage":6,"enemies":"Jaw Worm","floor":4,"turns":3},{"damage":21,"enemies":"Exordium Thugs","floor":5,"turns":4},{"damage":4,"enemies":"downfall:FleeingMerchant","floor":8,"turns":4},{"damage":23,"enemies":"Gremlin Nob","floor":9,"turns":5},{"damage":0,"enemies":"2 Fungi Beasts","floor":10,"turns":4},{"damage":13,"enemies":"Lagavulin","floor":11,"turns":6},{"damage":18,"enemies":"Gremlin Gang","floor":13,"turns":4},{"damage":0,"enemies":"Blue Slaver","floor":15,"turns":4},{"damage":38,"enemies":"DF_ARCHETYPE_STREAMLINE","floor":16,"turns":6}],"seed_played":"-5750149947064434353","potions_obtained":[{"floor":3,"key":"AttackPotion"},{"floor":5,"key":"SteroidPotion"},{"floor":11,"key":"sneckomod:OffclassReductionPotion"},{"floor":13,"key":"EssenceOfSteel"},{"floor":15,"key":"Explosive Potion"}],"is_trial":false,"path_per_floor":["R","M","M","M","M","?","T","$","E","M","E","R","M","?","M","B"],"character_chosen":"THE_SNECKO","items_purchased":["sneckomod:UnknownBoss"],"campfire_rested":1,"item_purchase_floors":[8],"current_hp_per_floor":[81,81,75,69,48,48,48,44,21,21,8,47,29,29,29,0,0,0],"gold":176,"neow_bonus":"THREE_RARE_CARDS","is_daily":false,"chose_seed":false,"campfire_upgraded":0,"win_rate":0.0,"timestamp":1613917539,"path_taken":["R","M","?","M","M","?","T","?","E","M","E","R","M","?","M","BOSS"],"items_purchased_type":["Card"],"build_version":"2020-12-22","purchased_purges":1,"victory":false,"max_hp_per_floor":[81,81,81,81,81,81,81,81,81,81,81,81,81,81,81,81,81,81],"relic_stats":{"SsserpentHead":100,"Regal Pillow":15,"counters":[11,44],"Mummified Hand":[5],"MealTicket":0,"Orichalcum":[84],"obtain_stats":[{"SsserpentHead":6,"Regal Pillow":9,"Mummified Hand":14,"Vajra":14,"MealTicket":11,"Orichalcum":7,"downfall:ExtraCursedBell":14,"sneckomod:SneckoSoul":0,"Unceasing Top":14},{"SsserpentHead":4,"Regal Pillow":6,"Mummified Hand":9,"Vajra":9,"MealTicket":8,"Orichalcum":4,"downfall:ExtraCursedBell":9,"sneckomod:SneckoSoul":0,"Unceasing Top":9},{"SsserpentHead":11,"Regal Pillow":20,"Mummified Hand":34,"Vajra":34,"MealTicket":30,"Orichalcum":11,"downfall:ExtraCursedBell":34,"sneckomod:SneckoSoul":0,"Unceasing Top":34}],"Unceasing Top":[1]},"card_choices":[{"not_picked":["sneckomod:Mudshield","sneckomod:Unknown3Cost"],"picked":"sneckomod:UnknownRareSkill","floor":0.0},{"not_picked":["sneckomod:UnknownUncommonSkill","sneckomod:UnknownBlock"],"picked":"sneckomod:CheapStock","floor":2},{"not_picked":["sneckomod:SoulCleanse","sneckomod:ImprovisedGuard"],"picked":"sneckomod:WideSting","floor":3},{"not_picked":["sneckomod:UnknownUncommonAttack","sneckomod:UnknownCommonAttack"],"picked":"sneckomod:QuickMove","floor":4},{"not_picked":["sneckomod:UnknownUncommonAttack","sneckomod:IronFang"],"picked":"sneckomod:UnendingSupply","floor":5},{"not_picked":["sneckomod:SnakeSap","sneckomod:UnknownUncommonAttack"],"picked":"sneckomod:SoulExchange","floor":8},{"not_picked":["sneckomod:UnknownClassGUARDIAN","sneckomod:RainOfDice"],"picked":"sneckomod:QuickMove","floor":9},{"not_picked":["sneckomod:SoulDraw","sneckomod:ImprovisedGuard"],"picked":"sneckomod:UnknownClassSLIMEBOUND","floor":10},{"not_picked":["sneckomod:WideSting","sneckomod:UnknownClassGUARDIAN"],"picked":"sneckomod:SoulCleanse","floor":11},{"not_picked":["sneckomod:Unknown1Cost","sneckomod:IronFang"],"picked":"sneckomod:SnakeSap","floor":13},{"not_picked":["sneckomod:UnknownClassGUARDIAN+1","sneckomod:Unknown2Cost+1"],"picked":"sneckomod:UnknownUncommonSkill+1","floor":15},{"not_picked":["sneckomod:UnknownUncommonAttack","sneckomod:DefensiveFlair","sneckomod:ImprovisedGuard"],"picked":"SKIP","floor":15}],"player_experience":67649,"relics_obtained":[{"floor":7,"key":"Orichalcum"},{"floor":9,"key":"Regal Pillow"},{"floor":11,"key":"MealTicket"},{"floor":14,"key":"Vajra"},{"floor":14,"key":"Mummified Hand"},{"floor":14,"key":"Unceasing Top"}],"event_choices":[{"damage_healed":0,"gold_gain":0,"player_choice":"Trade","damage_taken":0,"relics_obtained":["SsserpentHead"],"max_hp_gain":0,"max_hp_loss":0,"event_name":"FaceTrader","floor":6,"gold_loss":0}],"is_beta":false,"boss_relics":[],"items_purged_floors":[8],"is_endless":false,"potions_floor_spawned":[3,5,11,13,15],"killed_by":"DF_ARCHETYPE_STREAMLINE","ascension_level":0}}