{"host":"2v5ohf7wm2xxhuzf","time":1613871472,"event":{"mods":["AchievementEnabler","BaseMod","Better Altar","Better Match","Better Note","Better Sensory Stone","Better Skull","Colored Map","Minty Spire (QoL Compilation)","Permanent Neow","Relic Stats","StSLib","UnlockEverythingMod"],"gold_per_floor":[19,169,94,94,5,39,39,68,92,179,245,302,314,370,382,470,482,537,75,25,55,55],"floor_reached":21,"language":"ENG","playtime":938,"items_purged":[],"score":482,"play_id":"84066ff2-20ef-44f5-a394-6b22204b2beb","local_time":"20210220203752","is_ascension_mode":true,"campfire_choices":[{"data":"Conclude","floor":7.0,"key":"SMITH"},{"floor":15.0,"key":"REST"}],"circlet_count":0,"master_deck":["AscendersBane","Strike_P","Strike_P","Strike_P","Defend_P","Defend_P","Defend_P","Eruption","Vigilance","Devotion","DevaForm","Prostrate","Dark Shackles","Conclude+1","WaveOfTheHand","Wish+1","Crescendo","Tantrum","Scrawl","Wireheading+1","LikeWater"],"relics":["HolyWater","StrikeDummy","Bottled Tornado","MawBank","The Courier","Eternal Feather","Omamori"],"acts_visited":["Exordium","TheCity"],"potions_floor_usage":[21],"damage_taken":[{"damage":9.0,"enemies":"Jaw Worm","floor":1.0,"turns":6.0},{"damage":0.0,"enemies":"Lagavulin","floor":6.0,"turns":5.0},{"damage":15.0,"enemies":"Gremlin Nob","floor":8.0,"turns":3.0},{"damage":21.0,"enemies":"3 Sentries","floor":11.0,"turns":7.0},{"damage":0.0,"enemies":"Small Slimes","floor":12.0,"turns":5.0},{"damage":0.0,"enemies":"2 Louse","floor":14.0,"turns":6.0},{"damage":0.0,"enemies":"The Guardian","floor":16.0,"turns":10.0},{"damage":22.0,"enemies":"3 Byrds","floor":18.0,"turns":4.0},{"damage":44,"enemies":"Spheric Guardian","floor":21,"turns":3}],"seed_played":"7560966274427421057","potions_obtained":[{"floor":6.0,"key":"Strength Potion"},{"floor":8.0,"key":"SteroidPotion"},{"floor":16.0,"key":"Energy Potion"},{"floor":18.0,"key":"Energy Potion"}],"is_trial":false,"path_per_floor":["M","?","?","?","$","E","R","E","T","?","E","M","?","M","R","B",null,"M","$","?","M"],"character_chosen":"WATCHER","items_purchased":["Conclude","Wireheading","Eternal Feather","LikeWater","Omamori"],"campfire_rested":1,"item_purchase_floors":[5,19,19,19,19],"current_hp_per_floor":[52,52,52,52,52,52,52,37,37,37,16,16,16,16,36,36,60,38,38,38,0,0],"gold":55,"neow_bonus":"TRANSFORM_TWO_CARDS","is_daily":false,"chose_seed":false,"campfire_upgraded":1,"win_rate":0.0,"timestamp":1613871472,"path_taken":["M","?","?","?","$","E","R","E","T","?","E","?","?","M","R","BOSS","M","$","?","M"],"items_purchased_type":["Card","Card","Relic","Card","Relic"],"build_version":"2020-12-22","purchased_purges":0,"victory":false,"max_hp_per_floor":[68,68,68,68,68,68,68,68,68,68,68,68,68,68,68,68,68,68,68,68,68,68],"relic_stats":{"counters":[9,49],"Eternal Feather":0,"MawBank":120,"obtain_stats":[{"HolyWater":17,"Eternal Feather":19,"The Courier":11,"Omamori":19,"PureWater":0,"Bottled Tornado":8,"StrikeDummy":6,"MawBank":9},{"HolyWater":7,"Eternal Feather":8,"The Courier":4,"Omamori":8,"PureWater":0,"Bottled Tornado":3,"StrikeDummy":2,"MawBank":3},{"HolyWater":42,"Eternal Feather":46,"The Courier":21,"Omamori":46,"PureWater":0,"Bottled Tornado":14,"StrikeDummy":11,"MawBank":14}]},"card_choices":[{"not_picked":["CrushJoints","FollowUp"],"picked":"Prostrate","floor":1.0},{"not_picked":["Madness","Impatience"],"picked":"Dark Shackles","floor":4.0},{"not_picked":["Conclude","WreathOfFlame"],"picked":"WaveOfTheHand","floor":6.0},{"not_picked":["Meditate","Tantrum"],"picked":"Wish","floor":8.0},{"not_picked":["Halt","FlyingSleeves","Study"],"picked":"SKIP","floor":11.0},{"not_picked":["EmptyFist","EmptyBody"],"picked":"Crescendo","floor":12.0},{"not_picked":["Protect","MentalFortress"],"picked":"Tantrum","floor":14.0},{"not_picked":["Alpha","Blasphemy"],"picked":"Scrawl","floor":16.0},{"not_picked":["SignatureMove","JustLucky","ClearTheMind"],"picked":"SKIP","floor":18.0}],"player_experience":0,"relics_obtained":[{"floor":6.0,"key":"StrikeDummy"},{"floor":8.0,"key":"Bottled Tornado"},{"floor":9.0,"key":"MawBank"},{"floor":11.0,"key":"The Courier"}],"event_choices":[{"damage_healed":0.0,"max_hp_gain":0.0,"max_hp_loss":0.0,"gold_gain":150.0,"event_name":"Liars Game","player_choice":"AGREE","floor":2.0,"gold_loss":0.0,"damage_taken":0.0,"cards_obtained":["Doubt"]},{"cards_removed":["Doubt"],"damage_healed":0.0,"max_hp_gain":0.0,"max_hp_loss":0.0,"gold_gain":0.0,"event_name":"The Cleric","player_choice":"Card Removal","floor":3.0,"gold_loss":75.0,"damage_taken":0.0},{"damage_healed":0.0,"max_hp_gain":0.0,"max_hp_loss":0.0,"gold_gain":1.0,"event_name":"betterStone:BetterStone","player_choice":"1","floor":4.0,"gold_loss":0.0,"damage_taken":0.0},{"damage_healed":0.0,"max_hp_gain":0.0,"max_hp_loss":0.0,"gold_gain":75.0,"event_name":"Golden Wing","player_choice":"Gained Gold","floor":10.0,"gold_loss":0.0,"damage_taken":0.0},{"damage_healed":0.0,"max_hp_gain":0.0,"max_hp_loss":0.0,"gold_gain":0.0,"event_name":"Living Wall","player_choice":"Grow","floor":13.0,"gold_loss":0.0,"damage_taken":0.0,"cards_upgraded":["Wish"]},{"damage_healed":0.0,"max_hp_gain":0.0,"max_hp_loss":0.0,"gold_gain":0.0,"event_name":"Designer","player_choice":"Upgrade","floor":20.0,"gold_loss":50.0,"damage_taken":0.0,"cards_upgraded":["Wireheading"]}],"is_beta":false,"boss_relics":[{"not_picked":["VioletLotus","Cursed Key"],"picked":"HolyWater"}],"items_purged_floors":[],"is_endless":false,"potions_floor_spawned":[6,8,16,18],"killed_by":"Spheric Guardian","ascension_level":16}}