{"host":"lzlnscgb2n0l5w2m","time":1613922440,"event":{"mods":["AchievementEnabler","Act Like it!","BaseMod","Block Reminder","Colored Map","Colored Powertips","Highlight Path","Minty Spire (QoL Compilation)","Permanent Neow","Relic Stats","StSLib"],"gold_per_floor":[111,11,21,36,52,52,81,91,117,150,165,165,240,240,240,345,345,360,209,226,237,162,189,189,189,214,214,313,58,58,93,93,93,93],"floor_reached":33,"language":"ZHT","playtime":2125,"items_purged":["Strike_R","Strike_R"],"score":396,"play_id":"1580e396-15dc-40c7-9ed1-3c0dd391fe6e","local_time":"20210221234720","is_ascension_mode":true,"campfire_choices":[{"data":"Searing Blow","floor":6.0,"key":"SMITH"},{"floor":12.0,"key":"REST"},{"data":"Searing Blow+1","floor":15.0,"key":"SMITH"},{"data":"Searing Blow+2","floor":24,"key":"SMITH"},{"data":"1","floor":27,"key":"LIFT"},{"floor":30,"key":"REST"},{"data":"2","floor":32,"key":"LIFT"}],"circlet_count":0,"master_deck":["Strike_R","Strike_R","Defend_R","Defend_R","Defend_R","Defend_R","Bash","Secret Weapon","Shockwave","Headbutt","Searing Blow+3","Disarm","Inflame","Impervious","Shockwave","Headbutt","Demon Form","Shockwave+1","Clumsy","Parasite","Battle Trance+1"],"relics":["Burning Blood","Girya","Happy Flower","Oddly Smooth Stone","Cursed Key","Juzu Bracelet","Blood Vial","Regal Pillow","Meat on the Bone","Toy Ornithopter"],"acts_visited":["Exordium","TheCity"],"potions_floor_usage":[23,31,33,33],"damage_taken":[{"damage":2.0,"enemies":"2 Louse","floor":1.0,"turns":5.0},{"damage":8.0,"enemies":"Small Slimes","floor":3.0,"turns":4.0},{"damage":2.0,"enemies":"Cultist","floor":4.0,"turns":5.0},{"damage":27.0,"enemies":"Gremlin Gang","floor":5.0,"turns":6.0},{"damage":18.0,"enemies":"Gremlin Nob","floor":7.0,"turns":4.0},{"damage":28.0,"enemies":"Exordium Wildlife","floor":8.0,"turns":6.0},{"damage":21.0,"enemies":"Lagavulin","floor":10.0,"turns":7.0},{"damage":4.0,"enemies":"3 Louse","floor":11.0,"turns":4.0},{"damage":13,"enemies":"Slime Boss","floor":16,"turns":6},{"damage":2,"enemies":"Chosen","floor":18,"turns":4},{"damage":16,"enemies":"3 Byrds","floor":20,"turns":5},{"damage":12,"enemies":"Snecko","floor":21,"turns":4},{"damage":45,"enemies":"Book of Stabbing","floor":23,"turns":7},{"damage":25,"enemies":"Gremlin Leader","floor":31,"turns":5},{"damage":74,"enemies":"Automaton","floor":33,"turns":6}],"seed_played":"-1177066849321819418","potions_obtained":[{"floor":1.0,"key":"SteroidPotion"},{"floor":5.0,"key":"Regen Potion"},{"floor":8.0,"key":"Energy Potion"},{"floor":16,"key":"BloodPotion"},{"floor":23,"key":"EssenceOfSteel"}],"is_trial":false,"path_per_floor":["M","$","M","M","M","R","E","M","T","E","M","R","?","?","R","B",null,"M","$","M","M","?","E","R","T","T","R","?","$","R","E","R","B"],"character_chosen":"IRONCLAD","items_purchased":["Headbutt","Dexterity Potion","Meat on the Bone"],"campfire_rested":2,"item_purchase_floors":[2,19,29],"current_hp_per_floor":[72,72,70,72,51,51,51,29,29,14,16,37,26,26,26,19,59,63,63,53,47,47,22,22,22,22,22,22,22,58,53,53,0,0],"gold":93,"neow_bonus":"RANDOM_COLORLESS_2","is_daily":false,"chose_seed":false,"campfire_upgraded":3,"win_rate":0.0,"timestamp":1613922440,"path_taken":["M","$","M","M","M","R","E","M","T","E","M","R","?","?","R","BOSS","M","$","?","?","?","E","R","?","T","R","?","?","R","E","R","BOSS"],"items_purchased_type":["Card","Potion","Relic"],"build_version":"2020-12-22","purchased_purges":2,"victory":false,"max_hp_per_floor":[72,72,72,72,72,72,72,72,72,72,72,72,72,72,72,72,72,72,72,72,72,72,72,72,72,72,72,72,72,72,72,72,72,72],"relic_stats":{"Blood Vial":4,"Regal Pillow":15,"Happy Flower":[16],"counters":[15,78],"Juzu Bracelet":0,"Cursed Key":2,"obtain_stats":[{"Blood Vial":25,"Girya":7,"Regal Pillow":26,"Happy Flower":9,"Oddly Smooth Stone":10,"Juzu Bracelet":23,"Cursed Key":17,"Burning Blood":0,"Toy Ornithopter":31,"Meat on the Bone":29},{"Blood Vial":13,"Girya":5,"Regal Pillow":13,"Happy Flower":6,"Oddly Smooth Stone":7,"Juzu Bracelet":13,"Cursed Key":9,"Burning Blood":0,"Toy Ornithopter":14,"Meat on the Bone":13},{"Blood Vial":67,"Girya":24,"Regal Pillow":67,"Happy Flower":30,"Oddly Smooth Stone":37,"Juzu Bracelet":67,"Cursed Key":47,"Burning Blood":0,"Toy Ornithopter":72,"Meat on the Bone":67}],"Burning Blood":78,"Toy Ornithopter":10,"Meat on the Bone":12},"card_choices":[{"not_picked":["Transmutation","Secret Technique"],"picked":"Secret Weapon","floor":0.0},{"not_picked":["Iron Wave","Cleave"],"picked":"Shockwave","floor":1.0},{"not_picked":["Infernal Blade","Twin Strike"],"picked":"Searing Blow","floor":3.0},{"not_picked":["Headbutt","Body Slam"],"picked":"Disarm","floor":4.0},{"not_picked":["Flex","Infernal Blade"],"picked":"Inflame","floor":5.0},{"not_picked":["Iron Wave","Power Through","Searing Blow"],"picked":"SKIP","floor":7.0},{"not_picked":["True Grit","Body Slam"],"picked":"Impervious","floor":8.0},{"not_picked":["Perfected Strike","Whirlwind","Combust"],"picked":"SKIP","floor":10.0},{"not_picked":["Uppercut","Heavy Blade"],"picked":"Shockwave","floor":11.0},{"not_picked":["Offering","Bludgeon"],"picked":"Demon Form","floor":16},{"not_picked":["Body Slam","Clothesline"],"picked":"Shockwave+1","floor":18},{"not_picked":["Rupture+1","Pommel Strike","Wild Strike"],"picked":"SKIP","floor":20},{"not_picked":["Clothesline","Thunderclap+1","Carnage"],"picked":"SKIP","floor":21},{"not_picked":["Infernal Blade","Wild Strike","Rupture"],"picked":"SKIP","floor":23},{"not_picked":["Metallicize","Dark Embrace+1"],"picked":"Battle Trance+1","floor":31}],"player_experience":288978,"relics_obtained":[{"floor":7.0,"key":"Girya"},{"floor":9.0,"key":"Happy Flower"},{"floor":10.0,"key":"Oddly Smooth Stone"},{"floor":23,"key":"Juzu Bracelet"},{"floor":25,"key":"Blood Vial"},{"floor":26,"key":"Regal Pillow"},{"floor":31,"key":"Toy Ornithopter"}],"event_choices":[{"damage_healed":0.0,"max_hp_gain":0.0,"max_hp_loss":0.0,"gold_gain":75.0,"event_name":"World of Goop","player_choice":"Gather Gold","floor":13.0,"gold_loss":0.0,"damage_taken":11.0},{"damage_healed":0.0,"max_hp_gain":0.0,"max_hp_loss":0.0,"gold_gain":0.0,"event_name":"Match and Keep!","player_choice":"1 cards matched","floor":14.0,"gold_loss":0.0,"damage_taken":0.0,"cards_obtained":["Headbutt"]},{"cards_removed":["Strike_R"],"damage_healed":0,"gold_gain":0,"player_choice":"Gave Gold","damage_taken":0,"max_hp_gain":0,"max_hp_loss":0,"event_name":"Beggar","floor":22,"gold_loss":75},{"damage_healed":0,"gold_gain":99,"player_choice":"Stole From Cult","damage_taken":0,"max_hp_gain":0,"max_hp_loss":0,"event_name":"Nest","floor":28,"gold_loss":0}],"is_beta":false,"boss_relics":[{"not_picked":["Empty Cage","Astrolabe"],"picked":"Cursed Key"}],"items_purged_floors":[2,19],"is_endless":false,"potions_floor_spawned":[1,5,8,16,23],"killed_by":"Automaton","ascension_level":7}}