{"host":"s509oin3ptw7n5v1","time":1613947331,"event":{"mods":["2.2 Compatiblity","AchievementEnabler","BaseMod","Colored Map","Colored Powertips","Highlight Path","Minty Spire (QoL Compilation)","Rare Cards Sparkle","Relic Stats","Spicy Shops","StSLib"],"gold_per_floor":[111,111,12,27,38,38,38,38],"floor_reached":7,"language":"ENG","playtime":1173,"items_purged":[],"score":53,"play_id":"1b443639-3ef2-49cb-ad77-3aad048aa96b","local_time":"20210221174211","is_ascension_mode":true,"campfire_choices":[],"circlet_count":0,"master_deck":["Strike_G","Strike_G","Strike_G","Defend_G","Defend_G","Defend_G","Defend_G","Defend_G","Survivor","Neutralize","Footwork","Adrenaline","Noxious Fumes","Acrobatics","Dagger Spray","Caltrops"],"relics":["Ring of the Snake","Tiny Chest"],"acts_visited":["Exordium"],"potions_floor_usage":[],"damage_taken":[{"damage":3.0,"enemies":"Jaw Worm","floor":1.0,"turns":5.0},{"damage":0.0,"enemies":"Small Slimes","floor":4.0,"turns":4.0},{"damage":0.0,"enemies":"Cultist","floor":5.0,"turns":3.0},{"damage":53,"enemies":"Gremlin Nob","floor":7,"turns":6}],"seed_played":"-708857329602235770","potions_obtained":[{"floor":1.0,"key":"AttackPotion"}],"is_trial":false,"path_per_floor":["M","?","$","M","M","?","E"],"character_chosen":"THE_SILENT","items_purchased":["Noxious Fumes","Acrobatics"],"campfire_rested":0,"item_purchase_floors":[3,3],"current_hp_per_floor":[60,60,60,60,60,53,0,0],"gold":38,"neow_bonus":"RANDOM_COMMON_RELIC","is_daily":false,"chose_seed":false,"campfire_upgraded":0,"win_rate":0.0,"timestamp":1613947331,"path_taken":["M","?","$","M","M","?","E"],"items_purchased_type":["Card","Card"],"build_version":"2020-12-22","purchased_purges":0,"victory":false,"max_hp_per_floor":[70,70,70,70,70,70,70,70],"relic_stats":{"counters":[4,18],"Tiny Chest":0,"obtain_stats":[{"Tiny Chest":0,"Ring of the Snake":0},{"Tiny Chest":0,"Ring of the Snake":0},{"Tiny Chest":0,"Ring of the Snake":0}],"Ring of the Snake":[8]},"card_choices":[{"not_picked":["Masterful Stab","Deflect"],"picked":"Footwork","floor":1.0},{"not_picked":["Dagger Throw","Blade Dance"],"picked":"Dagger Spray","floor":4.0},{"not_picked":["Underhanded Strike","Blade Dance"],"picked":"Caltrops","floor":5.0}],"player_experience":1234639,"relics_obtained":[],"event_choices":[{"damage_healed":0.0,"max_hp_gain":0.0,"max_hp_loss":0.0,"gold_gain":0.0,"cards_transformed":["Strike_G"],"event_name":"Living Wall","player_choice":"Change","floor":2.0,"gold_loss":0.0,"damage_taken":0.0,"cards_obtained":["Adrenaline"]},{"cards_removed":["Strike_G"],"damage_healed":0.0,"max_hp_gain":0.0,"max_hp_loss":0.0,"gold_gain":0.0,"event_name":"Golden Wing","player_choice":"Card Removal","floor":6.0,"gold_loss":0.0,"damage_taken":7.0}],"is_beta":false,"boss_relics":[],"items_purged_floors":[],"is_endless":false,"potions_floor_spawned":[1],"killed_by":"Gremlin Nob","ascension_level":6}}