{"host":"dn6kke80v5f7isus","time":1613942211,"event":{"mods":["AchievementEnabler","Act Like it!","Astrologer","Bard","BaseMod","Colored Powertips","Custom Start","Defuse TimeMaze Blight","Energized Spire","Gremlin Skip","Highlight Path","Hubris","Infinite Spire","Marisa????????","Marked Mod","Minty Spire (QoL Compilation)","Quick Restart","Rare Cards Sparkle","Reliquary","Replay The Spire","StSLib","The Servant 0.9.4","Uncapped","Unceasing Turn Reminder"],"gold_per_floor":[117,117,137,222,70,102,7247,7247,7321,7351,7351,7362,6915,6948,6948,7050,7050,7064,7064,6200,6200,6211,6240,6240,6266,6290,6290,6148,6165,6165,6179,6179,6275,6275,6285,6285,5576,5586,5025,5059,5059,5101,5101,5101,5183,5204,5204,5204],"floor_reached":47,"language":"ENG","playtime":1932,"items_purged":["Strike_B","Doom and Gloom+1"],"score":741,"play_id":"037f6b79-32b6-405b-9f8c-e002063469ae","local_time":"20210221161651","is_ascension_mode":true,"campfire_choices":[{"data":"Genetic Algorithm","floor":8,"key":"SMITH"},{"data":"ReplayTheSpireMod:Private Reserves","floor":11,"key":"SMITH"},{"floor":15,"key":"REST"},{"floor":24,"key":"REST"},{"data":"Defragment","floor":24,"key":"SMITH"},{"floor":27,"key":"REST"},{"data":"Secret Technique","floor":27,"key":"SMITH"},{"floor":32,"key":"DIG"}],"circlet_count":0,"master_deck":["Strike_B+1","Defend_B+1","Zap+1","Dualcast+1","Echo Form+1","Defragment+1","Gash+1","ReplayTheSpireMod:Calculation Training+1","Genetic Algorithm+1","ReplayTheSpireMod:Private Reserves+1","Self Repair+1","Amplify+1","Echo Form+1","Defragment+1","Secret Technique+1","Finesse+1","Gash+1","Heatsinks","Genetic Algorithm+1","Heatsinks","White Noise+1","Reboot","FIFO Queue","White Noise+1","Loop","Double Energy","Melter","Creative AI","Loop+1"],"relics":["Cracked Core","NeowsBlessing","Blue Doll","reliquary:Firecrackers","reliquary:FingerTrap","hubris:PeanutButter","War Paint","Eternal Feather","Centennial Puzzle","Tiny Chest","reliquary:Buckler","reliquary:IridiumChain","Ring of Chaos","Singing Bowl","infinitespire:Magic Flask","reliquary:BoilingFlask","ReplayTheSpireMod:TigerMarble","Replay:Antivirus Software","Replay:Wax Seal","reliquary:ExpiredCoupon","Bronze Scales","Honey Jar","War Paint","OrangePellets","ReplayTheSpireMod:Lightbulb","infinitespire:Satchel","Frozen Eye","reliquary:PorcupineQuills","CeramicFish","infinitespire:Midas Blood","Frozen Egg 2"],"acts_visited":["Exordium","TheCity","TheBeyond"],"potions_floor_usage":[14,16,22,23,29,40,42,42],"damage_taken":[{"damage":0.0,"enemies":"Cultist","floor":1.0,"turns":1.0},{"damage":0.0,"enemies":"Small Slimes","floor":3.0,"turns":1.0},{"damage":0.0,"enemies":"Lagavulin","floor":6.0,"turns":1.0},{"damage":37,"enemies":"3 Sentries","floor":10,"turns":6},{"damage":0,"enemies":"2 Louse","floor":12,"turns":2},{"damage":8,"enemies":"Lagavulin","floor":14,"turns":5},{"damage":2,"enemies":"Fading Forest","floor":16,"turns":5},{"damage":12,"enemies":"2 Thieves","floor":18,"turns":4},{"damage":2,"enemies":"Shell Parasite","floor":22,"turns":3},{"damage":60,"enemies":"Slavers","floor":23,"turns":5},{"damage":50,"enemies":"Book of Stabbing","floor":25,"turns":5},{"damage":13,"enemies":"Snake Plant","floor":29,"turns":4},{"damage":4,"enemies":"Centurion and Healer","floor":31,"turns":3},{"damage":75,"enemies":"hubris:MusketHawk","floor":33,"turns":7},{"damage":22,"enemies":"3 Darklings","floor":35,"turns":4},{"damage":7,"enemies":"Orb Walker","floor":38,"turns":2},{"damage":1,"enemies":"Giant Head","floor":40,"turns":4},{"damage":62,"enemies":"Nightmare","floor":42,"turns":5},{"damage":20,"enemies":"Maw","floor":46,"turns":5},{"damage":0,"enemies":"Writhing Mass","floor":47,"turns":1}],"seed_played":"4391344574931959448","potions_obtained":[{"floor":10,"key":"Block Potion"},{"floor":12,"key":"Milkshake"},{"floor":16,"key":"Fruit Juice"},{"floor":18,"key":"PotionOfCapacity"},{"floor":22,"key":"ColorlessPotion"},{"floor":25,"key":"FairyPotion"},{"floor":38,"key":"EssenceOfDarkness"},{"floor":40,"key":"Energy Potion"}],"is_trial":false,"path_per_floor":["M","?","M","?","$","E","$","R","T","E","R","M","$","E","R","B",null,"M","?","$","T","M","E","R","E","T","R","$","M","T","M","R","B",null,"M","?","$","M","$","E","?","NM","T","?","T","M","M"],"character_chosen":"DEFECT","items_purchased":["ReplayTheSpireMod:Calculation Training","reliquary:FingerTrap","hubris:PeanutButter","War Paint","Genetic Algorithm","ReplayTheSpireMod:Private Reserves","Energy Potion","Self Repair","Tiny Chest","reliquary:Buckler","infinitespire:BlackPotion","Singing Bowl","infinitespire:Magic Flask","Defragment","Secret Technique","Finesse","AttackPotion","Genetic Algorithm","Heatsinks","reliquary:SculptingSteel","OrangePellets","ReplayTheSpireMod:Lightbulb","FIFO Queue","Loop","infinitespire:Satchel","Double Energy","Frozen Eye","Fire Potion","SkillPotion"],"campfire_rested":3,"item_purchase_floors":[5,7,7,7,7,7,7,7,13,13,13,20,20,20,20,20,28,28,28,37,37,37,37,39,39,39,39,39,39],"current_hp_per_floor":[75,75,75,57,57,57,150,150,150,120,126,126,126,128,150,150,150,150,150,150,150,153,114,154,114,114,154,154,142,142,140,152,107,157,137,140,140,135,135,137,137,96,96,96,96,96,96,96],"gold":5204,"neow_bonus":"THREE_ENEMY_KILL","is_daily":false,"chose_seed":false,"campfire_upgraded":4,"win_rate":0.0,"timestamp":1613942211,"path_taken":["M","?","M","?","$","E","?","R","T","E","R","M","?","E","R","BOSS","M","?","$","?","M","E","R","E","T","R","$","?","?","M","R","BOSS","M","?","$","M","$","E","?","NM","T","?","?","M","M"],"items_purchased_type":["Card","Relic","Relic","Relic","Card","Card","Potion","Card","Relic","Relic","Potion","Relic","Relic","Card","Card","Card","Potion","Card","Card","Relic","Relic","Relic","Card","Card","Relic","Card","Relic","Potion","Potion"],"build_version":"2020-12-22","purchased_purges":2,"victory":false,"max_hp_per_floor":[75,75,75,75,75,75,150,150,150,150,150,150,150,150,150,150,150,150,150,150,150,153,154,154,154,154,154,154,155,155,157,157,157,157,159,162,162,164,164,167,167,168,168,168,168,168,168,168],"card_choices":[{"not_picked":["Ball Lightning","Streamline","Sweeping Beam"],"picked":"SKIP","floor":1.0},{"not_picked":["ReplayTheSpireMod:GoodbyeWorld","hubris:PowerSurge"],"picked":"Defragment","floor":3.0},{"not_picked":["Cold Snap","Beam Cell"],"picked":"Gash","floor":4.0},{"not_picked":["Skim","Panic Button","Conserve Battery"],"picked":"SKIP","floor":6.0},{"not_picked":["Leap","Rebound","Scrape"],"picked":"SKIP","floor":10},{"not_picked":["BasicCrystalCard","Steam","ReplaySolidLightProjector"],"picked":"SKIP","floor":12},{"not_picked":["ReplayTheSpireMod:System Scan","Fission","Coolheaded"],"picked":"SKIP","floor":14},{"not_picked":["hubris:SpecializedCircuitry","Mirror Shield"],"picked":"Amplify","floor":16},{"not_picked":["Redo+1","Streamline","Go for the Eyes+1"],"picked":"SKIP","floor":18},{"not_picked":["ReplayTheSpireMod:Reroute Power+1","Tempest","Self Repair+1"],"picked":"Singing Bowl","floor":22},{"not_picked":["Reboot","Beam Cell+1"],"picked":"Gash+1","floor":23},{"not_picked":["Coolheaded","Stack"],"picked":"Heatsinks","floor":25},{"not_picked":["Compile Driver+1","Streamline"],"picked":"White Noise+1","floor":29},{"not_picked":["Redo","Steam","Turbo+1"],"picked":"Singing Bowl","floor":31},{"not_picked":["Thunder Strike","hubris:DoWhile"],"picked":"Reboot","floor":33},{"not_picked":["Doom and Gloom+1","Stack+1","Barrage","Cold Snap"],"picked":"Singing Bowl","floor":35},{"not_picked":["White Noise+1","hubris:PowerSurge+1","Cold Snap","Genetic Algorithm+1"],"picked":"Singing Bowl","floor":38},{"not_picked":["Scrape","ReplayTheSpireMod:Repulse+1","Melter","Steam+1"],"picked":"Singing Bowl","floor":40},{"not_picked":["Beam Cell+1","hubris:PowerSurge+1","Rip and Tear+1"],"picked":"Creative AI","floor":42},{"not_picked":["Compile Driver+1","ReplayTheSpireMod:Repulse+1","Sweeping Beam+1"],"picked":"Loop+1","floor":46}],"player_experience":463797,"relics_obtained":[{"floor":4.0,"key":"Blue Doll"},{"floor":6.0,"key":"reliquary:Firecrackers"},{"floor":9,"key":"Eternal Feather"},{"floor":10,"key":"Centennial Puzzle"},{"floor":14,"key":"reliquary:IridiumChain"},{"floor":21,"key":"reliquary:BoilingFlask"},{"floor":23,"key":"ReplayTheSpireMod:TigerMarble"},{"floor":25,"key":"Replay:Antivirus Software"},{"floor":26,"key":"Replay:Wax Seal"},{"floor":30,"key":"reliquary:ExpiredCoupon"},{"floor":32,"key":"Bronze Scales"},{"floor":40,"key":"reliquary:PorcupineQuills"},{"floor":42,"key":"CeramicFish"},{"floor":43,"key":"infinitespire:Midas Blood"},{"floor":45,"key":"Frozen Egg 2"}],"event_choices":[{"damage_healed":0,"gold_gain":0,"player_choice":"Copied","damage_taken":0,"max_hp_gain":0,"max_hp_loss":0,"event_name":"Duplicator","floor":19,"gold_loss":0,"cards_obtained":["Echo Form"]}],"is_beta":false,"boss_relics":[{"not_picked":["ReplayTheSpireMod:Onyx Gauntlets","Ectoplasm"],"picked":"Ring of Chaos"},{"not_picked":["energizedSpire:OldTV","Painkiller Herb"],"picked":"Honey Jar"}],"items_purged_floors":[5,37],"is_endless":true,"potions_floor_spawned":[10,12,16,18,22,25,38,40],"killed_by":"Writhing Mass","ascension_level":1}}