{"host":"m1hrbr0uwda4cktq","time":1613944641,"event":{"mods":["BaseMod","BetterRewards","Colored Map","Colored Powertips","Highlight Path","Minty Spire (QoL Compilation)","Shop Mod","SuperFastMode"],"gold_per_floor":[114,126,139,139,149,149,175,175,198,226,241,266,266,11,11,108,108,120,139,159,74,87,121,121,121,121],"floor_reached":25,"language":"ENG","playtime":2261,"items_purged":[],"score":292,"play_id":"1ae38c07-342d-4e66-9cc2-1f84ee3c81b3","local_time":"20210221185721","is_ascension_mode":true,"campfire_choices":[{"data":"Zap","floor":6,"key":"SMITH"},{"data":"Go for the Eyes","floor":13,"key":"SMITH"},{"data":"Conserve Battery","floor":15,"key":"SMITH"},{"data":"Dualcast","floor":24,"key":"SMITH"}],"circlet_count":0,"master_deck":["Strike_B","Strike_B","Defend_B","Defend_B+1","Defend_B","Zap+1","Dualcast+1","Self Repair+1","Compile Driver","Self Repair","Conserve Battery+1","Cold Snap","Sweeping Beam+1","Steam","Go for the Eyes+1","Reboot","Cold Snap","Recycle","Sweeping Beam","Capacitor","Echo Form","Redo+1","Capacitor+1","White Noise+1","Gash","Darkness","Lockon","Redo+1"],"relics":["Cracked Core","Anchor","DollysMirror","Dream Catcher","Blood Vial","Strawberry","Happy Flower","PreservedInsect","Astrolabe","Sundial","Bag of Marbles"],"acts_visited":["Exordium","TheCity"],"potions_floor_usage":[3],"damage_taken":[{"damage":2,"enemies":"2 Louse","floor":1,"turns":3},{"damage":0,"enemies":"Jaw Worm","floor":2,"turns":3},{"damage":2,"enemies":"Cultist","floor":3,"turns":4},{"damage":8,"enemies":"Large Slime","floor":5,"turns":5},{"damage":50,"enemies":"Lagavulin","floor":7,"turns":9},{"damage":23,"enemies":"3 Sentries","floor":10,"turns":6},{"damage":0,"enemies":"Exordium Wildlife","floor":11,"turns":4},{"damage":24,"enemies":"Lagavulin","floor":12,"turns":7},{"damage":21,"enemies":"The Guardian","floor":16,"turns":14},{"damage":3,"enemies":"3 Byrds","floor":18,"turns":4},{"damage":32,"enemies":"2 Thieves","floor":19,"turns":4},{"damage":47,"enemies":"Snecko","floor":20,"turns":7},{"damage":34,"enemies":"Shelled Parasite and Fungi","floor":22,"turns":8},{"damage":48,"enemies":"Slavers","floor":23,"turns":8},{"damage":55,"enemies":"Gremlin Leader","floor":25,"turns":4}],"seed_played":"-2897053800651730363","potions_obtained":[{"floor":2,"key":"Strength Potion"},{"floor":3,"key":"Fruit Juice"},{"floor":10,"key":"PowerPotion"},{"floor":11,"key":"SpeedPotion"},{"floor":16,"key":"Swift Potion"}],"is_trial":false,"path_per_floor":["M","M","M","?","M","R","E","?","T","E","M","E","R","$","R","B",null,"M","M","M","?","M","E","R","E"],"character_chosen":"DEFECT","items_purchased":["Self Repair","Anchor","Compile Driver","DollysMirror","PreservedInsect","Sweeping Beam","Capacitor"],"campfire_rested":0,"item_purchase_floors":[0,0,0,0,14,14,14],"current_hp_per_floor":[75,75,80,80,79,79,43,27,27,30,49,44,44,44,44,35,87,87,79,68,68,63,51,51,0,0],"gold":121,"neow_bonus":"","is_daily":false,"chose_seed":false,"campfire_upgraded":4,"win_rate":0.0,"timestamp":1613944641,"path_taken":["M","M","M","?","M","R","E","?","T","E","M","E","R","$","R","BOSS","M","M","M","?","M","E","R","E"],"items_purchased_type":["Card","Relic","Card","Relic","Relic","Card","Card"],"build_version":"2020-12-22","purchased_purges":0,"victory":false,"max_hp_per_floor":[75,75,80,80,80,80,80,80,80,87,87,87,87,87,87,87,87,87,87,87,87,87,87,87,87,87],"card_choices":[{"not_picked":["Hello World","Aggregate"],"picked":"Conserve Battery","floor":1},{"not_picked":["Auto Shields","Heatsinks"],"picked":"Cold Snap","floor":2},{"not_picked":["Gash","Undo"],"picked":"Sweeping Beam","floor":3},{"not_picked":["Reinforced Body","Storm"],"picked":"Steam","floor":5},{"not_picked":["Leap","Fusion"],"picked":"Go for the Eyes","floor":7},{"not_picked":["Force Field","Beam Cell"],"picked":"Reboot","floor":10},{"not_picked":["Hologram","Creative AI"],"picked":"Cold Snap","floor":11},{"not_picked":["Beam Cell","Rebound"],"picked":"Recycle","floor":12},{"not_picked":["Reboot","Buffer"],"picked":"Echo Form","floor":16},{"not_picked":["Go for the Eyes+1","Barrage"],"picked":"Gash","floor":18},{"not_picked":["Go for the Eyes","BootSequence"],"picked":"Darkness","floor":19},{"not_picked":["Doom and Gloom","Streamline"],"picked":"Lockon","floor":20},{"not_picked":["Streamline","Sweeping Beam","Rebound"],"picked":"SKIP","floor":22},{"not_picked":["Rebound+1","Gash"],"picked":"Redo+1","floor":23}],"player_experience":172843,"relics_obtained":[{"floor":7,"key":"Dream Catcher"},{"floor":9,"key":"Blood Vial"},{"floor":10,"key":"Strawberry"},{"floor":12,"key":"Happy Flower"},{"floor":23,"key":"Bag of Marbles"}],"event_choices":[{"damage_healed":0,"gold_gain":0,"player_choice":"Grow","damage_taken":0,"max_hp_gain":0,"max_hp_loss":0,"event_name":"Living Wall","floor":4,"gold_loss":0,"cards_upgraded":["Sweeping Beam"]},{"damage_healed":0,"gold_gain":0,"player_choice":"Entered Light","damage_taken":16,"max_hp_gain":0,"max_hp_loss":0,"event_name":"Shining Light","floor":8,"gold_loss":0,"cards_upgraded":["Defend_B","Self Repair"]},{"damage_healed":0,"gold_gain":0,"player_choice":"Obtained Relic","damage_taken":0,"relics_obtained":["Sundial"],"max_hp_gain":0,"max_hp_loss":0,"event_name":"Addict","floor":21,"gold_loss":85}],"is_beta":false,"boss_relics":[{"not_picked":["FrozenCore","Ectoplasm"],"picked":"Astrolabe"}],"items_purged_floors":[],"is_endless":false,"potions_floor_spawned":[2,3,10,11,16,18,20],"killed_by":"Gremlin Leader","ascension_level":4}}