{"host":"rx7s6jei8pd20pqs","time":1613870920,"event":{"mods":["BaseMod","Googly Eyes","Minty Spire (QoL Compilation)","StSLib"],"gold_per_floor":[114,129,144,319,169,199,249,279,279,279,182,182,182,212,224,336,348,375,387,474,501,514,526,538,565,577,589,601,613,389,404,404,504,504,519,519,544,317,317,347,347,377,427,427,427,427,427,427,427,427],"floor_reached":51,"language":"ENG","playtime":2399,"items_purged":["Doubt","Decay"],"score":836,"play_id":"23c1d1d5-6035-48fe-926d-41986f6d81b3","local_time":"20210220172840","daily_mods":["SealedDeck","Flight","Elite Swarm"],"is_ascension_mode":false,"campfire_choices":[{"floor":10,"key":"REST"},{"data":"1","floor":13,"key":"LIFT"},{"data":"2","floor":15,"key":"LIFT"},{"data":"Limit Break","floor":23,"key":"SMITH"},{"data":"3","floor":29,"key":"LIFT"},{"floor":32,"key":"REST"},{"floor":41,"key":"REST"},{"floor":44,"key":"REST"},{"floor":49,"key":"REST"}],"circlet_count":0,"master_deck":["Iron Wave+1","Anger+1","Iron Wave+1","Wild Strike+1","Shrug It Off+1","Armaments+1","Shrug It Off+1","Shrug It Off+1","Pommel Strike+1","Wild Strike+1","Rampage+1","Cleave+1","Headbutt+1","Reaper+1","Twin Strike+1","Feed+1","Twin Strike+1","Limit Break+1","Flex+1","Twin Strike+1","Reckless Charge+1","Rampage+1","Immolate+1","Whirlwind+1","Flex+1","Madness+1","Madness+1"],"relics":["Burning Blood","Tiny Chest","FossilizedHelix","Bronze Scales","Girya","White Beast Statue","MawBank","Velvet Choker","Enchiridion","Letter Opener","Red Mask","GremlinMask","Mercury Hourglass","Pantograph","Membership Card","SlaversCollar","MealTicket","Akabeko","Ornamental Fan","Orichalcum","Bottled Lightning","Juzu Bracelet","Mark of the Bloom","HornCleat"],"acts_visited":["Exordium","TheCity","TheBeyond"],"potions_floor_usage":[16,22,33,33,42,42,42],"damage_taken":[{"damage":0,"enemies":"Small Slimes","floor":1,"turns":3},{"damage":2,"enemies":"2 Louse","floor":2,"turns":2},{"damage":0,"enemies":"Cultist","floor":3,"turns":3},{"damage":15,"enemies":"Gremlin Nob","floor":6,"turns":4},{"damage":24,"enemies":"Lagavulin Event","floor":7,"turns":6},{"damage":10,"enemies":"Lagavulin","floor":8,"turns":5},{"damage":0,"enemies":"Gremlin Nob","floor":14,"turns":3},{"damage":31,"enemies":"The Guardian","floor":16,"turns":9},{"damage":0,"enemies":"Chosen","floor":18,"turns":3},{"damage":20,"enemies":"2 Thieves","floor":21,"turns":3},{"damage":0,"enemies":"Masked Bandits","floor":22,"turns":3},{"damage":8,"enemies":"Cultist and Chosen","floor":25,"turns":5},{"damage":7,"enemies":"Snake Plant","floor":31,"turns":3},{"damage":40,"enemies":"Collector","floor":33,"turns":5},{"damage":0,"enemies":"3 Darklings","floor":35,"turns":3},{"damage":33,"enemies":"Reptomancer","floor":40,"turns":4},{"damage":26,"enemies":"Giant Head","floor":42,"turns":7},{"damage":0,"enemies":"Donu and Deca","floor":50,"turns":4}],"seed_played":"-7397021786818157212","potions_obtained":[{"floor":6,"key":"Explosive Potion"},{"floor":8,"key":"SkillPotion"},{"floor":14,"key":"Ancient Potion"},{"floor":16,"key":"SteroidPotion"},{"floor":18,"key":"PowerPotion"},{"floor":21,"key":"AttackPotion"},{"floor":22,"key":"ColorlessPotion"},{"floor":33,"key":"Swift Potion"},{"floor":35,"key":"BlessingOfTheForge"},{"floor":40,"key":"PowerPotion"},{"floor":42,"key":"EntropicBrew"}],"is_trial":false,"path_per_floor":["M","M","M","?","$","E","?","E","T","R","$","?","R","E","R","B",null,"M","?","T","M","?","R","?","M","T","T","?","R","$","M","R","B",null,"M","?","T","$","?","E","R","E","T","R","?","?","T","?","R","B",null],"character_chosen":"IRONCLAD","items_purchased":["Tiny Chest","Twin Strike","Membership Card","Rampage","Flex","Akabeko","Ornamental Fan"],"campfire_rested":5,"item_purchase_floors":[5,11,30,30,38,38,38],"current_hp_per_floor":[80,80,80,80,80,71,53,49,49,73,73,78,78,84,84,59,85,85,69,69,71,77,77,77,75,75,75,75,75,75,74,85,54,88,88,88,88,88,77,55,81,67,67,88,88,88,88,88,88,88],"gold":427,"neow_bonus":"","is_daily":true,"chose_seed":false,"campfire_upgraded":1,"win_rate":0.0,"timestamp":1613870920,"path_taken":["M","M","M","?","$","E","?","E","T","R","$","?","R","E","R","BOSS","M","?","?","M","?","R","?","?","T","?","?","R","$","?","R","BOSS","M","?","?","$","?","E","R","E","T","R","?","?","?","?","R","BOSS"],"items_purchased_type":["Relic","Card","Relic","Card","Card","Relic","Relic"],"build_version":"2020-12-22","purchased_purges":2,"victory":true,"max_hp_per_floor":[80,80,80,80,80,80,80,80,80,80,80,85,85,85,85,85,85,85,85,85,85,85,85,85,85,85,85,85,85,85,85,85,88,88,88,88,88,88,88,88,88,88,88,88,88,88,88,88,88,92],"card_choices":[{"not_picked":["Anger","True Grit"],"picked":"Rampage","floor":1},{"not_picked":["Infernal Blade","Iron Wave"],"picked":"Cleave","floor":2},{"not_picked":["Reckless Charge","Armaments"],"picked":"Headbutt","floor":3},{"not_picked":["Barricade","Offering"],"picked":"Reaper","floor":6},{"not_picked":["Pummel","Warcry"],"picked":"Twin Strike","floor":7},{"not_picked":["Exhume","Immolate"],"picked":"Feed","floor":8},{"not_picked":["Bludgeon","Exhume","Fiend Fire"],"picked":"SKIP","floor":14},{"not_picked":["Immolate","Barricade"],"picked":"Limit Break","floor":16},{"not_picked":["Searing Blow+1","Reckless Charge+1"],"picked":"Flex+1","floor":18},{"not_picked":["Twin Strike","Headbutt"],"picked":"Metallicize","floor":21},{"not_picked":["Blood for Blood","Fiend Fire","Combust"],"picked":"SKIP","floor":25},{"not_picked":["Perfected Strike","Shrug It Off","Blood for Blood"],"picked":"SKIP","floor":31},{"not_picked":["Fiend Fire","Offering"],"picked":"Immolate","floor":33},{"not_picked":["Twin Strike+1","Shockwave+1"],"picked":"Whirlwind","floor":35},{"not_picked":["Berserk","Impervious","Corruption"],"picked":"SKIP","floor":40},{"not_picked":["Impervious","Reaper","Barricade"],"picked":"SKIP","floor":42}],"player_experience":88128,"relics_obtained":[{"floor":6,"key":"FossilizedHelix"},{"floor":7,"key":"Bronze Scales"},{"floor":8,"key":"Girya"},{"floor":9,"key":"White Beast Statue"},{"floor":14,"key":"MawBank"},{"floor":19,"key":"Enchiridion"},{"floor":20,"key":"Letter Opener"},{"floor":22,"key":"Red Mask"},{"floor":26,"key":"Mercury Hourglass"},{"floor":27,"key":"Pantograph"},{"floor":37,"key":"MealTicket"},{"floor":40,"key":"Orichalcum"},{"floor":42,"key":"Bottled Lightning"},{"floor":43,"key":"Juzu Bracelet"},{"floor":47,"key":"HornCleat"}],"event_choices":[{"damage_healed":0,"gold_gain":175,"player_choice":"AGREE","damage_taken":0,"max_hp_gain":0,"max_hp_loss":0,"event_name":"Liars Game","floor":4,"gold_loss":0,"cards_obtained":["Doubt"]},{"damage_healed":0,"gold_gain":0,"player_choice":"Searched \u00271\u0027 times","damage_taken":0,"max_hp_gain":0,"max_hp_loss":0,"event_name":"Dead Adventurer","floor":7,"gold_loss":0},{"damage_healed":0,"gold_gain":0,"player_choice":"Donut","damage_taken":0,"max_hp_gain":5,"max_hp_loss":0,"event_name":"Big Fish","floor":12,"gold_loss":0},{"damage_healed":0,"gold_gain":0,"player_choice":"Obtained Book","damage_taken":16,"max_hp_gain":0,"max_hp_loss":0,"event_name":"Cursed Tome","floor":19,"gold_loss":0},{"damage_healed":0,"gold_gain":0,"player_choice":"Fought Bandits","damage_taken":0,"max_hp_gain":0,"max_hp_loss":0,"event_name":"Masked Bandits","floor":22,"gold_loss":0},{"damage_healed":0,"gold_gain":0,"player_choice":"Trade","damage_taken":0,"relics_obtained":["GremlinMask"],"max_hp_gain":0,"max_hp_loss":0,"event_name":"FaceTrader","floor":24,"gold_loss":0},{"damage_healed":0,"gold_gain":0,"player_choice":"3 cards matched","damage_taken":0,"max_hp_gain":0,"max_hp_loss":0,"event_name":"Match and Keep!","floor":28,"gold_loss":0,"cards_obtained":["Twin Strike","Decay","Reckless Charge"]},{"cards_removed":["Metallicize"],"damage_healed":0,"gold_gain":0,"player_choice":"Removed Power","damage_taken":0,"max_hp_gain":0,"max_hp_loss":0,"event_name":"Falling","floor":36,"gold_loss":0},{"damage_healed":0,"gold_gain":0,"player_choice":"Embrace Madness","damage_taken":11,"max_hp_gain":0,"max_hp_loss":0,"event_name":"Winding Halls","floor":39,"gold_loss":0,"cards_obtained":["Madness","Madness"]},{"damage_healed":0,"gold_gain":0,"player_choice":"Forge","damage_taken":0,"max_hp_gain":0,"max_hp_loss":0,"event_name":"Accursed Blacksmith","floor":45,"gold_loss":0,"cards_upgraded":["Whirlwind"]},{"damage_healed":0,"gold_gain":0,"player_choice":"Upgrade","damage_taken":0,"relics_obtained":["Mark of the Bloom"],"max_hp_gain":0,"max_hp_loss":0,"event_name":"MindBloom","floor":46,"gold_loss":0,"cards_upgraded":["Iron Wave","Anger","Iron Wave","Wild Strike","Shrug It Off","Armaments","Shrug It Off","Shrug It Off","Pommel Strike","Wild Strike","Rampage","Cleave","Headbutt","Reaper","Twin Strike","Feed","Twin Strike","Twin Strike","Reckless Charge","Rampage","Immolate","Flex","Madness","Madness"]},{"damage_healed":0,"gold_gain":0,"player_choice":"Ignored","damage_taken":0,"max_hp_gain":0,"max_hp_loss":0,"event_name":"Mysterious Sphere","floor":48,"gold_loss":0}],"is_beta":false,"boss_relics":[{"not_picked":["Coffee Dripper","Calling Bell"],"picked":"Velvet Choker"},{"not_picked":["Philosopher\u0027s Stone","Tiny House"],"picked":"SlaversCollar"}],"items_purged_floors":[11,30],"is_endless":false,"potions_floor_spawned":[6,8,14,16,18,21,22,25,31,33,35,40,42],"ascension_level":0}}