{"host":"ymw71f7rc9ndansy","time":1613874284,"event":{"mods":["100% Spire Juice","ATMod(阿瑾Mod)","Act Like it!","Aspiration","BaseMod","DeckTracker","Energized Spire","Gensokyo","Hubris","Koishi","Library of Ruina","Library of Ruina Extra","Minty Spire (QoL Compilation)","MostiFishMod","Relic Filter Mod","Reliquary","Remove Card Discount Mod","Replay The Spire","RumiaBox-露米娅的神秘盒子","StSLib","TestMod","The Blackbeard","【功能Mod】精心准备","【遗物卡牌】REMEMod"],"gold_per_floor":[117,117,117,128,128,154,154,165,191,48,36,60,86,101,101,175,175,193,193,28,38,49,49,142,142,190,190,224,224,36,36,36,110,110,110],"floor_reached":34,"language":"ZHS","playtime":3004,"items_purged":["Strike_B","Injury","Strike_B","All For One","Defend_B","Defend_B","Defend_B","Strike_B","Strike_B","Doom and Gloom"],"score":878,"play_id":"e5742662-d59d-410e-a938-13ab12c67330","local_time":"20210221102444","is_ascension_mode":true,"campfire_choices":[{"data":"AT_FamilyPortrait","floor":7.0,"key":"SMITH"},{"data":"Seek","floor":15,"key":"SMITH"},{"data":"Turbo","floor":23,"key":"SMITH"},{"data":"MostiFishMod:IntelligentEquipment","floor":25,"key":"SMITH"},{"floor":27,"key":"REST"},{"data":"RagingStormLove","floor":29,"key":"SMITH"},{"data":"MostiFishMod:PerfectForm","floor":32,"key":"SMITH"}],"circlet_count":0,"master_deck":["AscendersBane","Defend_B","Zap","Dualcast","AT_FamilyPortrait+1","RagingStormLove+1","Seek+1","AT_DarkMatter","hubris:Ukulele","MostiFishMod:IntelligentEquipment+1","Turbo+1","Storm","REME_Whirling","MostiFishMod:PerfectForm+1","MostiFishMod:Nova","AT_EmpoweredMortalDraw"],"relics":["testmod-TestBox","REME_ComplimentaryCards","AT_ATBox","Gensokyo:OccultBall","MostiFishMod:AdaptiveDefenses","SynthV:TestCard","DaveBox","JellyFishMachine","hubris:MedicalManual","Turnip","reliquary:Aerogel","BirthdayGift-Icosahedron","Replay:Baseball","reliquary:Ember","Nunchaku","testmod-Muramasa","Gensokyo:ConquerorOfFear","Replay:Grab Bag","energizedSpire:MagnifyingGlass","energizedSpire:UnstableMolecules","Snecko Eye","AT_MortalBlade"],"acts_visited":["Exordium","Gensokyo:Gensokyo"],"potions_floor_usage":[24],"damage_taken":[{"damage":30.0,"enemies":"Gensokyo:3_Fairies","floor":1.0,"turns":4.0},{"damage":0.0,"enemies":"Gensokyo:2_Kodama","floor":4.0,"turns":4.0},{"damage":0.0,"enemies":"Gensokyo:Mamizou","floor":6.0,"turns":6.0},{"damage":8.0,"enemies":"Gensokyo:Gryphon","floor":8.0,"turns":3.0},{"damage":0,"enemies":"Gensokyo:Aya","floor":13,"turns":2},{"damage":0,"enemies":"Gensokyo:LivingMonolith","floor":14,"turns":1},{"damage":15,"enemies":"Gensokyo:Kokoro","floor":16,"turns":4},{"damage":0,"enemies":"Gensokyo:2_Gloops","floor":18,"turns":1},{"damage":20,"enemies":"Gensokyo:AngelMirror","floor":21,"turns":1},{"damage":26,"enemies":"Gensokyo:Slime_Group","floor":22,"turns":2},{"damage":28,"enemies":"Gensokyo:Reisen","floor":24,"turns":2},{"damage":36,"enemies":"Gensokyo:Tenshi","floor":28,"turns":2},{"damage":18,"enemies":"Gensokyo:Eiki","floor":33,"turns":2}],"seed_played":"405670844621840061","potions_obtained":[{"floor":1.0,"key":"Ancient Potion"},{"floor":6.0,"key":"FearPotion"},{"floor":24,"key":"LiquidMemories"}],"is_trial":false,"path_per_floor":["M","?","?","M","?","E","R","M","T","COS","$","T","E","M","R","B",null,"M","?","$","M","M","R","E","R","T","R","E","R","$","?","R","B",null],"character_chosen":"DEFECT","items_purchased":["testmod-SpacePotion","Storm","MostiFishMod:PerfectForm"],"campfire_rested":1,"item_purchase_floors":[20,20,30],"current_hp_per_floor":[41,41,41,46,50,50,50,56,56,56,56,56,57,58,58,58,68,69,71,71,52,41,41,28,28,28,49,28,28,28,28,28,11,11,11],"gold":110,"neow_bonus":"ONE_RANDOM_RARE_CARD","is_daily":false,"chose_seed":false,"campfire_upgraded":6,"win_rate":0.0,"timestamp":1613874284,"path_taken":["M","?","?","?","?","E","R","?","T","COS","?","?","E","M","R","BOSS","M","?","?","M","M","R","E","R","T","R","E","R","$","?","R","BOSS"],"items_purchased_type":["Potion","Card","Card"],"build_version":"2020-12-22","purchased_purges":10,"victory":false,"max_hp_per_floor":[71,71,71,71,71,71,71,71,71,71,71,71,71,71,71,71,71,71,71,71,71,71,71,71,71,71,71,71,71,71,71,71,71,71,71],"card_choices":[{"not_picked":["ReplaySolidLightProjector","Undo","Time Bomb"],"picked":"SKIP","floor":1.0},{"not_picked":["Undo","AT_RobotInSpace","Panic Button","Chaos"],"picked":"Doom and Gloom","floor":4.0},{"not_picked":["Loop","Turbo","Beam Cell","Gash"],"picked":"Seek","floor":6.0},{"not_picked":["Go for the Eyes","Chaos","Steam","AT_HeatAcrobatics"],"picked":"AT_DarkMatter","floor":8},{"not_picked":["ReplaySort","Melter","Lockon","Redo","Gash"],"picked":"SKIP","floor":13},{"not_picked":["Force Field","Compile Driver","Steam","MostiFishMod:PushDownKick"],"picked":"hubris:Ukulele","floor":14},{"not_picked":["ReplayTheSpireMod:Omega Cannon","MostiFishMod:Nova","MostiFishMod:TalkingToTheRain","Mirror Shield"],"picked":"MostiFishMod:IntelligentEquipment","floor":16},{"not_picked":["Rebound","Ball Lightning","BasicCrystalCard","Sweeping Beam"],"picked":"Turbo","floor":18},{"not_picked":["ReplayGash","Undo","Rebound","Steam","Aggregate"],"picked":"SKIP","floor":21},{"not_picked":["Chaos","Barrage","Tempest","Consume","Compile Driver"],"picked":"SKIP","floor":22},{"not_picked":["Ball Lightning","Beam Cell","Steam","ReplayTheSpireMod:GoodbyeWorld"],"picked":"REME_Whirling","floor":24},{"not_picked":["Scrape","BasicCrystalCard","Gash","Time Bomb","Chill"],"picked":"SKIP","floor":28},{"not_picked":["ReplayTheSpireMod:Omega Cannon","hubris:DoWhile","Fission","Meteor Strike"],"picked":"MostiFishMod:Nova","floor":33}],"player_experience":1107767,"relics_obtained":[{"floor":1.0,"key":"SynthV:TestCard"},{"floor":6.0,"key":"Gensokyo:OccultBall"},{"floor":6.0,"key":"Turnip"},{"floor":9,"key":"reliquary:Aerogel"},{"floor":12,"key":"Replay:Baseball"},{"floor":16,"key":"Gensokyo:OccultBall"},{"floor":24,"key":"Nunchaku"},{"floor":28,"key":"testmod-Muramasa"},{"floor":33,"key":"Gensokyo:OccultBall"},{"floor":33,"key":"Gensokyo:ConquerorOfFear"}],"event_choices":[{"damage_healed":0.0,"max_hp_gain":0.0,"max_hp_loss":0.0,"gold_gain":0.0,"event_name":"给自己的盒子","player_choice":"Swap Relic","floor":2.0,"relics_lost":["DaveBox"],"gold_loss":0.0,"damage_taken":0.0,"relics_obtained":["DaveBox"]}],"is_beta":false,"boss_relics":[{"not_picked":["Nuclear Battery","EE1DDrone"],"picked":"reliquary:Ember"},{"not_picked":["Replay:Bronze Core","RhineFirstAidKit"],"picked":"Replay:Grab Bag"},{"not_picked":["Cursed Key","energizedSpire:HugeHouse"],"picked":"energizedSpire:MagnifyingGlass"},{"not_picked":["Coffee Dripper","energizedSpire:StickyHand"],"picked":"energizedSpire:UnstableMolecules"},{"not_picked":["hubris:HollowSoul","testmod-GoldenSoul"],"picked":"Snecko Eye"},{"not_picked":["AddBug","REME_DuelDisc"],"picked":"AT_MortalBlade"}],"items_purged_floors":[11,11,11,11,11,11,20,30,30,30],"is_endless":false,"potions_floor_spawned":[1,6,16,22,24,33],"ascension_level":20}}