{"host":"1p8eqzpvl5sxeu5t","time":1613913257,"event":{"mods":["Act Like it!","BaseMod","Bestiary","Block Reminder","Colored Map","Colored Powertips","Curses Come First","Dark Map","Highlight Path","Minty Spire (QoL Compilation)","Relic Stats","Ruina","StSLib","everything is the same but u backflip on backflip","slay the spire mod where everything is the same but ironclad has a cowboy hat"],"gold_per_floor":[17,37,37,55,70,98,98,133,179,179,179,254,269,283,283,404,404,423,423,446,471,471,471,471],"floor_reached":23,"language":"ENG","playtime":1131,"items_purged":[],"score":213,"play_id":"66eb9509-8b76-4646-b609-b9fb892b4c73","local_time":"20210221211417","is_ascension_mode":true,"campfire_choices":[{"data":"Strike_R","floor":7.0,"key":"PURGE"},{"floor":10.0,"key":"REST"},{"data":"True Grit","floor":15.0,"key":"SMITH"}],"circlet_count":0,"master_deck":["Strike_R","Strike_R","Defend_R","Defend_R","Defend_R","Defend_R","Bash","Rupture","Sentinel","Sword Boomerang","Rampage","Evolve","Immolate","True Grit+1","Disarm","Reaper","Combust+1","Ghostly Armor","Writhe"],"relics":["Burning Blood","Peace Pipe","Matryoshka","Centennial Puzzle","Strawberry","Golden Idol","Mark of Pain","ruina:Goodbye"],"acts_visited":["Exordium","ruina:Briah"],"potions_floor_usage":[20],"damage_taken":[{"damage":4.0,"enemies":"Jaw Worm","floor":1.0,"turns":6.0},{"damage":0.0,"enemies":"Small Slimes","floor":2.0,"turns":6.0},{"damage":2.0,"enemies":"2 Louse","floor":4.0,"turns":4.0},{"damage":10.0,"enemies":"2 Fungi Beasts","floor":5.0,"turns":6.0},{"damage":34.0,"enemies":"Gremlin Nob","floor":6.0,"turns":5.0},{"damage":37.0,"enemies":"3 Sentries","floor":8.0,"turns":11.0},{"damage":0.0,"enemies":"Large Slime","floor":13.0,"turns":3.0},{"damage":4.0,"enemies":"3 Louse","floor":14.0,"turns":3.0},{"damage":20.0,"enemies":"The Guardian","floor":16.0,"turns":14.0},{"damage":24.0,"enemies":"ruina:2_Scarecrows","floor":18.0,"turns":4.0},{"damage":22,"enemies":"ruina:BadWolf","floor":20,"turns":4},{"damage":34,"enemies":"ruina:QueenOfHate","floor":21,"turns":8},{"damage":43,"enemies":"ruina:ServantOfWrath","floor":23,"turns":5}],"seed_played":"4810052270646644508","potions_obtained":[{"floor":6.0,"key":"SneckoOil"},{"floor":8.0,"key":"AttackPotion"},{"floor":13.0,"key":"Weak Potion"}],"is_trial":false,"path_per_floor":["M","M","?","M","M","E","R","E","T","R","?","?","M","M","R","B",null,"M","?","M","M","?","E"],"character_chosen":"IRONCLAD","items_purchased":[],"campfire_rested":1,"item_purchase_floors":[],"current_hp_per_floor":[80,80,80,80,76,48,48,17,24,50,50,39,45,47,47,33,81,63,63,47,21,21,0,0],"gold":471,"neow_bonus":"TRANSFORM_TWO_CARDS","is_daily":false,"chose_seed":false,"campfire_upgraded":1,"win_rate":0.0,"timestamp":1613913257,"path_taken":["M","M","?","M","M","E","R","E","T","R","?","?","M","M","R","BOSS","M","?","M","M","?","E"],"items_purchased_type":[],"build_version":"2020-12-22","purchased_purges":0,"victory":false,"max_hp_per_floor":[80,80,80,80,80,80,80,80,87,87,81,81,81,81,81,81,81,81,81,81,81,81,81,81],"relic_stats":{"Peace Pipe":1,"Centennial Puzzle":[18],"counters":[13,79],"Golden Idol":48,"obtain_stats":[{"Peace Pipe":6,"Frozen Eye":18,"Centennial Puzzle":9,"Matryoshka":8,"Golden Idol":11,"Strawberry":9,"ruina:Goodbye":22,"Mark of Pain":17,"Burning Blood":0},{"Peace Pipe":5,"Frozen Eye":9,"Centennial Puzzle":6,"Matryoshka":6,"Golden Idol":6,"Strawberry":6,"ruina:Goodbye":12,"Mark of Pain":9,"Burning Blood":0},{"Peace Pipe":27,"Frozen Eye":58,"Centennial Puzzle":38,"Matryoshka":38,"Golden Idol":38,"Strawberry":38,"ruina:Goodbye":74,"Mark of Pain":58,"Burning Blood":0}],"Burning Blood":60},"card_choices":[{"not_picked":["Body Slam","Flex"],"picked":"Sword Boomerang","floor":1.0},{"not_picked":["Warcry","Intimidate"],"picked":"Rampage","floor":2.0},{"not_picked":["Warcry","Havoc","Flex"],"picked":"SKIP","floor":4.0},{"not_picked":["Twin Strike","Thunderclap"],"picked":"Evolve","floor":5.0},{"not_picked":["Heavy Blade","Carnage","Intimidate"],"picked":"SKIP","floor":6.0},{"not_picked":["Pommel Strike","Uppercut"],"picked":"Immolate","floor":8.0},{"not_picked":["Wild Strike","Cleave"],"picked":"True Grit","floor":13.0},{"not_picked":["Whirlwind","Armaments"],"picked":"Disarm","floor":14.0},{"not_picked":["Brutality","Immolate"],"picked":"Reaper","floor":16.0},{"not_picked":["Fire Breathing+1","Sentinel"],"picked":"Combust+1","floor":18},{"not_picked":["Thunderclap","Clothesline"],"picked":"Ghostly Armor","floor":20},{"not_picked":["Twin Strike+1","Iron Wave","Combust"],"picked":"SKIP","floor":21}],"player_experience":783993,"relics_obtained":[{"floor":6.0,"key":"Peace Pipe"},{"floor":8.0,"key":"Matryoshka"},{"floor":9.0,"key":"Centennial Puzzle"},{"floor":9.0,"key":"Strawberry"}],"event_choices":[{"damage_healed":0.0,"max_hp_gain":0.0,"max_hp_loss":0.0,"gold_gain":0.0,"event_name":"The Cleric","player_choice":"Leave","floor":3.0,"gold_loss":0.0,"damage_taken":0.0},{"damage_healed":0.0,"max_hp_gain":0.0,"max_hp_loss":6.0,"gold_gain":0.0,"event_name":"Golden Idol","player_choice":"Lose Max HP","floor":11.0,"gold_loss":0.0,"damage_taken":0.0,"relics_obtained":["Golden Idol"]},{"damage_healed":0.0,"max_hp_gain":0.0,"max_hp_loss":0.0,"gold_gain":75.0,"event_name":"World of Goop","player_choice":"Gather Gold","floor":12.0,"gold_loss":0.0,"damage_taken":11.0}],"is_beta":false,"boss_relics":[{"not_picked":["Philosopher\u0027s Stone","Coffee Dripper"],"picked":"Mark of Pain"}],"items_purged_floors":[],"is_endless":false,"potions_floor_spawned":[6,8,13],"killed_by":"ruina:ServantOfWrath","ascension_level":1}}