{"host":"b9id4afcchnn1rfb","time":1613951518,"event":{"mods":["Act Like it!","BaseMod","Better Note","Colored Map","Colored Powertips","Hallownest","Hermit","Infinite Spire","Minty Spire (QoL Compilation)","StSLib","SuperFastMode","The Death Knight","The Necromancer"],"gold_per_floor":[118,129,54,64,77,77,107,107,107,135,135,168,168,179,179,179,179],"floor_reached":16,"language":"ENG","playtime":381,"items_purged":[],"score":165,"play_id":"0dcb089e-5728-47b5-a550-260084a20877","local_time":"20210222005158","is_ascension_mode":true,"campfire_choices":[{"data":"Hallownest:skillGreenpathMap","floor":6,"key":"SMITH"},{"data":"Rebound","floor":8,"key":"SMITH"},{"floor":15,"key":"REST"}],"circlet_count":0,"master_deck":["AscendersBane","Strike_B","Strike_B","Strike_B","Strike_B","Defend_B","Defend_B","Defend_B","Defend_B","Zap","Dualcast","Swift Strike","Ball Lightning","Rebound+1","Hallownest:skillGreenpathMap+1","Self Repair","Self Repair","Go for the Eyes"],"relics":["Cracked Core","Orichalcum","Tiny Chest","Bottled Flame","Letter Opener","Hallownest:DreamNailRelic"],"acts_visited":["Exordium"],"potions_floor_usage":[7,10,16,16],"damage_taken":[{"damage":0,"enemies":"Hallownest:monsterHuskWarrior","floor":1,"turns":3},{"damage":9,"enemies":"Hallownest:2_Tiktiks_and_1_Crawlid","floor":2,"turns":3},{"damage":0,"enemies":"2_ Uuma","floor":4,"turns":4},{"damage":9,"enemies":"Hallownest:Wandering_and_Horned","floor":5,"turns":4},{"damage":15,"enemies":"Hallownest:eliteVengeflyKing","floor":7,"turns":6},{"damage":34,"enemies":"Hallownest:eliteMossKnight","floor":10,"turns":9},{"damage":13,"enemies":"Hallownest:eliteVengeflyKing","floor":12,"turns":5},{"damage":18,"enemies":"Hallownest:2_Tiktiks_1_Baldur_1_Crawlid","floor":14,"turns":5},{"damage":40,"enemies":"Hallownest:BossHornet","floor":16,"turns":7}],"seed_played":"-1769434218012423957","potions_obtained":[{"floor":2,"key":"SkillPotion"},{"floor":4,"key":"DistilledChaos"},{"floor":7,"key":"ColorlessPotion"},{"floor":14,"key":"ColorlessPotion"}],"is_trial":false,"path_per_floor":["M","M","?","M","M","R","E","R","T","E","?","E","?","M","R","B"],"character_chosen":"DEFECT","items_purchased":[],"campfire_rested":1,"item_purchase_floors":[],"current_hp_per_floor":[68,59,59,59,57,57,56,56,56,36,27,21,21,17,39,0,0],"gold":179,"neow_bonus":"RANDOM_COLORLESS","is_daily":false,"chose_seed":false,"campfire_upgraded":2,"win_rate":0.0,"timestamp":1613951518,"path_taken":["M","M","?","M","M","R","E","R","T","E","?","E","?","?","R","BOSS"],"items_purchased_type":[],"build_version":"2020-12-22","purchased_purges":0,"victory":false,"max_hp_per_floor":[75,75,75,75,75,75,75,75,75,75,75,75,75,75,75,75,75],"card_choices":[{"not_picked":["Deep Breath","Enlightenment"],"picked":"Swift Strike","floor":0},{"not_picked":["Darkness","Auto Shields"],"picked":"Ball Lightning","floor":1},{"not_picked":["Ball Lightning","Gash"],"picked":"Rebound","floor":2},{"not_picked":["Sweeping Beam","Tempest"],"picked":"Self Repair","floor":4},{"not_picked":["Undo","Hologram"],"picked":"Self Repair","floor":5},{"not_picked":["All For One","Sunder","Leap"],"picked":"SKIP","floor":7},{"not_picked":["Rebound","Sweeping Beam","Steam"],"picked":"SKIP","floor":10},{"not_picked":["Stack","Fission"],"picked":"Go for the Eyes","floor":12},{"not_picked":["Sweeping Beam","Streamline","Beam Cell"],"picked":"SKIP","floor":14}],"player_experience":502536,"relics_obtained":[{"floor":7,"key":"Orichalcum"},{"floor":9,"key":"Tiny Chest"},{"floor":10,"key":"Bottled Flame"},{"floor":12,"key":"Letter Opener"}],"event_choices":[],"is_beta":false,"boss_relics":[],"items_purged_floors":[],"is_endless":false,"potions_floor_spawned":[2,4,7,14],"killed_by":"Hallownest:BossHornet","ascension_level":10}}