{"host":"879u177vr8bnqwsn","time":1613951431,"event":{"mods":["BaseMod","Hubris","Minty Spire (QoL Compilation)","Reliquary","StSLib"],"gold_per_floor":[114,189,189,200,219,219,64,81,106,121,121,121,149,165,165,267,267,284,284,0,0,12,12,12,12,12],"floor_reached":25,"language":"ENG","playtime":675,"items_purged":[],"score":201,"play_id":"05333988-4346-4efa-bf2e-6e8ccb1c243b","local_time":"20210221205031","is_ascension_mode":false,"campfire_choices":[{"data":"Zap","floor":6,"key":"SMITH"},{"data":"Sunder","floor":11,"key":"SMITH"},{"floor":15,"key":"REST"},{"data":"White Noise","floor":23,"key":"SMITH"}],"circlet_count":0,"master_deck":["Zap+1","Dualcast","Conserve Battery","White Noise+1","Melter","Sunder+1","Loop","Coolheaded","Tempest+1","Streamline","Leap","Machine Learning","Chill","Rebound","Hello World","Chaos","Force Field","Fusion","Coolheaded","Stack+1","Force Field"],"relics":["Cracked Core","Dream Catcher","hubris:ToyBattleship","Pandora\u0027s Box","hubris:BottledHeart","hubris:Towel"],"acts_visited":["Exordium","TheCity"],"potions_floor_usage":[10,13],"damage_taken":[{"damage":1,"enemies":"Cultist","floor":1,"turns":3},{"damage":3,"enemies":"Small Slimes","floor":4,"turns":3},{"damage":11,"enemies":"Jaw Worm","floor":5,"turns":4},{"damage":9,"enemies":"Blue Slaver","floor":8,"turns":3},{"damage":0,"enemies":"2 Fungi Beasts","floor":10,"turns":2},{"damage":1,"enemies":"Lagavulin","floor":13,"turns":5},{"damage":10,"enemies":"Looter","floor":14,"turns":2},{"damage":30,"enemies":"Slime Boss","floor":16,"turns":8},{"damage":0,"enemies":"Chosen","floor":18,"turns":6},{"damage":0,"enemies":"3 Byrds","floor":22,"turns":3},{"damage":0,"enemies":"3 Cultists","floor":25,"turns":2}],"seed_played":"6508621744624378768","potions_obtained":[{"floor":4,"key":"Fire Potion"},{"floor":8,"key":"ColorlessPotion"},{"floor":16,"key":"SteroidPotion"},{"floor":22,"key":"SmokeBomb"}],"is_trial":false,"path_per_floor":["M","?","?","M","M","R","$","M","T","M","R","?","E","M","R","B",null,"M","?","?","?","M","R","?","M"],"character_chosen":"DEFECT","items_purchased":["Sunder","Loop"],"campfire_rested":1,"item_purchase_floors":[7,7],"current_hp_per_floor":[81,70,70,67,56,56,56,47,47,47,47,31,30,20,44,14,82,82,1,1,1,1,1,1,1,1],"gold":12,"neow_bonus":"TEN_PERCENT_HP_BONUS","is_daily":false,"chose_seed":false,"campfire_upgraded":3,"win_rate":0.0,"timestamp":1613951431,"path_taken":["M","?","?","M","?","R","$","M","T","M","R","?","E","M","R","BOSS","M","?","?","?","M","R","?","M"],"items_purchased_type":["Card","Card"],"build_version":"2020-12-22","purchased_purges":0,"victory":false,"max_hp_per_floor":[82,82,82,82,82,82,82,82,82,82,82,82,82,82,82,82,82,82,1,1,1,1,1,1,1,1],"card_choices":[{"not_picked":["Redo","Rebound"],"picked":"Conserve Battery","floor":1},{"not_picked":["Stack","Rebound"],"picked":"White Noise","floor":4},{"not_picked":["Gash","Compile Driver"],"picked":"Melter","floor":5},{"not_picked":["Redo","Heatsinks"],"picked":"Coolheaded","floor":8},{"not_picked":["Consume","Redo"],"picked":"Tempest","floor":10},{"not_picked":["Rainbow","Beam Cell"],"picked":"Streamline","floor":13},{"not_picked":["Rebound","Compile Driver","Doom and Gloom"],"picked":"SKIP","floor":14},{"not_picked":["Fusion","Redo"],"picked":"Leap","floor":15},{"not_picked":["hubris:Prefetch","Seek"],"picked":"Machine Learning","floor":16},{"not_picked":["Go for the Eyes+1","Rebound"],"picked":"Stack+1","floor":18},{"not_picked":["Hologram","Redo+1"],"picked":"Force Field","floor":22}],"player_experience":740755,"relics_obtained":[{"floor":9,"key":"Dream Catcher"},{"floor":13,"key":"hubris:ToyBattleship"}],"event_choices":[{"damage_healed":0,"gold_gain":75,"player_choice":"Gather Gold","damage_taken":11,"max_hp_gain":0,"max_hp_loss":0,"event_name":"World of Goop","floor":2,"gold_loss":0},{"damage_healed":0,"gold_gain":0,"player_choice":"Ignored","damage_taken":0,"max_hp_gain":0,"max_hp_loss":0,"event_name":"NoteForYourself","floor":3,"gold_loss":0},{"damage_healed":0,"gold_gain":0,"player_choice":"Entered Light","damage_taken":16,"max_hp_gain":0,"max_hp_loss":0,"event_name":"Shining Light","floor":12,"gold_loss":0,"cards_upgraded":["Tempest","Defend_B"]},{"damage_healed":0,"gold_gain":0,"player_choice":"Paid Fearfully","damage_taken":0,"max_hp_gain":0,"max_hp_loss":0,"event_name":"Masked Bandits","floor":20,"gold_loss":284},{"cards_removed":["Self Repair"],"damage_healed":0,"gold_gain":0,"player_choice":"Offered Uncommon","damage_taken":0,"max_hp_gain":0,"max_hp_loss":0,"event_name":"Bonfire Elementals","floor":24,"gold_loss":0}],"is_beta":false,"boss_relics":[{"not_picked":["Nuclear Battery","hubris:CrackedHourglass"],"picked":"Pandora\u0027s Box"}],"items_purged_floors":[],"is_endless":false,"potions_floor_spawned":[4,8,16,22],"killed_by":"3 Cultists","ascension_level":0}}