{"host":"l3lzhw5qete3bz2v","time":1613912085,"event":{"mods":["BaseMod","Colored Map","Colored Powertips","Minty Spire (QoL Compilation)","StSLib","SuperFastMode"],"gold_per_floor":[369,13,13,25,48,60,100,129,141,153,183,210,250,281,293,401,413,438,450,561,573,239,239,239,273,300,300,317,343,74,74,74,171,171,184,195,95,95,2,2,30,30,30,80,80,94,94,105,105,105],"floor_reached":51,"language":"JPN","playtime":2664,"items_purged":["Doubt","Strike_B","Strike_B","Strike_B"],"score":1003,"play_id":"cfbdbeea-32e0-4412-b2fb-5229b73427f8","local_time":"20210221215445","is_ascension_mode":true,"campfire_choices":[{"data":"Barrage","floor":6.0,"key":"SMITH"},{"floor":10.0,"key":"REST"},{"data":"Consume","floor":15.0,"key":"SMITH"},{"data":"Double Energy","floor":23.0,"key":"SMITH"},{"floor":27.0,"key":"REST"},{"floor":32.0,"key":"REST"},{"data":"Turbo","floor":40.0,"key":"SMITH"},{"data":"Aggregate","floor":42.0,"key":"SMITH"},{"data":"Turbo","floor":47,"key":"SMITH"},{"floor":49,"key":"REST"}],"circlet_count":0,"master_deck":["Defend_B","Defend_B","Defend_B","Defend_B","Zap","Dualcast","Capacitor","Barrage+1","Defragment+1","Hologram","Doom and Gloom","Cold Snap","Ball Lightning","Static Discharge","Consume+1","Seek","Double Energy+1","Turbo+1","All For One","Biased Cognition","BootSequence","Turbo+1","Aggregate+1","Leap+1","Coolheaded+1","Go for the Eyes+1"],"relics":["Cracked Core","Orrery","MawBank","Oddly Smooth Stone","Singing Bowl","Darkstone Periapt","Runic Pyramid","Mercury Hourglass","Cables","MealTicket","Lantern","Strawberry","Membership Card","Enchiridion","Inserter","Medical Kit","Pen Nib","Letter Opener","Prayer Wheel"],"acts_visited":["Exordium","TheCity","TheBeyond"],"potions_floor_usage":[50],"damage_taken":[{"damage":6.0,"enemies":"2 Louse","floor":1.0,"turns":2.0},{"damage":2.0,"enemies":"Jaw Worm","floor":5.0,"turns":3.0},{"damage":22.0,"enemies":"Gremlin Nob","floor":7.0,"turns":5.0},{"damage":0.0,"enemies":"Cultist","floor":8.0,"turns":2.0},{"damage":11.0,"enemies":"Exordium Wildlife","floor":11.0,"turns":4.0},{"damage":5.0,"enemies":"Looter","floor":12.0,"turns":3.0},{"damage":10.0,"enemies":"Lagavulin","floor":13.0,"turns":6.0},{"damage":0.0,"enemies":"2 Fungi Beasts","floor":14.0,"turns":2.0},{"damage":14.0,"enemies":"Hexaghost","floor":16.0,"turns":8.0},{"damage":6.0,"enemies":"3 Byrds","floor":18.0,"turns":3.0},{"damage":30.0,"enemies":"Book of Stabbing","floor":25.0,"turns":3.0},{"damage":6.0,"enemies":"Shell Parasite","floor":28.0,"turns":2.0},{"damage":43.0,"enemies":"Slavers","floor":29.0,"turns":3.0},{"damage":21.0,"enemies":"Collector","floor":33.0,"turns":6.0},{"damage":16.0,"enemies":"3 Darklings","floor":35.0,"turns":3.0},{"damage":7.0,"enemies":"3 Shapes","floor":36.0,"turns":4.0},{"damage":16.0,"enemies":"Giant Head","floor":41.0,"turns":6.0},{"damage":10.0,"enemies":"Mind Bloom Boss Battle","floor":44.0,"turns":5.0},{"damage":4,"enemies":"Jaw Worm Horde","floor":46,"turns":3},{"damage":0,"enemies":"4 Shapes","floor":48,"turns":3},{"damage":48,"enemies":"Awakened One","floor":50,"turns":15}],"seed_played":"3064974869578194331","potions_obtained":[{"floor":1.0,"key":"Block Potion"},{"floor":7.0,"key":"Fire Potion"},{"floor":11.0,"key":"PotionOfCapacity"},{"floor":18.0,"key":"ColorlessPotion"},{"floor":28.0,"key":"FocusPotion"},{"floor":33.0,"key":"FocusPotion"}],"is_trial":false,"path_per_floor":["M","$","?","?","M","R","E","M","T","R","M","M","E","M","R","B",null,"M","?","?","T","$","R","?","E","T","R","M","E","$","?","R","B",null,"M","M","$","?","$","R","E","R","T","?","?","M","R","M","R","B",null],"character_chosen":"DEFECT","items_purchased":["Orrery","Doom and Gloom","Cold Snap","FocusPotion","Cables","Membership Card","BootSequence","Energy Potion","Medical Kit","Turbo","Aggregate"],"campfire_rested":4,"item_purchase_floors":[2,2,2,2,22,30,30,30,37,37,39],"current_hp_per_floor":[62,62,50,50,48,48,26,26,26,48,39,36,26,28,28,14,64,58,58,58,58,58,58,58,28,28,52,48,14,29,13,40,21,76,62,57,72,72,87,87,73,73,73,63,63,61,61,63,94,46],"gold":105,"neow_bonus":"TWO_FIFTY_GOLD","is_daily":false,"chose_seed":false,"campfire_upgraded":6,"win_rate":0.0,"timestamp":1613912085,"path_taken":["M","$","?","?","M","R","E","M","T","R","M","M","E","M","R","BOSS","M","?","?","?","$","R","?","E","T","R","?","E","$","?","R","BOSS","M","M","$","?","$","R","E","R","T","?","?","M","R","M","R","BOSS"],"items_purchased_type":["Relic","Card","Card","Potion","Relic","Relic","Card","Potion","Relic","Card","Card"],"build_version":"2020-12-22","purchased_purges":4,"victory":true,"max_hp_per_floor":[75,75,75,75,75,75,75,75,75,75,77,79,79,81,81,81,81,81,81,81,81,81,81,81,81,81,81,83,92,92,92,92,94,94,96,98,98,98,98,98,100,100,100,100,100,102,102,104,104,104],"card_choices":[{"not_picked":["Stack","Beam Cell"],"picked":"Capacitor","floor":1.0},{"not_picked":["Turbo","Fission"],"picked":"Barrage","floor":2.0},{"not_picked":["Sunder","Steam"],"picked":"Defragment","floor":2.0},{"not_picked":["Beam Cell","Streamline"],"picked":"Hologram","floor":2.0},{"not_picked":["Go for the Eyes","Barrage","Streamline"],"picked":"SKIP","floor":5.0},{"not_picked":["Rip and Tear","Thunder Strike"],"picked":"Ball Lightning","floor":7.0},{"not_picked":["Barrage","Leap"],"picked":"Static Discharge","floor":8.0},{"not_picked":["Turbo","Stack","Hologram"],"picked":"Singing Bowl","floor":11.0},{"not_picked":["Skim","Reprogram","Beam Cell"],"picked":"Singing Bowl","floor":12.0},{"not_picked":["Steam Power","Turbo"],"picked":"Consume","floor":13.0},{"not_picked":["Recycle","Go for the Eyes","Double Energy"],"picked":"Singing Bowl","floor":14.0},{"not_picked":["Creative AI","Core Surge"],"picked":"Seek","floor":16.0},{"not_picked":["Leap+1","Redo"],"picked":"Double Energy","floor":18.0},{"not_picked":["Compile Driver","Rebound"],"picked":"Biased Cognition","floor":25.0},{"not_picked":["Darkness","Self Repair","Undo+1"],"picked":"Singing Bowl","floor":28.0},{"not_picked":["Fusion+1","Steam","Gash"],"picked":"Singing Bowl","floor":29.0},{"not_picked":["Machine Learning","Fission","Creative AI"],"picked":"Singing Bowl","floor":33.0},{"not_picked":["Stack+1","Darkness","Barrage+1"],"picked":"Singing Bowl","floor":35.0},{"not_picked":["Go for the Eyes","Double Energy","Stack"],"picked":"Singing Bowl","floor":36.0},{"not_picked":["Redo+1","Chaos+1","Darkness"],"picked":"Singing Bowl","floor":41.0},{"not_picked":["Thunder Strike","Compile Driver+1"],"picked":"Leap+1","floor":44.0},{"not_picked":["Hologram+1","Static Discharge+1"],"picked":"Coolheaded+1","floor":46},{"not_picked":["Loop","Double Energy","Compile Driver+1"],"picked":"Singing Bowl","floor":46},{"not_picked":["Hologram","Turbo+1","Hello World+1"],"picked":"Singing Bowl","floor":48},{"not_picked":["Chill+1","Darkness+1"],"picked":"Go for the Eyes+1","floor":48}],"player_experience":143030,"relics_obtained":[{"floor":7.0,"key":"Oddly Smooth Stone"},{"floor":9.0,"key":"Singing Bowl"},{"floor":13.0,"key":"Darkstone Periapt"},{"floor":21.0,"key":"Mercury Hourglass"},{"floor":25.0,"key":"MealTicket"},{"floor":26.0,"key":"Lantern"},{"floor":29.0,"key":"Strawberry"},{"floor":31.0,"key":"Enchiridion"},{"floor":41.0,"key":"Pen Nib"},{"floor":43.0,"key":"Letter Opener"},{"floor":44.0,"key":"Prayer Wheel"}],"event_choices":[{"damage_healed":0.0,"max_hp_gain":0.0,"max_hp_loss":0.0,"gold_gain":0.0,"event_name":"Scrap Ooze","player_choice":"Success","floor":3.0,"gold_loss":0.0,"damage_taken":12.0,"relics_obtained":["MawBank"]},{"damage_healed":0.0,"max_hp_gain":0.0,"max_hp_loss":0.0,"gold_gain":0.0,"event_name":"Living Wall","player_choice":"Grow","floor":4.0,"gold_loss":0.0,"damage_taken":0.0,"cards_upgraded":["Defragment"]},{"damage_healed":0.0,"max_hp_gain":0.0,"max_hp_loss":0.0,"gold_gain":0.0,"event_name":"The Library","player_choice":"Read","floor":19.0,"gold_loss":0.0,"damage_taken":0.0,"cards_obtained":["Turbo"]},{"damage_healed":0.0,"max_hp_gain":0.0,"max_hp_loss":0.0,"gold_gain":99.0,"event_name":"Nest","player_choice":"Stole From Cult","floor":20.0,"gold_loss":0.0,"damage_taken":0.0},{"damage_healed":0.0,"max_hp_gain":0.0,"max_hp_loss":0.0,"gold_gain":0.0,"cards_transformed":["Strike_B"],"event_name":"Transmorgrifier","player_choice":"Transformed","floor":24.0,"gold_loss":0.0,"damage_taken":0.0,"cards_obtained":["All For One"]},{"damage_healed":0.0,"max_hp_gain":0.0,"max_hp_loss":0.0,"gold_gain":0.0,"event_name":"Cursed Tome","player_choice":"Obtained Book","floor":31.0,"gold_loss":0.0,"damage_taken":16.0},{"damage_healed":0.0,"max_hp_gain":0.0,"max_hp_loss":0.0,"gold_gain":0.0,"event_name":"Tomb of Lord Red Mask","player_choice":"Ignored","floor":38.0,"gold_loss":0.0,"damage_taken":0.0},{"damage_healed":0.0,"max_hp_gain":0.0,"max_hp_loss":0.0,"gold_gain":0.0,"event_name":"MindBloom","player_choice":"Fight","floor":44.0,"gold_loss":0.0,"damage_taken":0.0},{"damage_healed":0.0,"max_hp_gain":0.0,"max_hp_loss":0.0,"gold_gain":0.0,"event_name":"Mysterious Sphere","player_choice":"Ignored","floor":45.0,"gold_loss":0.0,"damage_taken":0.0}],"is_beta":false,"boss_relics":[{"not_picked":["Empty Cage","Nuclear Battery"],"picked":"Runic Pyramid"},{"not_picked":["Busted Crown","Coffee Dripper"],"picked":"Inserter"}],"items_purged_floors":[2,22,30,39],"is_endless":false,"potions_floor_spawned":[1,7,11,18,28,33,35,41],"ascension_level":7}}