{"host":"1m3dfme8k5w8sg4k","time":1613943761,"event":{"mods":["AchievementEnabler","BaseMod","Colored Map","Colored Powertips","Minty Spire (QoL Compilation)","Random Character Button","Random Character Mod","Relic Stats","StSLib","everything is the same but u backflip on backflip"],"gold_per_floor":[114,289,304,379,222,252,252,282,282,282,312,312,342,384,396,508,520,547,559,571,598,379,379,379,409,484,514,330,360,361,361,361,461,461,476,491,506,456,492,522,522,552,552,582,582,582,612,399,399,399],"floor_reached":51,"language":"ENG","playtime":2535,"items_purged":["Doubt","True Grit","Clothesline"],"score":1174,"play_id":"880efcc9-3b03-46a4-8723-0a78d8affdfd","local_time":"20210221164241","daily_mods":["SealedDeck","Flight","Elite Swarm"],"is_ascension_mode":false,"campfire_choices":[{"data":"Fiend Fire","floor":7,"key":"SMITH"},{"floor":10,"key":"REST"},{"data":"Rupture","floor":15,"key":"SMITH"},{"data":"Dual Wield","floor":23,"key":"SMITH"},{"data":"1","floor":24,"key":"LIFT"},{"data":"2","floor":32,"key":"LIFT"},{"data":"Offering","floor":41,"key":"SMITH"},{"data":"3","floor":45,"key":"LIFT"},{"data":"Rupture","floor":49,"key":"SMITH"}],"circlet_count":0,"master_deck":["Thunderclap","Intimidate","Pommel Strike","Shrug It Off","Shrug It Off","Hemokinesis","Rupture+1","Dual Wield+1","Rampage","Dark Embrace","Fiend Fire+1","Offering+1","Reaper","Reaper","Feed","Impervious","Rupture+1","Battle Trance","Hemokinesis","Brutality","Impervious","Spot Weakness","Brutality","Shockwave+1","True Grit+1","Offering","Exhume","Pain","Brutality"],"relics":["Burning Blood","FossilizedHelix","Bronze Scales","White Beast Statue","Girya","MawBank","MealTicket","Coffee Dripper","Enchiridion","Letter Opener","Mercury Hourglass","Orichalcum","Membership Card","Pantograph","Red Mask","FaceOfCleric","SlaversCollar","Thread and Needle","Bottled Lightning","HornCleat","Eternal Feather","Juzu Bracelet","WarpedTongs","Bag of Preparation","Strange Spoon","Anchor"],"acts_visited":["Exordium","TheCity","TheBeyond"],"potions_floor_usage":[13,16,21,30,50],"damage_taken":[{"damage":4,"enemies":"Small Slimes","floor":1,"turns":3},{"damage":0,"enemies":"2 Louse","floor":3,"turns":2},{"damage":26,"enemies":"Gremlin Nob","floor":6,"turns":5},{"damage":19,"enemies":"Lagavulin","floor":8,"turns":7},{"damage":14,"enemies":"Gremlin Nob","floor":11,"turns":2},{"damage":14,"enemies":"Lagavulin","floor":13,"turns":5},{"damage":2,"enemies":"Gremlin Nob","floor":14,"turns":2},{"damage":84,"enemies":"The Guardian","floor":16,"turns":12},{"damage":0,"enemies":"Chosen","floor":18,"turns":5},{"damage":12,"enemies":"2 Thieves","floor":21,"turns":3},{"damage":45,"enemies":"Book of Stabbing","floor":25,"turns":5},{"damage":30,"enemies":"Slavers","floor":27,"turns":2},{"damage":6,"enemies":"Gremlin Leader","floor":29,"turns":4},{"damage":7,"enemies":"Masked Bandits","floor":30,"turns":3},{"damage":16,"enemies":"Collector","floor":33,"turns":4},{"damage":8,"enemies":"3 Darklings","floor":35,"turns":6},{"damage":13,"enemies":"3 Shapes","floor":36,"turns":4},{"damage":16,"enemies":"Transient","floor":37,"turns":5},{"damage":43,"enemies":"2 Orb Walkers","floor":39,"turns":4},{"damage":33,"enemies":"Reptomancer","floor":40,"turns":6},{"damage":20,"enemies":"Giant Head","floor":42,"turns":4},{"damage":24,"enemies":"Nemesis","floor":44,"turns":5},{"damage":11,"enemies":"Reptomancer","floor":47,"turns":2},{"damage":37,"enemies":"Donu and Deca","floor":50,"turns":4}],"seed_played":"-7397021786818157212","potions_obtained":[{"floor":8,"key":"SkillPotion"},{"floor":11,"key":"GamblersBrew"},{"floor":13,"key":"ElixirPotion"},{"floor":14,"key":"SteroidPotion"},{"floor":16,"key":"Ancient Potion"},{"floor":18,"key":"Swift Potion"},{"floor":21,"key":"LiquidBronze"},{"floor":27,"key":"Energy Potion"},{"floor":30,"key":"ElixirPotion"},{"floor":33,"key":"Ancient Potion"},{"floor":35,"key":"PowerPotion"},{"floor":36,"key":"EntropicBrew"}],"is_trial":false,"path_per_floor":["M","?","M","?","$","E","R","E","T","R","E","?","E","E","R","B",null,"M","?","?","M","$","R","R","E","T","E","$","E","?","?","R","B",null,"M","M","M","$","?","E","R","E","T","E","R","?","E","$","R","B",null],"character_chosen":"IRONCLAD","items_purchased":["Dark Embrace","Rupture","Battle Trance","Hemokinesis","Membership Card","Spot Weakness","Strange Spoon","Anchor"],"campfire_rested":1,"item_purchase_floors":[5,22,22,22,28,28,48,48],"current_hp_per_floor":[80,80,80,69,69,49,49,36,36,60,52,57,61,69,69,10,88,88,72,72,84,88,88,88,49,49,73,88,88,90,90,90,82,92,93,93,98,98,65,88,88,107,107,93,108,108,107,115,115,116],"gold":399,"neow_bonus":"","is_daily":true,"chose_seed":false,"campfire_upgraded":5,"win_rate":0.0,"timestamp":1613943761,"path_taken":["M","?","M","?","$","E","R","E","T","R","E","?","E","E","R","BOSS","M","?","?","M","$","R","R","E","T","E","$","E","?","?","R","BOSS","M","M","?","$","?","E","R","E","T","E","R","?","E","$","R","BOSS"],"items_purchased_type":["Card","Card","Card","Card","Relic","Card","Relic","Relic"],"build_version":"2020-12-22","purchased_purges":3,"victory":true,"max_hp_per_floor":[80,80,80,80,80,80,80,80,80,80,80,85,85,85,85,88,88,88,88,88,88,88,88,88,88,88,88,88,88,91,91,91,92,92,93,97,98,98,102,103,103,107,107,111,111,111,115,115,115,116],"relic_stats":{"counters":[24,104],"Eternal Feather":15,"Juzu Bracelet":0,"Bag of Preparation":[2],"Letter Opener":[111],"Orichalcum":[96],"MawBank":108,"Burning Blood":100,"Mercury Hourglass":[259],"WarpedTongs":[6],"Strange Spoon":[4],"FaceOfCleric":10,"Bronze Scales":[247],"Pantograph":1,"MealTicket":27,"obtain_stats":[{"Enchiridion":19,"Juzu Bracelet":44,"Bag of Preparation":47,"Burning Blood":0,"HornCleat":42,"FaceOfCleric":31,"Pantograph":29,"MealTicket":14,"Red Mask":30,"Girya":11,"Thread and Needle":39,"Eternal Feather":43,"Letter Opener":25,"Orichalcum":27,"MawBank":13,"White Beast Statue":9,"Mercury Hourglass":26,"WarpedTongs":46,"SlaversCollar":34,"Strange Spoon":48,"Anchor":48,"Bronze Scales":8,"Coffee Dripper":17,"Membership Card":28,"Bottled Lightning":40,"FossilizedHelix":6},{"Enchiridion":9,"Juzu Bracelet":22,"Bag of Preparation":23,"Burning Blood":0,"HornCleat":21,"FaceOfCleric":14,"Pantograph":13,"MealTicket":7,"Red Mask":14,"Girya":5,"Thread and Needle":19,"Eternal Feather":21,"Letter Opener":11,"Orichalcum":12,"MawBank":6,"White Beast Statue":4,"Mercury Hourglass":11,"WarpedTongs":22,"SlaversCollar":15,"Strange Spoon":23,"Anchor":23,"Bronze Scales":4,"Coffee Dripper":8,"Membership Card":12,"Bottled Lightning":20,"FossilizedHelix":3},{"Enchiridion":43,"Juzu Bracelet":98,"Bag of Preparation":100,"Burning Blood":0,"HornCleat":93,"FaceOfCleric":60,"Pantograph":57,"MealTicket":26,"Red Mask":60,"Girya":19,"Thread and Needle":83,"Eternal Feather":93,"Letter Opener":51,"Orichalcum":53,"MawBank":24,"White Beast Statue":17,"Mercury Hourglass":51,"WarpedTongs":98,"SlaversCollar":64,"Strange Spoon":100,"Anchor":100,"Bronze Scales":17,"Coffee Dripper":38,"Membership Card":53,"Bottled Lightning":89,"FossilizedHelix":10}]},"card_choices":[{"not_picked":["Anger","True Grit"],"picked":"Rampage","floor":1},{"not_picked":["Infernal Blade","Iron Wave","Cleave"],"picked":"SKIP","floor":3},{"not_picked":["Bludgeon","Exhume"],"picked":"Fiend Fire","floor":6},{"not_picked":["Exhume","Barricade"],"picked":"Offering","floor":8},{"not_picked":["Demon Form","Corruption"],"picked":"Reaper","floor":11},{"not_picked":["Juggernaut","Exhume"],"picked":"Reaper","floor":13},{"not_picked":["Immolate","Impervious"],"picked":"Feed","floor":14},{"not_picked":["Exhume","Immolate"],"picked":"Impervious","floor":16},{"not_picked":["Flex+1","Searing Blow+1","Reckless Charge+1"],"picked":"SKIP","floor":18},{"not_picked":["Twin Strike","Headbutt","Metallicize"],"picked":"SKIP","floor":21},{"not_picked":["Reaper","Barricade"],"picked":"Brutality","floor":25},{"not_picked":["Reaper","Barricade"],"picked":"Impervious","floor":27},{"not_picked":["Demon Form","Barricade"],"picked":"Brutality","floor":29},{"not_picked":["Twin Strike+1","Whirlwind"],"picked":"Shockwave+1","floor":35},{"not_picked":["Perfected Strike","Whirlwind"],"picked":"True Grit+1","floor":36},{"not_picked":["Twin Strike","Havoc","Clash+1"],"picked":"SKIP","floor":37},{"not_picked":["Bludgeon","Barricade","Impervious"],"picked":"SKIP","floor":40},{"not_picked":["Feed","Immolate"],"picked":"Offering","floor":42},{"not_picked":["Juggernaut","Bludgeon"],"picked":"Exhume","floor":44},{"not_picked":["Barricade","Reaper"],"picked":"Brutality","floor":47}],"player_experience":1632653,"relics_obtained":[{"floor":6,"key":"FossilizedHelix"},{"floor":8,"key":"Bronze Scales"},{"floor":9,"key":"White Beast Statue"},{"floor":11,"key":"Girya"},{"floor":13,"key":"MawBank"},{"floor":14,"key":"MealTicket"},{"floor":19,"key":"Enchiridion"},{"floor":25,"key":"Letter Opener"},{"floor":26,"key":"Mercury Hourglass"},{"floor":27,"key":"Orichalcum"},{"floor":29,"key":"Pantograph"},{"floor":30,"key":"Red Mask"},{"floor":39,"key":"Thread and Needle"},{"floor":40,"key":"Bottled Lightning"},{"floor":42,"key":"HornCleat"},{"floor":43,"key":"Eternal Feather"},{"floor":44,"key":"Juzu Bracelet"},{"floor":47,"key":"Bag of Preparation"}],"event_choices":[{"damage_healed":0,"gold_gain":175,"player_choice":"AGREE","damage_taken":0,"max_hp_gain":0,"max_hp_loss":0,"event_name":"Liars Game","floor":2,"gold_loss":0,"cards_obtained":["Doubt"]},{"damage_healed":0,"gold_gain":75,"player_choice":"Gather Gold","damage_taken":11,"max_hp_gain":0,"max_hp_loss":0,"event_name":"World of Goop","floor":4,"gold_loss":0},{"damage_healed":0,"gold_gain":0,"player_choice":"Donut","damage_taken":0,"max_hp_gain":5,"max_hp_loss":0,"event_name":"Big Fish","floor":12,"gold_loss":0},{"damage_healed":0,"gold_gain":0,"player_choice":"Obtained Book","damage_taken":16,"max_hp_gain":0,"max_hp_loss":0,"event_name":"Cursed Tome","floor":19,"gold_loss":0},{"damage_healed":0,"gold_gain":0,"player_choice":"Ignored","damage_taken":0,"max_hp_gain":0,"max_hp_loss":0,"event_name":"Beggar","floor":20,"gold_loss":0},{"damage_healed":0,"gold_gain":0,"player_choice":"Fought Bandits","damage_taken":0,"max_hp_gain":0,"max_hp_loss":0,"event_name":"Masked Bandits","floor":30,"gold_loss":0},{"damage_healed":0,"gold_gain":0,"player_choice":"Trade","damage_taken":0,"relics_obtained":["FaceOfCleric"],"max_hp_gain":0,"max_hp_loss":0,"event_name":"FaceTrader","floor":31,"gold_loss":0},{"damage_healed":0,"gold_gain":0,"player_choice":"Fight","damage_taken":0,"max_hp_gain":0,"max_hp_loss":0,"event_name":"Mysterious Sphere","floor":39,"gold_loss":0},{"damage_healed":0,"gold_gain":0,"player_choice":"Rummage","damage_taken":0,"relics_obtained":["WarpedTongs"],"max_hp_gain":0,"max_hp_loss":0,"event_name":"Accursed Blacksmith","floor":46,"gold_loss":0,"cards_obtained":["Pain"]}],"is_beta":false,"boss_relics":[{"not_picked":["Velvet Choker","Calling Bell"],"picked":"Coffee Dripper"},{"not_picked":["Philosopher\u0027s Stone","Tiny House"],"picked":"SlaversCollar"}],"items_purged_floors":[5,38,48],"is_endless":false,"potions_floor_spawned":[8,11,13,14,16,18,21,25,27,29,30,33,35,36,37,39,40,42,44,47],"ascension_level":0}}