{"host":"aa6fvbpmsafso8gw","time":1613946994,"event":{"mods":["2.2 Compatiblity","Act Like it!","Arknights","Aspiration","Bartender","BaseMod","Beaked The Cultist","Better Altar","Better Match","Better Note","Better Sensory Stone","Better Skull","Better Third Choice","BetterRewards","CatGirl Mod","ChefMod","Colored Map","Colored Powertips","Conspire","Curses Come First","Dio Mod","Downfall","Energized Spire","GifTheSpireLib","Halation","Hallownest","Hubris","Infinite Spire","JesterMod","Jorbs\u0027s Wanderer Trilogy","Minty Spire (QoL Compilation)","MostiFishMod","Quick Restart","Rare Cards Sparkle","Reliquary","Replay The Spire","Retaliation","Robot Space Explorer","Ruina","Shade Mod","Shapeshifter Mod","Shop Mod","Spicy Shops","Spire Arcade","StSLib","Stuff the Spire","SuperFastMode","The Bug Knight","The Cursed","The Disciple","The Dragonkin","The Gatherer","The Hayseed","The Hierophant","The IronCluck","The Mystic","The Poker Player","The Problem Sleuth","The Sage","The Wild Card","TheFirefly","slay the spire mod where everything is the same but ironclad has a cowboy hat","thorton"],"gold_per_floor":[117,67,67,86,97,97,97,30,53,69,140,153,89,105,105,203,203,215,215,234,246,246,272,272,290,290,290,314,328,328,148,148,243,243,260,291,291,301,318,318,318,318,318,278,194,194,37,50,50,50,50,50,1,26,26],"floor_reached":56,"language":"ENG","playtime":3148,"items_purged":["theDragonkin:Defend","Doubt"],"score":1157,"play_id":"e92eece4-df1a-4902-94f3-6fbb3085dc84","local_time":"20210221173634","is_ascension_mode":false,"campfire_choices":[{"data":"theDragonkin:DivinePrayer","floor":6.0,"key":"SMITH"},{"data":"theDragonkin:DivineBreath","floor":15.0,"key":"SMITH"},{"floor":27.0,"key":"REST"},{"floor":30.0,"key":"REST"},{"data":"jesterMod:LightTheWick","floor":32.0,"key":"SMITH"},{"floor":40.0,"key":"REST"},{"floor":46.0,"key":"RECALL"},{"floor":49.0,"key":"REST"},{"data":"theDragonkin:Detox","floor":52.0,"key":"SMITH"}],"circlet_count":0,"master_deck":["theDragonkin:HolySmite","theDragonkin:BlazingBreath","theDragonkin:AcidBreath","theDragonkin:DivineBreath","theDragonkin:DivinePrayer+1","theDragonkin:DivineJolt","theDragonkin:MiasmicBreath","theDragonkin:BurningRage","theDragonkin:DivineBreath+1","theDragonkin:Condemnation","theDragonkin:MirrorBreath","theDragonkin:MoltenBreath","theDragonkin:MiasmicBreath","theDragonkin:MagmaScales","jesterMod:LightTheWick+1","theDragonkin:Detox+1","theDragonkin:Flashpoint","theDragonkin:StormFront","theDragonkin:DivineBreath","theDragonkin:AkatirnsDecree","theDragonkin:HammerOfWrath","theDragonkin:VoiceofOrder","theDragonkin:AkatirnsDecree","theDragonkin:HolyShock","theDragonkin:VoiceofOrder","theDragonkin:StormFront","theDragonkin:MagnussCorona+1","theDragonkin:RevelationBreath+1","theDragonkin:CorrosiveBelch+1","theDragonkin:PrismaticBreath","theDragonkin:LightArmor","theDragonkin:EnduringAgony+1","theDragonkin:DeepBreath","theDragonkin:AcidArmor","theDragonkin:EmberSwipe","theDragonkin:BurningRage","theDragonkin:HeatShield","theDragonkin:SandBreath+1"],"relics":["theDragonkin:GarnetScale","DaveBox","SynthV:TestCard","Garlic","MerchantsRug","reliquary:ThirdArm","Mirror","halation:OrihimeAndHikoboshiSamaAndTears","halation:PrussianBluePaint","halation:PapillonHeart","hubris:Icosahedron","Bronze Scales","infinitespire:Satchel","Blood Vial"],"acts_visited":["Exordium","TheCity","TheBeyond","TheEnding"],"potions_floor_usage":[55,55],"damage_taken":[{"damage":13.0,"enemies":"ats:Genji","floor":1.0,"turns":4.0},{"damage":0.0,"enemies":"conspire:RoseBush","floor":4.0,"turns":3.0},{"damage":12.0,"enemies":"infinitespire:Voidling","floor":5.0,"turns":3.0},{"damage":2.0,"enemies":"Red Slaver","floor":10.0,"turns":2.0},{"damage":0.0,"enemies":"Lots of Slimes","floor":12.0,"turns":3.0},{"damage":2.0,"enemies":"Blue Slaver","floor":14.0,"turns":3.0},{"damage":28.0,"enemies":"Slime Boss","floor":16.0,"turns":6.0},{"damage":0.0,"enemies":"Spheric Guardian","floor":18.0,"turns":3.0},{"damage":3.0,"enemies":"3 Byrds","floor":20.0,"turns":3.0},{"damage":11.0,"enemies":"Snecko","floor":21.0,"turns":4.0},{"damage":30.0,"enemies":"Gremlin Leader","floor":23.0,"turns":5.0},{"damage":19.0,"enemies":"conspire:HollyBat","floor":25.0,"turns":6.0},{"damage":6.0,"enemies":"Snake Plant","floor":29.0,"turns":3.0},{"damage":69.0,"enemies":"Automaton","floor":33.0,"turns":10.0},{"damage":42.0,"enemies":"3 Shapes","floor":35.0,"turns":5.0},{"damage":44.0,"enemies":"conspire:MimicChest","floor":36.0,"turns":7.0},{"damage":11.0,"enemies":"3 Darklings","floor":38.0,"turns":3.0},{"damage":0.0,"enemies":"4 Shapes","floor":39.0,"turns":2.0},{"damage":2.0,"enemies":"Sphere and 2 Shapes","floor":44.0,"turns":4.0},{"damage":36.0,"enemies":"Spire Growth","floor":48.0,"turns":5.0},{"damage":64.0,"enemies":"conspire:OrnateMirror","floor":50.0,"turns":8.0},{"damage":46.0,"enemies":"Shield and Spear","floor":54.0,"turns":5.0},{"damage":39,"enemies":"The Heart","floor":55,"turns":7}],"seed_played":"4631257435120993818","potions_obtained":[{"floor":4.0,"key":"GamblersBrew"},{"floor":5.0,"key":"Weak Potion"},{"floor":20.0,"key":"Fruit Juice"},{"floor":21.0,"key":"DuplicationPotion"},{"floor":36.0,"key":"SpeedPotion"},{"floor":48.0,"key":"champ:CounterPotion"}],"is_trial":false,"path_per_floor":["M","?","?","M","M","R","?","$","T","M","T","M","$","M","R","B",null,"M","AVR","M","M","?","E","?","M","T","R","T","M","R","$","R","B",null,"M","?","?","M","M","R","?","?","T","M","$","R","$","M","R","B",null,"R","$","E","B",null],"character_chosen":"THE_DRAGONKIN","items_purchased":["DianPoetry","MerchantsRug","theDragonkin:BurningRage","theDragonkin:DivineBreath","theDragonkin:DivineBreath","halation:PrussianBluePaint","theDragonkin:EnduringAgony+1","Bronze Scales","infinitespire:Satchel","theDragonkin:AcidArmor","theDragonkin:EmberSwipe","theDragonkin:BurningRage","theDragonkin:HeatShield"],"campfire_rested":4,"item_purchase_floors":[8,13,13,13,31,31,45,45,47,53,53,53,53],"current_hp_per_floor":[80,80,80,80,75,75,75,75,75,73,73,73,73,71,71,43,93,93,93,95,84,84,54,54,35,35,64,64,58,87,87,87,18,98,56,12,12,1,1,28,93,93,93,91,91,91,91,55,82,18,93,93,93,47,10],"gold":26,"neow_bonus":"TEN_PERCENT_HP_BONUS","is_daily":false,"chose_seed":false,"campfire_upgraded":4,"win_rate":0.0,"timestamp":1613946994,"path_taken":["M","?","?","M","M","R","?","$","T","M","?","M","$","?","R","BOSS","M","AVR","M","M","?","E","?","?","T","R","?","M","R","$","R","BOSS","M","?","?","M","M","R","?","?","T","M","?","R","$","M","R","BOSS","R","$","E","BOSS"],"items_purchased_type":["Relic","Relic","Card","Card","Card","Relic","Card","Relic","Relic","Card","Card","Card","Card"],"build_version":"2020-12-22","purchased_purges":2,"victory":true,"max_hp_per_floor":[93,93,93,93,93,93,93,93,93,93,93,93,93,93,93,93,93,93,93,98,98,98,98,98,98,98,98,98,98,98,98,98,98,98,98,98,93,93,93,93,93,93,93,93,93,93,93,93,93,93,93,93,93,93,93],"card_choices":[{"not_picked":["theDragonkin:RevelationBreath","theDragonkin:PrismaticBreath"],"picked":"theDragonkin:AcidBreath","floor":1.0},{"not_picked":["theDragonkin:FlameWard","theDragonkin:AcidRain","theDragonkin:TwinBreath","theDragonkin:FlameBreath"],"picked":"theDragonkin:DivineBreath","floor":4.0},{"not_picked":["theDragonkin:ControlledBreath","theDragonkin:DivineFire","theDragonkin:DivineBreath","theDragonkin:Sizzle"],"picked":"theDragonkin:DivinePrayer","floor":5.0},{"not_picked":["theDragonkin:HolyFlask","theDragonkin:FlameClaw","theDragonkin:HolyShock","theDragonkin:EnduringAgony"],"picked":"theDragonkin:DivineJolt","floor":10.0},{"not_picked":["theDragonkin:HolyBarrier","theDragonkin:AcidBreath","theDragonkin:FlameBreath","theDragonkin:Cauterize"],"picked":"theDragonkin:MiasmicBreath","floor":12.0},{"not_picked":["theDragonkin:ChainsOfTruth","theDragonkin:SandBreath","theDragonkin:SlowBurn","theDragonkin:CorrosiveBelch"],"picked":"theDragonkin:Condemnation","floor":14.0},{"not_picked":["theDragonkin:InfernoWard","theDragonkin:CrusaderForm","theDragonkin:BurnAfterReading","theDragonkin:AkatirnsDecree"],"picked":"theDragonkin:MirrorBreath","floor":16.0},{"not_picked":["theDragonkin:BurningRage","theDragonkin:Ashfall","theDragonkin:ChainsOfTruth","theDragonkin:HammerOfWrath"],"picked":"theDragonkin:MoltenBreath","floor":18.0},{"not_picked":["theDragonkin:AcidBreath","theDragonkin:AcidRain","theDragonkin:HolyWordBarrier","theDragonkin:AcidArmor"],"picked":"theDragonkin:MiasmicBreath","floor":20.0},{"not_picked":["theDragonkin:FlameWard","theDragonkin:FlameBreath","theDragonkin:FlashofLight","theDragonkin:BurningRage"],"picked":"theDragonkin:MagmaScales","floor":21.0},{"not_picked":["theDragonkin:FlameWard+1","theDragonkin:DivineFire","theDragonkin:Subdue","theDragonkin:HolyWordBarrier"],"picked":"theDragonkin:Detox","floor":23.0},{"not_picked":["theDragonkin:FlameBreath","theDragonkin:EnduringAgony","theDragonkin:HolyWordBarrier","theDragonkin:MiasmicBreath"],"picked":"theDragonkin:Flashpoint","floor":25.0},{"not_picked":["theDragonkin:SlowBurn","theDragonkin:BurningRage+1","theDragonkin:DeepBreath","theDragonkin:SandBreath"],"picked":"theDragonkin:StormFront","floor":29.0},{"not_picked":["theDragonkin:FlashofLight","theDragonkin:Smaugs_Smog","theDragonkin:BurnAfterReading","theDragonkin:Condemnation"],"picked":"theDragonkin:AkatirnsDecree","floor":33.0},{"not_picked":["theDragonkin:SlowBurn","theDragonkin:HolyBarrier+1","theDragonkin:SandBreath","theDragonkin:TwinBreath+1"],"picked":"theDragonkin:MagnussCorona+1","floor":35.0},{"not_picked":["theDragonkin:SlowBurn+1","theDragonkin:AcidBreath","theDragonkin:ControlledBreath+1","theDragonkin:MiasmicBreath+1"],"picked":"theDragonkin:RevelationBreath+1","floor":36.0},{"not_picked":["theDragonkin:MiasmicBreath","theDragonkin:DivineFire","theDragonkin:StormFront","theDragonkin:AcidRain"],"picked":"theDragonkin:CorrosiveBelch+1","floor":38.0},{"not_picked":["theDragonkin:DivineVision+1","theDragonkin:FlameWard+1","theDragonkin:Flashpoint+1","theDragonkin:DivineFire+1"],"picked":"theDragonkin:PrismaticBreath","floor":39.0},{"not_picked":["theDragonkin:EmberSwipe","theDragonkin:AshBreath+1","theDragonkin:SlowBurn","theDragonkin:EnduringAgony+1"],"picked":"theDragonkin:LightArmor","floor":44.0},{"not_picked":["theDragonkin:HolyWordBarrier","theDragonkin:ControlledBreath+1","theDragonkin:FlameClaw","theDragonkin:CorrosiveBelch+1"],"picked":"theDragonkin:DeepBreath","floor":48.0},{"not_picked":["theDragonkin:CorrosiveBelch","theDragonkin:AcidBreath","theDragonkin:GoldenFlames+1","theDragonkin:EnduringAgony"],"picked":"theDragonkin:SandBreath+1","floor":54.0}],"player_experience":340344,"relics_obtained":[{"floor":1.0,"key":"SynthV:TestCard"},{"floor":11.0,"key":"Garlic"},{"floor":23.0,"key":"Mirror"},{"floor":26.0,"key":"halation:OrihimeAndHikoboshiSamaAndTears"},{"floor":28.0,"key":"reliquary:FerryPass"},{"floor":36.0,"key":"SentryEyes"},{"floor":43.0,"key":"Replay:Multitool"},{"floor":54.0,"key":"Blood Vial"}],"event_choices":[{"cards_removed":["theDragonkin:Strike"],"damage_healed":0.0,"max_hp_gain":0.0,"max_hp_loss":0.0,"gold_gain":0.0,"event_name":"The Cleric","player_choice":"Card Removal","floor":2.0,"gold_loss":50.0,"damage_taken":0.0},{"cards_removed":["StuffTheSpire:CuriosityCurse"],"damage_healed":0.0,"max_hp_gain":0.0,"max_hp_loss":0.0,"gold_gain":0.0,"event_name":"betterNote:BetterNote","player_choice":"Take \u0026 Give","floor":22.0,"gold_loss":0.0,"damage_taken":0.0,"cards_obtained":["jesterMod:LightTheWick"]},{"cards_removed":["StuffTheSpire:CuriosityCurse"],"damage_healed":0.0,"max_hp_gain":0.0,"max_hp_loss":0.0,"gold_gain":0.0,"event_name":"Purifier","player_choice":"Purged","floor":24.0,"gold_loss":0.0,"damage_taken":0.0},{"damage_healed":65.0,"max_hp_gain":0.0,"max_hp_loss":0.0,"gold_gain":0.0,"event_name":"MindBloom","player_choice":"Heal","floor":41.0,"gold_loss":0.0,"damage_taken":0.0,"cards_obtained":["Doubt"]}],"is_beta":false,"boss_relics":[{"not_picked":["reliquary:Craggleroot","aspiration:PoetsPen_weak"],"picked":"reliquary:ThirdArm"},{"not_picked":["JellyFishMachine","reliquary:WritOfMandamus"],"picked":"Pandora\u0027s Box"}],"items_purged_floors":[31,45],"is_endless":false,"potions_floor_spawned":[4,5,20,21,25,35,36,44,48,54],"ascension_level":0}}