{"host":"qgrlfjrqk9z96gfi","time":1613874204,"event":{"mods":["BaseMod","Block Reminder","Colored Map","Custom Start","DeckTracker","Minty Spire (QoL Compilation)"],"gold_per_floor":[217,233,233,247,260,287,298,298,298,298,310,310,360,388,388,462,462,476,496,508,46,60,60,60,76,99,133,133,133,163,178,178,249,249,265,57,57,0,12,27,59,59,59,389,389,389],"floor_reached":45,"language":"ENG","playtime":2141,"items_purged":["Strike_G"],"score":1100,"play_id":"97563eb4-5a05-4320-afe4-d3ffcef4a8c8","local_time":"20210220162324","is_ascension_mode":true,"campfire_choices":[{"floor":8.0,"key":"REST"},{"data":"Skewer","floor":10.0,"key":"SMITH"},{"floor":15.0,"key":"REST"},{"floor":24.0,"key":"REST"},{"floor":29.0,"key":"REST"},{"floor":32,"key":"REST"},{"floor":42,"key":"REST"}],"circlet_count":0,"master_deck":["AscendersBane","Defend_G","Defend_G","Defend_G","Defend_G","Survivor","Neutralize","Blade Dance","Dagger Throw","Poisoned Stab","Prepared","Dash","Skewer+1","Leg Sweep","Tools of the Trade","Phantasmal Killer","All Out Attack","Footwork+1","Endless Agony","Apotheosis","Footwork+1","Setup+1","Necronomicurse","Footwork","Burst","Bullet Time","Die Die Die+1","Skewer+1","Concentrate","Reflex","PiercingWail","Footwork+1","Crippling Poison"],"relics":["Ring of the Snake","TungstenRod","MealTicket","Centennial Puzzle","Sozu","DollysMirror","Necronomicon","InkBottle","Incense Burner","Astrolabe","ClockworkSouvenir","Red Mask","Bag of Preparation","Oddly Smooth Stone","Old Coin"],"acts_visited":["Exordium","TheCity","TheBeyond"],"potions_floor_usage":[],"damage_taken":[{"damage":12.0,"enemies":"Jaw Worm","floor":1.0,"turns":8.0},{"damage":1.0,"enemies":"Cultist","floor":2.0,"turns":4.0},{"damage":9.0,"enemies":"2 Louse","floor":4.0,"turns":3.0},{"damage":2.0,"enemies":"Looter","floor":5.0,"turns":4.0},{"damage":21.0,"enemies":"3 Sentries","floor":6.0,"turns":10.0},{"damage":4.0,"enemies":"Lots of Slimes","floor":7.0,"turns":5.0},{"damage":0.0,"enemies":"Large Slime","floor":11.0,"turns":5.0},{"damage":20.0,"enemies":"Gremlin Nob","floor":14.0,"turns":4.0},{"damage":21.0,"enemies":"The Guardian","floor":16.0,"turns":16.0},{"damage":5.0,"enemies":"Shell Parasite","floor":18.0,"turns":3.0},{"damage":14.0,"enemies":"2 Thieves","floor":19.0,"turns":4.0},{"damage":0.0,"enemies":"Snecko","floor":20.0,"turns":5.0},{"damage":6.0,"enemies":"Sentry and Sphere","floor":22.0,"turns":6.0},{"damage":12.0,"enemies":"Shelled Parasite and Fungi","floor":25.0,"turns":4.0},{"damage":6.0,"enemies":"Book of Stabbing","floor":27.0,"turns":5.0},{"damage":16,"enemies":"Gremlin Leader","floor":30,"turns":5},{"damage":0,"enemies":"Centurion and Healer","floor":31,"turns":7},{"damage":42,"enemies":"Automaton","floor":33,"turns":11},{"damage":8,"enemies":"3 Darklings","floor":35,"turns":3},{"damage":23,"enemies":"3 Shapes","floor":39,"turns":2},{"damage":0,"enemies":"Jaw Worm Horde","floor":40,"turns":5},{"damage":10,"enemies":"Reptomancer","floor":41,"turns":3},{"damage":8,"enemies":"Giant Head","floor":44,"turns":9},{"damage":40,"enemies":"2 Orb Walkers","floor":45,"turns":4}],"seed_played":"4464379387128429604","potions_obtained":[{"floor":1.0,"key":"ColorlessPotion"},{"floor":6.0,"key":"EssenceOfSteel"},{"floor":7.0,"key":"CultistPotion"},{"floor":14.0,"key":"Fire Potion"},{"floor":16.0,"key":"LiquidBronze"}],"is_trial":false,"path_per_floor":["M","M","?","M","M","E","M","R","T","R","M","?","?","E","R","B",null,"M","M","M","$","M","?","R","M","T","E","?","R","E","M","R","B",null,"M","$","?","?","M","M","E","R","T","E","?"],"character_chosen":"THE_SILENT","items_purchased":["Apotheosis","DollysMirror","Reflex","ClockworkSouvenir"],"campfire_rested":6,"item_purchase_floors":[21,21,36,36],"current_hp_per_floor":[47,46,46,37,35,14,10,29,29,29,29,29,29,9,28,7,51,46,32,32,47,41,24,43,31,31,25,25,44,28,28,47,5,51,43,58,58,58,35,35,25,44,44,36,0,0],"gold":389,"neow_bonus":"HUNDRED_GOLD","is_daily":false,"chose_seed":false,"campfire_upgraded":1,"win_rate":0.0,"timestamp":1613874204,"path_taken":["M","M","?","M","?","E","M","R","T","R","M","?","?","E","R","BOSS","M","M","?","$","M","?","R","M","T","E","?","R","E","M","R","BOSS","M","$","?","?","M","M","E","R","T","E","?"],"items_purchased_type":["Card","Relic","Card","Relic"],"build_version":"2020-12-22","purchased_purges":1,"victory":false,"max_hp_per_floor":[66,66,66,66,66,66,66,66,66,66,66,66,66,66,66,66,66,66,66,66,66,66,66,66,66,66,66,66,66,66,66,66,66,66,66,66,66,66,66,66,66,66,66,66,66,66],"card_choices":[{"not_picked":["Accuracy","Backflip"],"picked":"Blade Dance","floor":1.0},{"not_picked":["Quick Slash","Deadly Poison"],"picked":"Dagger Throw","floor":2.0},{"not_picked":["Deadly Poison","Flying Knee"],"picked":"Poisoned Stab","floor":4.0},{"not_picked":["Sucker Punch","Deadly Poison"],"picked":"Prepared","floor":5.0},{"not_picked":["Predator","Sucker Punch"],"picked":"Dash","floor":6.0},{"not_picked":["Caltrops","Crippling Poison"],"picked":"Skewer","floor":7.0},{"not_picked":["Backflip","Cloak And Dagger"],"picked":"Leg Sweep","floor":11.0},{"not_picked":["Riddle With Holes","All Out Attack"],"picked":"Tools of the Trade","floor":14.0},{"not_picked":["Doppelganger","After Image"],"picked":"Phantasmal Killer","floor":16.0},{"not_picked":["Acrobatics","Blade Dance"],"picked":"All Out Attack","floor":18.0},{"not_picked":["Cloak And Dagger","Backflip"],"picked":"Footwork+1","floor":19.0},{"not_picked":["Choke","Slice"],"picked":"Endless Agony","floor":20.0},{"not_picked":["Dodge and Roll","Sucker Punch"],"picked":"Setup+1","floor":22.0},{"not_picked":["Deadly Poison","Sucker Punch","Endless Agony"],"picked":"SKIP","floor":25.0},{"not_picked":["Dagger Spray+1","Outmaneuver"],"picked":"Footwork","floor":27.0},{"not_picked":["Deflect","Concentrate"],"picked":"Burst","floor":30},{"not_picked":["Flying Knee","Skewer","Setup"],"picked":"SKIP","floor":31},{"not_picked":["Envenom","Wraith Form v2"],"picked":"Bullet Time","floor":33},{"not_picked":["Endless Agony","Quick Slash"],"picked":"Concentrate","floor":35},{"not_picked":["Bane+1","Cloak And Dagger"],"picked":"PiercingWail","floor":39},{"not_picked":["Underhanded Strike","Choke"],"picked":"Footwork+1","floor":40},{"not_picked":["Tools of the Trade","Flying Knee"],"picked":"Crippling Poison","floor":41},{"not_picked":["Flechettes","Reflex","Dagger Throw"],"picked":"SKIP","floor":44}],"player_experience":1176175,"relics_obtained":[{"floor":6.0,"key":"TungstenRod"},{"floor":9.0,"key":"MealTicket"},{"floor":14.0,"key":"Centennial Puzzle"},{"floor":23.0,"key":"Necronomicon"},{"floor":27.0,"key":"InkBottle"},{"floor":30,"key":"Incense Burner"},{"floor":41,"key":"Bag of Preparation"},{"floor":43,"key":"Oddly Smooth Stone"},{"floor":44,"key":"Old Coin"}],"event_choices":[{"cards_removed":["Strike_G"],"damage_healed":0.0,"max_hp_gain":0.0,"max_hp_loss":0.0,"gold_gain":0.0,"event_name":"Purifier","player_choice":"Purged","floor":3.0,"gold_loss":0.0,"damage_taken":0.0},{"damage_healed":0.0,"max_hp_gain":0.0,"max_hp_loss":0.0,"gold_gain":0.0,"event_name":"Dead Adventurer","player_choice":"Searched \u00271\u0027 times","floor":12.0,"gold_loss":0.0,"damage_taken":0.0},{"damage_healed":0.0,"max_hp_gain":0.0,"max_hp_loss":0.0,"gold_gain":50.0,"event_name":"Golden Shrine","player_choice":"Pray","floor":13.0,"gold_loss":0.0,"damage_taken":0.0},{"damage_healed":0.0,"max_hp_gain":0.0,"max_hp_loss":0.0,"gold_gain":0.0,"event_name":"Cursed Tome","player_choice":"Obtained Book","floor":23.0,"gold_loss":0.0,"damage_taken":21.0},{"cards_removed":["Strike_G"],"damage_healed":0.0,"max_hp_gain":0.0,"max_hp_loss":0.0,"gold_gain":0.0,"event_name":"Back to Basics","player_choice":"Elegance","floor":28.0,"gold_loss":0.0,"damage_taken":0.0},{"cards_removed":["Bane"],"damage_healed":0,"gold_gain":0,"player_choice":"Removed Attack","damage_taken":0,"max_hp_gain":0,"max_hp_loss":0,"event_name":"Falling","floor":37,"gold_loss":0},{"damage_healed":0,"gold_gain":0,"player_choice":"Paid","damage_taken":0,"relics_obtained":["Red Mask"],"max_hp_gain":0,"max_hp_loss":0,"event_name":"Tomb of Lord Red Mask","floor":38,"gold_loss":57},{"damage_healed":0,"gold_gain":0,"player_choice":"Fight","damage_taken":0,"max_hp_gain":0,"max_hp_loss":0,"event_name":"Mysterious Sphere","floor":45,"gold_loss":0}],"is_beta":false,"boss_relics":[{"not_picked":["Tiny House","Black Star"],"picked":"Sozu"},{"not_picked":["Philosopher\u0027s Stone","Calling Bell"],"picked":"Astrolabe"}],"items_purged_floors":[21],"is_endless":false,"potions_floor_spawned":[1,6,7,14,16,22,25,27,30,41],"killed_by":"2 Orb Walkers","ascension_level":20}}