{"host":"1q3j0ei39r3fhrcd","time":1613902219,"event":{"mods":["2.2 Compatiblity","Astrologer","Bard","Bartender","BaseMod","Beaked The Cultist","Better Note","Better Skull","Better Third Choice","BetterRewards","Challenge The Spire","Clockwork Mod","Conspire","Dio Mod","Downfall","Duelist Mod","Gremlin Mod","GungeonMod","Hermit","Hubris","Infinite Spire","Jorbs\u0027s Wanderer Trilogy","Marisa????????","Minty Spire (QoL Compilation)","Replay The Spire","Robot Space Explorer","SIMod","Shop Mod","Somnambulant","Spicy Shops","Spire Arcade","StSLib","The Blackbeard","The Bug Knight","The Clintock","The Construct","The Cursed","The Death Knight","The Disciple","The Dragon Tamer","The Druid","The Forsaken","The Hierophant","The Judge","The Mystic","The Necromancer","The Runesmith","The Sage","The Servant 0.9.4","The Showman","The Valiant","The Vixen","The Wild Card","The Witch","TheFirefly","Yuri Mod","[IsaacMod]????","thorton"],"gold_per_floor":[118,135,135,150,21,21,55,55,55,84,84,97,113,13,13,116,116,131,149,149,149,165,165,192,192,216,91,91,103,120,133,133,232,232,249,264,264,279,279,311,82,109,109,109,139,158,8,8,8,111,111,117,121,121,121,121,121,130,146,146,146,146,155,0,0,0,95,95,95],"floor_reached":68,"language":"ENG","playtime":4062,"items_purged":["theDruid:Strike_O","theDruid:Strike_O","theDruid:Defend_O","theDruid:Defend_O","theDruid:Strike_O","theDruid:Defend_O","theDruid:Defend_O","theDruid:Strike_O"],"score":1387,"play_id":"4b0e309d-fe85-4e08-9215-d2ccb916212b","local_time":"20210221111019","is_ascension_mode":true,"campfire_choices":[{"data":"theDruid:SurvivalCache","floor":6,"key":"SMITH"},{"data":"theDruid:Stampede","floor":8,"key":"SMITH"},{"data":"theDruid:SurvivalInstincts","floor":15,"key":"SMITH"},{"data":"theDruid:TwinStars","floor":23,"key":"SMITH"},{"floor":25,"key":"REST"},{"data":"theDruid:InsectSwarm","floor":28,"key":"SMITH"},{"floor":32,"key":"REST"},{"data":"theDruid:WildFrenzy","floor":49,"key":"SMITH"},{"data":"theDruid:ApexPredator","floor":57,"key":"SMITH"},{"data":"theDruid:Adaptation","floor":61,"key":"SMITH"},{"data":"Enlightenment","floor":66,"key":"SMITH"}],"circlet_count":0,"master_deck":["theDruid:BriarArmor","theDruid:WildSlash+1","theDruid:SurvivalInstincts+1","theDruid:ViralBites","theDruid:WallofRoots","theDruid:SurvivalCache+1","theDruid:Starfall+1","theDruid:AstralShield+1","theDruid:Stampede+1","theDruid:ViralBites","theDruid:AstralShield","theDruid:TwinStars+1","theDruid:InsectSwarm+1","theDruid:AstralShield+1","theDruid:Adaptation+1","theDruid:Mutilate","theDruid:AstralShield+1","theDruid:Eclipse+1","theDruid:CelestialSurge+1","theDruid:TwilightsCall","theDruid:NaturalAgility+1","theDruid:WildFrenzy+1","theDruid:ApexPredator+1","Enlightenment+1"],"relics":["theDruid:CrownOfTheWilds","HushsDoor","PokeGo","Runesmith:Locket","conspire:Flyswatter","Whetstone","Pantograph","construct:WeddingRing","theDruid:RedRose","Centennial Puzzle","Blue Doll","MagicMushroom","TheBean","DemoMod:BlueGuonStone","DemoMod:DecoyRelic","Choco_Feather","HollowMod:PaleOreRelic","SlaversCollar","Golden Egg","construct:FoamFinger","Omamori","Gremlin Horn","DemoMod:GlassGuonStoneRelic","ReplayTheSpireMod:TigerMarble","conspire:RoyalGoblet"],"acts_visited":["Exordium","TheCity","TheBeyond","Exordium"],"potions_floor_usage":[16,33,40,45,45,46,59],"damage_taken":[{"damage":2,"enemies":"Small Slimes","floor":1,"turns":4},{"damage":0,"enemies":"Cultist","floor":2,"turns":3},{"damage":0,"enemies":"Jaw Worm","floor":4,"turns":3},{"damage":11,"enemies":"Lagavulin","floor":7,"turns":9},{"damage":21,"enemies":"Gremlin Nob","floor":10,"turns":4},{"damage":0,"enemies":"Looter","floor":12,"turns":2},{"damage":0,"enemies":"2 Fungi Beasts","floor":13,"turns":3},{"damage":10,"enemies":"Slime Boss","floor":16,"turns":7},{"damage":5,"enemies":"Spheric Guardian","floor":18,"turns":4},{"damage":9,"enemies":"Chosen","floor":19,"turns":5},{"damage":12,"enemies":"Snake Plant","floor":22,"turns":4},{"damage":26,"enemies":"Gremlin Leader","floor":24,"turns":6},{"damage":22,"enemies":"Cultist and Chosen","floor":29,"turns":6},{"damage":8,"enemies":"Centurion and Healer","floor":30,"turns":8},{"damage":4,"enemies":"3 Cultists","floor":31,"turns":4},{"damage":2,"enemies":"Collector","floor":33,"turns":9},{"damage":0,"enemies":"3 Shapes","floor":35,"turns":3},{"damage":0,"enemies":"3 Darklings","floor":36,"turns":5},{"damage":0,"enemies":"Spire Growth","floor":38,"turns":4},{"damage":0,"enemies":"R_Hoarder","floor":40,"turns":7},{"damage":0,"enemies":"Nightmare","floor":42,"turns":7},{"damage":0,"enemies":"R_Hoarder","floor":45,"turns":6},{"damage":0,"enemies":"Transient","floor":46,"turns":5},{"damage":0,"enemies":"Time Eater","floor":50,"turns":10},{"damage":2,"enemies":"Small Slimes","floor":52,"turns":2},{"damage":0,"enemies":"Jaw Worm","floor":53,"turns":2},{"damage":0,"enemies":"2 Louse","floor":58,"turns":2},{"damage":0,"enemies":"Gremlin Nob","floor":59,"turns":3},{"damage":13,"enemies":"Lagavulin","floor":63,"turns":4},{"damage":29,"enemies":"Slime Boss","floor":67,"turns":3}],"seed_played":"3010234198469683538","potions_obtained":[{"floor":4,"key":"CultistPotion"},{"floor":12,"key":"Strength Potion"},{"floor":13,"key":"Elixir"},{"floor":16,"key":"construct:ShiftPotion"},{"floor":31,"key":"BlessingOfTheForge"},{"floor":33,"key":"Fire Potion"},{"floor":40,"key":"Weak Potion"},{"floor":46,"key":"champ:CounterPotion"},{"floor":59,"key":"Reflective Coating"}],"is_trial":false,"path_per_floor":["M","M","?","M","$","R","E","R","T","E","T","M","M","$","R","B",null,"M","M","?","AVR","M","R","E","R","T","$","R","M","M","M","R","B",null,"M","M","?","M","AVR","E","$","NM","T","?","E","M","$","$","R","B",null,"M","M","?","AVR","$","R","M","E","T","R","?","E","?","$","R","B",null],"character_chosen":"DRUID","items_purchased":["theDruid:AstralShield","theDruid:CelestialSurge","theDruid:WildFrenzy"],"campfire_rested":2,"item_purchase_floors":[5,41,48],"current_hp_per_floor":[73,73,73,73,73,73,62,62,62,41,41,41,41,41,41,56,75,70,61,61,61,49,49,23,45,45,45,45,23,15,11,33,56,77,77,77,62,63,63,64,64,65,65,65,66,67,67,67,67,77,77,75,76,61,61,61,61,62,63,63,63,63,51,57,57,57,54,54,54],"gold":95,"neow_bonus":"ONE_RANDOM_RARE_CARD","is_daily":false,"chose_seed":false,"campfire_upgraded":9,"win_rate":0.0,"timestamp":1613902219,"path_taken":["M","M","?","M","$","R","E","R","T","E","?","?","M","$","R","BOSS","M","M","?","AVR","M","R","E","R","T","$","R","M","M","M","R","BOSS","M","M","?","M","AVR","E","$","NM","T","?","E","?","?","$","R","BOSS","M","?","?","AVR","?","R","M","E","T","R","?","E","?","$","R","BOSS"],"items_purchased_type":["Card","Card","Card"],"build_version":"2020-12-22","purchased_purges":8,"victory":false,"max_hp_per_floor":[75,75,75,75,75,75,75,75,75,75,75,75,75,75,75,75,75,75,75,75,75,75,75,75,75,75,75,75,75,75,75,75,75,77,77,77,77,77,77,77,77,77,77,77,77,77,77,77,77,77,77,77,77,77,77,77,77,77,77,77,77,77,77,83,83,83,83,83,83],"card_choices":[{"not_picked":["theDruid:BrambleLash","theDruid:FelineGrace"],"picked":"theDruid:ViralBites","floor":1},{"not_picked":["theDruid:BackupSupplies","theDruid:Resupply"],"picked":"theDruid:WallofRoots","floor":2},{"not_picked":["theDruid:FullMoon","theDruid:IronClaw"],"picked":"theDruid:Starfall","floor":4},{"not_picked":["theDruid:ThickHide","theDruid:FeralPlants"],"picked":"theDruid:Stampede","floor":7},{"not_picked":["theDruid:Starfall","theDruid:IronClaw","theDruid:BlessedStrike"],"picked":"SKIP","floor":10},{"not_picked":["theDruid:Prowl","theDruid:BristlingDefense"],"picked":"theDruid:ViralBites","floor":12},{"not_picked":["theDruid:Stampede","theDruid:BloodiedFur"],"picked":"theDruid:AstralShield","floor":13},{"not_picked":["theDruid:CelestialSurge","theDruid:SurvivalInstincts"],"picked":"theDruid:TwinStars","floor":16},{"not_picked":["theDruid:BagofTricks","theDruid:TwilightsCall"],"picked":"theDruid:InsectSwarm","floor":18},{"not_picked":["theDruid:Guidance+1","theDruid:FeralPlants","theDruid:Impale"],"picked":"SKIP","floor":19},{"not_picked":["theDruid:BristlingDefense+1","theDruid:Gore","theDruid:FuriousSlash"],"picked":"SKIP","floor":22},{"not_picked":["theDruid:Earthquake","theDruid:BrambleLash","theDruid:Slingshot"],"picked":"SKIP","floor":24},{"not_picked":["theDruid:Swipe","theDruid:BlessedStrike"],"picked":"theDruid:AstralShield+1","floor":29},{"not_picked":["theDruid:BristlingBulwark","theDruid:IronClaw","theDruid:TakeShelter"],"picked":"SKIP","floor":30},{"not_picked":["theDruid:Rummage","theDruid:BrambleLash"],"picked":"theDruid:Adaptation","floor":31},{"not_picked":["theDruid:Earthquake","theDruid:TearOpen"],"picked":"theDruid:Mutilate","floor":33},{"not_picked":["theDruid:ViralBites+1","theDruid:BlessedStrike"],"picked":"theDruid:AstralShield+1","floor":35},{"not_picked":["theDruid:Infestation+1","theDruid:FuriousSlash+1","theDruid:BlessedStrike"],"picked":"SKIP","floor":36},{"not_picked":["theDruid:Slingshot+1","theDruid:InsectSwarm","theDruid:Swipe"],"picked":"SKIP","floor":38},{"not_picked":["theDruid:BackupSupplies+1","theDruid:SpiritCall"],"picked":"theDruid:Eclipse+1","floor":40},{"not_picked":["theDruid:FeralPlants+1","theDruid:IronClaw","theDruid:Forage+1"],"picked":"SKIP","floor":42},{"not_picked":["theDruid:Stampede","theDruid:FelineGrace"],"picked":"theDruid:TwilightsCall","floor":45},{"not_picked":["theDruid:BlessedStrike","theDruid:TwilightsCall"],"picked":"theDruid:NaturalAgility+1","floor":46},{"not_picked":["theDruid:SerratedFlesh","theDruid:HerbalismKit"],"picked":"theDruid:ApexPredator","floor":50},{"not_picked":["theDruid:Gore","theDruid:IronClaw","theDruid:Recoil"],"picked":"SKIP","floor":52},{"not_picked":["theDruid:Entangle","theDruid:Swipe","theDruid:ThickHide"],"picked":"SKIP","floor":53},{"not_picked":["theDruid:ViralBites","theDruid:BrambleLash","theDruid:FuriousSlash"],"picked":"SKIP","floor":58},{"not_picked":["theDruid:FelineGrace","theDruid:Moonbeam","theDruid:SpiritCall"],"picked":"SKIP","floor":59},{"not_picked":["theDruid:PrimalStrength","theDruid:Scavenge","theDruid:IronClaw"],"picked":"SKIP","floor":63}],"player_experience":1777819,"relics_obtained":[{"floor":7,"key":"Runesmith:Locket"},{"floor":9,"key":"conspire:Flyswatter"},{"floor":10,"key":"Whetstone"},{"floor":11,"key":"Pantograph"},{"floor":24,"key":"Centennial Puzzle"},{"floor":26,"key":"Blue Doll"},{"floor":40,"key":"DemoMod:BlueGuonStone"},{"floor":42,"key":"DemoMod:DecoyRelic"},{"floor":43,"key":"Choco_Feather"},{"floor":45,"key":"HollowMod:PaleOreRelic"},{"floor":59,"key":"construct:FoamFinger"},{"floor":60,"key":"Omamori"},{"floor":62,"key":"Gremlin Horn"},{"floor":63,"key":"ReplayTheSpireMod:TigerMarble"}],"event_choices":[{"damage_healed":0,"gold_gain":0,"player_choice":"1 cards matched","damage_taken":0,"max_hp_gain":0,"max_hp_loss":0,"event_name":"Match and Keep!","floor":3,"gold_loss":0,"cards_obtained":["theDruid:SurvivalCache"]},{"damage_healed":76,"gold_gain":0,"player_choice":"Upgrade","damage_taken":15,"max_hp_gain":0,"max_hp_loss":77,"event_name":"betterThird:BetterShining","floor":54,"gold_loss":0,"cards_upgraded":["theDruid:AstralShield","theDruid:CelestialSurge"]},{"damage_healed":0,"gold_gain":0,"player_choice":"Relic","damage_taken":0,"max_hp_gain":0,"max_hp_loss":0,"event_name":"Wheel of Change","floor":62,"gold_loss":0},{"damage_healed":0,"gold_gain":0,"player_choice":"RENOUNCE","damage_taken":155,"max_hp_gain":0,"max_hp_loss":0,"event_name":"betterThird:BetterSerpent","floor":64,"gold_loss":155,"cards_obtained":["Enlightenment"]}],"is_beta":false,"boss_relics":[{"not_picked":["Ectoplasm","Ring of Chaos"],"picked":"construct:WeddingRing"},{"not_picked":[]},{"not_picked":["Tiny House","beaked:MawFillet"],"picked":"MagicMushroom"},{"not_picked":[]},{"not_picked":["Runesmith:UraniumAnvil","Painkiller Herb"],"picked":"SlaversCollar"},{"not_picked":[]},{"not_picked":["Abe\u0027s Treasure","construct:ClawGrip"],"picked":"conspire:RoyalGoblet"}],"items_purged_floors":[5,14,21,27,34,39,47,55],"is_endless":true,"potions_floor_spawned":[4,12,13,16,24,31,33,35,40,45,46,58,59],"ascension_level":1}}