{"host":"jsd6g3c2vo13e69c","time":1613901481,"event":{"mods":["2.2 Compatiblity","Act Like it!","BaseMod","Better Altar","Better Match","Better Note","Better Sensory Stone","Better Third Choice","BetterRewards","Colored Map","Colored Powertips","Curses Come First","Downfall","Friendly Minions","GifTheSpireLib","Googly Eyes","Gremlin Mod","Hermit","Hubris","Infinite Spire","Melee Mod","Minty Spire (QoL Compilation)","Permanent Neow","Quick Restart","Random Character Button","Replay The Spire","Shop Mod","Spire Arcade","StSLib","SuperFastMode","The Cursed","The Disciple","The Forsaken","The Jungle","The Spell Scribe","thorton"],"gold_per_floor":[124,124,0,33,58,58,58,103,128,203,203,235,185,185,185,306,306,338,383,383,383,383,383],"floor_reached":21,"language":"ENG","playtime":770,"items_purged":[],"score":269,"play_id":"78d64d6a-f3be-40e9-ac25-7bec3935e629","local_time":"20210221045801","is_ascension_mode":false,"campfire_choices":[{"data":"thethorton:DoubleRun","floor":6,"key":"SMITH"},{"data":"thethorton:ThickSkin","floor":11,"key":"SMITH"},{"data":"thethorton:BusinessBurst","floor":15,"key":"SMITH"}],"circlet_count":0,"master_deck":["thethorton:Strike","thethorton:Strike","thethorton:Strike","thethorton:Strike+1","thethorton:Heckle","thethorton:CreditCard+2","thethorton:BattleTrash","Dramatic Entrance","thethorton:BusinessBurst+1","thethorton:ThickSkin+1","thethorton:DoubleRun+1","thethorton:DownPayment","thethorton:LongTermPayoff","thethorton:LastDitchEffort+1","thethorton:BigBreak","thethorton:MidnightStrike+1","thethorton:DownPayment+1","thethorton:MidnightStrike+1","thethorton:LastDitchEffort","thethorton:WhirlingBriefcase"],"relics":["thethorton:CouragePotion","infinitespire:PuzzleCube","Astrolabe","Torii"],"acts_visited":["Exordium","TheCity"],"potions_floor_usage":[5,19],"damage_taken":[{"damage":0,"enemies":"Small Slimes","floor":1,"turns":5},{"damage":5,"enemies":"Cultist","floor":4,"turns":4},{"damage":2,"enemies":"2 Louse","floor":5,"turns":4},{"damage":17,"enemies":"Looter","floor":8,"turns":4},{"damage":7,"enemies":"2 Fungi Beasts","floor":12,"turns":4},{"damage":10,"enemies":"Hexaghost","floor":16,"turns":8},{"damage":37,"enemies":"Shell Parasite","floor":18,"turns":5},{"damage":30,"enemies":"Spheric Guardian","floor":19,"turns":4},{"damage":7,"enemies":"Snake Plant","floor":21,"turns":1}],"seed_played":"1921121446141590468","potions_obtained":[{"floor":2,"key":"Venom Potion"},{"floor":2,"key":"SkillPotion"},{"floor":2,"key":"Adrenaline Potion"},{"floor":12,"key":"SteroidPotion"},{"floor":16,"key":"Reflective Coating"},{"floor":18,"key":"Dexterity Potion"}],"is_trial":false,"path_per_floor":["M","?","$","M","M","R","?","M","T","?","R","M","?","?","R","B",null,"M","M","?","M"],"character_chosen":"THE_THORT","items_purchased":["Dramatic Entrance","thethorton:BusinessBurst"],"campfire_rested":0,"item_purchase_floors":[3,3],"current_hp_per_floor":[68,68,68,63,61,61,47,30,30,19,19,12,12,12,12,2,68,31,1,1,0,0,0],"gold":383,"neow_bonus":"UPGRADE_CARD","is_daily":false,"chose_seed":false,"campfire_upgraded":3,"win_rate":0.0,"timestamp":1613901481,"path_taken":["M","?","?","M","M","R","?","M","T","?","R","?","?","?","R","BOSS","M","M","?","M"],"items_purchased_type":["Card","Card"],"build_version":"2020-12-22","purchased_purges":0,"victory":false,"max_hp_per_floor":[68,68,68,68,68,68,68,68,68,68,68,68,68,68,68,68,68,68,68,68,68,68,68],"card_choices":[{"not_picked":["thethorton:Rebalance","thethorton:RichRun"],"picked":"thethorton:BattleTrash","floor":1},{"not_picked":["thethorton:RunningKick","thethorton:DualBap"],"picked":"thethorton:ThickSkin","floor":4},{"not_picked":["thethorton:FearfulRun","thethorton:CannonShot"],"picked":"thethorton:DoubleRun","floor":5},{"not_picked":["thethorton:GoldBuffer","thethorton:StampSmack"],"picked":"thethorton:DownPayment","floor":8},{"not_picked":["thethorton:ShoutAndRun","thethorton:HitAhead"],"picked":"thethorton:LongTermPayoff","floor":12},{"not_picked":["thethorton:CrashingStocks","thethorton:YoureFired"],"picked":"thethorton:BigBreak","floor":16},{"not_picked":["thethorton:LongTermPayoff","thethorton:BusinessCard"],"picked":"thethorton:LastDitchEffort","floor":18},{"not_picked":["thethorton:ShoutAndRun","thethorton:GemGun"],"picked":"thethorton:WhirlingBriefcase","floor":19}],"player_experience":387479,"relics_obtained":[{"floor":9,"key":"infinitespire:PuzzleCube"}],"event_choices":[{"damage_healed":0,"gold_gain":0,"player_choice":"Got Potions","damage_taken":0,"max_hp_gain":0,"max_hp_loss":0,"event_name":"Lab","floor":2,"gold_loss":0},{"damage_healed":61,"gold_gain":0,"player_choice":"Upgrade","damage_taken":14,"max_hp_gain":0,"max_hp_loss":68,"event_name":"betterThird:BetterShining","floor":7,"gold_loss":0,"cards_upgraded":["thethorton:Strike","thethorton:CreditCard"]},{"damage_healed":0,"gold_gain":75,"player_choice":"Gold","damage_taken":11,"max_hp_gain":0,"max_hp_loss":0,"event_name":"betterThird:BetterGoop","floor":10,"gold_loss":0},{"cards_removed":["Normality"],"damage_healed":0,"gold_gain":0,"player_choice":"Card Removal","damage_taken":0,"max_hp_gain":0,"max_hp_loss":0,"event_name":"The Cleric","floor":13,"gold_loss":50},{"cards_removed":["thethorton:CreditCard"],"damage_healed":0,"gold_gain":0,"player_choice":"Give","damage_taken":0,"max_hp_gain":0,"max_hp_loss":0,"event_name":"betterNote:BetterNote","floor":20,"gold_loss":0,"cards_obtained":["Slimebound:Defend_Slimebound"]}],"is_beta":false,"boss_relics":[{"not_picked":["hubris:VirtuousBlindfold","Replay:Drink Me"],"picked":"Astrolabe"}],"items_purged_floors":[],"is_endless":false,"potions_floor_spawned":[12,16,18],"killed_by":"Snake Plant","ascension_level":0}}