{"host":"l8n56n8abrvcftzc","time":1613895384,"event":{"mods":["Act Like it!","Arknights","BaseMod","Better Note","Better Third Choice","Colored Map","DeckTracker","Googly Eyes","Highlight Path","Minty Spire (QoL Compilation)","Permanent Neow","Relic Stats","StSLib","SuperFastMode","Uncapped"],"gold_per_floor":[116,116,116,129,129,169,183,183,207,307,330,361,286,70,70,193,193,206,186,286,286,304,304,304],"floor_reached":23,"language":"ENG","playtime":1563,"items_purged":["ats:Strike V","ats:Defend"],"score":197,"play_id":"955dcb3d-9769-4289-ba68-ec58ec229169","local_time":"20210221001624","is_ascension_mode":false,"campfire_choices":[{"data":"ats:Emotion Absorption","floor":8.0,"key":"SMITH"},{"data":"ats:Healing Strengthening","floor":15.0,"key":"SMITH"}],"circlet_count":0,"master_deck":["ats:Strike C","ats:Strike S","ats:Armor Crushing Shot","ats:Defend","ats:Defend+1","ats:Emotion Absorption+1","ats:Soul Rend","ats:Blood Oath+1","ats:Assault Order","ats:Shell Defense","ats:Shell Defense","ats:Healing Strengthening+1","ats:Red Shift","ats:Durian","ats:Shadow Raid"],"relics":["ats:Sanity","Lantern","Golden Idol","ats:Originium","Happy Flower","Du-Vu Doll","Philosopher\u0027s Stone"],"acts_visited":["Exordium","TheCity"],"potions_floor_usage":[23,23],"damage_taken":[{"damage":1.0,"enemies":"Cultist","floor":1.0,"turns":3.0},{"damage":4.0,"enemies":"Jaw Worm","floor":4.0,"turns":5.0},{"damage":25.0,"enemies":"Gremlin Nob","floor":6.0,"turns":5.0},{"damage":0.0,"enemies":"2 Louse","floor":7.0,"turns":6.0},{"damage":21.0,"enemies":"Gremlin Gang","floor":11.0,"turns":8.0},{"damage":28.0,"enemies":"3 Sentries","floor":12.0,"turns":15.0},{"damage":94.0,"enemies":"The Guardian","floor":16.0,"turns":14.0},{"damage":46.0,"enemies":"3 Byrds","floor":18.0,"turns":6.0},{"damage":15.0,"enemies":"Chosen","floor":22.0,"turns":4.0},{"damage":116,"enemies":"Gremlin Leader","floor":23,"turns":6}],"seed_played":"-8844530969905315237","potions_obtained":[{"floor":4.0,"key":"FearPotion"},{"floor":11.0,"key":"Block Potion"},{"floor":16.0,"key":"SpeedPotion"},{"floor":19.0,"key":"BlessingOfTheForge"}],"is_trial":false,"path_per_floor":["M","?","?","M","?","E","M","R","T","?","M","E","$","$","R","B",null,"M","?","?","?","M","E"],"character_chosen":"DOCTOR_CLASS","items_purchased":["ats:Healing Strengthening","ats:Red Shift"],"campfire_rested":0,"item_purchase_floors":[14,14],"current_hp_per_floor":[71,38,20,26,12,1,30,30,30,30,67,72,72,72,72,72,72,72,72,72,72,72,26,26],"gold":304,"neow_bonus":"TRANSFORM_CARD","is_daily":false,"chose_seed":false,"campfire_upgraded":2,"win_rate":0.0,"timestamp":1613895384,"path_taken":["M","?","?","M","?","E","M","R","T","?","?","E","?","$","R","BOSS","M","?","?","?","M","E"],"items_purchased_type":["Card","Card"],"build_version":"2020-12-22","purchased_purges":2,"victory":false,"max_hp_per_floor":[72,72,72,72,72,72,72,72,72,72,72,72,72,72,72,72,72,72,72,72,72,72,72,72],"relic_stats":{"Happy Flower":[19],"counters":[10,72],"Golden Idol":57,"obtain_stats":[{"Du-Vu Doll":12,"Lantern":2,"ats:Originium":6,"Happy Flower":6,"Golden Idol":3,"Philosopher\u0027s Stone":17,"ats:Sanity":0},{"Du-Vu Doll":6,"Lantern":1,"ats:Originium":3,"Happy Flower":3,"Golden Idol":1,"Philosopher\u0027s Stone":7,"ats:Sanity":0},{"Du-Vu Doll":42,"Lantern":3,"ats:Originium":13,"Happy Flower":13,"Golden Idol":3,"Philosopher\u0027s Stone":56,"ats:Sanity":0}]},"card_choices":[{"not_picked":["ats:Song Of Battle","ats:Absolute Focus"],"picked":"ats:Blood Oath","floor":1.0},{"not_picked":["ats:Sunburst","ats:Curse Doll"],"picked":"ats:Assault Order","floor":4.0},{"not_picked":["ats:Hammer On","ats:Spore Proliferation"],"picked":"ats:Shell Defense","floor":6.0},{"not_picked":["ats:Powerful Strike","ats:Rapid Magazine"],"picked":"ats:Shell Defense","floor":7.0},{"not_picked":["ats:Spore Proliferation","ats:Hammer On","ats:Explosion Area Strengthen"],"picked":"SKIP","floor":11.0},{"not_picked":["ats:Assault Order","ats:Ambush","ats:Sunburst"],"picked":"SKIP","floor":12.0},{"not_picked":["ats:Disruption Kick","ats:Volcano"],"picked":"ats:Durian","floor":16.0},{"not_picked":["ats:Guard Mode","ats:LN2 Cannon","ats:Explosion Area Strengthen+1"],"picked":"SKIP","floor":18.0},{"not_picked":["ats:Guardian Obelisk","ats:Hammer On"],"picked":"ats:Shadow Raid","floor":22.0}],"player_experience":794793,"relics_obtained":[{"floor":6.0,"key":"ats:Originium"},{"floor":6.0,"key":"Happy Flower"},{"floor":12.0,"key":"ats:Originium"},{"floor":12.0,"key":"Du-Vu Doll"}],"event_choices":[{"damage_healed":0.0,"max_hp_gain":0.0,"max_hp_loss":0.0,"gold_gain":0.0,"event_name":"betterThird:BetterScrap","player_choice":"Relic ","floor":2.0,"gold_loss":0.0,"damage_taken":33.0,"cards_obtained":["Dropkick"]},{"damage_healed":0.0,"max_hp_gain":0.0,"max_hp_loss":0.0,"gold_gain":0.0,"event_name":"Golden Idol","player_choice":"Take Damage","floor":3.0,"gold_loss":0.0,"damage_taken":18.0,"relics_obtained":["Golden Idol"]},{"damage_healed":26.0,"max_hp_gain":0.0,"max_hp_loss":72.0,"gold_gain":0.0,"event_name":"betterThird:BetterShining","player_choice":"Upgrade","floor":5.0,"gold_loss":0.0,"damage_taken":14.0,"cards_upgraded":["ats:Blood Oath","ats:Defend"]},{"damage_healed":0.0,"max_hp_gain":0.0,"max_hp_loss":0.0,"gold_gain":100.0,"event_name":"Golden Shrine","player_choice":"Pray","floor":10.0,"gold_loss":0.0,"damage_taken":0.0},{"damage_healed":0.0,"max_hp_gain":0.0,"max_hp_loss":0.0,"gold_gain":0.0,"event_name":"The Woman in Blue","player_choice":"Bought 1 Potion","floor":19.0,"gold_loss":0.0,"damage_taken":0.0},{"damage_healed":0.0,"max_hp_gain":0.0,"max_hp_loss":0.0,"gold_gain":100.0,"event_name":"Golden Shrine","player_choice":"Pray","floor":20.0,"gold_loss":0.0,"damage_taken":0.0},{"cards_removed":["ats:Defend"],"damage_healed":0.0,"max_hp_gain":0.0,"max_hp_loss":0.0,"gold_gain":0.0,"event_name":"Bonfire Elementals","player_choice":"Offered Basic","floor":21.0,"gold_loss":0.0,"damage_taken":0.0}],"is_beta":false,"boss_relics":[{"not_picked":["Ectoplasm","Snecko Eye"],"picked":"Philosopher\u0027s Stone"}],"items_purged_floors":[13,14],"is_endless":false,"potions_floor_spawned":[4,11,16],"killed_by":"Gremlin Leader","ascension_level":0}}