{"host":"tzz1a4lp7gkxiavd","time":1613928883,"event":{"mods":["BaseMod","Block Reminder","Colored Powertips","Minty Spire (QoL Compilation)","Spicy Shops","StSLib","¡¾¹¦ÄÜMod¡¿Neow½±Àø"],"gold_per_floor":[11100,11100,11100,11100,11100,11100,11100,11100,11100,11100,11100,11100,11100,10276,10276,10375,10375,10389,10400,10411,10411,10424,10424,10435,10435,10435,10435,9650,9663,8800,8725,8725,8825,8875,8891,8075,8075,7452,7452,7452,7466,7466,7466,7466,7484,7484,7484,7497,7497,7497],"floor_reached":51,"language":"ZHS","playtime":2076,"items_purged":["Shame","Strike_B","Strike_B","Parasite","Strike_B+1","Coolheaded","Cold Snap","Tempest","Defend_B","Defend_B"],"score":1139,"play_id":"6eed7832-54db-40fe-8c6d-51bf67223e3d","local_time":"20210222013443","is_ascension_mode":true,"campfire_choices":[{"data":"Dualcast","floor":6.0,"key":"SMITH"},{"data":"Buffer","floor":15,"key":"SMITH"},{"data":"Fission","floor":23,"key":"SMITH"},{"data":"Defragment","floor":32,"key":"SMITH"},{"data":"Coolheaded","floor":40,"key":"SMITH"},{"data":"Seek","floor":42,"key":"SMITH"},{"data":"Master of Strategy","floor":46,"key":"SMITH"},{"data":"1","floor":49,"key":"LIFT"}],"circlet_count":0,"master_deck":["Defend_B+1","Defend_B+1","Zap+1","Dualcast+1","Zap+1","Leap+1","Coolheaded+1","Buffer+1","Ball Lightning+1","Electrodynamics+1","Thunder Strike+1","Conserve Battery+1","Fission+1","Rip and Tear+1","Capacitor+1","Conserve Battery+1","Buffer+1","Seek+1","Defragment+1","Multi-Cast+1","Static Discharge+1","Core Surge+1","Distraction+1","Madness+1","Static Discharge+1","Master of Strategy+1"],"relics":["Coffee Dripper","Girya","Meat on the Bone","Chemical X","DollysMirror","Shuriken","Prayer Wheel","Membership Card","Pear","Juzu Bracelet","Happy Flower","Toolbox","PreservedInsect","Boot","InkBottle","Sling","OrangePellets","Mercury Hourglass","Bottled Lightning","Bottled Flame","Inserter","Turnip","Lee\u0027s Waffle","Strange Spoon","Ancient Tea Set","Pantograph","Blood Vial","Cables","Mango","Letter Opener","HandDrill","ClockworkSouvenir","Pen Nib","Oddly Smooth Stone","Tiny House","PrismaticShard","Mummified Hand","Potion Belt","Dream Catcher","Cauldron","War Paint","Question Card","Runic Capacitor","Orrery","Regal Pillow","Omamori","Art of War","Ginger","Darkstone Periapt","Mark of the Bloom"],"acts_visited":["Exordium","TheCity","TheBeyond"],"potions_floor_usage":[36,50,50,50,50,50,50,50,50,50,50,50,50,50,50,50,50],"damage_taken":[{"damage":0.0,"enemies":"Cultist","floor":1.0,"turns":3.0},{"damage":8.0,"enemies":"3 Sentries","floor":7.0,"turns":7.0},{"damage":0.0,"enemies":"Jaw Worm","floor":11.0,"turns":3.0},{"damage":7,"enemies":"Hexaghost","floor":16,"turns":8},{"damage":0,"enemies":"Shell Parasite","floor":18,"turns":5},{"damage":0,"enemies":"Spheric Guardian","floor":19,"turns":3},{"damage":9,"enemies":"Centurion and Healer","floor":20,"turns":7},{"damage":12,"enemies":"Cultist and Chosen","floor":22,"turns":4},{"damage":23,"enemies":"Snake Plant","floor":24,"turns":4},{"damage":0,"enemies":"Snecko","floor":29,"turns":7},{"damage":0,"enemies":"Collector","floor":33,"turns":5},{"damage":0,"enemies":"3 Shapes","floor":35,"turns":3},{"damage":0,"enemies":"Orb Walker","floor":41,"turns":2},{"damage":0,"enemies":"4 Shapes","floor":45,"turns":2},{"damage":0,"enemies":"Sphere and 2 Shapes","floor":48,"turns":2},{"damage":0,"enemies":"Awakened One","floor":50,"turns":3}],"seed_played":"1103203141957495371","potions_obtained":[{"floor":7.0,"key":"ColorlessPotion"},{"floor":36,"key":"CultistPotion"},{"floor":36,"key":"AttackPotion"}],"is_trial":false,"path_per_floor":["M","$","?","$","?","R","E","?","T","?","M","?","?","$","R","B",null,"M","M","M","?","M","R","M","?","T","?","$","M","$","?","R","B",null,"M","$","?","$","T","R","M","R","T","?","M","R","?","M","R","B",null],"character_chosen":"DEFECT","items_purchased":["Girya","Meat on the Bone","Chemical X","DollysMirror","Shuriken","Prayer Wheel","Leap","Fire Potion","CultistPotion","EssenceOfSteel","Membership Card","Pear","Juzu Bracelet","Happy Flower","Toolbox","Coolheaded","Buffer","Fruit Juice","Explosive Potion","DistilledChaos","Sling","OrangePellets","Mercury Hourglass","Electrodynamics","Thunder Strike","Conserve Battery","CultistPotion","CultistPotion","Bottled Lightning","Bottled Flame","Lee\u0027s Waffle","Strange Spoon","Ancient Tea Set","Pantograph","Blood Vial","Cables","Seek","Mango","Letter Opener","HandDrill","ClockworkSouvenir","Pen Nib","Oddly Smooth Stone","Defragment","Tempest","PrismaticShard","Mummified Hand","Potion Belt","Dream Catcher","Cauldron","Fruit Juice","AttackPotion","EntropicBrew","War Paint","Static Discharge","Core Surge","Question Card","Runic Capacitor","Orrery","Regal Pillow","Omamori","Art of War","Static Discharge"],"campfire_rested":0,"item_purchase_floors":[2,2,2,2,2,2,2,2,2,2,4,4,4,4,4,4,4,4,4,4,14,14,14,14,14,14,14,14,14,14,28,28,28,28,28,28,28,30,30,30,30,30,30,30,30,36,36,36,36,36,36,36,36,36,36,36,38,38,38,38,38,38,38],"current_hp_per_floor":[68,68,68,85,67,67,59,56,56,79,79,79,79,79,79,72,85,85,85,76,76,64,64,53,47,47,47,96,96,110,110,110,110,115,115,120,120,120,120,120,120,120,120,120,120,120,120,120,120,120],"gold":7497,"neow_bonus":"BOSS_RELIC","is_daily":false,"chose_seed":false,"campfire_upgraded":7,"win_rate":0.0,"timestamp":1613928883,"path_taken":["M","$","?","$","?","R","E","?","T","?","M","?","?","?","R","BOSS","M","M","M","?","M","R","M","?","T","?","?","M","$","?","R","BOSS","M","$","?","$","?","R","M","R","T","?","M","R","?","M","R","BOSS"],"items_purchased_type":["Relic","Relic","Relic","Relic","Relic","Relic","Card","Potion","Potion","Potion","Relic","Relic","Relic","Relic","Relic","Card","Card","Potion","Potion","Potion","Relic","Relic","Relic","Card","Card","Card","Potion","Potion","Relic","Relic","Relic","Relic","Relic","Relic","Relic","Relic","Card","Relic","Relic","Relic","Relic","Relic","Relic","Card","Card","Relic","Relic","Relic","Relic","Relic","Potion","Potion","Potion","Relic","Card","Card","Relic","Relic","Relic","Relic","Relic","Relic","Card"],"build_version":"2020-12-22","purchased_purges":10,"victory":true,"max_hp_per_floor":[75,75,75,92,92,92,92,92,92,92,92,92,92,89,89,89,89,89,89,89,89,89,89,89,89,89,89,96,96,110,110,110,110,115,115,120,120,120,120,120,120,120,120,120,120,120,120,120,120,120],"card_choices":[{"not_picked":["Steam","Fusion","Hello World"],"picked":"SKIP","floor":1.0},{"not_picked":["Cold Snap","Sweeping Beam"],"picked":"Reprogram","floor":7.0},{"not_picked":["Redo","Coolheaded"],"picked":"Ball Lightning","floor":11.0},{"not_picked":["Turbo","Stack"],"picked":"Cold Snap","floor":11.0},{"not_picked":["Hyperbeam","Machine Learning"],"picked":"Fission","floor":16},{"not_picked":["Leap","Stack"],"picked":"Rip and Tear+1","floor":18},{"not_picked":["Hologram+1","Conserve Battery","Gash"],"picked":"SKIP","floor":18},{"not_picked":["Storm+1","Lockon+1"],"picked":"Capacitor+1","floor":19},{"not_picked":["Hologram","Steam","Barrage+1"],"picked":"SKIP","floor":19},{"not_picked":["Streamline","Turbo+1","Compile Driver"],"picked":"SKIP","floor":20},{"not_picked":["Coolheaded","Force Field+1","Cold Snap"],"picked":"SKIP","floor":20},{"not_picked":["Beam Cell","Leap"],"picked":"Conserve Battery+1","floor":22},{"not_picked":["Turbo","Hologram"],"picked":"Buffer","floor":22},{"not_picked":["Hologram","Force Field","Turbo"],"picked":"SKIP","floor":24},{"not_picked":["Glacier","Cold Snap","Go for the Eyes"],"picked":"SKIP","floor":24},{"not_picked":["Streamline","Darkness","Ball Lightning"],"picked":"SKIP","floor":29},{"not_picked":["Ball Lightning","Undo","Leap"],"picked":"SKIP","floor":29},{"not_picked":["Rainbow","Core Surge"],"picked":"Multi-Cast","floor":33},{"not_picked":["Glacier+1","Sweeping Beam","Self Repair+1"],"picked":"SKIP","floor":35},{"not_picked":["Self Repair","Gash","Beam Cell+1"],"picked":"SKIP","floor":35},{"not_picked":["Tantrum","Eviscerate+1","Brilliance"],"picked":"Distraction","floor":38},{"not_picked":["Pummel+1","WheelKick+1","FlyingSleeves"],"picked":"Madness+1","floor":38},{"not_picked":["Riddle With Holes","Body Slam+1","Darkness+1","Go for the Eyes+1"],"picked":"SKIP","floor":41},{"not_picked":["Cloak And Dagger","Coolheaded","Prostrate","ClearTheMind+1"],"picked":"SKIP","floor":41},{"not_picked":["Chrysalis","Deep Breath","Magnetism"],"picked":"Master of Strategy","floor":44},{"not_picked":["Compile Driver","Sweeping Beam+1","Underhanded Strike","Anger"],"picked":"SKIP","floor":45},{"not_picked":["Capacitor","Streamline","Reprogram+1","Clothesline"],"picked":"SKIP","floor":45},{"not_picked":["CutThroughFate+1","Static Discharge","Blur+1","Indignation"],"picked":"SKIP","floor":48},{"not_picked":["Steam Power","Go for the Eyes","Protect+1","Beam Cell"],"picked":"SKIP","floor":48}],"player_experience":113588,"relics_obtained":[{"floor":7.0,"key":"PreservedInsect"},{"floor":9.0,"key":"InkBottle"},{"floor":26,"key":"Turnip"},{"floor":39,"key":"Ginger"},{"floor":43,"key":"Darkstone Periapt"}],"event_choices":[{"damage_healed":0.0,"max_hp_gain":0.0,"max_hp_loss":0.0,"gold_gain":0.0,"event_name":"World of Goop","player_choice":"Left Gold","floor":3.0,"gold_loss":30.0,"damage_taken":0.0},{"damage_healed":0.0,"max_hp_gain":0.0,"max_hp_loss":0.0,"gold_gain":0.0,"event_name":"Shining Light","player_choice":"Entered Light","floor":5.0,"gold_loss":0.0,"damage_taken":18.0,"cards_upgraded":["Strike_B","Zap"]},{"damage_healed":0.0,"max_hp_gain":0.0,"max_hp_loss":0.0,"gold_gain":0.0,"event_name":"Scrap Ooze","player_choice":"Success","floor":8.0,"gold_loss":0.0,"damage_taken":3.0,"relics_obtained":["Boot"]},{"damage_healed":23.0,"max_hp_gain":0.0,"max_hp_loss":0.0,"gold_gain":0.0,"event_name":"Mushrooms","player_choice":"Healed and dodged fight","floor":10.0,"gold_loss":0.0,"damage_taken":0.0,"cards_obtained":["Parasite"]},{"damage_healed":0,"gold_gain":0,"cards_transformed":["Strike_B"],"player_choice":"Change","damage_taken":0,"max_hp_gain":0,"max_hp_loss":0,"event_name":"Living Wall","floor":12,"gold_loss":0,"cards_obtained":["Coolheaded"]},{"damage_healed":0,"gold_gain":0,"player_choice":"Ignored","damage_taken":0,"max_hp_gain":0,"max_hp_loss":0,"event_name":"Liars Game","floor":13,"gold_loss":0},{"damage_healed":0,"gold_gain":0,"player_choice":"Ignored","damage_taken":0,"max_hp_gain":0,"max_hp_loss":0,"event_name":"Ghosts","floor":21,"gold_loss":0},{"damage_healed":0,"gold_gain":0,"player_choice":"","damage_taken":6,"max_hp_gain":0,"max_hp_loss":0,"event_name":"Knowing Skull","floor":25,"potions_obtained":[],"gold_loss":0,"cards_obtained":[]},{"damage_healed":0,"gold_gain":0,"player_choice":"Bought 0 Potions","damage_taken":0,"max_hp_gain":0,"max_hp_loss":0,"event_name":"The Woman in Blue","floor":27,"gold_loss":0},{"cards_removed":["Reprogram"],"damage_healed":0,"gold_gain":0,"player_choice":"Gave Gold","damage_taken":0,"max_hp_gain":0,"max_hp_loss":0,"event_name":"Beggar","floor":31,"gold_loss":75},{"cards_removed":["Decay"],"damage_healed":0,"gold_gain":0,"player_choice":"Purged","damage_taken":0,"max_hp_gain":0,"max_hp_loss":0,"event_name":"Purifier","floor":37,"gold_loss":0},{"damage_healed":0,"gold_gain":0,"player_choice":"Memory 1","damage_taken":0,"max_hp_gain":0,"max_hp_loss":0,"event_name":"SensoryStone","floor":44,"gold_loss":0},{"damage_healed":0,"gold_gain":0,"player_choice":"Upgrade","damage_taken":0,"relics_obtained":["Mark of the Bloom"],"max_hp_gain":0,"max_hp_loss":0,"event_name":"MindBloom","floor":47,"gold_loss":0,"cards_upgraded":["Defend_B","Ball Lightning","Electrodynamics","Thunder Strike","Conserve Battery","Buffer","Multi-Cast","Static Discharge","Core Surge","Distraction","Static Discharge"]}],"is_beta":false,"boss_relics":[{"not_picked":["Astrolabe","Calling Bell"],"picked":"Inserter"},{"not_picked":["Cursed Key","Black Star"],"picked":"Tiny House"}],"items_purged_floors":[2,2,4,14,28,28,30,30,36,38],"is_endless":false,"potions_floor_spawned":[7,16,18,22,29,33,45,48],"ascension_level":7}}