{"host":"pjjzz70vl4t83ifx","time":1613949816,"event":{"mods":["AchievementEnabler","BaseMod","Card Forge","Colored Map","Colored Powertips","Highlight Path","Infinite Spire","Minty Spire (QoL Compilation)","Permanent Neow","Practice Mode","Rare Cards Sparkle","Relic Stats","StSLib","Synergy Search"],"gold_per_floor":[216,230,243,258,258,258,18,18,86,100,100,100,140,140,140,249,249,277,286,315,344,371,406,406,439,530,530,555,555,262,276,276,386,386,411,511,531,552,86,128,128,167,176,519,542,551,551,566,566,694,694,712,721,721,736,170,170,191,215,251,262,284,303,311,372,372,479,479,517,47,62,62,62,62,102,66,66],"floor_reached":76,"language":"ENG","playtime":3875,"items_purged":["Strike_P","Doubt","Regret"],"score":1686,"play_id":"38c66f0c-6355-4ad7-a4f6-ca643379b64f","local_time":"20210221152336","is_ascension_mode":true,"campfire_choices":[{"floor":6,"key":"REST"},{"data":"Vigilance","floor":8,"key":"SMITH"},{"data":"JustLucky","floor":12,"key":"SMITH"},{"data":"CutThroughFate","floor":15,"key":"SMITH"},{"data":"infinitespire:Starlight","floor":24,"key":"SMITH"},{"data":"LessonLearned","floor":27,"key":"SMITH"},{"data":"LikeWater","floor":32,"key":"SMITH"},{"data":"FlyingSleeves","floor":41,"key":"SMITH"},{"data":"FearNoEvil","floor":49,"key":"SMITH"},{"data":"DevaForm","floor":57,"key":"SMITH"},{"data":"Ragnarok","floor":66,"key":"SMITH"},{"data":"Tantrum","floor":74,"key":"SMITH"}],"circlet_count":0,"master_deck":["Strike_P+1","Strike_P+1","Strike_P+1","Defend_P+1","Defend_P+1","Defend_P","Eruption+1","Vigilance+1","FlurryOfBlows+1","EmptyBody","Evaluate","CutThroughFate+1","JustLucky+1","FollowUp+1","LessonLearned+1","Consecrate+1","infinitespire:Starlight+1","Study+1","Tantrum+1","FlurryOfBlows+1","EmptyFist","BowlingBash","FlyingSleeves+1","LikeWater+1","Establishment","SashWhip+1","FollowUp+1","Protect+1","Flash of Steel","FlurryOfBlows","FearNoEvil+1","Nirvana+1","ClearTheMind+1","Bandage Up+1","DevaForm+1","FlurryOfBlows","infinitespire:Starlight+1","Master of Strategy","Halt","DeceiveReality","Ragnarok+1","Halt+1","Evaluate+1","FlurryOfBlows","Halt+1","Wish+1","Study+1","Tantrum+1","CarveReality+1","FlurryOfBlows"],"relics":["PureWater","Hammer of Thor","Seething Fire","Anvil of the Gods","infinitespire:FocusingShard","Shuriken","CeramicFish","Akabeko","Cursed Key","Pear","infinitespire:Bottled Soul","Art of War","InkBottle","Vajra","Coffee Dripper","Sundial","Nunchaku","infinitespire:Midas Blood","TungstenRod","Ornamental Fan","Old Coin","Oddly Smooth Stone","SlaversCollar","Ancient Tea Set","Odd Mushroom","infinitespire:ShieldingShard","Bag of Preparation","Ginger","Whetstone","Toxic Egg 2","War Paint","Sozu","Blood Vial","infinitespire:Joker Card"],"acts_visited":["Exordium","TheCity","TheBeyond","Exordium","TheCity"],"potions_floor_usage":[4,21,25,33,38,42,45,48,67,67,69],"damage_taken":[{"damage":1,"enemies":"Small Slimes","floor":1,"turns":4},{"damage":0,"enemies":"2 Louse","floor":2,"turns":2},{"damage":7,"enemies":"Jaw Worm","floor":3,"turns":4},{"damage":32,"enemies":"Gremlin Gang","floor":4,"turns":8},{"damage":0,"enemies":"2 Fungi Beasts","floor":10,"turns":2},{"damage":15,"enemies":"3 Sentries","floor":13,"turns":6},{"damage":0,"enemies":"Hexaghost","floor":16,"turns":8},{"damage":7,"enemies":"3 Byrds","floor":18,"turns":4},{"damage":15,"enemies":"2 Thieves","floor":20,"turns":3},{"damage":9,"enemies":"Snake Plant","floor":21,"turns":4},{"damage":14,"enemies":"Centurion and Healer","floor":22,"turns":4},{"damage":42,"enemies":"Nightmare","floor":23,"turns":4},{"damage":0,"enemies":"Slavers","floor":25,"turns":2},{"damage":0,"enemies":"Sentry and Sphere","floor":28,"turns":2},{"damage":0,"enemies":"Snake Plant","floor":31,"turns":2},{"damage":34,"enemies":"Champ","floor":33,"turns":5},{"damage":0,"enemies":"Orb Walker","floor":35,"turns":2},{"damage":33,"enemies":"3 Shapes","floor":37,"turns":3},{"damage":5,"enemies":"3 Darklings","floor":38,"turns":4},{"damage":36,"enemies":"Nemesis","floor":40,"turns":5},{"damage":0,"enemies":"Giant Head","floor":42,"turns":5},{"damage":41,"enemies":"Nemesis","floor":44,"turns":5},{"damage":14,"enemies":"Maw","floor":45,"turns":5},{"damage":1,"enemies":"Spire Growth","floor":48,"turns":3},{"damage":75,"enemies":"Awakened One","floor":50,"turns":8},{"damage":1,"enemies":"2 Louse","floor":52,"turns":2},{"damage":11,"enemies":"The Mushroom Lair","floor":55,"turns":2},{"damage":0,"enemies":"Small Slimes","floor":58,"turns":1},{"damage":46,"enemies":"Gremlin Nob","floor":59,"turns":4},{"damage":4,"enemies":"3 Sentries","floor":61,"turns":4},{"damage":0,"enemies":"Cultist","floor":62,"turns":1},{"damage":0,"enemies":"Blue Slaver","floor":63,"turns":1},{"damage":0,"enemies":"Looter","floor":64,"turns":3},{"damage":0,"enemies":"Gremlin Nob","floor":65,"turns":2},{"damage":0,"enemies":"Slime Boss","floor":67,"turns":1},{"damage":21,"enemies":"2 Thieves","floor":69,"turns":3},{"damage":0,"enemies":"Chosen","floor":71,"turns":2},{"damage":0,"enemies":"Snecko","floor":75,"turns":3},{"damage":129,"enemies":"Nightmare","floor":76,"turns":5}],"seed_played":"-5133302554686265571","potions_obtained":[{"floor":1,"key":"SkillPotion"},{"floor":3,"key":"Dexterity Potion"},{"floor":4,"key":"Explosive Potion"},{"floor":21,"key":"Fruit Juice"},{"floor":23,"key":"SkillPotion"},{"floor":28,"key":"LiquidMemories"},{"floor":35,"key":"Swift Potion"},{"floor":40,"key":"Ancient Potion"},{"floor":42,"key":"Regen Potion"},{"floor":44,"key":"SpeedPotion"},{"floor":45,"key":"Energy Potion"},{"floor":50,"key":"Ancient Potion"},{"floor":59,"key":"Strength Potion"},{"floor":63,"key":"Strength Potion"},{"floor":67,"key":"GamblersBrew"}],"is_trial":false,"path_per_floor":["M","M","M","M","?","R","$","R","T","M","?","R","E","?","R","B",null,"M","AVR","M","M","M","NM","R","E","T","R","M","?","$","M","R","B",null,"M","?","M","M","$","E","R","E","T","E","M","?","AVR","M","R","B",null,"M","AVR","?","?","$","R","M","E","T","E","M","M","M","?","R","B",null,"M","$","M","?","?","R","M","NM"],"character_chosen":"WATCHER","items_purchased":["infinitespire:FocusingShard","Vajra","FlyingSleeves","LikeWater","Sundial","Nunchaku","Flash of Steel","infinitespire:ShieldingShard","Bag of Preparation","Master of Strategy","Blood Vial","infinitespire:Joker Card","Tantrum"],"campfire_rested":1,"item_purchase_floors":[7,30,30,30,39,39,39,56,56,56,70,70,70],"current_hp_per_floor":[71,71,64,32,18,39,39,39,39,39,44,44,29,29,29,29,77,70,80,75,81,77,45,45,60,60,60,75,75,75,75,75,71,92,92,92,68,78,78,56,56,71,71,45,58,58,58,72,72,16,92,91,91,96,85,85,85,85,61,61,91,97,97,97,97,97,97,97,91,91,97,97,97,97,97,0,0],"gold":66,"neow_bonus":"HUNDRED_GOLD","is_daily":false,"chose_seed":false,"campfire_upgraded":11,"win_rate":0.0,"timestamp":1613949816,"path_taken":["M","M","M","M","?","R","$","R","T","M","?","R","E","?","R","BOSS","M","AVR","?","M","M","NM","R","E","T","R","M","?","$","M","R","BOSS","M","?","?","M","$","E","R","E","T","E","M","?","AVR","M","R","BOSS","M","AVR","?","?","$","R","M","E","T","E","M","M","?","?","R","BOSS","M","$","M","?","?","R","M","NM"],"items_purchased_type":["Relic","Relic","Card","Card","Relic","Relic","Card","Relic","Relic","Card","Relic","Relic","Card"],"build_version":"2020-12-22","purchased_purges":3,"victory":false,"max_hp_per_floor":[72,72,72,72,72,72,72,72,72,72,77,77,77,77,77,77,77,77,87,87,92,92,92,92,92,92,92,92,92,92,92,92,92,92,92,92,92,92,92,92,92,92,92,92,92,92,92,92,92,92,92,92,92,97,97,97,97,97,97,97,97,97,97,97,97,97,97,97,97,97,97,97,97,97,97,97,97],"relic_stats":{"counters":[39,138],"CeramicFish":360,"Bag of Preparation":[24],"Ginger":[0],"Whetstone":["FollowUp","Strike_P"],"War Paint":["Bandage Up","infinitespire:Starlight"],"Cursed Key":3,"Sozu":2,"Blood Vial":2,"Nunchaku":[24],"Shuriken":[98],"Sundial":[0],"Ornamental Fan":[184],"Art of War":[1],"obtain_stats":[{"CeramicFish":13,"Vajra":30,"Hammer of Thor":0,"Bag of Preparation":56,"Ginger":59,"Whetstone":60,"Cursed Key":17,"Ancient Tea Set":53,"Old Coin":44,"Sozu":68,"Blood Vial":70,"Nunchaku":39,"infinitespire:ShieldingShard":56,"infinitespire:Bottled Soul":23,"Sundial":39,"Toxic Egg 2":61,"InkBottle":26,"Pear":19,"Oddly Smooth Stone":47,"infinitespire:FocusingShard":7,"infinitespire:Joker Card":70,"Seething Fire":0,"Odd Mushroom":55,"War Paint":65,"Akabeko":14,"SlaversCollar":51,"Anvil of the Gods":0,"Shuriken":9,"Ornamental Fan":43,"Art of War":25,"Coffee Dripper":34,"PureWater":0,"TungstenRod":42,"infinitespire:Midas Blood":40},{"CeramicFish":6,"Vajra":14,"Hammer of Thor":0,"Bag of Preparation":27,"Ginger":29,"Whetstone":29,"Cursed Key":7,"Ancient Tea Set":26,"Old Coin":22,"Sozu":35,"Blood Vial":36,"Nunchaku":19,"infinitespire:ShieldingShard":27,"infinitespire:Bottled Soul":12,"Sundial":19,"Toxic Egg 2":30,"InkBottle":13,"Pear":8,"Oddly Smooth Stone":23,"infinitespire:FocusingShard":4,"infinitespire:Joker Card":36,"Seething Fire":0,"Odd Mushroom":27,"War Paint":34,"Akabeko":6,"SlaversCollar":25,"Anvil of the Gods":0,"Shuriken":4,"Ornamental Fan":21,"Art of War":13,"Coffee Dripper":16,"PureWater":0,"TungstenRod":21,"infinitespire:Midas Blood":20},{"CeramicFish":26,"Vajra":57,"Hammer of Thor":0,"Bag of Preparation":108,"Ginger":113,"Whetstone":113,"Cursed Key":34,"Ancient Tea Set":106,"Old Coin":88,"Sozu":125,"Blood Vial":128,"Nunchaku":73,"infinitespire:ShieldingShard":108,"infinitespire:Bottled Soul":53,"Sundial":73,"Toxic Egg 2":117,"InkBottle":55,"Pear":38,"Oddly Smooth Stone":93,"infinitespire:FocusingShard":18,"infinitespire:Joker Card":128,"Seething Fire":0,"Odd Mushroom":108,"War Paint":124,"Akabeko":26,"SlaversCollar":104,"Anvil of the Gods":0,"Shuriken":18,"Ornamental Fan":83,"Art of War":55,"Coffee Dripper":64,"PureWater":0,"TungstenRod":83,"infinitespire:Midas Blood":78}],"InkBottle":[47],"TungstenRod":27},"card_choices":[{"not_picked":["CrushJoints","Vengeance"],"picked":"FlurryOfBlows","floor":1},{"not_picked":["ForeignInfluence","Crescendo"],"picked":"EmptyBody","floor":2},{"not_picked":["CrushJoints","BattleHymn"],"picked":"Evaluate","floor":3},{"not_picked":["Protect","EmptyFist"],"picked":"CutThroughFate","floor":4},{"not_picked":["Evaluate","Perseverance"],"picked":"JustLucky","floor":10},{"not_picked":["CutThroughFate","InnerPeace"],"picked":"FollowUp","floor":13},{"not_picked":["Ragnarok","Vault"],"picked":"LessonLearned","floor":16},{"not_picked":["CrushJoints","FlyingSleeves"],"picked":"Consecrate","floor":18},{"not_picked":["Evaluate","EmptyBody+1"],"picked":"Study+1","floor":20},{"not_picked":["ForeignInfluence","Protect"],"picked":"Tantrum+1","floor":21},{"not_picked":["BowlingBash","DeceiveReality"],"picked":"FlurryOfBlows","floor":22},{"not_picked":["Crescendo+1","Consecrate"],"picked":"EmptyFist","floor":23},{"not_picked":["BowlingBash","Evaluate","JustLucky"],"picked":"SKIP","floor":25},{"not_picked":["ThirdEye+1","PathToVictory"],"picked":"BowlingBash","floor":28},{"not_picked":["Study","Consecrate","ThirdEye"],"picked":"SKIP","floor":31},{"not_picked":["Vault","Judgement"],"picked":"Establishment","floor":33},{"not_picked":["FlyingSleeves","JustLucky"],"picked":"SashWhip+1","floor":35},{"not_picked":["FlyingSleeves+1","CutThroughFate+1"],"picked":"FollowUp+1","floor":37},{"not_picked":["WheelKick","CrushJoints"],"picked":"Protect+1","floor":38},{"not_picked":["ClearTheMind","CutThroughFate"],"picked":"FlurryOfBlows","floor":40},{"not_picked":["Tantrum+1","EmptyFist"],"picked":"FearNoEvil","floor":42},{"not_picked":["Prostrate+1","Swivel+1"],"picked":"Nirvana+1","floor":44},{"not_picked":["Prostrate+1","FlyingSleeves+1"],"picked":"ClearTheMind+1","floor":45},{"not_picked":["Panacea","Thinking Ahead"],"picked":"Bandage Up","floor":46},{"not_picked":["Swivel","Pray+1","SashWhip"],"picked":"SKIP","floor":48},{"not_picked":["Blasphemy","LessonLearned"],"picked":"DevaForm","floor":50},{"not_picked":["FollowUp","Crescendo"],"picked":"FlurryOfBlows","floor":52},{"not_picked":["CrushJoints","Meditate"],"picked":"Halt","floor":58},{"not_picked":["EmptyBody","Consecrate"],"picked":"DeceiveReality","floor":59},{"not_picked":["SandsOfTime","ReachHeaven"],"picked":"Ragnarok","floor":61},{"not_picked":["JustLucky","EmptyBody+1"],"picked":"Halt+1","floor":62},{"not_picked":["CutThroughFate","Crescendo+1"],"picked":"Evaluate+1","floor":63},{"not_picked":["Prostrate+1","FlyingSleeves"],"picked":"FlurryOfBlows","floor":64},{"not_picked":["BowlingBash","EmptyMind+1"],"picked":"Halt+1","floor":65},{"not_picked":["Brilliance","Judgement+1"],"picked":"Wish+1","floor":67},{"not_picked":["LikeWater","SignatureMove"],"picked":"Study+1","floor":69},{"not_picked":["WindmillStrike","FlyingSleeves+1"],"picked":"CarveReality+1","floor":71},{"not_picked":["EmptyFist","Crescendo+1"],"picked":"FlurryOfBlows","floor":75}],"player_experience":258007,"relics_obtained":[{"floor":9,"key":"Shuriken"},{"floor":13,"key":"CeramicFish"},{"floor":23,"key":"infinitespire:Bottled Soul"},{"floor":25,"key":"Art of War"},{"floor":26,"key":"InkBottle"},{"floor":40,"key":"infinitespire:Midas Blood"},{"floor":42,"key":"TungstenRod"},{"floor":43,"key":"Ornamental Fan"},{"floor":44,"key":"Old Coin"},{"floor":55,"key":"Odd Mushroom"},{"floor":59,"key":"Ginger"},{"floor":60,"key":"Whetstone"},{"floor":61,"key":"Toxic Egg 2"},{"floor":65,"key":"War Paint"}],"event_choices":[{"damage_healed":0,"gold_gain":0,"player_choice":"Entered Light","damage_taken":14,"max_hp_gain":0,"max_hp_loss":0,"event_name":"Shining Light","floor":5,"gold_loss":0,"cards_upgraded":["Eruption","Defend_P"]},{"damage_healed":0,"gold_gain":0,"player_choice":"Donut","damage_taken":0,"max_hp_gain":5,"max_hp_loss":0,"event_name":"Big Fish","floor":11,"gold_loss":0},{"damage_healed":0,"gold_gain":0,"player_choice":"Gave Potion","damage_taken":0,"relics_obtained":["Akabeko"],"max_hp_gain":0,"max_hp_loss":0,"event_name":"WeMeetAgain","floor":14,"gold_loss":0},{"damage_healed":0,"gold_gain":0,"player_choice":"Ignored","damage_taken":0,"max_hp_gain":0,"max_hp_loss":0,"event_name":"Ghosts","floor":29,"gold_loss":0},{"damage_healed":0,"gold_gain":100,"player_choice":"Pray","damage_taken":0,"max_hp_gain":0,"max_hp_loss":0,"event_name":"Golden Shrine","floor":36,"gold_loss":0},{"damage_healed":0,"gold_gain":0,"player_choice":"Memory 1","damage_taken":0,"max_hp_gain":0,"max_hp_loss":0,"event_name":"SensoryStone","floor":46,"gold_loss":0},{"damage_healed":0,"gold_gain":0,"player_choice":"Donut","damage_taken":0,"max_hp_gain":5,"max_hp_loss":0,"event_name":"Big Fish","floor":54,"gold_loss":0},{"damage_healed":0,"gold_gain":0,"player_choice":"Fought Mushrooms","damage_taken":0,"max_hp_gain":0,"max_hp_loss":0,"event_name":"Mushrooms","floor":55,"gold_loss":0},{"damage_healed":0,"gold_gain":30,"player_choice":"Searched \u00272\u0027 times","damage_taken":0,"max_hp_gain":0,"max_hp_loss":0,"event_name":"Dead Adventurer","floor":65,"gold_loss":0},{"cards_removed":["Regret"],"damage_healed":0,"gold_gain":0,"player_choice":"Removed Curses","damage_taken":0,"max_hp_gain":0,"max_hp_loss":0,"event_name":"Fountain of Cleansing","floor":73,"gold_loss":0}],"is_beta":false,"boss_relics":[{"not_picked":["Pandora\u0027s Box","Empty Cage"],"picked":"Cursed Key"},{"not_picked":["VioletLotus","Runic Dome"],"picked":"Coffee Dripper"},{"not_picked":["Black Star","Busted Crown"],"picked":"SlaversCollar"},{"not_picked":["Runic Dome","HolyWater"],"picked":"Sozu"}],"items_purged_floors":[19,30,53],"is_endless":true,"potions_floor_spawned":[1,3,4,21,23,28,35,40,42,44,45,50,59,62,63,65,67,71,75],"killed_by":"Nightmare","ascension_level":4}}