{"host":"18wi9kpcl4eah7pe","time":1613936268,"event":{"mods":["BaseMod","Colored Powertips","Downfall","Minty Spire (QoL Compilation)","StSLib"],"gold_per_floor":[99,99,113,113,123,33,87,112,124,154,54,73,73,107,126,226,226,126,136,153,138,238,69,69,169,194,194,194,396,396,408,428,531,531,531,546,563,280,280,201,201,213,223,72,84,84,101,101,121,121,121,121],"floor_reached":50,"language":"ENG","playtime":5294,"items_purged":["downfall:Malfunctioning"],"score":759,"play_id":"1ce81b5a-2e66-4903-b0db-c877d6ca20ae","local_time":"20210221133748","is_ascension_mode":true,"campfire_choices":[{"floor":1.0,"key":"RECALL"},{"floor":11.0,"key":"REST"},{"data":"bronze:InfiniteBeams","floor":13.0,"key":"SMITH"},{"data":"bronze:SpaghettiCode","floor":18.0,"key":"SMITH"},{"data":"bronze:Repair","floor":28.0,"key":"SMITH"},{"data":"bronze:ClassDefault","floor":35.0,"key":"SMITH"}],"circlet_count":0,"master_deck":["bronze:Strike+1","bronze:Strike+1","bronze:Strike+1","bronze:Strike+1","bronze:Defend+1","bronze:Defend+1","bronze:Defend+1","bronze:Defend+1","bronze:Replicate","bronze:Goto+1","bronze:Branch","bronze:InfiniteBeams+1","bronze:Constructor","bronze:DigitalCarnage","bronze:ForceShield","bronze:Safeguard","bronze:WhirlingStrike","bronze:SpaghettiCode+1","bronze:ChosenStrike","bronze:Repair+1","bronze:ClassDefault+1","bronze:ChosenStrike","bronze:Iterate+1","bronze:Shield","bronze:CloningBeam+1","bronze:Shell","bronze:Fortify","bronze:Verify","bronze:Backtrace","bronze:BronzeOrb+1","bronze:Repulsor","bronze:Overheat+1","bronze:Shield","bronze:Overheat+1","bronze:BurnOut"],"relics":["bronze:BronzeCore","hexamod:BolsterEngine","downfall:BrokenWingStatue","bronze:ProtectiveGoggles","Pantograph","Eternal Feather","downfall:HeartBlessingRed","Thread and Needle","bronze:MakeshiftBattery","downfall:HeartBlessingGreen","Gambling Chip","StrikeDummy","Sling","Gremlin Horn","Nunchaku","Omamori","Membership Card","Art of War","MealTicket","HandDrill"],"acts_visited":["Exordium","TheCity","TheBeyond"],"potions_floor_usage":[],"damage_taken":[{"damage":9.0,"enemies":"Small Slimes","floor":3.0,"turns":4.0},{"damage":4.0,"enemies":"Jaw Worm","floor":5.0,"turns":4.0},{"damage":0.0,"enemies":"downfall:FleeingMerchant","floor":6.0,"turns":4.0},{"damage":4.0,"enemies":"3 Sentries","floor":8.0,"turns":6.0},{"damage":0.0,"enemies":"2 Louse","floor":9.0,"turns":2.0},{"damage":2.0,"enemies":"Gremlin Nob","floor":10.0,"turns":3.0},{"damage":16.0,"enemies":"Exordium Wildlife","floor":12.0,"turns":2.0},{"damage":8.0,"enemies":"3 Sentries","floor":14.0,"turns":5.0},{"damage":0.0,"enemies":"2 Fungi Beasts","floor":15.0,"turns":3.0},{"damage":2.0,"enemies":"SI_SHIV_ARCHETYPE","floor":16.0,"turns":6.0},{"damage":0.0,"enemies":"3 Byrds","floor":19.0,"turns":5.0},{"damage":0.0,"enemies":"Spheric Guardian","floor":20.0,"turns":3.0},{"damage":0.0,"enemies":"downfall:FleeingMerchant","floor":21.0,"turns":4.0},{"damage":19.0,"enemies":"Colosseum Nobs","floor":22.0,"turns":4.0},{"damage":8.0,"enemies":"downfall:FleeingMerchant","floor":23.0,"turns":4.0},{"damage":0.0,"enemies":"Gremlin Leader","floor":26.0,"turns":3.0},{"damage":0.0,"enemies":"downfall:FleeingMerchant","floor":29.0,"turns":2.0},{"damage":0.0,"enemies":"Centurion and Healer","floor":31.0,"turns":4.0},{"damage":0.0,"enemies":"Snake Plant","floor":32.0,"turns":4.0},{"damage":25.0,"enemies":"WA_ARCHETYPE_CALM","floor":33.0,"turns":7.0},{"damage":3.0,"enemies":"3 Shapes","floor":36.0,"turns":3.0},{"damage":0.0,"enemies":"3 Darklings","floor":37.0,"turns":3.0},{"damage":0.0,"enemies":"Maw","floor":42.0,"turns":7.0},{"damage":44.0,"enemies":"Transient","floor":43.0,"turns":5.0},{"damage":24.0,"enemies":"Spire Growth","floor":45.0,"turns":5.0},{"damage":0.0,"enemies":"Sphere and 2 Shapes","floor":47.0,"turns":4.0},{"damage":0.0,"enemies":"Jaw Worm Horde","floor":49.0,"turns":2.0},{"damage":136,"enemies":"IC_BLOCK_ARCHETYPE","floor":50,"turns":8}],"seed_played":"5338226448111822594","potions_obtained":[{"floor":8.0,"key":"SneckoOil"},{"floor":10.0,"key":"bronze:CleanCodePotion"},{"floor":15.0,"key":"GamblersBrew"},{"floor":16.0,"key":"SkillPotion"},{"floor":19.0,"key":"SneckoOil"},{"floor":22.0,"key":"SkillPotion"},{"floor":32.0,"key":"PowerPotion"},{"floor":42.0,"key":"champ:CounterPotion"},{"floor":43.0,"key":"BlessingOfTheForge"},{"floor":45.0,"key":"PowerPotion"},{"floor":49.0,"key":"BlessingOfTheForge"}],"is_trial":false,"path_per_floor":["R","?","M","?","M","$","T","E","M","E","R","M","R","E","M","B",null,"R","M","M","$","?","$","T","?","E","?","R","$","?","M","M","B",null,"R","M","M","$","?","$","T","M","M","$","M","?","M","?","M","B"],"character_chosen":"THE_AUTOMATON","items_purchased":["Sling","Omamori","Membership Card","Fruit Juice","bronze:CleanCodePotion","bronze:Repulsor","Art of War","MealTicket","HandDrill"],"campfire_rested":1,"item_purchase_floors":[23,29,38,38,38,38,40,44,44],"current_hp_per_floor":[63,63,54,54,50,50,50,46,46,44,70,54,63,55,55,68,70,70,70,70,70,51,43,43,43,43,43,58,58,58,68,68,55,66,70,67,67,67,67,72,72,75,31,31,37,37,47,85,85,0,0,0],"gold":121,"neow_bonus":"RANDOM_COMMON_RELIC","is_daily":false,"chose_seed":false,"campfire_upgraded":4,"win_rate":0.0,"timestamp":1613936268,"path_taken":["R","?","M","?","M","$","T","E","M","E","R","M","R","E","M","BOSS","R","M","M","$","?","$","T","?","E","?","R","$","?","?","M","BOSS","R","M","M","$","?","$","T","M","M","$","M","?","?","?","M","BOSS"],"items_purchased_type":["Relic","Relic","Relic","Potion","Potion","Card","Relic","Relic","Relic"],"build_version":"2020-12-22","purchased_purges":1,"victory":false,"max_hp_per_floor":[70,70,70,70,70,70,70,70,70,70,70,70,70,70,70,70,70,70,70,70,70,70,70,70,70,70,70,70,70,70,70,70,70,70,70,70,70,70,70,75,75,75,75,75,75,75,75,85,85,85,85,85],"card_choices":[{"not_picked":["bronze:Frontload","bronze:WildBeam"],"picked":"bronze:Branch","floor":3.0},{"not_picked":["bronze:Deprecate","bronze:BugBarrage"],"picked":"bronze:InfiniteBeams","floor":5.0},{"not_picked":["bronze:CloningBeam","bronze:OilSpill"],"picked":"bronze:Mutator","floor":6.0},{"not_picked":["bronze:Iterate","bronze:ForceShield"],"picked":"bronze:Constructor","floor":8.0},{"not_picked":["bronze:Separator","bronze:BitShift"],"picked":"bronze:DigitalCarnage","floor":9.0},{"not_picked":["bronze:Turbo","bronze:ThunderWave"],"picked":"bronze:ForceShield","floor":10.0},{"not_picked":["bronze:Branch","bronze:Invalidate"],"picked":"bronze:Safeguard","floor":12.0},{"not_picked":["bronze:DelayedSlice","bronze:CutThrough"],"picked":"bronze:WhirlingStrike","floor":14.0},{"not_picked":["bronze:FineTuning","bronze:ForLoop"],"picked":"bronze:Fortify","floor":15.0},{"not_picked":["bronze:HardenedForm","bronze:FindAndReplace"],"picked":"bronze:SpaghettiCode","floor":16.0},{"not_picked":["bronze:WhirlingStrike","bronze:Constructor"],"picked":"bronze:ChosenStrike","floor":19.0},{"not_picked":["bronze:DarkDash+1","bronze:WhirlingStrike"],"picked":"bronze:Repair","floor":20.0},{"not_picked":["bronze:WildBeam+1","bronze:BuggyMess"],"picked":"bronze:ClassDefault","floor":21.0},{"not_picked":["bronze:DelayedSlice","bronze:Deprecate"],"picked":"bronze:ChosenStrike","floor":22.0},{"not_picked":["bronze:WhirlingStrike+1","bronze:BugBarrage"],"picked":"bronze:Iterate+1","floor":23.0},{"not_picked":["bronze:BronzeArmor","bronze:DelayedSlice"],"picked":"bronze:Shield","floor":26.0},{"not_picked":["bronze:Turbo","bronze:TinkerersToolbox"],"picked":"bronze:CloningBeam+1","floor":29.0},{"not_picked":["bronze:Constructor+1","bronze:DelayedSlice"],"picked":"bronze:Shell","floor":31.0},{"not_picked":["bronze:BitShift+1","bronze:Shield"],"picked":"bronze:Fortify","floor":32.0},{"not_picked":["bronze:HardenedForm","bronze:Hardcode"],"picked":"bronze:Verify","floor":33.0},{"not_picked":["bronze:InfiniteBeams","bronze:Safeguard"],"picked":"bronze:Backtrace","floor":36.0},{"not_picked":["bronze:Frontload+1","bronze:Philosophize"],"picked":"bronze:BronzeOrb+1","floor":37.0},{"not_picked":["bronze:OilSpill+1","bronze:Branch"],"picked":"bronze:Overheat+1","floor":42.0},{"not_picked":["bronze:Branch+1","bronze:ItsAFeature+1","bronze:Backtrace+1"],"picked":"SKIP","floor":43.0},{"not_picked":["bronze:Shell+1","bronze:Overheat"],"picked":"bronze:Shield","floor":45.0},{"not_picked":["bronze:Deprecate","bronze:Iterate+1","bronze:DelayedSlice"],"picked":"SKIP","floor":47.0},{"not_picked":["bronze:DelayedSlice+1","bronze:Frontload+1"],"picked":"bronze:BurnOut","floor":49.0}],"player_experience":1035352,"relics_obtained":[{"floor":7.0,"key":"bronze:ProtectiveGoggles"},{"floor":8.0,"key":"Pantograph"},{"floor":10.0,"key":"Eternal Feather"},{"floor":14.0,"key":"Thread and Needle"},{"floor":22.0,"key":"Gambling Chip"},{"floor":22.0,"key":"StrikeDummy"},{"floor":24.0,"key":"Gremlin Horn"},{"floor":26.0,"key":"Nunchaku"}],"event_choices":[{"cards_removed":["bronze:Fortify"],"damage_healed":0.0,"max_hp_gain":0.0,"max_hp_loss":0.0,"gold_gain":0.0,"event_name":"Falling","player_choice":"Removed Attack","floor":39.0,"gold_loss":0.0,"damage_taken":0.0}],"is_beta":false,"boss_relics":[{"not_picked":["Empty Cage","Tiny House"],"picked":"bronze:MakeshiftBattery"},{"not_picked":["Cursed Key","Sozu","Busted Crown"]}],"items_purged_floors":[6],"is_endless":false,"potions_floor_spawned":[8,10,15,16,19,22,32,42,43,45,49],"killed_by":"IC_BLOCK_ARCHETYPE","ascension_level":7}}