{"host":"vl1k6yl86fnmnemm","time":1613927437,"event":{"mods":["BaseMod","Colored Map","Minty Spire (QoL Compilation)","StSLib","Together in Spire"],"gold_per_floor":[118,133,151,101,101,114,114,39,92,102,133,150,176,176,176,271,271,282,282,282,31,31,63,81,92,92,92,7,7,32,51,51,151,151,162,162,162,212,56,88,88,88,88,98,129,144,155,181,181,181],"floor_reached":51,"language":"ENG","playtime":2523,"items_purged":["Defend_P","Defend_P"],"score":658,"play_id":"09d5b1d8-cde3-4c3a-ab5e-3b46c7eccad3","local_time":"20210221181037","is_ascension_mode":false,"campfire_choices":[{"data":"Eruption","floor":7,"key":"SMITH"},{"floor":15,"key":"REST"},{"floor":29,"key":"REST"},{"data":"FlurryOfBlows","floor":32,"key":"SMITH"},{"data":"1","floor":42,"key":"LIFT"},{"floor":49,"key":"REST"}],"circlet_count":0,"master_deck":["Strike_P","Defend_P","Defend_P","Eruption+1","Vigilance","Dark Shackles","Protect","CarveReality","CrushJoints","Evaluate","FlurryOfBlows+1","Crescendo+1","EmptyBody","Consecrate+1","WreathOfFlame","Swivel+1","FlurryOfBlows+1","SashWhip+1","WheelKick+1"],"relics":["PureWater","Juzu Bracelet","Dream Catcher","Pantograph","Busted Crown","Oddly Smooth Stone","Bottled Lightning","Potion Belt","Anchor","WingedGreaves","SlaversCollar","Girya","DollysMirror","Letter Opener","Mercury Hourglass","Frozen Egg 2","Toy Ornithopter"],"acts_visited":["Exordium","TheCity","TheBeyond"],"potions_floor_usage":[30,33,38,40,50,50,50,50,50],"damage_taken":[{"damage":0,"enemies":"Cultist","floor":1,"turns":1},{"damage":0,"enemies":"Jaw Worm","floor":2,"turns":1},{"damage":0,"enemies":"2 Louse","floor":3,"turns":1},{"damage":0,"enemies":"Large Slime","floor":6,"turns":2},{"damage":0,"enemies":"Looter","floor":10,"turns":2},{"damage":14,"enemies":"3 Sentries","floor":11,"turns":4},{"damage":0,"enemies":"Exordium Wildlife","floor":12,"turns":2},{"damage":0,"enemies":"Lagavulin","floor":13,"turns":3},{"damage":0,"enemies":"Hexaghost","floor":16,"turns":4},{"damage":15,"enemies":"3 Byrds","floor":18,"turns":3},{"damage":0,"enemies":"Slavers","floor":23,"turns":1},{"damage":0,"enemies":"Spheric Guardian","floor":24,"turns":3},{"damage":0,"enemies":"Centurion and Healer","floor":25,"turns":3},{"damage":10,"enemies":"Gremlin Leader","floor":30,"turns":3},{"damage":0,"enemies":"Shelled Parasite and Fungi","floor":31,"turns":2},{"damage":7,"enemies":"Collector","floor":33,"turns":4},{"damage":4,"enemies":"3 Darklings","floor":35,"turns":2},{"damage":4,"enemies":"Mind Bloom Boss Battle","floor":38,"turns":5},{"damage":7,"enemies":"Nemesis","floor":40,"turns":4},{"damage":0,"enemies":"Orb Walker","floor":44,"turns":1},{"damage":3,"enemies":"Giant Head","floor":45,"turns":4},{"damage":8,"enemies":"Sphere and 2 Shapes","floor":46,"turns":3},{"damage":0,"enemies":"3 Darklings","floor":47,"turns":2},{"damage":0,"enemies":"Nemesis","floor":48,"turns":4},{"damage":31,"enemies":"Donu and Deca","floor":50,"turns":4}],"seed_played":"-5346704823205082202","potions_obtained":[{"floor":1,"key":"DistilledChaos"},{"floor":3,"key":"BlessingOfTheForge"},{"floor":12,"key":"EssenceOfSteel"},{"floor":23,"key":"Block Potion"},{"floor":30,"key":"SpeedPotion"},{"floor":33,"key":"Dexterity Potion"},{"floor":45,"key":"Regen Potion"},{"floor":46,"key":"DuplicationPotion"},{"floor":47,"key":"BlessingOfTheForge"},{"floor":48,"key":"FearPotion"}],"is_trial":false,"path_per_floor":["M","M","M","?","?","M","R","$","T","M","E","M","E","?","R","B",null,"M","?","?","$","?","E","M","M","T","?","?","R","E","M","R","B",null,"M","?","?","?","$","E","?","R","T","M","E","M","M","E","R","B",null],"character_chosen":"WATCHER","items_purchased":["Oddly Smooth Stone","DollysMirror"],"campfire_rested":3,"item_purchase_floors":[21,39],"current_hp_per_floor":[72,72,72,72,72,72,72,72,72,72,58,58,58,58,72,72,72,57,57,57,57,57,57,57,57,57,57,57,72,62,62,62,65,72,68,68,68,68,68,61,61,61,61,61,58,50,50,50,71,63],"gold":181,"neow_bonus":"RANDOM_COLORLESS","is_daily":false,"chose_seed":false,"campfire_upgraded":2,"win_rate":0.0,"timestamp":1613927437,"path_taken":["M","?","M","?","?","M","R","$","T","M","E","M","E","?","R","BOSS","M","?","?","$","?","E","M","M","T","?","?","R","E","M","R","BOSS","M","?","?","?","$","E","?","R","T","M","E","M","M","E","R","BOSS"],"items_purchased_type":["Relic","Relic"],"build_version":"2020-12-22","purchased_purges":2,"victory":true,"max_hp_per_floor":[72,72,72,72,72,72,72,72,72,72,72,72,72,72,72,72,72,72,72,72,72,72,72,72,72,72,72,72,72,72,72,72,72,72,72,72,72,72,72,72,72,72,72,72,72,72,72,72,72,72],"card_choices":[{"not_picked":["Good Instincts","Bandage Up"],"picked":"Dark Shackles","floor":0},{"not_picked":["CutThroughFate","Wallop"],"picked":"Protect","floor":1},{"not_picked":["Swivel","SandsOfTime"],"picked":"CarveReality","floor":2},{"not_picked":["ThirdEye","SashWhip"],"picked":"CrushJoints","floor":3},{"not_picked":["SashWhip","FlyingSleeves"],"picked":"Evaluate","floor":6},{"not_picked":["SashWhip","FollowUp","SpiritShield"],"picked":"SKIP","floor":10},{"not_picked":["Worship","FlyingSleeves"],"picked":"FlurryOfBlows","floor":11},{"not_picked":["BattleHymn","FollowUp"],"picked":"Crescendo","floor":12},{"not_picked":["Evaluate","MasterReality","Worship"],"picked":"SKIP","floor":13},{"not_picked":["JustLucky","EmptyFist"],"picked":"EmptyBody","floor":15},{"not_picked":["FlyingSleeves"],"picked":"SKIP","floor":18},{"not_picked":[],"picked":"Consecrate+1","floor":23},{"not_picked":["Protect"],"picked":"SKIP","floor":24},{"not_picked":["ThirdEye"],"picked":"SKIP","floor":25},{"not_picked":["Wireheading"],"picked":"SKIP","floor":30},{"not_picked":[],"picked":"WreathOfFlame","floor":31},{"not_picked":["ClearTheMind"],"picked":"SKIP","floor":35},{"not_picked":[],"picked":"Swivel+1","floor":38},{"not_picked":[],"picked":"SashWhip+1","floor":40},{"not_picked":["Meditate"],"picked":"SKIP","floor":44},{"not_picked":["SashWhip+1"],"picked":"SKIP","floor":45},{"not_picked":["SignatureMove"],"picked":"SKIP","floor":46},{"not_picked":[],"picked":"WheelKick+1","floor":47},{"not_picked":["EmptyFist"],"picked":"SKIP","floor":48}],"player_experience":42423,"relics_obtained":[{"floor":9,"key":"Juzu Bracelet"},{"floor":11,"key":"Dream Catcher"},{"floor":13,"key":"Pantograph"},{"floor":23,"key":"Bottled Lightning"},{"floor":26,"key":"Potion Belt"},{"floor":30,"key":"WingedGreaves"},{"floor":38,"key":"Girya"},{"floor":40,"key":"Letter Opener"},{"floor":43,"key":"Mercury Hourglass"},{"floor":45,"key":"Frozen Egg 2"},{"floor":48,"key":"Toy Ornithopter"}],"event_choices":[{"cards_removed":["Strike_P"],"damage_healed":0,"gold_gain":0,"player_choice":"Card Removal","damage_taken":0,"max_hp_gain":0,"max_hp_loss":0,"event_name":"The Cleric","floor":4,"gold_loss":50},{"damage_healed":0,"gold_gain":0,"player_choice":"Ignored","damage_taken":0,"max_hp_gain":0,"max_hp_loss":0,"event_name":"Golden Idol","floor":5,"gold_loss":0},{"damage_healed":0,"gold_gain":0,"player_choice":"Grow","damage_taken":0,"max_hp_gain":0,"max_hp_loss":0,"event_name":"Living Wall","floor":14,"gold_loss":0,"cards_upgraded":["Crescendo"]},{"damage_healed":0,"gold_gain":0,"player_choice":"Ignored","damage_taken":0,"max_hp_gain":0,"max_hp_loss":0,"event_name":"The Mausoleum","floor":19,"gold_loss":0},{"cards_removed":["Strike_P"],"damage_healed":0,"gold_gain":0,"player_choice":"Elegance","damage_taken":0,"max_hp_gain":0,"max_hp_loss":0,"event_name":"Back to Basics","floor":20,"gold_loss":0},{"cards_removed":["Strike_P"],"damage_healed":0,"gold_gain":0,"player_choice":"Purged","damage_taken":0,"max_hp_gain":0,"max_hp_loss":0,"event_name":"Purifier","floor":22,"gold_loss":0},{"damage_healed":0,"gold_gain":0,"player_choice":"Ignored","damage_taken":0,"max_hp_gain":0,"max_hp_loss":0,"event_name":"Vampires","floor":27,"gold_loss":0},{"damage_healed":0,"gold_gain":0,"player_choice":"Obtained Relic","damage_taken":0,"relics_obtained":["Anchor"],"max_hp_gain":0,"max_hp_loss":0,"event_name":"Addict","floor":28,"gold_loss":85},{"damage_healed":0,"gold_gain":0,"player_choice":"Ignored","damage_taken":0,"max_hp_gain":0,"max_hp_loss":0,"event_name":"Mysterious Sphere","floor":36,"gold_loss":0},{"damage_healed":0,"gold_gain":0,"player_choice":"Memory 1","damage_taken":0,"max_hp_gain":0,"max_hp_loss":0,"event_name":"SensoryStone","floor":37,"gold_loss":0},{"damage_healed":0,"gold_gain":0,"player_choice":"Fight","damage_taken":0,"max_hp_gain":0,"max_hp_loss":0,"event_name":"MindBloom","floor":38,"gold_loss":0},{"damage_healed":0,"gold_gain":0,"player_choice":"Ignored","damage_taken":0,"max_hp_gain":0,"max_hp_loss":0,"event_name":"Tomb of Lord Red Mask","floor":41,"gold_loss":0}],"is_beta":false,"boss_relics":[{"not_picked":["Coffee Dripper","Tiny House"],"picked":"Busted Crown"},{"not_picked":["Snecko Eye","Velvet Choker"],"picked":"SlaversCollar"}],"items_purged_floors":[8,21],"is_endless":false,"potions_floor_spawned":[1,3,12,23,30,33,45,46,47,48],"ascension_level":0}}