{"host":"CottonTail234","time":1613882367,"event":{"mods":["BaseMod","Colored Map","Minty Spire (QoL Compilation)","StSLib"],"gold_per_floor":[364,380,380,16,35,68,68,79,79,79,96,18,18,73,73,147,147,160,72,72,90,90,90,15,35,35,51,51,51,51,63,63,63,63],"floor_reached":33,"language":"ENG","playtime":1238,"items_purged":["Defend_P"],"score":531,"play_id":"3c130be2-c66b-4883-87e2-81e50194bae8","local_time":"20210220213927","is_ascension_mode":true,"campfire_choices":[{"data":"Eruption","floor":7,"key":"SMITH"},{"floor":10,"key":"REST"},{"data":"Tantrum","floor":13,"key":"SMITH"},{"data":"CrushJoints","floor":15,"key":"SMITH"},{"floor":23,"key":"REST"},{"floor":29,"key":"REST"},{"floor":32,"key":"REST"}],"circlet_count":0,"master_deck":["AscendersBane","Strike_P","Strike_P","Strike_P","Strike_P","Defend_P","Defend_P","Defend_P","Eruption+1","Vigilance","FearNoEvil","Crescendo","Sadistic Nature","Protect","CrushJoints+1","SashWhip","Tantrum+1","Scrawl","InnerPeace","Wallop","Prostrate","Ghostly","Ghostly","Ghostly","Prostrate","ForeignInfluence+1","PathToVictory","WaveOfTheHand","EmptyBody","ClearTheMind","LikeWater"],"relics":["PureWater","Bag of Preparation","Boot","Dream Catcher","Eternal Feather","Fusion Hammer","Nilry\u0027s Codex","Tiny Chest"],"acts_visited":["Exordium","TheCity"],"potions_floor_usage":[14,14,25],"damage_taken":[{"damage":0,"enemies":"2 Louse","floor":1,"turns":2},{"damage":3,"enemies":"Cultist","floor":2,"turns":4},{"damage":2,"enemies":"Jaw Worm","floor":5,"turns":4},{"damage":36,"enemies":"3 Sentries","floor":6,"turns":12},{"damage":4,"enemies":"Blue Slaver","floor":8,"turns":4},{"damage":1,"enemies":"Looter","floor":11,"turns":2},{"damage":0,"enemies":"Gremlin Nob","floor":14,"turns":1},{"damage":0,"enemies":"Slime Boss","floor":16,"turns":4},{"damage":0,"enemies":"Spheric Guardian","floor":18,"turns":3},{"damage":14,"enemies":"2 Thieves","floor":21,"turns":3},{"damage":30,"enemies":"Cultist and Chosen","floor":25,"turns":7},{"damage":0,"enemies":"Centurion and Healer","floor":27,"turns":4},{"damage":6,"enemies":"Snake Plant","floor":31,"turns":3},{"damage":54,"enemies":"Champ","floor":33,"turns":14}],"seed_played":"1365355972061256042","potions_obtained":[{"floor":6,"key":"AttackPotion"},{"floor":8,"key":"LiquidBronze"},{"floor":11,"key":"DistilledChaos"},{"floor":21,"key":"StancePotion"}],"is_trial":false,"path_per_floor":["M","M","?","$","M","E","R","M","T","R","M","$","R","?","R","B",null,"M","$","?","M","?","R","$","M","T","M","?","R","?","M","R","B"],"character_chosen":"WATCHER","items_purchased":["Bag of Preparation","Sadistic Nature","Tantrum","Wallop","Prostrate"],"campfire_rested":4,"item_purchase_floors":[4,4,12,19,19],"current_hp_per_floor":[61,58,58,58,56,20,20,16,16,36,35,35,35,35,44,44,62,62,62,41,27,27,34,34,4,4,4,4,29,22,16,39,0,0],"gold":63,"neow_bonus":"TWO_FIFTY_GOLD","is_daily":false,"chose_seed":false,"campfire_upgraded":3,"win_rate":0.0,"timestamp":1613882367,"path_taken":["M","M","?","$","M","E","R","M","T","R","M","?","R","?","R","BOSS","M","$","?","M","?","R","$","M","T","M","?","R","?","?","R","BOSS"],"items_purchased_type":["Relic","Card","Card","Card","Card"],"build_version":"2020-12-18","purchased_purges":1,"victory":false,"max_hp_per_floor":[68,68,68,68,68,68,68,68,68,68,68,68,68,68,68,68,68,68,68,68,68,34,34,34,34,34,34,34,34,39,39,39,39,39],"card_choices":[{"not_picked":["SashWhip","Indignation"],"picked":"FearNoEvil","floor":1},{"not_picked":["Perseverance","Evaluate"],"picked":"Crescendo","floor":2},{"not_picked":["Crescendo","WreathOfFlame","BattleHymn"],"picked":"SKIP","floor":5},{"not_picked":["PathToVictory","ClearTheMind"],"picked":"Protect","floor":6},{"not_picked":["EmptyMind","Pray","Protect"],"picked":"SKIP","floor":8},{"not_picked":["Indignation","ThirdEye"],"picked":"CrushJoints","floor":10},{"not_picked":["CrushJoints","PathToVictory"],"picked":"SashWhip","floor":11},{"not_picked":["Omniscience","Wish"],"picked":"Scrawl","floor":16},{"not_picked":["SashWhip","Consecrate+1"],"picked":"InnerPeace","floor":18},{"not_picked":["ReachHeaven","Fasting2","Prostrate"],"picked":"SKIP","floor":21},{"not_picked":["BowlingBash","EmptyFist"],"picked":"Prostrate","floor":23},{"not_picked":["Weave","ThirdEye"],"picked":"ForeignInfluence+1","floor":25},{"not_picked":["DeusExMachina","Consecrate"],"picked":"PathToVictory","floor":27},{"not_picked":["WreathOfFlame+1","FearNoEvil"],"picked":"EmptyBody","floor":29},{"not_picked":["EmptyBody","BowlingBash"],"picked":"ClearTheMind","floor":31},{"not_picked":["WreathOfFlame+1","CrushJoints"],"picked":"LikeWater","floor":32}],"player_experience":2212250,"relics_obtained":[{"floor":6,"key":"Boot"},{"floor":9,"key":"Dream Catcher"},{"floor":14,"key":"Eternal Feather"},{"floor":20,"key":"Nilry\u0027s Codex"},{"floor":26,"key":"Tiny Chest"}],"event_choices":[{"cards_removed":["Doubt"],"damage_healed":0,"gold_gain":0,"player_choice":"Removed Curses","damage_taken":0,"max_hp_gain":0,"max_hp_loss":0,"event_name":"Fountain of Cleansing","floor":3,"gold_loss":0},{"damage_healed":0,"gold_gain":0,"player_choice":"Searched \u00271\u0027 times","damage_taken":0,"max_hp_gain":0,"max_hp_loss":0,"event_name":"Dead Adventurer","floor":14,"gold_loss":0},{"damage_healed":0,"gold_gain":0,"player_choice":"Obtained Book","damage_taken":21,"max_hp_gain":0,"max_hp_loss":0,"event_name":"Cursed Tome","floor":20,"gold_loss":0},{"damage_healed":0,"gold_gain":0,"player_choice":"Became a Ghost","damage_taken":0,"max_hp_gain":0,"max_hp_loss":34,"event_name":"Ghosts","floor":22,"gold_loss":0,"cards_obtained":["Ghostly","Ghostly","Ghostly"]},{"damage_healed":0,"gold_gain":0,"player_choice":"Read","damage_taken":0,"max_hp_gain":0,"max_hp_loss":0,"event_name":"The Library","floor":28,"gold_loss":0,"cards_obtained":["WaveOfTheHand"]},{"damage_healed":0,"gold_gain":0,"player_choice":"Shed Blood","damage_taken":12,"max_hp_gain":5,"max_hp_loss":0,"event_name":"Forgotten Altar","floor":30,"gold_loss":0}],"is_beta":true,"boss_relics":[{"not_picked":["Snecko Eye","SlaversCollar"],"picked":"Fusion Hammer"}],"items_purged_floors":[24],"is_endless":false,"potions_floor_spawned":[6,8,11,21],"killed_by":"Champ","ascension_level":16}}