{"host":"as7albp2mcgkylj3","time":1613935738,"event":{"mods":["2.2 Compatiblity","AchievementEnabler","BaseMod","Colored Map","DeckTracker","Googly Eyes","Highlight Path","Minty Spire (QoL Compilation)","StSLib","SuperFastMode"],"gold_per_floor":[111,36,111,111,122,122,157,157,184,195,195,208,7,26,26,128,128,140,152,77,77,52,79,79,91,91,105,121,134,134,134],"floor_reached":30,"language":"ITA","playtime":748,"items_purged":["Defend_G","Defend_G"],"score":277,"play_id":"dd480ef6-e3e4-4eae-bf30-84aa5bc8f034","local_time":"20210221202858","is_ascension_mode":false,"campfire_choices":[{"data":"Catalyst","floor":6,"key":"SMITH"},{"floor":8,"key":"REST"},{"floor":15,"key":"REST"}],"circlet_count":0,"master_deck":["Strike_G+1","Strike_G","Defend_G","Defend_G","Survivor","Neutralize+1","Catalyst+1","Deadly Poison","Corpse Explosion","Deadly Poison","Burst"],"relics":["Ring of the Snake","Mummified Hand","Regal Pillow","Membership Card","Sozu","MutagenicStrength","Whetstone","Paper Crane","Ornamental Fan"],"acts_visited":["Exordium","TheCity"],"potions_floor_usage":[16,16,25],"damage_taken":[{"damage":0,"enemies":"2 Louse","floor":1,"turns":4},{"damage":0,"enemies":"Cultist","floor":5,"turns":4},{"damage":44,"enemies":"Gremlin Nob","floor":7,"turns":7},{"damage":0,"enemies":"Small Slimes","floor":10,"turns":3},{"damage":9,"enemies":"2 Fungi Beasts","floor":12,"turns":5},{"damage":12,"enemies":"Blue Slaver","floor":14,"turns":3},{"damage":35,"enemies":"Hexaghost","floor":16,"turns":10},{"damage":7,"enemies":"Shell Parasite","floor":18,"turns":5},{"damage":5,"enemies":"Spheric Guardian","floor":19,"turns":3},{"damage":31,"enemies":"Book of Stabbing","floor":23,"turns":5},{"damage":3,"enemies":"Shelled Parasite and Fungi","floor":25,"turns":2},{"damage":6,"enemies":"Centurion and Healer","floor":27,"turns":3},{"damage":0,"enemies":"3 Cultists","floor":28,"turns":2},{"damage":5,"enemies":"Shelled Parasite and Fungi","floor":29,"turns":4},{"damage":14,"enemies":"Snecko","floor":30,"turns":4}],"seed_played":"2918541591879250408","potions_obtained":[{"floor":1,"key":"EssenceOfSteel"},{"floor":5,"key":"Energy Potion"},{"floor":14,"key":"Ancient Potion"}],"is_trial":false,"path_per_floor":["M","$","?","?","M","R","E","R","T","M","?","M","$","M","R","B",null,"M","M","?","?","$","E","T","M","T","M","M","M","M"],"character_chosen":"THE_SILENT","items_purchased":["Membership Card","Deadly Poison"],"campfire_rested":2,"item_purchase_floors":[13,22],"current_hp_per_floor":[63,63,52,52,52,52,8,26,26,26,26,17,17,5,38,3,63,56,51,51,51,51,20,20,17,17,11,11,6,0,0],"gold":134,"neow_bonus":"REMOVE_TWO","is_daily":false,"chose_seed":false,"campfire_upgraded":1,"win_rate":0.0,"timestamp":1613935738,"path_taken":["M","$","?","?","M","R","E","R","T","M","?","M","$","M","R","BOSS","M","?","?","?","$","E","?","M","T","M","M","M","M"],"items_purchased_type":["Relic","Card"],"build_version":"2020-12-22","purchased_purges":2,"victory":false,"max_hp_per_floor":[63,63,63,63,63,63,63,63,63,63,63,63,63,63,63,63,63,63,63,63,63,63,63,63,63,63,63,63,63,63,63],"card_choices":[{"not_picked":["Leg Sweep","All Out Attack"],"picked":"Catalyst","floor":1},{"not_picked":["Slice","Backflip","Expertise"],"picked":"SKIP","floor":5},{"not_picked":["Tactician","Outmaneuver","Cloak And Dagger"],"picked":"SKIP","floor":7},{"not_picked":["Flechettes","Riddle With Holes"],"picked":"Deadly Poison","floor":10},{"not_picked":["Dash","Predator","Well Laid Plans"],"picked":"SKIP","floor":12},{"not_picked":["Endless Agony","Reflex","Sucker Punch"],"picked":"SKIP","floor":14},{"not_picked":["Tools of the Trade","Grand Finale"],"picked":"Corpse Explosion","floor":16},{"not_picked":["Acrobatics","Prepared","Well Laid Plans+1"],"picked":"SKIP","floor":18},{"not_picked":["Outmaneuver","Masterful Stab","Sucker Punch"],"picked":"SKIP","floor":19},{"not_picked":["Acrobatics","Backflip","Underhanded Strike"],"picked":"SKIP","floor":23},{"not_picked":["Quick Slash","Dagger Throw"],"picked":"Burst","floor":25},{"not_picked":["Slice+1","Bane+1","Backflip+1"],"picked":"SKIP","floor":27},{"not_picked":["Backflip","Bane+1","Cloak And Dagger"],"picked":"SKIP","floor":28},{"not_picked":["Leg Sweep+1","Underhanded Strike","Finisher"],"picked":"SKIP","floor":29}],"player_experience":488238,"relics_obtained":[{"floor":7,"key":"Mummified Hand"},{"floor":9,"key":"Regal Pillow"},{"floor":23,"key":"Whetstone"},{"floor":24,"key":"Paper Crane"},{"floor":26,"key":"Ornamental Fan"}],"event_choices":[{"damage_healed":0,"gold_gain":75,"player_choice":"Gather Gold","damage_taken":11,"max_hp_gain":0,"max_hp_loss":0,"event_name":"World of Goop","floor":3,"gold_loss":0},{"cards_removed":["Defend_G"],"damage_healed":0,"gold_gain":0,"player_choice":"Forget","damage_taken":0,"max_hp_gain":0,"max_hp_loss":0,"event_name":"Living Wall","floor":4,"gold_loss":0},{"damage_healed":0,"gold_gain":0,"player_choice":"Ignored","damage_taken":0,"max_hp_gain":0,"max_hp_loss":0,"event_name":"NoteForYourself","floor":11,"gold_loss":0},{"cards_removed":["Strike_G"],"damage_healed":0,"gold_gain":0,"player_choice":"Gave Gold","damage_taken":0,"max_hp_gain":0,"max_hp_loss":0,"event_name":"Beggar","floor":20,"gold_loss":75},{"damage_healed":0,"gold_gain":0,"player_choice":"Inject Mutagens","damage_taken":0,"relics_obtained":["MutagenicStrength"],"max_hp_gain":0,"max_hp_loss":0,"event_name":"Drug Dealer","floor":21,"gold_loss":0}],"is_beta":false,"boss_relics":[{"not_picked":["Runic Pyramid","Cursed Key"],"picked":"Sozu"}],"items_purged_floors":[2,13],"is_endless":false,"potions_floor_spawned":[1,5,14,18,25,27],"killed_by":"Snecko","ascension_level":0}}