{"host":"1a8lb11wemezctea","time":1613949233,"event":{"mods":["BaseMod","Colored Powertips","Highlight Path","Minty Spire (QoL Compilation)"],"gold_per_floor":[118,130,130,141,22,54,54,54,54,68,82,82,108,140,152,263,275,301,35,61,73,83,117,117,152,152,152,11,11,11,30,30,30,30],"floor_reached":33,"language":"ENG","playtime":1774,"items_purged":["Strike_R","Regret"],"score":453,"play_id":"15544cbc-ae80-40cc-a1cd-bed7c34bcddf","local_time":"20210221181353","is_ascension_mode":true,"campfire_choices":[{"data":"True Grit","floor":8,"key":"SMITH"},{"data":"Rage","floor":12,"key":"SMITH"},{"data":"Inflame","floor":15,"key":"SMITH"},{"floor":24,"key":"REST"},{"data":"Secret Technique","floor":30,"key":"SMITH"},{"data":"Whirlwind","floor":32,"key":"SMITH"}],"circlet_count":0,"master_deck":["Defend_R","Defend_R","Defend_R","Defend_R","Bash","Anger","Twin Strike","Uppercut","Hemokinesis","True Grit+1","Flame Barrier","Inflame+1","Rage+1","Flame Barrier","Whirlwind+1","Impervious","Iron Wave+1","Fire Breathing","Secret Technique+1","Pommel Strike","Armaments+1","Battle Trance","Bite","Bite","Bite","Bite","Bite"],"relics":["Burning Blood","Bird Faced Urn","The Courier","Blue Candle","MawBank","Cursed Key","Red Mask","Akabeko","Champion Belt","Darkstone Periapt","Nilry\u0027s Codex"],"acts_visited":["Exordium","TheCity"],"potions_floor_usage":[14,16,16,16,20,25,33],"damage_taken":[{"damage":5,"enemies":"Cultist","floor":1,"turns":4},{"damage":0,"enemies":"2 Louse","floor":2,"turns":4},{"damage":0,"enemies":"Small Slimes","floor":4,"turns":2},{"damage":22,"enemies":"Gremlin Nob","floor":6,"turns":4},{"damage":5,"enemies":"Blue Slaver","floor":10,"turns":3},{"damage":2,"enemies":"Exordium Wildlife","floor":11,"turns":4},{"damage":13,"enemies":"Lagavulin","floor":13,"turns":7},{"damage":2,"enemies":"Looter","floor":14,"turns":1},{"damage":27,"enemies":"Hexaghost","floor":16,"turns":9},{"damage":2,"enemies":"Shell Parasite","floor":18,"turns":6},{"damage":17,"enemies":"Masked Bandits","floor":20,"turns":5},{"damage":16,"enemies":"2 Thieves","floor":21,"turns":4},{"damage":7,"enemies":"Centurion and Healer","floor":22,"turns":7},{"damage":53,"enemies":"Slavers","floor":23,"turns":10},{"damage":23,"enemies":"Gremlin Leader","floor":25,"turns":7},{"damage":8,"enemies":"Cultist and Chosen","floor":31,"turns":6},{"damage":59,"enemies":"Automaton","floor":33,"turns":8}],"seed_played":"4228000682035556179","potions_obtained":[{"floor":1,"key":"Fire Potion"},{"floor":10,"key":"Swift Potion"},{"floor":11,"key":"GamblersBrew"},{"floor":14,"key":"SkillPotion"},{"floor":16,"key":"Fire Potion"},{"floor":23,"key":"BlessingOfTheForge"},{"floor":25,"key":"Weak Potion"},{"floor":31,"key":"SteroidPotion"}],"is_trial":false,"path_per_floor":["M","M","?","M","$","E","$","R","T","M","M","R","E","M","R","B",null,"M","$","?","M","M","E","R","E","T","?","$","?","R","M","R","B"],"character_chosen":"IRONCLAD","items_purchased":["Hemokinesis","True Grit","Fire Breathing","Secret Technique","Battle Trance"],"campfire_rested":1,"item_purchase_floors":[5,5,19,19,28],"current_hp_per_floor":[52,58,58,64,64,48,48,48,48,49,55,55,50,54,54,35,69,75,75,68,60,63,20,44,31,31,15,15,15,15,29,29,0,0],"gold":30,"neow_bonus":"ONE_RARE_RELIC","is_daily":false,"chose_seed":false,"campfire_upgraded":5,"win_rate":0.0,"timestamp":1613949233,"path_taken":["M","M","?","M","$","E","$","R","T","M","M","R","E","M","R","BOSS","M","?","?","M","M","E","R","E","T","?","$","?","R","?","R","BOSS"],"items_purchased_type":["Card","Card","Card","Card","Card"],"build_version":"2020-12-22","purchased_purges":2,"victory":false,"max_hp_per_floor":[80,80,80,80,80,80,80,80,80,80,80,80,80,80,80,80,80,80,80,80,80,80,80,80,80,80,80,80,56,56,56,56,56,56],"card_choices":[{"not_picked":["Shockwave","Rage"],"picked":"Anger","floor":1},{"not_picked":["Rampage","Anger"],"picked":"Twin Strike","floor":2},{"not_picked":["Heavy Blade","Clash"],"picked":"Uppercut","floor":4},{"not_picked":["Twin Strike","Headbutt"],"picked":"Flame Barrier","floor":6},{"not_picked":["Armaments","Shrug It Off"],"picked":"Inflame","floor":10},{"not_picked":["Perfected Strike","Hemokinesis"],"picked":"Rage","floor":11},{"not_picked":["Combust","Wild Strike"],"picked":"Flame Barrier","floor":13},{"not_picked":["Shockwave","Armaments"],"picked":"Whirlwind","floor":14},{"not_picked":["Corruption","Barricade"],"picked":"Impervious","floor":16},{"not_picked":["Ghostly Armor","Dropkick"],"picked":"Iron Wave+1","floor":18},{"not_picked":["Sword Boomerang","Cleave"],"picked":"Pommel Strike","floor":21},{"not_picked":["Heavy Blade","Perfected Strike"],"picked":"Armaments+1","floor":22},{"not_picked":["Wild Strike","Pommel Strike+1","Feel No Pain+1"],"picked":"SKIP","floor":23},{"not_picked":["Iron Wave","Perfected Strike+1","Pummel"],"picked":"SKIP","floor":25},{"not_picked":["Whirlwind+1","Havoc","Cleave"],"picked":"SKIP","floor":31}],"player_experience":297681,"relics_obtained":[{"floor":6,"key":"The Courier"},{"floor":9,"key":"Blue Candle"},{"floor":13,"key":"MawBank"},{"floor":20,"key":"Red Mask"},{"floor":23,"key":"Akabeko"},{"floor":25,"key":"Champion Belt"},{"floor":26,"key":"Darkstone Periapt"},{"floor":27,"key":"Nilry\u0027s Codex"}],"event_choices":[{"cards_removed":["Strike_R"],"damage_healed":0,"gold_gain":0,"player_choice":"Offered Basic","damage_taken":0,"max_hp_gain":0,"max_hp_loss":0,"event_name":"Bonfire Elementals","floor":3,"gold_loss":0},{"damage_healed":0,"gold_gain":0,"player_choice":"Fought Bandits","damage_taken":0,"max_hp_gain":0,"max_hp_loss":0,"event_name":"Masked Bandits","floor":20,"gold_loss":0},{"damage_healed":0,"gold_gain":0,"player_choice":"Obtained Book","damage_taken":16,"max_hp_gain":0,"max_hp_loss":0,"event_name":"Cursed Tome","floor":27,"gold_loss":0},{"damage_healed":0,"gold_gain":0,"player_choice":"Became a vampire","damage_taken":0,"max_hp_gain":0,"max_hp_loss":24,"event_name":"Vampires","floor":29,"gold_loss":0,"cards_obtained":["Bite","Bite","Bite","Bite","Bite"]}],"is_beta":false,"boss_relics":[{"not_picked":["Philosopher\u0027s Stone","SlaversCollar"],"picked":"Cursed Key"}],"items_purged_floors":[19,28],"is_endless":false,"potions_floor_spawned":[1,10,11,13,14,16,23,25,31],"killed_by":"Automaton","ascension_level":9}}