{"host":"kh6fvhxn285ncg0o","time":1613946758,"event":{"mods":["Act Like it!","BaseMod","Colored Map","Friendly Minions","Keyboard Shortcuts","Minty Spire (QoL Compilation)","Quick Restart","Relic Stats","StSLib","SuperFastMode","UnlockEverythingMod"],"gold_per_floor":[14,24,24,47,47,67,67,114,139,64,64,64,64],"floor_reached":12,"language":"KOR","playtime":1378,"items_purged":[],"score":156,"play_id":"355040ff-a3bf-4690-a10f-49ba9dcf500b","local_time":"20210222073238","is_ascension_mode":true,"campfire_choices":[{"data":"Fire Breathing","floor":11,"key":"SMITH"}],"circlet_count":0,"master_deck":["AscendersBane","Strike_R","Strike_R","Strike_R","Strike_R","Defend_R","Defend_R","Defend_R","Defend_R","Bash+1","Feed","Second Wind","Fire Breathing+1","Offering"],"relics":["Burning Blood","Golden Idol","CeramicFish","Ancient Tea Set"],"acts_visited":["Exordium"],"potions_floor_usage":[12],"damage_taken":[{"damage":11,"enemies":"Jaw Worm","floor":1,"turns":6},{"damage":8,"enemies":"2 Louse","floor":2,"turns":4},{"damage":6,"enemies":"Small Slimes","floor":4,"turns":4},{"damage":15,"enemies":"3 Louse","floor":6,"turns":3},{"damage":56,"enemies":"Gremlin Nob","floor":8,"turns":5},{"damage":71,"enemies":"Lagavulin","floor":12,"turns":7}],"seed_played":"5470513278024278796","potions_obtained":[{"floor":1,"key":"FairyPotion"},{"floor":4,"key":"BloodPotion"}],"is_trial":false,"path_per_floor":["M","M","?","M","?","M","?","E","T","?","R","E"],"character_chosen":"IRONCLAD","items_purchased":[],"campfire_rested":0,"item_purchase_floors":[],"current_hp_per_floor":[66,67,67,70,70,64,69,19,19,19,19,0,0],"gold":64,"neow_bonus":"THREE_RARE_CARDS","is_daily":false,"chose_seed":false,"campfire_upgraded":1,"win_rate":0.0,"timestamp":1613946758,"path_taken":["M","M","?","M","?","M","?","E","T","?","R","E"],"items_purchased_type":[],"build_version":"2020-12-22","purchased_purges":0,"victory":false,"max_hp_per_floor":[78,81,73,76,76,79,84,84,84,84,84,84,84],"relic_stats":{"counters":[6,29],"Golden Idol":17,"CeramicFish":9,"obtain_stats":[{"Golden Idol":3,"CeramicFish":8,"Ancient Tea Set":9,"Burning Blood":0},{"Golden Idol":2,"CeramicFish":5,"Ancient Tea Set":5,"Burning Blood":0},{"Golden Idol":10,"CeramicFish":22,"Ancient Tea Set":22,"Burning Blood":0}],"Burning Blood":30},"card_choices":[{"not_picked":["Offering","Limit Break"],"picked":"Feed","floor":0},{"not_picked":["Dark Embrace","Flex"],"picked":"Second Wind","floor":4},{"not_picked":["Twin Strike","Ghostly Armor"],"picked":"Fire Breathing","floor":6},{"not_picked":["Iron Wave","Entrench"],"picked":"Offering","floor":8}],"player_experience":1491382,"relics_obtained":[{"floor":8,"key":"CeramicFish"},{"floor":9,"key":"Ancient Tea Set"}],"event_choices":[{"damage_healed":0,"gold_gain":0,"player_choice":"Lose Max HP","damage_taken":0,"relics_obtained":["Golden Idol"],"max_hp_gain":0,"max_hp_loss":8,"event_name":"Golden Idol","floor":3,"gold_loss":0},{"damage_healed":0,"gold_gain":0,"player_choice":"Grow","damage_taken":0,"max_hp_gain":0,"max_hp_loss":0,"event_name":"Living Wall","floor":5,"gold_loss":0,"cards_upgraded":["Bash"]},{"damage_healed":0,"gold_gain":0,"player_choice":"Donut","damage_taken":0,"max_hp_gain":5,"max_hp_loss":0,"event_name":"Big Fish","floor":7,"gold_loss":0},{"cards_removed":["Strike_R"],"damage_healed":0,"gold_gain":0,"player_choice":"Card Removal","damage_taken":0,"max_hp_gain":0,"max_hp_loss":0,"event_name":"The Cleric","floor":10,"gold_loss":75}],"is_beta":false,"boss_relics":[],"items_purged_floors":[],"is_endless":false,"potions_floor_spawned":[1,4],"killed_by":"Lagavulin","ascension_level":20}}