{"host":"vjwvi3nm5utkw15v","time":1613922913,"event":{"mods":["BaseMod","Custom Start","Minty Spire (QoL Compilation)","Remove Card Discount Mod","Replay The Spire","StSLib","UnlockEverythingMod","[IsaacMod]ÒÔÈö¼âËþ"],"gold_per_floor":[118,118,118,168,186,216,216,67,67,79,98,98,136,136,136,252,252,321,355,382,382,415,445,471,511,511,531,557,656,656,596,596,695,695,737,751,751,764,780,780,780,780,806,507,507,519,545,545,545,545,545,545,339,388,444],"floor_reached":56,"language":"ZHS","playtime":4646,"items_purged":["ReplayTheSpireMod:GoodbyeWorld","Dualcast","Go for the Eyes","Sunder"],"score":1131,"play_id":"d94d88dd-4613-4a59-bd1f-d7318c885e11","local_time":"20210221235513","is_ascension_mode":false,"campfire_choices":[{"data":"Beam Cell","floor":7.0,"key":"SMITH"},{"data":"Mirror Shield","floor":12.0,"key":"SMITH"},{"data":"Redo","floor":12.0,"key":"SMITH"},{"floor":15.0,"key":"DIG"},{"data":"Turbo","floor":30,"key":"SMITH"},{"data":"Steam Power","floor":30,"key":"SMITH"},{"data":"Heatsinks","floor":32,"key":"SMITH"},{"data":"Creative AI","floor":32,"key":"SMITH"},{"floor":40,"key":"RECALL"},{"data":"Fan","floor":42,"key":"SMITH"},{"data":"Buffer","floor":42,"key":"SMITH"},{"data":"EpicFetus","floor":49,"key":"SMITH"},{"data":"Crystallizer","floor":49,"key":"SMITH"},{"data":"ReplayTheSpireMod:System Scan","floor":52,"key":"SMITH"},{"data":"Consume","floor":52,"key":"SMITH"}],"circlet_count":0,"master_deck":["Beam Cell+1","ReplayTheSpireMod:System Scan+1","Reinforced Body","Barrage","Heatsinks+1","Coolheaded","Steam Power+1","FIFO Queue","Redo+1","Mirror Shield+1","Buffer+1","Meteor Strike","Creative AI+1","Conserve Battery","Turbo+1","Streamline+1","Sweeping Beam","Multi-Cast","Electrodynamics","Loop","Glacier+1","Fan+1","EpicFetus+1","Consume+1","Crystallizer+1","FIFO Queue+1","Pot Of Greed","Pot Of Greed","Pot Of Greed"],"relics":["HushsDoor","Pandora\u0027s Box","DeadEye","AnarchistCookbook","Shuriken","SalivaCoin","Replay:Ringing Soul","NineVolt","Replay:Arrowhead","Sundial","Replay:Antivirus Software","Replay:Bronze Core","BelialBook","GuppysCollar","Replay:Mystery Machine","BlankCard","ReplayTheSpireMod:DimensionalGlitch","GuppysHead","GuppysPaw","GuppysHairball","SteamSale","DeathBook","Grinning Jar","SatanicBible","Bird Faced Urn"],"acts_visited":["Exordium","TheCity","TheBeyond","TheEnding"],"potions_floor_usage":[28,28,28,47,54,54,55],"damage_taken":[{"damage":4.0,"enemies":"Jaw Worm","floor":1.0,"turns":4.0},{"damage":46.0,"enemies":"Hiden Room Battle","floor":4.0,"turns":7.0},{"damage":0.0,"enemies":"Small Slimes","floor":5.0,"turns":2.0},{"damage":0.0,"enemies":"Gremlin Nob","floor":6.0,"turns":3.0},{"damage":0.0,"enemies":"Cultist","floor":10.0,"turns":3.0},{"damage":0.0,"enemies":"Blue Slaver","floor":11.0,"turns":4.0},{"damage":3.0,"enemies":"Lagavulin","floor":13.0,"turns":6.0},{"damage":11.0,"enemies":"The Guardian","floor":16.0,"turns":6.0},{"damage":13.0,"enemies":"3 Byrds","floor":18.0,"turns":6.0},{"damage":12.0,"enemies":"Shell Parasite","floor":19.0,"turns":4.0},{"damage":5.0,"enemies":"Cultist and Chosen","floor":20.0,"turns":6.0},{"damage":15.0,"enemies":"Centurion and Healer","floor":22.0,"turns":6.0},{"damage":0.0,"enemies":"Replay:Snechameleon","floor":23.0,"turns":6.0},{"damage":2.0,"enemies":"Snake Plant","floor":24.0,"turns":2.0},{"damage":22.0,"enemies":"Cultist and Chosen","floor":25.0,"turns":5.0},{"damage":1.0,"enemies":"Centurion and Healer","floor":27.0,"turns":6.0},{"damage":3,"enemies":"Chosen and Byrds","floor":28,"turns":4},{"damage":0,"enemies":"Automaton","floor":33,"turns":4},{"damage":20,"enemies":"3 Shapes","floor":35,"turns":3},{"damage":0,"enemies":"Orb Walker","floor":36,"turns":3},{"damage":0,"enemies":"Transient","floor":38,"turns":5},{"damage":0,"enemies":"3 Darklings","floor":39,"turns":4},{"damage":0,"enemies":"Maw","floor":46,"turns":4},{"damage":10,"enemies":"Sphere and 2 Shapes","floor":47,"turns":4},{"damage":0,"enemies":"Replay:Hell Engine","floor":50,"turns":4},{"damage":10,"enemies":"Shield and Spear","floor":54,"turns":4},{"damage":49,"enemies":"LittleHush","floor":55,"turns":13}],"seed_played":"-3957626529424993434","potions_obtained":[{"floor":4.0,"key":"Milkshake"},{"floor":11.0,"key":"Energy Potion"},{"floor":13.0,"key":"PowerPotion"},{"floor":19.0,"key":"Dexterity Potion"},{"floor":20.0,"key":"GamblersBrew"},{"floor":25.0,"key":"BlessingOfTheForge"},{"floor":33,"key":"FocusPotion"},{"floor":38,"key":"SkillPotion"},{"floor":39,"key":"SkillPotion"},{"floor":47,"key":"FocusPotion"}],"is_trial":false,"path_per_floor":["M","?","?","?","M","E","R","$","T","M","M","R","E","$","R","B",null,"M","M","M","?","M","E","M","M","T","M","M","?","R","?","R","B",null,"M","M","?","M","M","R","?","R","T","$","T","M","M","?","R","B",null,"R","$","E","B",null],"character_chosen":"DEFECT","items_purchased":["NineVolt","Creative AI","BelialBook","GuppysCollar","GuppysHead","GuppysPaw","GuppysHairball","SteamSale","EpicFetus","Consume","Crystallizer","Grinning Jar","SatanicBible"],"campfire_rested":0,"item_purchase_floors":[8,17,17,17,34,34,34,44,44,44,44,53,53],"current_hp_per_floor":[71,71,68,22,22,25,25,25,25,28,31,31,31,31,31,23,66,56,47,45,45,30,33,31,12,12,14,11,11,11,11,11,14,57,37,40,40,43,46,46,46,46,46,49,49,49,42,42,42,42,72,72,75,65,43],"gold":444,"neow_bonus":"BOSS_RELIC","is_daily":false,"chose_seed":false,"campfire_upgraded":13,"win_rate":0.0,"timestamp":1613922913,"path_taken":["M","?","?","?","M","E","R","?","T","?","M","R","E","?","R","BOSS","M","M","M","?","M","E","M","M","T","?","M","?","R","?","R","BOSS","M","M","?","M","M","R","?","R","T","$","?","M","M","?","R","BOSS","R","$","E","BOSS"],"items_purchased_type":["Relic","Card","Relic","Relic","Relic","Relic","Relic","Relic","Card","Card","Card","Relic","Relic"],"build_version":"2020-12-22","purchased_purges":4,"victory":true,"max_hp_per_floor":[75,75,75,75,75,78,78,78,78,81,84,84,87,87,87,90,66,69,72,75,75,75,78,78,81,81,84,84,84,84,84,84,87,57,57,60,60,63,66,66,66,66,66,69,69,69,72,72,72,72,72,72,75,75,75],"card_choices":[{"not_picked":[],"picked":"Bomb","floor":0.0},{"not_picked":["Crystallizer","Undo"],"picked":"Coolheaded","floor":1.0},{"not_picked":["Go for the Eyes","Doom and Gloom"],"picked":"Steam Power","floor":4.0},{"not_picked":["White Noise","Redo"],"picked":"Bomb","floor":5.0},{"not_picked":["Skim","Force Field"],"picked":"FIFO Queue","floor":6.0},{"not_picked":["Sweeping Beam","ReplayGash"],"picked":"Redo","floor":10.0},{"not_picked":["Go for the Eyes","Redo"],"picked":"Mirror Shield","floor":11.0},{"not_picked":["Cold Snap","Gash"],"picked":"Buffer","floor":13.0},{"not_picked":["ReplayRNGCard","ReplayTheSpireMod:Omega Cannon"],"picked":"Meteor Strike","floor":16.0},{"not_picked":["ReplayGash+1","Redo"],"picked":"Conserve Battery","floor":18.0},{"not_picked":["Steam+1","Redo"],"picked":"Turbo","floor":19.0},{"not_picked":["Go for the Eyes","Coolheaded"],"picked":"Streamline+1","floor":20.0},{"not_picked":["Rebound","Heatsinks","Sweeping Beam"],"picked":"SKIP","floor":22.0},{"not_picked":["ReplayTheSpireMod:Reroute Power","FIFO Queue"],"picked":"Hello World","floor":23.0},{"not_picked":["Beam Cell","Streamline+1","Redo"],"picked":"SKIP","floor":24.0},{"not_picked":["BasicCrystalCard","Turbo"],"picked":"Sweeping Beam","floor":25.0},{"not_picked":["Hologram","Streamline+1"],"picked":"Multi-Cast","floor":27.0},{"not_picked":["Barrage","Go for the Eyes","Coolheaded"],"picked":"SKIP","floor":28},{"not_picked":["ElectricPowerLearning","Meteor Strike"],"picked":"Electrodynamics","floor":33},{"not_picked":["Lockon+1","Rebound+1","Coolheaded"],"picked":"SKIP","floor":35},{"not_picked":["Conserve Battery","Steam+1"],"picked":"Loop","floor":36},{"not_picked":["Barrage","Ball Lightning"],"picked":"Glacier+1","floor":38},{"not_picked":["Fusion","Stack+1"],"picked":"Fan","floor":39},{"not_picked":["Rebound","Sunder+1","Undo"],"picked":"SKIP","floor":46},{"not_picked":["Hologram+1","Panic Button+1"],"picked":"FIFO Queue+1","floor":47},{"not_picked":["Compile Driver+1","Tempest+1","Cold Snap"],"picked":"SKIP","floor":54}],"player_experience":30271,"relics_obtained":[{"floor":4.0,"key":"Shuriken"},{"floor":4.0,"key":"SalivaCoin"},{"floor":6.0,"key":"Replay:Ringing Soul"},{"floor":9.0,"key":"Replay:Arrowhead"},{"floor":13.0,"key":"Sundial"},{"floor":15.0,"key":"Replay:Antivirus Software"},{"floor":23.0,"key":"Replay:Mystery Machine"},{"floor":26.0,"key":"BlankCard"},{"floor":45,"key":"DeathBook"},{"floor":54,"key":"Bird Faced Urn"}],"event_choices":[{"damage_healed":0.0,"max_hp_gain":0.0,"max_hp_loss":0.0,"gold_gain":0.0,"event_name":"The Cleric","player_choice":"Leave","floor":2.0,"gold_loss":0.0,"damage_taken":0.0},{"damage_healed":0.0,"max_hp_gain":0.0,"max_hp_loss":0.0,"gold_gain":0.0,"event_name":"Scrap Ooze","player_choice":"Success","floor":3.0,"gold_loss":0.0,"damage_taken":3.0,"relics_obtained":["AnarchistCookbook"]},{"damage_healed":0.0,"max_hp_gain":0.0,"max_hp_loss":0.0,"gold_gain":0.0,"event_name":"HidenRoomEvent","player_choice":"Fight","floor":4.0,"gold_loss":0.0,"damage_taken":0.0},{"cards_removed":["Zap"],"damage_healed":0.0,"max_hp_gain":0.0,"max_hp_loss":0.0,"gold_gain":0.0,"event_name":"Back to Basics","player_choice":"Elegance","floor":21.0,"gold_loss":0.0,"damage_taken":0.0},{"damage_healed":0,"gold_gain":99,"player_choice":"Stole From Cult","damage_taken":0,"max_hp_gain":0,"max_hp_loss":0,"event_name":"Nest","floor":29,"gold_loss":0},{"damage_healed":0,"gold_gain":0,"player_choice":"Ignored","damage_taken":0,"max_hp_gain":0,"max_hp_loss":0,"event_name":"Tomb of Lord Red Mask","floor":41,"gold_loss":0},{"cards_removed":["Hello World"],"damage_healed":0,"gold_gain":0,"player_choice":"Removed Power","damage_taken":0,"max_hp_gain":0,"max_hp_loss":0,"event_name":"Falling","floor":48,"gold_loss":0}],"is_beta":false,"boss_relics":[{"not_picked":["Snecko Eye","Runic Dome"],"picked":"Replay:Bronze Core"},{"not_picked":[]},{"not_picked":["Black Star","Painkiller Herb"],"picked":"ReplayTheSpireMod:DimensionalGlitch"},{"not_picked":[]}],"items_purged_floors":[8,44,44,44],"is_endless":false,"potions_floor_spawned":[4,11,13,19,20,22,25,33,38,39,47],"ascension_level":0}}