{"host":"wq0pzln9h9r005f2","time":1613873239,"event":{"mods":["AchievementEnabler","BaseMod","BetterRewards","Googly Eyes","Highlight Path","Minty Spire (QoL Compilation)","Permanent Neow","Quick Restart","Rare Cards Sparkle","Relic Stats","StSLib","SuperFastMode","The IronCluck","egg"],"gold_per_floor":[109,124,75,95,109,109,138,152,152,176,248,185,185,201,201,306,306,325,325,337,337,355,381,381,397,397,397,397],"floor_reached":27,"language":"ENG","playtime":644,"items_purged":["Strike_R"],"score":237,"play_id":"8d920c9c-dba3-4a46-a8bd-1eba17a734e3","local_time":"20210220190719","is_ascension_mode":false,"campfire_choices":[{"data":"Whirlwind","floor":6,"key":"SMITH"},{"data":"Seeing Red","floor":13,"key":"SMITH"},{"data":"Bash","floor":15,"key":"SMITH"}],"circlet_count":0,"master_deck":["Strike_R","Strike_R","Strike_R","Strike_R","Defend_R","Defend_R","Defend_R","Defend_R","Bash+1","Whirlwind+1","Flex","Spot Weakness+1","Seeing Red+1","Reaper","Flex","Wild Strike+1","Shrug It Off","Pommel Strike+1"],"relics":["Black Blood","Juzu Bracelet","Shuriken","MawBank","MealTicket","Frozen Egg 2","Pear","Ginger"],"acts_visited":["Exordium","TheCity"],"potions_floor_usage":[14,16,16,16,25,27,27],"damage_taken":[{"damage":2,"enemies":"Small Slimes","floor":1,"turns":3},{"damage":6,"enemies":"Jaw Worm","floor":2,"turns":3},{"damage":0,"enemies":"2 Louse","floor":4,"turns":3},{"damage":21,"enemies":"Red Slaver","floor":5,"turns":4},{"damage":17,"enemies":"3 Sentries","floor":7,"turns":4},{"damage":13,"enemies":"Lots of Slimes","floor":8,"turns":3},{"damage":14,"enemies":"Blue Slaver","floor":10,"turns":3},{"damage":10,"enemies":"Exordium Thugs","floor":14,"turns":2},{"damage":33,"enemies":"Hexaghost","floor":16,"turns":9},{"damage":22,"enemies":"Shell Parasite","floor":18,"turns":4},{"damage":29,"enemies":"Chosen","floor":20,"turns":6},{"damage":15,"enemies":"Snecko","floor":22,"turns":4},{"damage":48,"enemies":"Gremlin Leader","floor":23,"turns":5},{"damage":40,"enemies":"Snake Plant","floor":25,"turns":5},{"damage":43,"enemies":"Slavers","floor":27,"turns":4}],"seed_played":"6462198395396675303","potions_obtained":[{"floor":5,"key":"HeartOfIron"},{"floor":7,"key":"Fire Potion"},{"floor":8,"key":"Dexterity Potion"},{"floor":10,"key":"Fire Potion"},{"floor":14,"key":"LiquidBronze"},{"floor":18,"key":"Energy Potion"},{"floor":20,"key":"Dexterity Potion"},{"floor":23,"key":"Weak Potion"}],"is_trial":false,"path_per_floor":["M","M","?","M","M","R","E","M","T","M","?","$","R","M","R","B",null,"M","?","M","?","M","E","?","M","T","E"],"character_chosen":"IRONCLAD","items_purchased":[],"campfire_rested":0,"item_purchase_floors":[],"current_hp_per_floor":[80,80,80,80,65,65,54,47,47,39,39,39,39,35,35,8,80,70,70,62,62,65,44,54,37,37,0,0],"gold":397,"neow_bonus":"RANDOM_COMMON_RELIC","is_daily":false,"chose_seed":false,"campfire_upgraded":3,"win_rate":0.0,"timestamp":1613873239,"path_taken":["M","M","?","M","M","R","E","M","T","M","?","$","R","M","R","BOSS","M","?","M","?","M","E","?","M","T","E"],"items_purchased_type":[],"build_version":"2020-12-22","purchased_purges":1,"victory":false,"max_hp_per_floor":[80,80,80,80,80,80,80,80,80,80,80,80,80,80,80,80,80,80,80,80,80,80,80,90,90,90,90,90],"relic_stats":{"counters":[15,62],"Shuriken":[4],"Black Blood":104,"MealTicket":0,"Juzu Bracelet":2,"Ginger":[1],"MawBank":36,"obtain_stats":[{"Pear":24,"Shuriken":7,"Black Blood":17,"MealTicket":19,"Juzu Bracelet":0,"Ginger":26,"Frozen Egg 2":23,"MawBank":9,"Burning Blood":0},{"Pear":13,"Shuriken":5,"Black Blood":9,"MealTicket":10,"Juzu Bracelet":0,"Ginger":14,"Frozen Egg 2":13,"MawBank":6,"Burning Blood":0},{"Pear":53,"Shuriken":17,"Black Blood":34,"MealTicket":38,"Juzu Bracelet":0,"Ginger":58,"Frozen Egg 2":53,"MawBank":20,"Burning Blood":0}]},"card_choices":[{"not_picked":["True Grit","Havoc"],"picked":"Wild Strike","floor":1},{"not_picked":["Rampage","Headbutt","Dark Embrace"],"picked":"SKIP","floor":2},{"not_picked":["Anger","Shrug It Off"],"picked":"Whirlwind","floor":4},{"not_picked":["Cleave","Intimidate"],"picked":"Flex","floor":5},{"not_picked":["Dark Embrace","Reckless Charge","Cleave"],"picked":"SKIP","floor":7},{"not_picked":["Pummel","Fiend Fire"],"picked":"Spot Weakness","floor":8},{"not_picked":["Body Slam","Iron Wave"],"picked":"Seeing Red","floor":10},{"not_picked":["Headbutt","Hemokinesis","Evolve"],"picked":"SKIP","floor":14},{"not_picked":["Exhume","Juggernaut"],"picked":"Reaper","floor":16},{"not_picked":["Ghostly Armor","Power Through","Sever Soul"],"picked":"SKIP","floor":18},{"not_picked":["Blood for Blood","True Grit+1"],"picked":"Flex","floor":20},{"not_picked":["Body Slam","True Grit"],"picked":"Wild Strike+1","floor":22},{"not_picked":["Carnage","Battle Trance"],"picked":"Shrug It Off","floor":23},{"not_picked":["Intimidate","Feel No Pain+1"],"picked":"Pommel Strike+1","floor":25}],"player_experience":12191,"relics_obtained":[{"floor":7,"key":"Shuriken"},{"floor":9,"key":"MawBank"},{"floor":23,"key":"Frozen Egg 2"},{"floor":26,"key":"Ginger"}],"event_choices":[{"damage_healed":0,"gold_gain":0,"player_choice":"Left Gold","damage_taken":0,"max_hp_gain":0,"max_hp_loss":0,"event_name":"World of Goop","floor":3,"gold_loss":49},{"damage_healed":0,"gold_gain":60,"player_choice":"Gained Gold","damage_taken":0,"max_hp_gain":0,"max_hp_loss":0,"event_name":"Golden Wing","floor":11,"gold_loss":0},{"cards_removed":["Wild Strike"],"damage_healed":0,"gold_gain":0,"player_choice":"Gave Card","damage_taken":0,"relics_obtained":["MealTicket"],"max_hp_gain":0,"max_hp_loss":0,"event_name":"WeMeetAgain","floor":19,"gold_loss":0},{"damage_healed":0,"gold_gain":0,"player_choice":"Upgraded","damage_taken":0,"max_hp_gain":0,"max_hp_loss":0,"event_name":"Upgrade Shrine","floor":21,"gold_loss":0,"cards_upgraded":["Spot Weakness"]},{"damage_healed":0,"gold_gain":0,"player_choice":"Opened","damage_taken":0,"relics_obtained":["Pear"],"max_hp_gain":0,"max_hp_loss":0,"event_name":"The Mausoleum","floor":24,"gold_loss":0}],"is_beta":false,"boss_relics":[{"not_picked":["Empty Cage","Calling Bell"],"picked":"Black Blood"}],"items_purged_floors":[12],"is_endless":false,"potions_floor_spawned":[5,7,8,10,14,18,20,23],"killed_by":"Slavers","ascension_level":0}}