{"host":"g200jza2br9hmesm","time":1613894793,"event":{"mods":["AchievementEnabler","BaseMod","Colored Map","Downfall","Minty Spire (QoL Compilation)","Quick Restart","Relic Stats","StSLib"],"gold_per_floor":[115,115,190,115,136,136,159,177,177,29,73,73,107,131,131,251,251,269,283,283,309,309,344,344,382,407,263,263,362,10,24,24,152,215,235,235,235,568,443,443,475,475,475,486,14,14,64,82,82,82,82],"floor_reached":50,"language":"ENG","playtime":2922,"items_purged":["Injury","Strike_P+1","Defend_P+1"],"score":605,"play_id":"ebb1cb70-b895-40d6-a55e-0811fea6a676","local_time":"20210221030633","is_ascension_mode":true,"campfire_choices":[{"data":"CutThroughFate","floor":6,"key":"SMITH"},{"data":"Eruption","floor":12,"key":"SMITH"},{"floor":15,"key":"REST"},{"floor":32,"key":"REST"},{"data":"BattleHymn","floor":40,"key":"SMITH"},{"data":"MasterReality","floor":42,"key":"SMITH"},{"floor":46,"key":"REST"},{"floor":49,"key":"DIG"}],"circlet_count":0,"master_deck":["Strike_P+1","Strike_P+1","Strike_P+1","Defend_P+1","Defend_P+1","Defend_P+1","Eruption+1","Vigilance+1","ThirdEye","CutThroughFate+1","BattleHymn+1","Consecrate","EmptyFist","Vault+1","TalkToTheHand+1","MasterReality+1","Wish+1","Panache+1"],"relics":["HolyWater","Regal Pillow","Toxic Egg 2","Vajra","Gremlin Horn","Odd Mushroom","Omamori","Tiny Chest","Orichalcum","Juzu Bracelet","Oddly Smooth Stone","Lantern","Tiny House","Dead Branch","Shuriken","Sundial","Membership Card","MealTicket","Frozen Egg 2","Shovel","Pen Nib"],"acts_visited":["Exordium","TheCity","TheBeyond"],"potions_floor_usage":[16,25,25,30,50,50],"damage_taken":[{"damage":0,"enemies":"Small Slimes","floor":1,"turns":4},{"damage":6,"enemies":"Jaw Worm","floor":5,"turns":5},{"damage":0,"enemies":"2 Louse","floor":7,"turns":2},{"damage":4,"enemies":"2 Fungi Beasts","floor":8,"turns":3},{"damage":32,"enemies":"Gremlin Nob","floor":11,"turns":3},{"damage":2,"enemies":"The Mushroom Lair","floor":13,"turns":3},{"damage":2,"enemies":"Exordium Thugs","floor":14,"turns":4},{"damage":11,"enemies":"The Guardian","floor":16,"turns":7},{"damage":7,"enemies":"3 Byrds","floor":18,"turns":4},{"damage":2,"enemies":"Shell Parasite","floor":19,"turns":3},{"damage":16,"enemies":"Gremlin Leader","floor":23,"turns":4},{"damage":16,"enemies":"Slavers","floor":25,"turns":5},{"damage":40,"enemies":"Snecko","floor":31,"turns":4},{"damage":14,"enemies":"Collector","floor":33,"turns":9},{"damage":15,"enemies":"3 Darklings","floor":35,"turns":4},{"damage":0,"enemies":"Giant Head","floor":41,"turns":7},{"damage":24,"enemies":"3 Shapes","floor":44,"turns":4},{"damage":3,"enemies":"Mind Bloom Boss Battle","floor":47,"turns":4},{"damage":0,"enemies":"Maw","floor":48,"turns":7},{"damage":83,"enemies":"Awakened One","floor":50,"turns":4}],"seed_played":"-8726958393946294279","potions_obtained":[{"floor":7,"key":"FearPotion"},{"floor":16,"key":"Regen Potion"},{"floor":23,"key":"hexamod:SoulburnPotion"},{"floor":33,"key":"SteroidPotion"},{"floor":34,"key":"SneckoOil"},{"floor":44,"key":"hexamod:SoulburnPotion"}],"is_trial":false,"path_per_floor":["M","?","?","$","M","R","M","M","T","$","E","R","?","M","R","B",null,"M","M","?","T","?","E","?","E","T","$","$","?","$","M","R","B",null,"M","T","?","?","$","R","E","R","T","M","$","R","?","M","R","B"],"character_chosen":"WATCHER","items_purchased":["Vajra","Oddly Smooth Stone","Lantern","Fruit Juice","Membership Card","MealTicket","Frozen Egg 2","hexamod:SoulburnPotion","Panache+1"],"campfire_rested":3,"item_purchase_floors":[10,27,30,30,45,45,45,45,45],"current_hp_per_floor":[72,72,61,61,55,55,55,51,51,51,19,19,17,15,51,40,72,65,63,63,63,63,47,47,43,43,43,43,43,48,8,46,32,82,67,67,67,67,67,67,67,67,67,43,43,82,79,79,79,0,0],"gold":82,"neow_bonus":"RANDOM_COMMON_RELIC","is_daily":false,"chose_seed":false,"campfire_upgraded":4,"win_rate":0.0,"timestamp":1613894793,"path_taken":["M","?","?","?","M","R","M","M","T","$","E","R","?","M","R","BOSS","M","M","?","?","?","E","?","E","T","?","$","?","$","M","R","BOSS","M","?","?","?","$","R","E","R","T","M","$","R","?","M","R","BOSS"],"items_purchased_type":["Relic","Relic","Relic","Potion","Relic","Relic","Relic","Potion","Card"],"build_version":"2020-12-22","purchased_purges":3,"victory":false,"max_hp_per_floor":[72,72,72,72,72,72,72,72,72,72,72,72,72,72,72,72,72,72,72,72,72,72,72,72,72,72,72,72,72,77,77,77,77,82,82,82,82,82,82,82,82,82,82,82,82,82,82,82,82,82,82],"relic_stats":{"Regal Pillow":45,"Gremlin Horn":[17,17],"counters":[20,90],"Dead Branch":[60],"Pen Nib":[0],"Juzu Bracelet":2,"Orichalcum":[90],"Shovel":1,"Shuriken":[5],"Sundial":[2],"Tiny Chest":1,"MealTicket":0,"obtain_stats":[{"Regal Pillow":0,"Lantern":30,"Tiny House":34,"Gremlin Horn":11,"Golden Idol":2,"Dead Branch":36,"Vajra":10,"Oddly Smooth Stone":27,"Pen Nib":49,"Omamori":21,"Juzu Bracelet":26,"Odd Mushroom":13,"Orichalcum":25,"Frozen Egg 2":45,"Shovel":47,"Shuriken":41,"Sundial":43,"HolyWater":17,"Tiny Chest":23,"MealTicket":45,"Membership Card":45,"PureWater":0,"Toxic Egg 2":9},{"Regal Pillow":0,"Lantern":12,"Tiny House":14,"Gremlin Horn":5,"Golden Idol":1,"Dead Branch":15,"Vajra":4,"Oddly Smooth Stone":12,"Pen Nib":19,"Omamori":10,"Juzu Bracelet":12,"Odd Mushroom":6,"Orichalcum":12,"Frozen Egg 2":17,"Shovel":18,"Shuriken":16,"Sundial":16,"HolyWater":8,"Tiny Chest":11,"MealTicket":17,"Membership Card":17,"PureWater":0,"Toxic Egg 2":4},{"Regal Pillow":0,"Lantern":47,"Tiny House":60,"Gremlin Horn":17,"Golden Idol":4,"Dead Branch":64,"Vajra":14,"Oddly Smooth Stone":47,"Pen Nib":86,"Omamori":38,"Juzu Bracelet":47,"Odd Mushroom":20,"Orichalcum":47,"Frozen Egg 2":75,"Shovel":79,"Shuriken":71,"Sundial":71,"HolyWater":31,"Tiny Chest":42,"MealTicket":75,"Membership Card":75,"PureWater":0,"Toxic Egg 2":14}]},"card_choices":[{"not_picked":["Prostrate","EmptyFist"],"picked":"ThirdEye","floor":1},{"not_picked":["Protect","Evaluate"],"picked":"CutThroughFate","floor":5},{"not_picked":["BowlingBash","Evaluate"],"picked":"BattleHymn","floor":7},{"not_picked":["Judgement","Crescendo"],"picked":"Consecrate","floor":8},{"not_picked":["ConjureBlade+1","FlyingSleeves"],"picked":"EmptyFist","floor":11},{"not_picked":["Adaptation","BowlingBash","Pray+1"],"picked":"SKIP","floor":14},{"not_picked":["Scrawl+1","Judgement+1"],"picked":"Vault+1","floor":16},{"not_picked":["EmptyFist+1","Prostrate+1"],"picked":"TalkToTheHand+1","floor":18},{"not_picked":["Protect+1","Prostrate+1","ForeignInfluence+1"],"picked":"SKIP","floor":19},{"not_picked":["InnerPeace+1","Halt+1","WreathOfFlame+1"],"picked":"SKIP","floor":23},{"not_picked":["TalkToTheHand","LikeWater+1"],"picked":"MasterReality","floor":25},{"not_picked":["FlyingSleeves","Halt+1","Consecrate"],"picked":"SKIP","floor":31},{"not_picked":["Alpha+1","Vault+1"],"picked":"Wish+1","floor":33},{"not_picked":["Sanctity+1","BowlingBash+1","WreathOfFlame+1"],"picked":"SKIP","floor":35},{"not_picked":["Tantrum","Perseverance+1","Fasting2"],"picked":"SKIP","floor":41},{"not_picked":["CrushJoints","PathToVictory+1","BowlingBash+1"],"picked":"SKIP","floor":44},{"not_picked":["FlurryOfBlows+1","CrushJoints","BowlingBash"],"picked":"SKIP","floor":48}],"player_experience":330112,"relics_obtained":[{"floor":9,"key":"Toxic Egg 2"},{"floor":11,"key":"Gremlin Horn"},{"floor":13,"key":"Odd Mushroom"},{"floor":21,"key":"Omamori"},{"floor":23,"key":"Tiny Chest"},{"floor":25,"key":"Orichalcum"},{"floor":26,"key":"Juzu Bracelet"},{"floor":36,"key":"Dead Branch"},{"floor":41,"key":"Shuriken"},{"floor":43,"key":"Sundial"},{"floor":47,"key":"Shovel"},{"floor":49,"key":"Pen Nib"}],"event_choices":[{"damage_healed":0,"gold_gain":0,"player_choice":"Take Wound","damage_taken":0,"relics_obtained":["Golden Idol"],"max_hp_gain":0,"max_hp_loss":0,"event_name":"Golden Idol","floor":2,"gold_loss":0,"cards_obtained":["Injury"]},{"damage_healed":0,"gold_gain":75,"player_choice":"Gather Gold","damage_taken":11,"max_hp_gain":0,"max_hp_loss":0,"event_name":"World of Goop","floor":3,"gold_loss":0},{"damage_healed":0,"gold_gain":0,"player_choice":"Fought Mushrooms","damage_taken":0,"max_hp_gain":0,"max_hp_loss":0,"event_name":"Mushrooms","floor":13,"gold_loss":0},{"damage_healed":0,"gold_gain":0,"player_choice":"Ignored","damage_taken":0,"max_hp_gain":0,"max_hp_loss":0,"event_name":"Ghosts","floor":22,"gold_loss":0},{"damage_healed":0,"gold_gain":0,"player_choice":"Simplicity","damage_taken":0,"max_hp_gain":0,"max_hp_loss":0,"event_name":"Back to Basics","floor":24,"gold_loss":0,"cards_upgraded":["Strike_P","Strike_P","Strike_P","Strike_P","Defend_P","Defend_P","Defend_P","Defend_P"]},{"damage_healed":0,"gold_gain":99,"player_choice":"Stole From Cult","damage_taken":0,"max_hp_gain":0,"max_hp_loss":0,"event_name":"Nest","floor":29,"gold_loss":0},{"damage_healed":0,"gold_gain":0,"player_choice":"Ignored","damage_taken":0,"max_hp_gain":0,"max_hp_loss":0,"event_name":"Tomb of Lord Red Mask","floor":37,"gold_loss":0},{"damage_healed":0,"gold_gain":333,"player_choice":"Gave Idol","damage_taken":0,"max_hp_gain":0,"max_hp_loss":0,"event_name":"The Moai Head","floor":38,"relics_lost":["Golden Idol"],"gold_loss":0},{"damage_healed":0,"gold_gain":0,"player_choice":"Fight","damage_taken":0,"max_hp_gain":0,"max_hp_loss":0,"event_name":"MindBloom","floor":47,"gold_loss":0}],"is_beta":false,"boss_relics":[{"not_picked":["SacredBark","Busted Crown"],"picked":"HolyWater"},{"not_picked":["VioletLotus","Astrolabe"],"picked":"Tiny House"}],"items_purged_floors":[4,30,39],"is_endless":false,"potions_floor_spawned":[7,16,23,33,44,47,48],"killed_by":"Awakened One","ascension_level":2}}