{"host":"dmtlrev5pkc1867p","time":1613928209,"event":{"mods":["AchievementEnabler","BaseMod","Colored Map","Colored Powertips","Custom Start","Downfall","Hermit","Highlight Path","Hubris","Infinite Spire","Marisa¡]Ãú«B¡@Å]²z¨F¡^","Minty Spire (QoL Compilation)","Permanent Neow","Quick Restart","Rare Cards Sparkle","Relic Sorter","Relic Stats","Replay The Spire","Shop Mod","StSLib","SuperFastMode","The Construct","The Cursed","The Mystic","The Necromancer","The Poker Player","The Runesmith","The Servant 0.9.4"],"gold_per_floor":[110,123,55,67,87,115,115,115,115,115,129,147,200,218,218,314,314,333,48,48,68,0,34,34,65,65,79,98,98,128,43,43,148,148],"floor_reached":33,"language":"ZHS","playtime":1067,"items_purged":[],"score":640,"play_id":"3e89faac-a1b4-4990-a8af-7fc9ceb224bb","local_time":"20210222012329","is_ascension_mode":true,"campfire_choices":[{"floor":7.0,"key":"REST"},{"floor":15.0,"key":"RECALL"},{"floor":24.0,"key":"REST"},{"floor":29.0,"key":"REST"},{"floor":32.0,"key":"REST"}],"circlet_count":0,"master_deck":["Strike_R","Strike_R","Strike_R","Strike_R","Strike_R","Defend_R","Defend_R","Defend_R","Defend_R","Bash","Pummel","Cleave","Inflame","Cleave","Battle Trance","Body Slam","Impervious","Disarm","Shrug It Off","Demon Form","Blood for Blood","Pummel","Reaper","Clothesline","Armaments","Iron Wave+1","Pummel","Regret","Uppercut+1","Armaments+1","Rampage","Headbutt","Body Slam"],"relics":["Burning Blood","NeowsBlessing","PreservedInsect","Eternal Feather","Replay:Grab Bag","Philosopher\u0027s Stone","Cursed Key","hubris:Backtick","Replay:Ringing Soul","Thread and Needle","hubris:FunFungus","Dream Catcher","hubris:SphereOfDissonance","Pen Nib","infinitespire:Lucky Rock"],"acts_visited":["Exordium","TheCity"],"potions_floor_usage":[],"damage_taken":[{"damage":0.0,"enemies":"Jaw Worm","floor":1.0,"turns":1.0},{"damage":0.0,"enemies":"2 Louse","floor":2.0,"turns":1.0},{"damage":0.0,"enemies":"Small Slimes","floor":4.0,"turns":1.0},{"damage":16.0,"enemies":"2 Fungi Beasts","floor":5.0,"turns":3.0},{"damage":45.0,"enemies":"3 Sentries","floor":6.0,"turns":5.0},{"damage":6.0,"enemies":"3 Louse","floor":11.0,"turns":3.0},{"damage":7.0,"enemies":"Exordium Wildlife","floor":12.0,"turns":3.0},{"damage":11.0,"enemies":"Blue Slaver","floor":14.0,"turns":3.0},{"damage":32.0,"enemies":"The Guardian","floor":16.0,"turns":9.0},{"damage":33.0,"enemies":"3 Byrds","floor":18.0,"turns":5.0},{"damage":18.0,"enemies":"Spheric Guardian","floor":21.0,"turns":4.0},{"damage":56.0,"enemies":"Nightmare","floor":23.0,"turns":8.0},{"damage":45.0,"enemies":"Book of Stabbing","floor":25.0,"turns":6.0},{"damage":11.0,"enemies":"Snake Plant","floor":27.0,"turns":5.0},{"damage":17.0,"enemies":"Chosen and Byrds","floor":28.0,"turns":5.0},{"damage":4.0,"enemies":"Replay:Snechameleon","floor":30.0,"turns":6.0},{"damage":76.0,"enemies":"Collector","floor":33.0,"turns":7.0}],"seed_played":"7504217661556475203","potions_obtained":[{"floor":4.0,"key":"DistilledChaos"},{"floor":6.0,"key":"DuplicationPotion"},{"floor":16.0,"key":"SmokeBomb"},{"floor":25.0,"key":"Fruit Juice"},{"floor":28.0,"key":"FairyPotion"},{"floor":30.0,"key":"ElixirPotion"}],"is_trial":false,"path_per_floor":["M","M","$","M","M","E","R","$","T","?","M","M","?","M","R","B",null,"M","$","?","M","?","NM","R","E","T","M","M","R","E","?","R","B"],"character_chosen":"IRONCLAD","items_purchased":["Inflame","Thread and Needle"],"campfire_rested":4,"item_purchase_floors":[3,19],"current_hp_per_floor":[78,80,80,80,70,31,55,55,55,55,55,54,54,49,61,35,69,57,57,57,48,48,15,56,29,32,30,23,75,87,87,115,75,75],"gold":148,"neow_bonus":"THREE_ENEMY_KILL","is_daily":false,"chose_seed":false,"campfire_upgraded":0,"win_rate":0.0,"timestamp":1613928209,"path_taken":["M","M","$","M","M","E","R","$","T","?","M","M","?","M","R","BOSS","M","$","?","M","?","NM","R","E","T","M","M","R","E","?","R","BOSS","BOSS"],"items_purchased_type":["Card","Relic"],"build_version":"2020-12-22","purchased_purges":0,"victory":false,"max_hp_per_floor":[80,80,80,80,80,80,80,80,80,80,80,80,80,80,80,80,80,83,83,83,86,86,89,89,97,100,103,106,109,112,112,115,115,115],"relic_stats":{"Dream Catcher":2,"counters":[17,75],"Eternal Feather":63,"PreservedInsect":142,"Pen Nib":[1],"Cursed Key":1,"obtain_stats":[{"NeowsBlessing":0,"Replay:Grab Bag":17,"hubris:SphereOfDissonance":26,"Eternal Feather":13,"Thread and Needle":19,"PreservedInsect":6,"Pen Nib":30,"infinitespire:Lucky Rock":31,"Cursed Key":17,"Burning Blood":0,"Replay:Ringing Soul":17,"Dream Catcher":25,"hubris:Backtick":17,"Philosopher\u0027s Stone":17,"hubris:FunFungus":23},{"NeowsBlessing":0,"Replay:Grab Bag":9,"hubris:SphereOfDissonance":13,"Eternal Feather":7,"Thread and Needle":10,"PreservedInsect":5,"Pen Nib":16,"infinitespire:Lucky Rock":16,"Cursed Key":9,"Burning Blood":0,"Replay:Ringing Soul":9,"Dream Catcher":13,"hubris:Backtick":9,"Philosopher\u0027s Stone":9,"hubris:FunFungus":12},{"NeowsBlessing":0,"Replay:Grab Bag":29,"hubris:SphereOfDissonance":52,"Eternal Feather":17,"Thread and Needle":34,"PreservedInsect":11,"Pen Nib":68,"infinitespire:Lucky Rock":68,"Cursed Key":29,"Burning Blood":0,"Replay:Ringing Soul":29,"Dream Catcher":52,"hubris:Backtick":29,"Philosopher\u0027s Stone":29,"hubris:FunFungus":46}],"Burning Blood":92},"card_choices":[{"not_picked":["Thunderclap","hubris:ReadiedAction"],"picked":"Pummel","floor":1.0},{"not_picked":["ReplayTheSpireMod:Strike From Hell","True Grit"],"picked":"Cleave","floor":2.0},{"not_picked":["Havoc","Shrug It Off"],"picked":"Cleave","floor":4.0},{"not_picked":["Rupture","Sword Boomerang"],"picked":"Battle Trance","floor":5.0},{"not_picked":["infinitespire:OneForAll","hubris:SharpeningStone"],"picked":"Body Slam","floor":6.0},{"not_picked":["Body Slam","Defy Death"],"picked":"Disarm","floor":11.0},{"not_picked":["Perfected Strike","True Grit"],"picked":"Shrug It Off","floor":12.0},{"not_picked":["Hemokinesis","Whirlwind"],"picked":"Demon Form","floor":13.0},{"not_picked":["hubris:CleavingFinish","Flex"],"picked":"Blood for Blood","floor":13.0},{"not_picked":["Sword Boomerang","ReplayTheSpireMod:Strike From Hell"],"picked":"Pummel","floor":14.0},{"not_picked":["Bludgeon","Barricade"],"picked":"Reaper","floor":16.0},{"not_picked":["True Grit","Defy Death"],"picked":"Clothesline","floor":18.0},{"not_picked":["Clash+1","Body Slam"],"picked":"Armaments","floor":21.0},{"not_picked":["Pummel","Combust"],"picked":"Iron Wave+1","floor":23.0},{"not_picked":["Massacre","Havoc"],"picked":"Pummel","floor":25.0},{"not_picked":["Clash+1","Body Slam"],"picked":"Uppercut+1","floor":27.0},{"not_picked":["hubris:StunningStrike","Replay:Undeath\u0027s Touch"],"picked":"Armaments+1","floor":28.0},{"not_picked":["Thunderclap+1","Replay:Undeath\u0027s Touch"],"picked":"Rampage","floor":29.0},{"not_picked":["Power Through","ReplayTheSpireMod:Strike From Hell"],"picked":"Headbutt","floor":30.0},{"not_picked":["Wild Strike","hubris:ReadiedAction"],"picked":"Body Slam","floor":32.0}],"player_experience":758300,"relics_obtained":[{"floor":6.0,"key":"PreservedInsect"},{"floor":13.0,"key":"Eternal Feather"},{"floor":23.0,"key":"hubris:FunFungus"},{"floor":25.0,"key":"Dream Catcher"},{"floor":26.0,"key":"hubris:SphereOfDissonance"},{"floor":30.0,"key":"Pen Nib"}],"event_choices":[{"damage_healed":0.0,"max_hp_gain":0.0,"max_hp_loss":0.0,"gold_gain":0.0,"event_name":"Masked Bandits","player_choice":"Paid Fearfully","floor":22.0,"gold_loss":68.0,"damage_taken":0.0},{"damage_healed":0.0,"max_hp_gain":0.0,"max_hp_loss":0.0,"gold_gain":0.0,"event_name":"Addict","player_choice":"Obtained Relic","floor":31.0,"gold_loss":85.0,"damage_taken":0.0,"relics_obtained":["infinitespire:Lucky Rock"]}],"is_beta":false,"boss_relics":[{"not_picked":["hubris:Stopwatch","SacredBark"],"picked":"Replay:Grab Bag"},{"not_picked":["ChewingGum","Busted Crown"],"picked":"Philosopher\u0027s Stone"},{"not_picked":["infinitespire:Cupcake","Runic Dome"],"picked":"Cursed Key"},{"not_picked":["construct:ClawGrip","Kintsugi"],"picked":"hubris:Backtick"}],"items_purged_floors":[],"is_endless":false,"potions_floor_spawned":[4,6,16,25,28,30],"killed_by":"Collector","ascension_level":9}}