{"host":"y080dcqw8fj32q7d","time":1613935388,"event":{"mods":["AchievementEnabler","BaseMod","Colored Map","Colored Powertips","DeckTracker","Minty Spire (QoL Compilation)","Relic Sorter"],"gold_per_floor":[109,109,125,300,318,318,351,351,397,427,427,446,462,306,306,306,306],"floor_reached":16,"language":"ENG","playtime":464,"items_purged":["Normality"],"score":116,"play_id":"35f6276c-0649-4a55-9d2b-b9f0223b0ee4","local_time":"20210221222308","is_ascension_mode":true,"campfire_choices":[{"data":"Immolate","floor":6,"key":"SMITH"},{"floor":11,"key":"RECALL"},{"data":"Bludgeon","floor":15,"key":"SMITH"}],"circlet_count":0,"master_deck":["Strike_R","Strike_R","Strike_R","Strike_R","Strike_R","Defend_R","Defend_R","Defend_R","Defend_R","Bash","Immolate+1","Regret","Doubt","Bludgeon+1","Ghostly Armor","Ghostly Armor"],"relics":["Burning Blood","Strawberry","Potion Belt","Blood Vial","Bronze Scales","Calipers"],"acts_visited":["Exordium"],"potions_floor_usage":[16,16,16],"damage_taken":[{"damage":6,"enemies":"Jaw Worm","floor":1,"turns":3},{"damage":0,"enemies":"2 Louse","floor":3,"turns":2},{"damage":7,"enemies":"Small Slimes","floor":5,"turns":2},{"damage":17,"enemies":"3 Sentries","floor":7,"turns":5},{"damage":29,"enemies":"Gremlin Nob","floor":10,"turns":4},{"damage":1,"enemies":"2 Fungi Beasts","floor":12,"turns":2},{"damage":0,"enemies":"3 Louse","floor":13,"turns":1},{"damage":59,"enemies":"Hexaghost","floor":16,"turns":8}],"seed_played":"-5127662030113510263","potions_obtained":[{"floor":5,"key":"Dexterity Potion"},{"floor":7,"key":"SteroidPotion"},{"floor":12,"key":"SpeedPotion"}],"is_trial":false,"path_per_floor":["M","?","M","?","M","R","E","?","T","E","R","M","M","$","R","B"],"character_chosen":"IRONCLAD","items_purchased":["Ghostly Armor"],"campfire_rested":0,"item_purchase_floors":[14],"current_hp_per_floor":[80,87,87,87,86,86,75,63,63,42,42,49,57,57,57,0,0],"gold":306,"neow_bonus":"THREE_RARE_CARDS","is_daily":false,"chose_seed":false,"campfire_upgraded":2,"win_rate":0.0,"timestamp":1613935388,"path_taken":["M","?","M","?","M","R","E","?","T","E","R","M","M","$","R","BOSS"],"items_purchased_type":["Card"],"build_version":"2020-12-22","purchased_purges":1,"victory":false,"max_hp_per_floor":[80,87,87,87,87,87,87,87,87,87,87,87,87,87,87,87,87],"card_choices":[{"not_picked":["Feed","Bludgeon"],"picked":"Immolate","floor":0},{"not_picked":["Warcry","Battle Trance","Sentinel"],"picked":"SKIP","floor":1},{"not_picked":["Disarm","Body Slam","Thunderclap"],"picked":"SKIP","floor":3},{"not_picked":["Clash","Dark Embrace","True Grit"],"picked":"SKIP","floor":5},{"not_picked":["Shockwave","Clothesline"],"picked":"Bludgeon","floor":7},{"not_picked":["Warcry","Inflame","True Grit"],"picked":"SKIP","floor":10},{"not_picked":["Carnage","Warcry","Wild Strike"],"picked":"SKIP","floor":12},{"not_picked":["Clash","Flex"],"picked":"Ghostly Armor","floor":13}],"player_experience":364911,"relics_obtained":[{"floor":7,"key":"Potion Belt"},{"floor":9,"key":"Bronze Scales"},{"floor":10,"key":"Calipers"}],"event_choices":[{"damage_healed":0,"gold_gain":0,"player_choice":"Box","damage_taken":0,"relics_obtained":["Strawberry"],"max_hp_gain":0,"max_hp_loss":0,"event_name":"Big Fish","floor":2,"gold_loss":0,"cards_obtained":["Regret"]},{"damage_healed":0,"gold_gain":175,"player_choice":"AGREE","damage_taken":0,"max_hp_gain":0,"max_hp_loss":0,"event_name":"Liars Game","floor":4,"gold_loss":0,"cards_obtained":["Doubt"]},{"damage_healed":0,"gold_gain":0,"player_choice":"Success","damage_taken":12,"relics_obtained":["Blood Vial"],"max_hp_gain":0,"max_hp_loss":0,"event_name":"Scrap Ooze","floor":8,"gold_loss":0}],"is_beta":false,"boss_relics":[],"items_purged_floors":[14],"is_endless":false,"potions_floor_spawned":[5,7,12],"killed_by":"Hexaghost","ascension_level":1}}