{"host":"684z1xpuwaoqmmh1","time":1613904886,"event":{"mods":["BaseMod","CatGirl Mod","Downfall","Hermit","Jorbs\u0027s Wanderer Trilogy","Marisa????????","Minty Spire (QoL Compilation)","Robot Space Explorer","Shade Mod","Shapeshifter Mod","StSLib","The Bug Knight","The Clintock","The Dragon Tamer","The Elementalist","The Hayseed","The Hierophant","The Marked","The Mystic","The Poker Player","The Runesmith","The Sage","The Saiyan","The Showman","The Spell Scribe","The Valiant","The Vixen","TheBandit","TheFirefly","TheVacant"],"gold_per_floor":[115,129,129,145,133,164,174,174,247,247,322,322,363,379,379,510,510,495,495,89,109,109,145,169,72,72,85,103,147,147,171,171,294,294,315,315,315,329,349,349,349],"floor_reached":40,"language":"ENG","playtime":2856,"items_purged":["StSShapeShifter:ShapeShifter_Defend"],"score":465,"play_id":"3480b8a7-39df-481a-b2c3-1c116b722baa","local_time":"20210221125446","is_ascension_mode":false,"campfire_choices":[{"data":"StSShapeShifter:DeepWound","floor":8,"key":"SMITH"},{"data":"StSShapeShifter:Tortoise_Form","floor":10,"key":"SMITH"},{"data":"StSShapeShifter:WolfForm","floor":15,"key":"SMITH"},{"data":"StSShapeShifter:Evolution","floor":30,"key":"SMITH"},{"data":"StSShapeShifter:Pounce","floor":32,"key":"SMITH"}],"circlet_count":0,"master_deck":["StSShapeShifter:ShapeShifter_Defend","StSShapeShifter:ShapeShifter_Defend","StSShapeShifter:ShapeShifter_Defend","StSShapeShifter:ShapeShifter_Defend","StSShapeShifter:OwlForm+1","StSShapeShifter:BladeOfGrass","StSShapeShifter:PantherForm","StSShapeShifter:DeepWound+1","StSShapeShifter:EagleForm","StSShapeShifter:WolfForm+1","StSShapeShifter:BurstingSpore","StSShapeShifter:WolfsBane","StSShapeShifter:SquirrelForm","Bite","Bite","Bite","Bite","Bite","StSShapeShifter:StormGryphonForm","StSShapeShifter:ThornedSkin","StSShapeShifter:VineHandcuffs","StSShapeShifter:BarkSkin","StSShapeShifter:Evolution+1","StSShapeShifter:ClimbTree+1","StSShapeShifter:Pounce+1","StSShapeShifter:PhoenixForm+1","StSShapeShifter:Guard+1","The Bomb+1","StSShapeShifter:ShiftingStrike+1","StSShapeShifter:Efflorescence+1"],"relics":["StSShapeShifter:AnimalHeart","StSShapeShifter:TheShapeShiftersMagnolia","Omamori","Shuriken","Golden Idol","FossilizedHelix","StSShapeShifter:LemurHeaddress","Mercury Hourglass","Guardian:PocketSentry","Darkstone Periapt","Toxic Egg 2","SacredBark"],"acts_visited":["Exordium","TheCity","TheBeyond"],"potions_floor_usage":[6,13,24,31],"damage_taken":[{"damage":0,"enemies":"Jaw Worm","floor":1,"turns":5},{"damage":0,"enemies":"2 Louse","floor":2,"turns":3},{"damage":0,"enemies":"Small Slimes","floor":4,"turns":2},{"damage":0,"enemies":"Exordium Thugs","floor":5,"turns":4},{"damage":35,"enemies":"3 Sentries","floor":6,"turns":9},{"damage":1,"enemies":"2 Fungi Beasts","floor":7,"turns":3},{"damage":16,"enemies":"Gremlin Nob","floor":13,"turns":3},{"damage":0,"enemies":"Exordium Wildlife","floor":14,"turns":3},{"damage":43,"enemies":"Hexaghost","floor":16,"turns":11},{"damage":0,"enemies":"2 Thieves","floor":18,"turns":4},{"damage":0,"enemies":"Cultist and Chosen","floor":21,"turns":5},{"damage":7,"enemies":"HollowMod:Nosk","floor":23,"turns":6},{"damage":20,"enemies":"Snake Plant","floor":24,"turns":3},{"damage":0,"enemies":"Centurion and Healer","floor":27,"turns":4},{"damage":7,"enemies":"Sentry and Sphere","floor":28,"turns":4},{"damage":15,"enemies":"Slavers","floor":29,"turns":4},{"damage":10,"enemies":"Snake Plant","floor":31,"turns":4},{"damage":85,"enemies":"Collector","floor":33,"turns":12},{"damage":19,"enemies":"3 Darklings","floor":35,"turns":6},{"damage":15,"enemies":"Orb Walker","floor":38,"turns":4},{"damage":19,"enemies":"Writhing Mass","floor":39,"turns":6},{"damage":52,"enemies":"Giant Head","floor":40,"turns":7}],"seed_played":"-7977594639082422244","potions_obtained":[{"floor":1,"key":"PowerPotion"},{"floor":2,"key":"FearPotion"},{"floor":14,"key":"FairyPotion"},{"floor":23,"key":"AttackPotion"},{"floor":24,"key":"Weak Potion"},{"floor":29,"key":"LiquidBronze"},{"floor":33,"key":"bronze:BurnAndBuffPotion"},{"floor":38,"key":"SmokeBomb"}],"is_trial":false,"path_per_floor":["M","M","?","M","M","E","M","R","T","R","?","?","E","M","R","B",null,"M","?","$","M","?","E","M","$","T","M","M","E","R","M","R","B",null,"M","?","?","M","M","E"],"character_chosen":"SHAPESHIFTER","items_purchased":["Mercury Hourglass","Guardian:PocketSentry","StSShapeShifter:BarkSkin"],"campfire_rested":0,"item_purchase_floors":[20,20,25],"current_hp_per_floor":[85,85,85,85,85,50,49,49,49,49,38,38,22,22,22,6,85,85,59,59,59,54,54,40,40,40,59,56,49,49,43,43,15,59,50,50,50,47,38,0,0],"gold":349,"neow_bonus":"TEN_PERCENT_HP_BONUS","is_daily":false,"chose_seed":false,"campfire_upgraded":5,"win_rate":0.0,"timestamp":1613904886,"path_taken":["M","M","?","M","M","E","M","R","T","R","?","?","E","M","R","BOSS","M","?","$","M","?","E","M","?","T","M","M","E","R","M","R","BOSS","M","?","?","M","M","E"],"items_purchased_type":["Relic","Relic","Card"],"build_version":"2020-12-22","purchased_purges":1,"victory":false,"max_hp_per_floor":[85,85,85,85,85,85,85,85,85,85,85,85,85,85,85,85,85,85,59,59,59,59,59,59,59,59,59,59,59,59,59,59,59,59,59,59,56,56,56,56,56],"card_choices":[{"not_picked":["StSShapeShifter:BloomingSlash","StSShapeShifter:VineHandcuffs"],"picked":"StSShapeShifter:OwlForm","floor":1},{"not_picked":["StSShapeShifter:HummingbirdForm","StSShapeShifter:SunflowerShuriken"],"picked":"StSShapeShifter:BladeOfGrass","floor":2},{"not_picked":["StSShapeShifter:PorcupineForm","StSShapeShifter:DeerForm","StSShapeShifter:FallingLeaves"],"picked":"SKIP","floor":4},{"not_picked":["StSShapeShifter:MonkeyForm","StSShapeShifter:Guard"],"picked":"StSShapeShifter:PantherForm","floor":5},{"not_picked":["StSShapeShifter:EmbraceTheCycle","StSShapeShifter:Rest"],"picked":"StSShapeShifter:DeepWound","floor":6},{"not_picked":["StSShapeShifter:Maul","StSShapeShifter:BladeOfGrass"],"picked":"StSShapeShifter:EagleForm","floor":7},{"not_picked":["StSShapeShifter:Roar","StSShapeShifter:BulwarkOfDiscovery"],"picked":"StSShapeShifter:WolfForm","floor":13},{"not_picked":["StSShapeShifter:MonkeyForm","StSShapeShifter:AdaptiveStrikes"],"picked":"StSShapeShifter:BurstingSpore","floor":14},{"not_picked":["StSShapeShifter:Spring","StSShapeShifter:BurrBomb"],"picked":"StSShapeShifter:WolfsBane","floor":16},{"not_picked":["StSShapeShifter:ForestFire","StSShapeShifter:SunflowerShuriken+1"],"picked":"StSShapeShifter:SquirrelForm","floor":18},{"not_picked":["StSShapeShifter:CursedApple","StSShapeShifter:BurstingSpore","StSShapeShifter:SquirrelForm"],"picked":"SKIP","floor":21},{"not_picked":["StSShapeShifter:ShiftingStrike+1","StSShapeShifter:Rest"],"picked":"StSShapeShifter:ThornedSkin","floor":23},{"not_picked":["StSShapeShifter:WolfForm","StSShapeShifter:MonkeyForm"],"picked":"StSShapeShifter:VineHandcuffs","floor":24},{"not_picked":["StSShapeShifter:ThornToss","StSShapeShifter:OakBlade","StSShapeShifter:VileMushroom"],"picked":"SKIP","floor":27},{"not_picked":["StSShapeShifter:FallingLeaves","StSShapeShifter:FesteringBite"],"picked":"StSShapeShifter:Evolution","floor":28},{"not_picked":["StSShapeShifter:BulwarkOfDiscovery","StSShapeShifter:PorcupineForm+1"],"picked":"StSShapeShifter:ClimbTree+1","floor":29},{"not_picked":["StSShapeShifter:Rest+1","StSShapeShifter:ShiftingStrike+1"],"picked":"StSShapeShifter:Pounce","floor":31},{"not_picked":["StSShapeShifter:Blossom2+1","StSShapeShifter:MooseForm+1"],"picked":"StSShapeShifter:PhoenixForm+1","floor":33},{"not_picked":["StSShapeShifter:OakBlade","StSShapeShifter:EagleForm+1"],"picked":"StSShapeShifter:Guard+1","floor":35},{"not_picked":["Deep Breath+1","Blind+1"],"picked":"The Bomb+1","floor":36},{"not_picked":["StSShapeShifter:Sapling+1","StSShapeShifter:RockSlide"],"picked":"StSShapeShifter:ShiftingStrike+1","floor":38},{"not_picked":["StSShapeShifter:MonkeyForm+1","StSShapeShifter:BurstingSpore+1"],"picked":"StSShapeShifter:Efflorescence+1","floor":39}],"player_experience":3112458,"relics_obtained":[{"floor":6,"key":"Omamori"},{"floor":9,"key":"Shuriken"},{"floor":13,"key":"FossilizedHelix"},{"floor":23,"key":"Darkstone Periapt"},{"floor":29,"key":"Toxic Egg 2"}],"event_choices":[{"damage_healed":0,"gold_gain":0,"player_choice":"Grow","damage_taken":0,"max_hp_gain":0,"max_hp_loss":0,"event_name":"Living Wall","floor":3,"gold_loss":0,"cards_upgraded":["StSShapeShifter:OwlForm"]},{"damage_healed":0,"gold_gain":75,"player_choice":"Gather Gold","damage_taken":11,"max_hp_gain":0,"max_hp_loss":0,"event_name":"World of Goop","floor":11,"gold_loss":0},{"damage_healed":0,"gold_gain":0,"player_choice":"Take Wound","damage_taken":0,"relics_obtained":["Golden Idol"],"max_hp_gain":0,"max_hp_loss":0,"event_name":"Golden Idol","floor":12,"gold_loss":0,"cards_obtained":["Injury"]},{"damage_healed":0,"gold_gain":0,"player_choice":"Became a vampire","damage_taken":0,"max_hp_gain":0,"max_hp_loss":26,"event_name":"Vampires","floor":19,"gold_loss":0,"cards_obtained":["Bite","Bite","Bite","Bite","Bite"]},{"damage_healed":0,"gold_gain":0,"player_choice":"Memory 1","damage_taken":0,"max_hp_gain":0,"max_hp_loss":0,"event_name":"SensoryStone","floor":36,"gold_loss":0},{"damage_healed":0,"gold_gain":0,"player_choice":"Max HP","damage_taken":0,"max_hp_gain":0,"max_hp_loss":3,"event_name":"Winding Halls","floor":37,"gold_loss":0}],"is_beta":false,"boss_relics":[{"not_picked":["Philosopher\u0027s Stone","Empty Cage"],"picked":"StSShapeShifter:LemurHeaddress"},{"not_picked":["Velvet Choker","Runic Dome"],"picked":"SacredBark"}],"items_purged_floors":[25],"is_endless":false,"potions_floor_spawned":[1,2,14,23,24,29,33,38],"killed_by":"Giant Head","ascension_level":0}}