{"host":"i5vvwdf42szr3cje","time":1613901599,"event":{"mods":["BaseMod","Colored Map","Hermit","Minty Spire (QoL Compilation)","Replay The Spire","StSLib","The Disciple","The Hierophant"],"gold_per_floor":[110,128,128,146,159,193,278,294,294,294,170,139,139,139,139,245,245,247,273,273,273,299,256,256,284,284,148,168,195,195,253,253,317,317,353,353,391,414,462,462,487,516,596,628,640,698,710,777,789,647,659,671,275,329,127],"floor_reached":56,"language":"ENG","playtime":5362,"items_purged":["hierophant:Strike_Hierophant","hierophant:Defend_Hierophant"],"score":1383,"play_id":"9a4057bf-88ee-4365-99f5-93e084385cb0","local_time":"20210221015959","is_ascension_mode":true,"campfire_choices":[{"floor":13.0,"key":"REST"},{"floor":15.0,"key":"REST"},{"data":"hierophant:Kindle","floor":24.0,"key":"SMITH"},{"data":"hierophant:ChurchCoffers","floor":24.0,"key":"SMITH"},{"data":"hierophant:Anathema","floor":32.0,"key":"SMITH"},{"data":"hierophant:DeathKnell","floor":32.0,"key":"SMITH"},{"data":"hierophant:Exaltation","floor":40,"key":"SMITH"},{"data":"hierophant:Levitation","floor":40,"key":"SMITH"},{"data":"hierophant:Levitation","floor":45,"key":"SMITH"},{"data":"hierophant:CursedGold","floor":45,"key":"SMITH"},{"floor":47,"key":"RECALL"},{"data":"hierophant:Dazzle","floor":49,"key":"SMITH"},{"data":"hierophant:Racketeering","floor":49,"key":"SMITH"},{"data":"hierophant:HolyVerse","floor":52,"key":"SMITH"},{"data":"hierophant:DivineIntervention","floor":52,"key":"SMITH"}],"circlet_count":0,"master_deck":["hierophant:Punish","hierophant:Defend_Hierophant","hierophant:Defend_Hierophant","hierophant:Defend_Hierophant","hierophant:ChurchCoffers+1","hierophant:Embezzle","hierophant:Kindle+1","hierophant:Levitation+1","hierophant:PassingBell","hierophant:Doubloon","hierophant:SolarFlare","hierophant:Smite","hierophant:HolyVerse+1","hierophant:Doubloon","hierophant:CursedGold+1","hierophant:Kindle+1","hierophant:Racketeering+1","hierophant:PristineSoul+1","hierophant:Glossolalia+1","hierophant:Doubloon","hierophant:CursedGold+1","hierophant:Anathema+1","hierophant:Charity+1","hierophant:Charity+1","hierophant:Doubloon","hierophant:Doubloon","hierophant:Dazzle+1","hierophant:Doubloon","hierophant:Doubloon","hierophant:Charity+1","hierophant:DeathKnell+1","hierophant:Levitation+1","hierophant:DivineIntervention+1","hierophant:Doubloon","hierophant:Remorse+1","hierophant:Exaltation+1","hierophant:Bribe+1","hierophant:Community+1","hierophant:Doubloon","hierophant:Dazzle+1","hierophant:Charity+1","hierophant:Charity+1","hierophant:Doubloon","hierophant:Doubloon","Secret Technique+1"],"relics":["hierophant:PropheticMaskRelic","NeowsBlessing","Ancient Tea Set","Simple Rune","Replay:Arrowhead","ReplayTheSpireMod:Ninjato","hierophant:DonationBoxRelic","Snack Pack","Replay:Drink Me","Frozen Egg 2","Potion Belt","Durian","ReplayFunnel","Runic Dome","Girya","MawBank","Replay:Bottled Snecko","Boot","Blue Doll","Lee\u0027s Waffle"],"acts_visited":["Exordium","TheCity","TheBeyond","TheEnding"],"potions_floor_usage":[55,55],"damage_taken":[{"damage":0.0,"enemies":"2 Louse","floor":1.0,"turns":1.0},{"damage":0.0,"enemies":"Small Slimes","floor":2.0,"turns":1.0},{"damage":0.0,"enemies":"Jaw Worm","floor":4.0,"turns":1.0},{"damage":8.0,"enemies":"Blue Slaver","floor":5.0,"turns":3.0},{"damage":30.0,"enemies":"Lagavulin","floor":6.0,"turns":8.0},{"damage":8.0,"enemies":"Gremlin Nob","floor":8.0,"turns":3.0},{"damage":0.0,"enemies":"Lagavulin","floor":12.0,"turns":5.0},{"damage":0.0,"enemies":"Red Slaver","floor":14.0,"turns":3.0},{"damage":14.0,"enemies":"Slime Boss","floor":16.0,"turns":10.0},{"damage":0.0,"enemies":"2 Thieves","floor":18.0,"turns":3.0},{"damage":0.0,"enemies":"Spheric Guardian","floor":19.0,"turns":2.0},{"damage":0.0,"enemies":"Snake Plant","floor":22.0,"turns":4.0},{"damage":27.0,"enemies":"Slavers","floor":23.0,"turns":9.0},{"damage":0.0,"enemies":"Gremlin Leader","floor":25.0,"turns":3.0},{"damage":3.0,"enemies":"Shelled Parasite and Fungi","floor":28.0,"turns":4.0},{"damage":18.0,"enemies":"Slavers","floor":29.0,"turns":2.0},{"damage":0.0,"enemies":"Snecko","floor":31.0,"turns":4.0},{"damage":6.0,"enemies":"Champ","floor":33.0,"turns":4.0},{"damage":8.0,"enemies":"3 Darklings","floor":35.0,"turns":3.0},{"damage":0.0,"enemies":"Orb Walker","floor":37.0,"turns":3.0},{"damage":0,"enemies":"Jaw Worm Horde","floor":38,"turns":3},{"damage":0,"enemies":"Mind Bloom Boss Battle","floor":39,"turns":5},{"damage":0,"enemies":"Nemesis","floor":41,"turns":3},{"damage":10,"enemies":"Transient","floor":42,"turns":5},{"damage":0,"enemies":"Giant Head","floor":44,"turns":5},{"damage":0,"enemies":"3 Darklings","floor":48,"turns":5},{"damage":0,"enemies":"Time Eater","floor":50,"turns":6},{"damage":0,"enemies":"Shield and Spear","floor":54,"turns":2},{"damage":29,"enemies":"The Heart","floor":55,"turns":8}],"seed_played":"-5716833279088682194","potions_obtained":[{"floor":1.0,"key":"Reflective Coating"},{"floor":5.0,"key":"Fruit Juice"},{"floor":12.0,"key":"BlessingOfTheForge"},{"floor":16.0,"key":"Elixir"},{"floor":25.0,"key":"Elixir"},{"floor":28.0,"key":"Reflective Coating"},{"floor":31.0,"key":"Elixir"},{"floor":33.0,"key":"SpeedPotion"},{"floor":41,"key":"Ancient Potion"},{"floor":42,"key":"Toxic Potion"}],"is_trial":false,"path_per_floor":["M","M","?","M","M","E","?","E","T","T","$","E","R","M","R_BF","B",null,"M","M","?","T","M","E","R","E","T","$","M","E","?","M","R","B",null,"M","?","M","M","?","R","E","M","T","E","R","T","R","M","R","B",null,"R","$","E","B",null],"character_chosen":"HIEROPHANT","items_purchased":["hierophant:HolyVerse","hierophant:Charity+1","hierophant:Dazzle","hierophant:Charity+1","Secret Technique+1","Lee\u0027s Waffle"],"campfire_rested":2,"item_purchase_floors":[11,27,27,53,53,53],"current_hp_per_floor":[75,75,75,75,72,42,10,2,2,2,2,2,26,26,50,36,60,60,60,60,60,60,35,35,40,40,40,37,19,19,19,19,17,65,57,57,57,57,57,57,59,51,51,55,55,55,55,55,55,55,65,65,72,72,43],"gold":127,"neow_bonus":"THREE_ENEMY_KILL","is_daily":false,"chose_seed":false,"campfire_upgraded":12,"win_rate":0.0,"timestamp":1613901599,"path_taken":["M","M","?","M","M","E","?","E","T","?","$","E","R","?","R_BF","BOSS","M","M","?","?","M","E","R","E","T","?","M","E","?","?","R","BOSS","M","?","M","M","?","R","E","M","T","E","R","?","R","M","R","BOSS","R","$","E","BOSS"],"items_purchased_type":["Card","Card","Card","Card","Card","Relic"],"build_version":"2020-12-22","purchased_purges":2,"victory":true,"max_hp_per_floor":[75,75,75,75,80,80,80,80,80,80,80,80,80,80,80,80,60,60,60,60,60,60,60,60,65,65,65,65,65,65,65,65,65,65,65,65,65,65,65,65,65,65,65,65,65,65,65,65,65,65,65,65,72,72,72],"card_choices":[{"not_picked":["hierophant:EyeForCoin","hierophant:AuricShield"],"picked":"hierophant:FlamingChariot","floor":1.0},{"not_picked":["hierophant:OrnateBuckler","hierophant:FaithHealing"],"picked":"hierophant:Embezzle","floor":2.0},{"not_picked":["hierophant:SealAway","hierophant:FieryStrike"],"picked":"hierophant:Levitation","floor":4.0},{"not_picked":["hierophant:CoinFling","hierophant:Exaltation"],"picked":"hierophant:PassingBell","floor":5.0},{"not_picked":["hierophant:Mercenaries","hierophant:Encroach","hierophant:DisplayOfPower"],"picked":"SKIP","floor":6.0},{"not_picked":["hierophant:RustyCrate","hierophant:Rebuild"],"picked":"hierophant:Doubloon","floor":7.0},{"not_picked":["hierophant:Zeal","hierophant:Empathy"],"picked":"hierophant:SolarFlare","floor":7.0},{"not_picked":["hierophant:Zeal","hierophant:Shelter"],"picked":"hierophant:Smite","floor":8.0},{"not_picked":["hierophant:RustyCrate","hierophant:Glossolalia","hierophant:FlamingChariot"],"picked":"SKIP","floor":12.0},{"not_picked":["hierophant:Zeal","hierophant:Purify"],"picked":"hierophant:CursedGold","floor":14.0},{"not_picked":["hierophant:LocustPlague","hierophant:WrathOfGod"],"picked":"hierophant:Kindle","floor":16.0},{"not_picked":["hierophant:SealAway","hierophant:RepressedViolence+1"],"picked":"hierophant:Racketeering","floor":18.0},{"not_picked":["hierophant:MorningPrayer+1","hierophant:Flagellation"],"picked":"hierophant:PristineSoul+1","floor":19.0},{"not_picked":["hierophant:Chorus","hierophant:AuricBeam"],"picked":"hierophant:Glossolalia+1","floor":22.0},{"not_picked":["hierophant:Upheaval","hierophant:MorningPrayer"],"picked":"hierophant:CursedGold+1","floor":23.0},{"not_picked":["hierophant:ThreeLashes+1","hierophant:Rebuild"],"picked":"hierophant:Anathema","floor":25.0},{"not_picked":["hierophant:SolarFlare+1","hierophant:AuricBeam"],"picked":"hierophant:Charity+1","floor":28.0},{"not_picked":["hierophant:Encroach","hierophant:ArchangelShield+1"],"picked":"hierophant:DeathKnell","floor":29.0},{"not_picked":["hierophant:HolyVerse+1","hierophant:RepressedViolence","hierophant:ArchangelShield+1"],"picked":"SKIP","floor":31.0},{"not_picked":["hierophant:Levitation","hierophant:Anathema"],"picked":"hierophant:DivineIntervention","floor":33.0},{"not_picked":["hierophant:MorningPrayer","hierophant:FieryStrike+1"],"picked":"hierophant:Remorse+1","floor":35.0},{"not_picked":["hierophant:Encroach+1","hierophant:PristineSoul","hierophant:Mercenaries"],"picked":"SKIP","floor":37.0},{"not_picked":["hierophant:SealAway","hierophant:FieryStrike+1","hierophant:ThreeLashes+1"],"picked":"SKIP","floor":38},{"not_picked":["hierophant:RustyCrate","hierophant:Remorse"],"picked":"hierophant:Exaltation","floor":39},{"not_picked":["hierophant:HolyVerse","hierophant:Purify"],"picked":"hierophant:Bribe+1","floor":41},{"not_picked":["hierophant:Batter","hierophant:RustyCrate","hierophant:Shelter+1"],"picked":"SKIP","floor":42},{"not_picked":["hierophant:Sermon","hierophant:FieryStrike"],"picked":"hierophant:Community+1","floor":44},{"not_picked":["hierophant:Batter","hierophant:SealAway+1"],"picked":"hierophant:Dazzle+1","floor":48},{"not_picked":["hierophant:CoinFling+1","hierophant:ThreeLashes","hierophant:Smite+1"],"picked":"SKIP","floor":54}],"player_experience":192720,"relics_obtained":[{"floor":6.0,"key":"Ancient Tea Set"},{"floor":7.0,"key":"Simple Rune"},{"floor":8.0,"key":"Replay:Arrowhead"},{"floor":9.0,"key":"ReplayTheSpireMod:Ninjato"},{"floor":10.0,"key":"hierophant:DonationBoxRelic"},{"floor":12.0,"key":"Snack Pack"},{"floor":21.0,"key":"Frozen Egg 2"},{"floor":23.0,"key":"Potion Belt"},{"floor":25.0,"key":"Durian"},{"floor":29.0,"key":"ReplayFunnel"},{"floor":39,"key":"Girya"},{"floor":41,"key":"MawBank"},{"floor":43,"key":"Replay:Bottled Snecko"},{"floor":44,"key":"Boot"},{"floor":46,"key":"Blue Doll"}],"event_choices":[{"damage_healed":0.0,"max_hp_gain":0.0,"max_hp_loss":0.0,"gold_gain":0.0,"event_name":"Duplicator","player_choice":"Copied","floor":30.0,"gold_loss":0.0,"damage_taken":0.0,"cards_obtained":["hierophant:Levitation"]},{"damage_healed":0,"gold_gain":0,"player_choice":"Fight","damage_taken":0,"max_hp_gain":0,"max_hp_loss":0,"event_name":"MindBloom","floor":39,"gold_loss":0}],"is_beta":false,"boss_relics":[{"not_picked":["Replay:Ancient Bell","ChewingGum"],"picked":"Replay:Drink Me"},{"not_picked":["Snecko Eye","Runic Pyramid"],"picked":"Runic Dome"}],"items_purged_floors":[11,53],"is_endless":false,"potions_floor_spawned":[1,5,12,16,25,28,31,33,41,42,44],"ascension_level":1}}