{"host":"cfluht5kr2kfk9p9","time":1613887126,"event":{"mods":["Act Like it!","Arknights","BaseMod","Minty Spire (QoL Compilation)","Quick Restart","Rare Cards Sparkle","Relic Stats","StSLib"],"gold_per_floor":[113,129,145,157,157,188,188,223,223,250,250,284,297,297,297,394,394,406,406,406,192,192,192,226,245,319,339,339,369,388,423,423,521,521,534,220,220,231,244,273,292,325,370,370,370,270,305,319,319,319,319],"floor_reached":50,"language":"ZHS","playtime":2481,"items_purged":["ats:Strike S","Pain"],"score":893,"play_id":"bb578ada-aa4b-465d-91eb-6ca6c79c8ecc","local_time":"20210221135846","is_ascension_mode":true,"campfire_choices":[{"data":"ats:Closed Bolt Burst Fire","floor":11,"key":"SMITH"},{"data":"ats:Sword Rain","floor":15,"key":"SMITH"},{"floor":23,"key":"RECALL"},{"data":"ats:Shell Defense","floor":28,"key":"SMITH"},{"data":"ats:Encircling Forest","floor":32,"key":"SMITH"},{"data":"ats:Rat Pack","floor":44,"key":"SMITH"},{"data":"ats:Rapid Magazine","floor":49,"key":"SMITH"}],"circlet_count":0,"master_deck":["ats:Strike C","ats:Strike G","ats:Armor Crushing Shot","ats:Defend+1","ats:Defend+1","ats:Defend+1","ats:Defend","ats:Emotion Absorption","ats:Shell Defense","ats:Revitalization","ats:Closed Bolt Burst Fire+1","ats:Absolute Focus","ats:Powerful Strike","ats:Guard Mode+1","ats:Sword Rain+1","ats:Overload","ats:Sashimi Platter","ats:Chain Hook","ats:Shadow Assault","ats:Closed Bolt Burst Fire+1","Mind Blast+1","ats:Shell Defense+1","ats:Magnetic Hammer+1","ats:Leaping Hammer+1","ats:Ignite+1","ats:Shadow Raid+1","ats:Sword Rain+1","ats:Encircling Forest+1","ats:Healing Drone+1","ats:Rat Pack+1","ats:Absolute Focus+1","ats:Leaping Hammer+1","ats:Soul Absorption","ats:LN2 Cannon+1","ats:Literary Storm","ats:Mental Burst+1","ats:Poison Spread+1","ats:Literary Storm","ats:Literary Storm+1","Mind Blast+1","ats:Durian","ats:Rapid Magazine+1","ats:Poison Spread+1"],"relics":["Velvet Choker","ats:Originium","Bird Faced Urn","Boot","Anchor","Letter Opener","Strawberry","Snecko Eye","Nilry\u0027s Codex","Molten Egg 2","WarpedTongs","Prayer Wheel","War Paint","MealTicket","Coffee Dripper","Calipers","Question Card","Toy Ornithopter","CaptainsWheel","ats:Berate","Akabeko"],"acts_visited":["Exordium","TheCity","TheBeyond"],"potions_floor_usage":[27],"damage_taken":[{"damage":6,"enemies":"Cultist","floor":1,"turns":4},{"damage":1,"enemies":"2 Louse","floor":2,"turns":3},{"damage":3,"enemies":"ats:Genji","floor":3,"turns":4},{"damage":6,"enemies":"Looter","floor":4,"turns":3},{"damage":39,"enemies":"3 Sentries","floor":6,"turns":18},{"damage":25,"enemies":"Gremlin Nob","floor":8,"turns":4},{"damage":27,"enemies":"Lagavulin","floor":10,"turns":9},{"damage":10,"enemies":"3 Sentries","floor":12,"turns":8},{"damage":0,"enemies":"Blue Slaver","floor":13,"turns":2},{"damage":57,"enemies":"The Guardian","floor":16,"turns":9},{"damage":27,"enemies":"Shell Parasite","floor":18,"turns":4},{"damage":3,"enemies":"Gremlin Leader","floor":24,"turns":6},{"damage":6,"enemies":"Chosen","floor":25,"turns":2},{"damage":3,"enemies":"3 Cultists","floor":27,"turns":4},{"damage":13,"enemies":"Slavers","floor":29,"turns":3},{"damage":50,"enemies":"Shelled Parasite and Fungi","floor":30,"turns":10},{"damage":24,"enemies":"Book of Stabbing","floor":31,"turns":3},{"damage":60,"enemies":"Collector","floor":33,"turns":11},{"damage":25,"enemies":"3 Darklings","floor":35,"turns":5},{"damage":8,"enemies":"3 Shapes","floor":38,"turns":3},{"damage":3,"enemies":"3 Darklings","floor":39,"turns":3},{"damage":3,"enemies":"Nemesis","floor":40,"turns":5},{"damage":0,"enemies":"Spire Growth","floor":41,"turns":3},{"damage":23,"enemies":"Reptomancer","floor":42,"turns":6},{"damage":35,"enemies":"Giant Head","floor":47,"turns":10},{"damage":0,"enemies":"Jaw Worm Horde","floor":48,"turns":4},{"damage":88,"enemies":"Time Eater","floor":50,"turns":11}],"seed_played":"2916681907024888900","potions_obtained":[{"floor":3,"key":"Swift Potion"},{"floor":6,"key":"Energy Potion"},{"floor":10,"key":"FearPotion"},{"floor":27,"key":"Fruit Juice"},{"floor":30,"key":"SneckoOil"},{"floor":41,"key":"PowerPotion"},{"floor":42,"key":"DistilledChaos"}],"is_trial":false,"path_per_floor":["M","M","M","M","?","E","?","E","T","E","R","E","M","?","R","B",null,"M","?","?","$","?","R","E","M","T","M","R","E","M","E","R","B",null,"M","$","T","M","M","E","M","E","T","R","?","$","E","M","R","B"],"character_chosen":"DOCTOR_CLASS","items_purchased":["ats:Closed Bolt Burst Fire+1","Mind Blast+1","Calipers"],"campfire_rested":0,"item_purchase_floors":[21,21,36],"current_hp_per_floor":[59,60,60,58,44,72,72,49,49,47,47,53,53,53,53,19,64,42,26,26,26,26,26,34,28,28,43,43,33,75,59,59,36,72,61,76,76,80,77,82,84,84,84,84,84,84,51,72,72,0,0],"gold":319,"neow_bonus":"BOSS_RELIC","is_daily":false,"chose_seed":false,"campfire_upgraded":6,"win_rate":0.0,"timestamp":1613887126,"path_taken":["M","M","?","M","?","E","?","E","T","E","R","E","M","?","R","BOSS","M","?","?","$","?","R","E","M","T","?","R","E","M","E","R","BOSS","M","$","?","M","M","E","M","E","T","R","?","$","E","?","R","BOSS"],"items_purchased_type":["Card","Card","Relic"],"build_version":"2020-12-22","purchased_purges":2,"victory":false,"max_hp_per_floor":[72,72,72,72,72,72,72,72,72,72,72,79,79,79,79,79,79,79,79,79,79,79,79,79,79,79,84,84,84,84,84,84,84,84,84,84,84,84,84,84,84,84,84,84,84,84,84,84,84,84,84],"relic_stats":{"counters":[27,157],"Bird Faced Urn":[14],"Snecko Eye":[157,168,152,178],"Prayer Wheel":8,"MealTicket":15,"Letter Opener":[138],"War Paint":["ats:Defend","ats:Guard Mode"],"Boot":[307],"Question Card":11,"obtain_stats":[{"Calipers":36,"Nilry\u0027s Codex":19,"Velvet Choker":0,"Letter Opener":10,"War Paint":29,"Boot":8,"Question Card":37,"Akabeko":47,"WarpedTongs":22,"Anchor":9,"CaptainsWheel":42,"ats:Originium":6,"Bird Faced Urn":6,"Strawberry":12,"ats:Berate":43,"Snecko Eye":17,"Molten Egg 2":20,"Prayer Wheel":24,"MealTicket":31,"Coffee Dripper":34,"ats:Sanity":0,"Toy Ornithopter":40},{"Calipers":19,"Nilry\u0027s Codex":11,"Velvet Choker":0,"Letter Opener":7,"War Paint":15,"Boot":6,"Question Card":19,"Akabeko":25,"WarpedTongs":11,"Anchor":6,"CaptainsWheel":24,"ats:Originium":5,"Bird Faced Urn":5,"Strawberry":8,"ats:Berate":24,"Snecko Eye":10,"Molten Egg 2":11,"Prayer Wheel":12,"MealTicket":17,"Coffee Dripper":18,"ats:Sanity":0,"Toy Ornithopter":22},{"Calipers":112,"Nilry\u0027s Codex":68,"Velvet Choker":0,"Letter Opener":45,"War Paint":83,"Boot":36,"Question Card":112,"Akabeko":142,"WarpedTongs":68,"Anchor":36,"CaptainsWheel":132,"ats:Originium":32,"Bird Faced Urn":32,"Strawberry":53,"ats:Berate":132,"Snecko Eye":64,"Molten Egg 2":68,"Prayer Wheel":74,"MealTicket":96,"Coffee Dripper":107,"ats:Sanity":0,"Toy Ornithopter":123}],"Toy Ornithopter":0,"WarpedTongs":[87]},"card_choices":[{"not_picked":["ats:Blood Oath","ats:Steam Pump"],"picked":"ats:Shell Defense","floor":1},{"not_picked":["ats:Apocalypse","ats:Sunburst"],"picked":"ats:Revitalization","floor":2},{"not_picked":["ats:Healing Strengthening","ats:Dogmatic Field"],"picked":"ats:Closed Bolt Burst Fire","floor":3},{"not_picked":["ats:Consecutive Shot Auto","ats:Composite Medical Shells"],"picked":"ats:Absolute Focus","floor":4},{"not_picked":["ats:Very Hot Blade","ats:Curse Doll"],"picked":"ats:Powerful Strike","floor":6},{"not_picked":["ats:Curse Doll","ats:Consecutive Shot Auto"],"picked":"ats:Guard Mode","floor":8},{"not_picked":["ats:Absolute Focus","ats:Shell Defense"],"picked":"ats:Sword Rain","floor":10},{"not_picked":["ats:Volcano","ats:Collapsing Strike"],"picked":"ats:Overload","floor":12},{"not_picked":["ats:Revitalization","ats:Red Shift"],"picked":"ats:Sashimi Platter","floor":13},{"not_picked":["ats:Soul Rend","ats:Wolf Pack"],"picked":"ats:Shadow Assault","floor":16},{"not_picked":["ats:Sunburst","ats:Closed Bolt Burst Fire","ats:Support Order"],"picked":"SKIP","floor":18},{"not_picked":["ats:Healing Strengthening+1","ats:Blood Oath+1","ats:Poison Spread+1"],"picked":"SKIP","floor":24},{"not_picked":["ats:Healing Strengthening+1","ats:Blood Oath+1","ats:Poison Spread+1"],"picked":"SKIP","floor":24},{"not_picked":["ats:Closed Bolt Burst Fire+1","ats:Hammer On+1"],"picked":"ats:Shell Defense","floor":25},{"not_picked":["ats:Defend Order","ats:Part Time Job"],"picked":"ats:Magnetic Hammer+1","floor":25},{"not_picked":["ats:Blood Oath+1","ats:Consecutive Shot Auto+1"],"picked":"ats:Leaping Hammer+1","floor":27},{"not_picked":["ats:Neurotoxin","ats:Soul Rend"],"picked":"ats:Ignite+1","floor":27},{"not_picked":["ats:Curse Doll","ats:Chain Hook+1"],"picked":"ats:Shadow Raid+1","floor":29},{"not_picked":["ats:Absolute Focus","ats:Chain Hook+1"],"picked":"ats:Sword Rain+1","floor":30},{"not_picked":["ats:Shell Defense","ats:Flexible Camouflage+1"],"picked":"ats:Encircling Forest","floor":30},{"not_picked":["ats:Ignite+1","ats:Demon Strength"],"picked":"ats:Healing Drone+1","floor":31},{"not_picked":["ats:Volcano+1","ats:Soul Rend"],"picked":"ats:Rat Pack","floor":33},{"not_picked":["ats:Support Order+1","ats:Consecutive Shot Auto+1"],"picked":"ats:Absolute Focus+1","floor":35},{"not_picked":["ats:Revitalization","ats:Shell Defense+1"],"picked":"ats:Leaping Hammer+1","floor":35},{"not_picked":["ats:Cat Scratch+1","ats:Assault Order+1","ats:Demon Strength+1"],"picked":"ats:Soul Absorption","floor":38},{"not_picked":["ats:Flame Of Heaven","ats:Flexible Camouflage+1","ats:Collapsing Strike+1"],"picked":"ats:LN2 Cannon+1","floor":38},{"not_picked":["ats:Automatic Cover","ats:Magnetic Hammer+1","ats:Guard Mode+1"],"picked":"ats:Literary Storm","floor":39},{"not_picked":["ats:Spore Proliferation+1","ats:Apocalypse","ats:Counter Healing Mode"],"picked":"ats:Mental Burst+1","floor":39},{"not_picked":["ats:Closed Bolt Burst Fire+1","ats:Durian","ats:Steam Pump","ats:Leaping Hammer+1"],"picked":"SKIP","floor":40},{"not_picked":["ats:Leaping Hammer+1","ats:LN2 Cannon+1","ats:Shell Defense"],"picked":"ats:Poison Spread+1","floor":41},{"not_picked":["ats:Steam Pump","ats:Closed Bolt Burst Fire+1","ats:Revitalization"],"picked":"ats:Literary Storm","floor":41},{"not_picked":["ats:Red Shift+1","ats:Leaping Hammer+1","ats:Very Hot Blade+1"],"picked":"ats:Literary Storm+1","floor":42},{"not_picked":["ats:Shadow Raid+1","ats:Curse Doll+1","ats:Cat Scratch+1"],"picked":"ats:Durian","floor":47},{"not_picked":["ats:Shell Defense+1","ats:Assault Order","ats:Apocalypse+1"],"picked":"ats:Rapid Magazine","floor":48},{"not_picked":["ats:Explosion Area Strengthen+1","ats:Guard Mode","ats:Blood Oath+1"],"picked":"ats:Poison Spread+1","floor":48}],"player_experience":71764,"relics_obtained":[{"floor":6,"key":"ats:Originium"},{"floor":6,"key":"Bird Faced Urn"},{"floor":8,"key":"ats:Originium"},{"floor":8,"key":"Boot"},{"floor":9,"key":"Anchor"},{"floor":10,"key":"ats:Originium"},{"floor":10,"key":"Letter Opener"},{"floor":12,"key":"ats:Originium"},{"floor":12,"key":"Strawberry"},{"floor":19,"key":"Nilry\u0027s Codex"},{"floor":24,"key":"Prayer Wheel"},{"floor":29,"key":"War Paint"},{"floor":31,"key":"MealTicket"},{"floor":37,"key":"Question Card"},{"floor":40,"key":"Toy Ornithopter"},{"floor":42,"key":"CaptainsWheel"},{"floor":43,"key":"ats:Berate"},{"floor":47,"key":"Akabeko"}],"event_choices":[{"damage_healed":0,"gold_gain":0,"player_choice":"Entered Light","damage_taken":14,"max_hp_gain":0,"max_hp_loss":0,"event_name":"Shining Light","floor":5,"gold_loss":0,"cards_upgraded":["ats:Defend","ats:Defend"]},{"damage_healed":0,"gold_gain":0,"player_choice":"Ignored","damage_taken":0,"max_hp_gain":0,"max_hp_loss":0,"event_name":"Liars Game","floor":7,"gold_loss":0},{"damage_healed":0,"gold_gain":0,"cards_transformed":["ats:Strike V"],"player_choice":"Change","damage_taken":0,"max_hp_gain":0,"max_hp_loss":0,"event_name":"Living Wall","floor":14,"gold_loss":0,"cards_obtained":["ats:Chain Hook"]},{"damage_healed":0,"gold_gain":0,"player_choice":"Obtained Book","damage_taken":16,"max_hp_gain":0,"max_hp_loss":0,"event_name":"Cursed Tome","floor":19,"gold_loss":0},{"damage_healed":0,"gold_gain":0,"player_choice":"Opened","damage_taken":0,"relics_obtained":["Molten Egg 2"],"max_hp_gain":0,"max_hp_loss":0,"event_name":"The Mausoleum","floor":20,"gold_loss":0},{"damage_healed":0,"gold_gain":0,"player_choice":"Rummage","damage_taken":0,"relics_obtained":["WarpedTongs"],"max_hp_gain":0,"max_hp_loss":0,"event_name":"Accursed Blacksmith","floor":22,"gold_loss":0,"cards_obtained":["Pain"]},{"damage_healed":0,"gold_gain":0,"player_choice":"Copied","damage_taken":0,"max_hp_gain":0,"max_hp_loss":0,"event_name":"Duplicator","floor":45,"gold_loss":0,"cards_obtained":["Mind Blast"]}],"is_beta":false,"boss_relics":[{"not_picked":["Fusion Hammer","Empty Cage"],"picked":"Snecko Eye"},{"not_picked":["Tiny House","Cursed Key"],"picked":"Coffee Dripper"}],"items_purged_floors":[21,46],"is_endless":false,"potions_floor_spawned":[3,6,10,13,16,24,27,30,38,39,41,42],"killed_by":"Time Eater","ascension_level":6}}