{"host":"2lvuisjyit3p3u01","time":1613919413,"event":{"mods":["Act Like it!","BaseMod","Bestiary","Better Synergies","Bossed Relics","CapriCore","Colored Map","Colored Powertips","GifTheSpireLib","Minty Spire (QoL Compilation)","Quick Restart","Replay The Spire","StSLib"],"gold_per_floor":[218,228,239,314,47,47,58,84,108,126,146,146,146,46,46,150,150,165,181,196,211,110,135,135,163,163,38,58,58,58,70,70,175,175,185,185,185,195,209,209,159,159,159,184,184,184,109,121,121,121,121],"floor_reached":50,"language":"ENG","playtime":1698,"items_purged":["Defend_R","Fire Breathing","Defend_R"],"score":589,"play_id":"3e1c0fb6-27e4-4224-a77f-d69ad4a9d9b0","local_time":"20210221165653","is_ascension_mode":true,"campfire_choices":[{"data":"Flex","floor":6,"key":"SMITH"},{"data":"Reaper","floor":12,"key":"SMITH"},{"data":"Bash","floor":15,"key":"SMITH"},{"data":"Iron Wave","floor":24,"key":"SMITH"},{"data":"Double Tap","floor":29,"key":"SMITH"},{"floor":32,"key":"DIG"},{"data":"Replay:Many Hands","floor":40,"key":"SMITH"},{"data":"Iron Wave","floor":42,"key":"SMITH"},{"data":"Sword Boomerang","floor":46,"key":"SMITH"},{"data":"Pummel","floor":49,"key":"SMITH"}],"circlet_count":0,"master_deck":["Strike_R","Strike_R","Strike_R","Strike_R","Strike_R","Bash+1","Thunderclap","Flex+1","Reaper+1","Sword Boomerang+1","Anger","Anger","Clash","Thunderclap+1","Iron Wave+1","Double Tap+1","Clash","Iron Wave+1","Replay:Many Hands+1","Sword Boomerang+1","Anger+1","Twin Strike","Pummel+1","Replay:Undeath\u0027s Touch"],"relics":["Black Blood","MealTicket","Red Skull","Bag of Preparation","Coffee Dripper","Divine Protection","Du-Vu Doll","Frozen Egg 2","Paper Frog","Omamori","Anchor"],"acts_visited":["Exordium","TheCity","TheBeyond"],"potions_floor_usage":[7,16,18,19,19,23,33,44,50,50],"damage_taken":[{"damage":1,"enemies":"Cultist","floor":1,"turns":3},{"damage":11,"enemies":"Small Slimes","floor":2,"turns":3},{"damage":8,"enemies":"2 Louse","floor":3,"turns":3},{"damage":0,"enemies":"Lots of Slimes","floor":7,"turns":1},{"damage":26,"enemies":"Gremlin Nob","floor":8,"turns":4},{"damage":11,"enemies":"Looter","floor":10,"turns":2},{"damage":28,"enemies":"Exordium Thugs","floor":11,"turns":5},{"damage":89,"enemies":"Fading Forest","floor":16,"turns":11},{"damage":28,"enemies":"Spheric Guardian","floor":18,"turns":4},{"damage":11,"enemies":"2 Thieves","floor":19,"turns":3},{"damage":16,"enemies":"3 Cultists","floor":20,"turns":4},{"damage":24,"enemies":"Snake Plant","floor":21,"turns":2},{"damage":44,"enemies":"Gremlin Leader","floor":23,"turns":6},{"damage":25,"enemies":"Book of Stabbing","floor":25,"turns":3},{"damage":10,"enemies":"Cultist and Chosen","floor":28,"turns":3},{"damage":2,"enemies":"Snecko","floor":31,"turns":3},{"damage":51,"enemies":"Champ","floor":33,"turns":8},{"damage":13,"enemies":"Orb Walker","floor":35,"turns":3},{"damage":50,"enemies":"3 Darklings","floor":38,"turns":3},{"damage":31,"enemies":"Spire Growth","floor":39,"turns":4},{"damage":44,"enemies":"Reptomancer","floor":44,"turns":4},{"damage":45,"enemies":"Maw","floor":48,"turns":5},{"damage":63,"enemies":"Time Eater","floor":50,"turns":4}],"seed_played":"-317337990326574421","potions_obtained":[{"floor":3,"key":"SpeedPotion"},{"floor":10,"key":"BloodPotion"},{"floor":11,"key":"GamblersBrew"},{"floor":18,"key":"LifebloodPotion"},{"floor":19,"key":"ElixirPotion"},{"floor":25,"key":"SpeedPotion"},{"floor":38,"key":"Fire Potion"},{"floor":44,"key":"AttackPotion"}],"is_trial":false,"path_per_floor":["M","M","M","?","$","R","M","E","T","M","M","R","?","$","R","B",null,"M","M","M","M","$","E","R","E","T","$","M","R","?","M","R_BF","B",null,"M","?","?","M","M","R","$","R","T","E","?","R","$","M","R","B"],"character_chosen":"IRONCLAD","items_purchased":["MealTicket","SteroidPotion","SkillPotion","BlessingOfTheForge","SkillPotion","Pummel"],"campfire_rested":0,"item_purchase_floors":[5,5,22,22,41,47],"current_hp_per_floor":[80,75,73,65,65,65,71,51,51,56,46,46,46,61,61,12,80,58,63,60,42,57,40,40,40,40,55,63,63,63,67,67,36,80,79,79,79,42,23,23,38,38,38,48,68,68,80,47,47,0,0],"gold":121,"neow_bonus":"HUNDRED_GOLD","is_daily":false,"chose_seed":false,"campfire_upgraded":9,"win_rate":0.0,"timestamp":1613919413,"path_taken":["M","?","M","?","$","R","?","E","T","M","M","R","?","$","R","BOSS","M","M","M","M","$","E","R","E","T","?","M","R","?","M","R_BF","BOSS","M","?","?","M","?","R","$","R","T","E","?","R","?","M","R","BOSS"],"items_purchased_type":["Relic","Potion","Potion","Potion","Potion","Card"],"build_version":"2020-12-22","purchased_purges":3,"victory":false,"max_hp_per_floor":[80,80,80,80,80,80,80,80,80,80,80,80,80,80,80,80,80,80,80,80,80,80,80,80,80,80,80,80,80,80,80,80,80,80,80,80,80,80,80,80,80,80,80,80,80,80,80,80,80,80,80],"card_choices":[{"not_picked":["Headbutt","Blood for Blood"],"picked":"Thunderclap","floor":1},{"not_picked":["ReplayTheSpireMod:Strike From Hell","Wild Strike"],"picked":"Flex","floor":2},{"not_picked":["Shrug It Off","Searing Blow","Burning Pact"],"picked":"SKIP","floor":3},{"not_picked":["ReplayTheSpireMod:Corrosion Curse","Perfected Strike","Thunderclap"],"picked":"SKIP","floor":7},{"not_picked":["Battle Trance","Fire Breathing"],"picked":"Reaper","floor":8},{"not_picked":["Anger","ReplayTheSpireMod:Corrosion Curse"],"picked":"Sword Boomerang","floor":10},{"not_picked":["Warcry","Iron Wave"],"picked":"Anger","floor":11},{"not_picked":["Rampage","Clothesline"],"picked":"Anger","floor":18},{"not_picked":["Pommel Strike","True Grit"],"picked":"Clash","floor":19},{"not_picked":["True Grit","Wild Strike"],"picked":"Thunderclap+1","floor":20},{"not_picked":["Armaments","Hemokinesis"],"picked":"Iron Wave","floor":21},{"not_picked":["Sentinel","ReplayTheSpireMod:Stacked+1"],"picked":"Double Tap","floor":23},{"not_picked":["Intimidate","Pommel Strike+1"],"picked":"Clash","floor":25},{"not_picked":["Run Through","Havoc+1"],"picked":"Iron Wave","floor":28},{"not_picked":["Pommel Strike","Disarm","Feel No Pain+1"],"picked":"SKIP","floor":31},{"not_picked":["Immolate","Offering"],"picked":"Replay:Many Hands","floor":33},{"not_picked":["Body Slam+1","Wild Strike"],"picked":"Sword Boomerang+1","floor":35},{"not_picked":["Warcry","Run Through+1"],"picked":"Anger+1","floor":38},{"not_picked":["Bloodletting+1","Clothesline","Seeing Red"],"picked":"SKIP","floor":39},{"not_picked":["ReplayTheSpireMod:Strike From Hell","Warcry"],"picked":"Twin Strike","floor":44},{"not_picked":["Twin Strike","Pommel Strike"],"picked":"Replay:Undeath\u0027s Touch","floor":48}],"player_experience":211215,"relics_obtained":[{"floor":8,"key":"Red Skull"},{"floor":9,"key":"Bag of Preparation"},{"floor":23,"key":"Divine Protection"},{"floor":25,"key":"Du-Vu Doll"},{"floor":26,"key":"Frozen Egg 2"},{"floor":32,"key":"Paper Frog"},{"floor":43,"key":"Omamori"},{"floor":44,"key":"Anchor"}],"event_choices":[{"damage_healed":0,"gold_gain":75,"player_choice":"Touch","damage_taken":8,"max_hp_gain":0,"max_hp_loss":0,"event_name":"FaceTrader","floor":4,"gold_loss":0},{"damage_healed":0,"gold_gain":0,"player_choice":"1 cards matched","damage_taken":0,"max_hp_gain":0,"max_hp_loss":0,"event_name":"Match and Keep!","floor":13,"gold_loss":0,"cards_obtained":["Fire Breathing"]},{"cards_removed":["Defend_R"],"damage_healed":0,"gold_gain":0,"player_choice":"Card Removal","damage_taken":0,"max_hp_gain":0,"max_hp_loss":0,"event_name":"Wheel of Change","floor":30,"gold_loss":0},{"cards_removed":["Defend_R"],"damage_healed":0,"gold_gain":0,"player_choice":"Purged","damage_taken":0,"max_hp_gain":0,"max_hp_loss":0,"event_name":"Purifier","floor":37,"gold_loss":0},{"damage_healed":20,"gold_gain":0,"player_choice":"Writhe","damage_taken":0,"max_hp_gain":0,"max_hp_loss":0,"event_name":"Winding Halls","floor":45,"gold_loss":0,"cards_obtained":["Writhe"]}],"is_beta":false,"boss_relics":[{"not_picked":["Ectoplasm","Busted Crown"],"picked":"Coffee Dripper"},{"not_picked":["Electric Blood","Runic Dome"],"picked":"Black Blood"}],"items_purged_floors":[5,14,27],"is_endless":false,"potions_floor_spawned":[3,10,11,18,19,25,38,39,44],"killed_by":"Time Eater","ascension_level":3}}