{"host":"tzwikg9s6mkzv6w0","time":1613919747,"event":{"mods":["BaseMod","Good Game Mod","Minty Spire (QoL Compilation)","Spicy Shops","StSLib"],"gold_per_floor":[116,116,116,129,54,54,78,78,78,122,122,163,202,217,217,343,343,366,21,21,21,21,57,57,97,97,140,3,58,113,148,148,244,244,264,285,29,29,362,388,463,463,486,162,162,220,220,262,262,292,322,322,322,21,48,48],"floor_reached":57,"language":"ZHS","playtime":1506,"items_purged":["Defend_P","Strike_P","Judgement","Strike_P","Conclude+1","Strike_P"],"score":3073,"play_id":"a1fd7cc4-1752-4016-971f-e218fdca3ceb","local_time":"20210221230227","is_ascension_mode":true,"campfire_choices":[{"data":"Eruption","floor":6.0,"key":"SMITH"},{"data":"Conclude","floor":8.0,"key":"SMITH"},{"data":"Wish","floor":15.0,"key":"SMITH"},{"data":"Vault","floor":24.0,"key":"SMITH"},{"data":"TalkToTheHand","floor":32.0,"key":"SMITH"},{"data":"Ragnarok","floor":45.0,"key":"SMITH"},{"floor":47.0,"key":"RECALL"},{"data":"Tantrum","floor":49.0,"key":"SMITH"},{"data":"Adaptation","floor":53,"key":"SMITH"}],"circlet_count":0,"master_deck":["AscendersBane","Vigilance","Core Surge","Indignation+1","Vault+1","Wish+1","BowlingBash","Tantrum+1","DevaForm","CurseOfTheBell","Fasting2+1","TalkToTheHand+1","Adaptation+1","Ragnarok+1","Vault+1","FearNoEvil"],"relics":["PureWater","REME:ComplimentaryCards","Matryoshka","Happy Flower","Turnip","Calling Bell","Bag of Marbles","Singing Bowl","Prayer Wheel","Membership Card","TeardropLocket","PreservedInsect","Smiling Mask","Vajra","Pantograph","Lantern","Ginger","SlaversCollar","Lee\u0027s Waffle","Orrery","Centennial Puzzle","CloakClasp","Blood Vial","War Paint","Sundial","TheAbacus","Bag of Preparation","ClockworkSouvenir","Pen Nib","Strawberry","Orichalcum"],"acts_visited":["Exordium","TheCity","TheBeyond","TheEnding"],"potions_floor_usage":[56,56,56,56],"damage_taken":[{"damage":0.0,"enemies":"Small Slimes","floor":1.0,"turns":1.0},{"damage":0.0,"enemies":"Jaw Worm","floor":4.0,"turns":2.0},{"damage":0.0,"enemies":"2 Louse","floor":7.0,"turns":1.0},{"damage":0.0,"enemies":"Gremlin Nob","floor":10.0,"turns":2.0},{"damage":2.0,"enemies":"3 Sentries","floor":12.0,"turns":3.0},{"damage":10.0,"enemies":"Large Slime","floor":13.0,"turns":5.0},{"damage":0.0,"enemies":"Blue Slaver","floor":14.0,"turns":1.0},{"damage":24.0,"enemies":"Hexaghost","floor":16.0,"turns":7.0},{"damage":0.0,"enemies":"Chosen","floor":18.0,"turns":3.0},{"damage":0.0,"enemies":"Slavers","floor":23.0,"turns":1.0},{"damage":0.0,"enemies":"Book of Stabbing","floor":25.0,"turns":1.0},{"damage":0.0,"enemies":"Spheric Guardian","floor":27.0,"turns":1.0},{"damage":18.0,"enemies":"Snecko","floor":29.0,"turns":4.0},{"damage":0.0,"enemies":"3 Cultists","floor":30.0,"turns":2.0},{"damage":26.0,"enemies":"Slavers","floor":31.0,"turns":2.0},{"damage":68.0,"enemies":"Automaton","floor":33.0,"turns":6.0},{"damage":26.0,"enemies":"Orb Walker","floor":35.0,"turns":4.0},{"damage":9.0,"enemies":"3 Shapes","floor":36.0,"turns":2.0},{"damage":0.0,"enemies":"Nemesis","floor":40.0,"turns":2.0},{"damage":32.0,"enemies":"2 Orb Walkers","floor":41.0,"turns":2.0},{"damage":0.0,"enemies":"Giant Head","floor":46.0,"turns":5.0},{"damage":14.0,"enemies":"Jaw Worm Horde","floor":48.0,"turns":4.0},{"damage":60.0,"enemies":"Awakened One","floor":50.0,"turns":6.0},{"damage":40,"enemies":"Time Eater","floor":51,"turns":5},{"damage":15,"enemies":"Shield and Spear","floor":55,"turns":3},{"damage":102,"enemies":"The Heart","floor":56,"turns":7}],"seed_played":"-4894706655097391853","potions_obtained":[{"floor":4.0,"key":"FearPotion"},{"floor":10.0,"key":"StancePotion"},{"floor":23.0,"key":"SteroidPotion"},{"floor":29.0,"key":"EntropicBrew"},{"floor":36.0,"key":"SteroidPotion"},{"floor":40.0,"key":"DuplicationPotion"},{"floor":46.0,"key":"EntropicBrew"}],"is_trial":false,"path_per_floor":["M","?","?","M","?","R","M","R","T","E","?","E","M","M","R","B",null,"M","$","?","?","$","E","R","E","T","M","$","M","M","E","R","B",null,"M","M","$","?","?","E","?","?","T","$","R","E","R","M","R","B","B",null,"R","$","E","B",null],"character_chosen":"WATCHER","items_purchased":["Membership Card","TeardropLocket","Lantern","Lee\u0027s Waffle","Orrery","FearNoEvil","Sundial","TheAbacus","ClockworkSouvenir","Pen Nib","Strawberry"],"campfire_rested":0,"item_purchase_floors":[19,19,28,37,37,37,44,44,54,54,54],"current_hp_per_floor":[43,43,43,43,43,43,43,43,43,43,43,41,31,31,31,7,48,52,52,52,52,52,54,54,56,56,58,58,42,46,22,22,26,68,46,41,103,103,103,105,75,75,75,75,75,79,79,71,71,38,25,91,91,98,87,27],"gold":48,"neow_bonus":"TRANSFORM_TWO_CARDS","is_daily":false,"chose_seed":false,"campfire_upgraded":8,"win_rate":0.0,"timestamp":1613919747,"path_taken":["M","?","?","M","?","R","M","R","T","E","?","E","M","M","R","BOSS","M","$","?","?","$","E","R","E","T","?","$","M","M","E","R","BOSS","M","M","$","?","?","E","?","?","T","$","R","E","R","M","R","BOSS","BOSS","R","$","E","BOSS"],"items_purchased_type":["Relic","Relic","Relic","Relic","Relic","Card","Relic","Relic","Relic","Relic","Relic"],"build_version":"2020-12-22","purchased_purges":6,"victory":true,"max_hp_per_floor":[68,62,62,62,62,62,62,62,62,62,62,62,62,62,62,62,62,66,66,66,66,66,68,68,70,70,72,72,74,78,80,80,82,82,86,90,103,103,103,105,107,107,107,107,107,109,109,113,113,113,113,113,113,120,122,122],"card_choices":[{"not_picked":["FlurryOfBlows","WindmillStrike","ThirdEye"],"picked":"SKIP","floor":1.0},{"not_picked":["Evaluate","Pray","SashWhip"],"picked":"SKIP","floor":4.0},{"not_picked":["Evaluate","Worship"],"picked":"Indignation","floor":7.0},{"not_picked":["Protect","Prostrate"],"picked":"Vault","floor":10.0},{"not_picked":["CrushJoints","Halt"],"picked":"Wish","floor":12.0},{"not_picked":["EmptyFist","Protect"],"picked":"BowlingBash","floor":13.0},{"not_picked":["Prostrate","MentalFortress"],"picked":"Tantrum","floor":14.0},{"not_picked":["Alpha","MasterReality"],"picked":"DevaForm","floor":16.0},{"not_picked":["Evaluate","Nirvana","CutThroughFate"],"picked":"Singing Bowl","floor":18.0},{"not_picked":["CrushJoints","SashWhip","Evaluate"],"picked":"Singing Bowl","floor":18.0},{"not_picked":["Prostrate+1","CutThroughFate","CrushJoints"],"picked":"Singing Bowl","floor":23.0},{"not_picked":["FollowUp","Prostrate","Evaluate"],"picked":"Singing Bowl","floor":25.0},{"not_picked":["CrushJoints","EmptyBody"],"picked":"TalkToTheHand","floor":27.0},{"not_picked":["DevaForm","FollowUp+1","CarveReality+1"],"picked":"Singing Bowl","floor":27.0},{"not_picked":["Swivel","ThirdEye","Study"],"picked":"Singing Bowl","floor":29.0},{"not_picked":["CarveReality","Prostrate"],"picked":"Adaptation","floor":29.0},{"not_picked":["SandsOfTime","Consecrate","FlyingSleeves"],"picked":"Singing Bowl","floor":30.0},{"not_picked":["JustLucky","CrushJoints","Prostrate"],"picked":"Singing Bowl","floor":30.0},{"not_picked":["PathToVictory","WheelKick","Consecrate"],"picked":"Singing Bowl","floor":31.0},{"not_picked":["DevaForm","Blasphemy","MasterReality"],"picked":"Singing Bowl","floor":33.0},{"not_picked":["Vengeance","CutThroughFate+1","PathToVictory"],"picked":"Singing Bowl","floor":35.0},{"not_picked":["ClearTheMind","PathToVictory","Evaluate+1"],"picked":"Singing Bowl","floor":35.0},{"not_picked":["Meditate","Vengeance","Protect"],"picked":"Singing Bowl","floor":36.0},{"not_picked":["SashWhip","Study","ClearTheMind"],"picked":"Singing Bowl","floor":36.0},{"not_picked":["DeceiveReality","Fasting2","FlyingSleeves"],"picked":"Singing Bowl","floor":37.0},{"not_picked":["Crescendo","ClearTheMind+1"],"picked":"Ragnarok","floor":37.0},{"not_picked":["WheelKick+1","Perseverance","Worship+1"],"picked":"Singing Bowl","floor":37.0},{"not_picked":["DeceiveReality+1","CutThroughFate+1","Tantrum"],"picked":"Singing Bowl","floor":37.0},{"not_picked":["FlurryOfBlows","Weave"],"picked":"Vault","floor":37.0},{"not_picked":["BattleHymn+1","Collect","Conclude+1"],"picked":"Singing Bowl","floor":40.0},{"not_picked":["Crescendo","WaveOfTheHand","ReachHeaven"],"picked":"Singing Bowl","floor":41.0},{"not_picked":["MentalFortress","ThirdEye","FollowUp+1"],"picked":"Singing Bowl","floor":46.0},{"not_picked":["FlurryOfBlows","SignatureMove","ThirdEye+1"],"picked":"Singing Bowl","floor":48.0},{"not_picked":["Collect","Tantrum","EmptyBody"],"picked":"Singing Bowl","floor":48.0},{"not_picked":["Evaluate","SandsOfTime","EmptyFist"],"picked":"Singing Bowl","floor":55}],"player_experience":176483,"relics_obtained":[{"floor":9.0,"key":"Matryoshka"},{"floor":10.0,"key":"Happy Flower"},{"floor":12.0,"key":"Turnip"},{"floor":17.0,"key":"Bag of Marbles"},{"floor":17.0,"key":"Singing Bowl"},{"floor":17.0,"key":"Prayer Wheel"},{"floor":23.0,"key":"PreservedInsect"},{"floor":25.0,"key":"Smiling Mask"},{"floor":26.0,"key":"Vajra"},{"floor":26.0,"key":"Pantograph"},{"floor":31.0,"key":"Ginger"},{"floor":40.0,"key":"Centennial Puzzle"},{"floor":41.0,"key":"CloakClasp"},{"floor":43.0,"key":"War Paint"},{"floor":46.0,"key":"Bag of Preparation"},{"floor":55,"key":"Orichalcum"}],"event_choices":[{"damage_healed":0.0,"max_hp_gain":0.0,"max_hp_loss":6.0,"gold_gain":0.0,"event_name":"Golden Idol","player_choice":"Lose Max HP","floor":2.0,"gold_loss":0.0,"damage_taken":0.0,"relics_obtained":["Golden Idol"]},{"damage_healed":0.0,"max_hp_gain":0.0,"max_hp_loss":0.0,"gold_gain":0.0,"event_name":"Liars Game","player_choice":"Ignored","floor":3.0,"gold_loss":0.0,"damage_taken":0.0},{"cards_removed":["Defend_P"],"damage_healed":0.0,"max_hp_gain":0.0,"max_hp_loss":0.0,"gold_gain":0.0,"event_name":"The Cleric","player_choice":"Card Removal","floor":5.0,"gold_loss":75.0,"damage_taken":0.0},{"cards_removed":["Strike_P"],"damage_healed":0.0,"max_hp_gain":0.0,"max_hp_loss":0.0,"gold_gain":0.0,"event_name":"Living Wall","player_choice":"Forget","floor":11.0,"gold_loss":0.0,"damage_taken":0.0},{"damage_healed":0.0,"max_hp_gain":0.0,"max_hp_loss":0.0,"gold_gain":0.0,"event_name":"The Library","player_choice":"Read","floor":20.0,"gold_loss":0.0,"damage_taken":0.0,"cards_obtained":["Fasting2"]},{"damage_healed":0.0,"max_hp_gain":0.0,"max_hp_loss":0.0,"gold_gain":0.0,"event_name":"Upgrade Shrine","player_choice":"Upgraded","floor":21.0,"gold_loss":0.0,"damage_taken":0.0,"cards_upgraded":["Fasting2"]},{"cards_removed":["Eruption"],"damage_healed":0.0,"max_hp_gain":0.0,"max_hp_loss":0.0,"gold_gain":0.0,"event_name":"Falling","player_choice":"Removed Attack","floor":38.0,"gold_loss":0.0,"damage_taken":0.0},{"damage_healed":0.0,"max_hp_gain":0.0,"max_hp_loss":0.0,"gold_gain":333.0,"event_name":"The Moai Head","player_choice":"Gave Idol","floor":39.0,"relics_lost":["Golden Idol"],"gold_loss":0.0,"damage_taken":0.0},{"damage_healed":0.0,"max_hp_gain":0.0,"max_hp_loss":0.0,"gold_gain":0.0,"event_name":"Mysterious Sphere","player_choice":"Fight","floor":41.0,"gold_loss":0.0,"damage_taken":0.0},{"damage_healed":0.0,"max_hp_gain":0.0,"max_hp_loss":0.0,"gold_gain":0.0,"event_name":"WeMeetAgain","player_choice":"Gave Potion","floor":42.0,"gold_loss":0.0,"damage_taken":0.0,"relics_obtained":["Blood Vial"]}],"is_beta":false,"boss_relics":[{"not_picked":["Runic Pyramid","Busted Crown"],"picked":"Calling Bell"},{"not_picked":["Runic Dome","Velvet Choker"],"picked":"SlaversCollar"}],"items_purged_floors":[19,28,37,44,44,54],"is_endless":false,"potions_floor_spawned":[4,10,12,23,29,36,40,46,48],"ascension_level":20}}