{"host":"1vy6j31128f61x2z","time":1613936812,"event":{"mods":["AchievementEnabler","BaseMod","Colored Powertips","Minty Spire (QoL Compilation)","Permanent Neow"],"gold_per_floor":[111,111,61,136,63,92,92,119,167,55,55,96,119,143,143,143,143],"floor_reached":16,"language":"ENG","playtime":605,"items_purged":[],"score":148,"play_id":"25519567-aed2-4ce2-ba2f-f5207d14d0de","local_time":"20210221144652","is_ascension_mode":true,"campfire_choices":[{"data":"DeusExMachina","floor":7,"key":"SMITH"},{"data":"Eruption","floor":11,"key":"SMITH"},{"data":"ThirdEye","floor":15,"key":"SMITH"}],"circlet_count":0,"master_deck":["Strike_P","Strike_P","Strike_P","Defend_P","Defend_P","Defend_P","Eruption+1","Vigilance","Consecrate","DeusExMachina+1","Wallop","Vengeance","ThirdEye+1","CutThroughFate","BattleHymn","EmptyFist","JustLucky","CutThroughFate"],"relics":["SacredBark","InkBottle","Oddly Smooth Stone","CeramicFish","Bird Faced Urn"],"acts_visited":["Exordium"],"potions_floor_usage":[8,8],"damage_taken":[{"damage":8,"enemies":"Jaw Worm","floor":1,"turns":5},{"damage":19,"enemies":"3 Sentries","floor":6,"turns":8},{"damage":13,"enemies":"Gremlin Nob","floor":8,"turns":3},{"damage":0,"enemies":"Lagavulin","floor":12,"turns":3},{"damage":0,"enemies":"2 Louse","floor":13,"turns":2},{"damage":0,"enemies":"Small Slimes","floor":14,"turns":3},{"damage":16,"enemies":"The Guardian","floor":16,"turns":4}],"seed_played":"4579072503062536419","potions_obtained":[{"floor":1,"key":"DuplicationPotion"},{"floor":6,"key":"Dexterity Potion"},{"floor":12,"key":"DuplicationPotion"},{"floor":14,"key":"Weak Potion"}],"is_trial":false,"path_per_floor":["M","?","?","?","$","E","R","E","T","$","R","E","M","M","R","B"],"character_chosen":"WATCHER","items_purchased":["DeusExMachina","ThirdEye","CutThroughFate","BattleHymn"],"campfire_rested":0,"item_purchase_floors":[5,10,10,10],"current_hp_per_floor":[64,57,57,46,46,27,27,14,14,14,14,14,14,14,14,0,0],"gold":143,"neow_bonus":"BOSS_RELIC","is_daily":false,"chose_seed":false,"campfire_upgraded":3,"win_rate":0.0,"timestamp":1613936812,"path_taken":["M","?","?","?","$","E","R","E","T","?","R","E","M","?","R","BOSS"],"items_purchased_type":["Card","Card","Card","Card"],"build_version":"2020-12-22","purchased_purges":0,"victory":false,"max_hp_per_floor":[72,72,72,72,72,72,72,72,72,72,72,72,72,72,72,72,72],"card_choices":[{"not_picked":["Fasting2","Vengeance"],"picked":"Consecrate","floor":1},{"not_picked":["MentalFortress","ClearTheMind"],"picked":"Wallop","floor":6},{"not_picked":["Fasting2","WheelKick"],"picked":"Vengeance","floor":8},{"not_picked":["Perseverance","EmptyBody"],"picked":"EmptyFist","floor":12},{"not_picked":["FlyingSleeves","Fasting2"],"picked":"JustLucky","floor":13},{"not_picked":["Swivel","FlurryOfBlows"],"picked":"CutThroughFate","floor":14}],"player_experience":103075,"relics_obtained":[{"floor":6,"key":"InkBottle"},{"floor":8,"key":"Oddly Smooth Stone"},{"floor":9,"key":"CeramicFish"},{"floor":12,"key":"Bird Faced Urn"}],"event_choices":[{"cards_removed":["Defend_P"],"damage_healed":0,"gold_gain":0,"player_choice":"Card Removal","damage_taken":7,"max_hp_gain":0,"max_hp_loss":0,"event_name":"Golden Wing","floor":2,"gold_loss":0},{"cards_removed":["Strike_P"],"damage_healed":0,"gold_gain":0,"player_choice":"Card Removal","damage_taken":0,"max_hp_gain":0,"max_hp_loss":0,"event_name":"The Cleric","floor":3,"gold_loss":50},{"damage_healed":0,"gold_gain":75,"player_choice":"Gather Gold","damage_taken":11,"max_hp_gain":0,"max_hp_loss":0,"event_name":"World of Goop","floor":4,"gold_loss":0}],"is_beta":false,"boss_relics":[],"items_purged_floors":[],"is_endless":false,"potions_floor_spawned":[1,6,12,14],"killed_by":"The Guardian","ascension_level":1}}