{"host":"8ztb9kwpjc2zof9s","time":1613888235,"event":{"mods":["BaseMod","Block Reminder","Curses Come First","Minty Spire (QoL Compilation)","Relic Stats","StSLib"],"gold_per_floor":[109,125,125,54,129,160,160,193,272,272,292,326,30,17,17,91,91,103,26,26,26,0,0,0,0],"floor_reached":24,"language":"ENG","playtime":736,"items_purged":["Strike_G"],"score":400,"play_id":"9804b927-0a20-4f09-aa9d-f3c03aad492f","local_time":"20210220221715","is_ascension_mode":true,"campfire_choices":[{"data":"Leg Sweep","floor":7,"key":"SMITH"},{"floor":10,"key":"REST"},{"floor":15,"key":"REST"},{"data":"Noxious Fumes","floor":23,"key":"SMITH"}],"circlet_count":0,"master_deck":["AscendersBane","Strike_G","Strike_G","Defend_G","Defend_G","Defend_G","Defend_G","Defend_G","Survivor","Neutralize","Infinite Blades+1","Prepared","Leg Sweep+1","Acrobatics","After Image","Noxious Fumes+1","Prepared","Corpse Explosion","Well Laid Plans","Noxious Fumes","Noxious Fumes","Flying Knee","Doppelganger","Terror","Outmaneuver"],"relics":["Ring of the Snake","NeowsBlessing","Smiling Mask","Paper Crane","Bottled Tornado","The Courier","Empty Cage"],"acts_visited":["Exordium","TheCity"],"potions_floor_usage":[8,14,16,24],"damage_taken":[{"damage":0,"enemies":"Jaw Worm","floor":1,"turns":1},{"damage":0,"enemies":"Cultist","floor":2,"turns":1},{"damage":0,"enemies":"Lagavulin","floor":6,"turns":1},{"damage":39,"enemies":"Gremlin Nob","floor":8,"turns":6},{"damage":7,"enemies":"2 Louse","floor":11,"turns":4},{"damage":2,"enemies":"Lagavulin","floor":12,"turns":9},{"damage":8,"enemies":"Exordium Thugs","floor":14,"turns":5},{"damage":25,"enemies":"The Guardian","floor":16,"turns":9},{"damage":2,"enemies":"3 Byrds","floor":18,"turns":6},{"damage":52,"enemies":"Gremlin Leader","floor":24,"turns":4}],"seed_played":"5255291419018460368","potions_obtained":[{"floor":2,"key":"Strength Potion"},{"floor":11,"key":"Swift Potion"},{"floor":14,"key":"CultistPotion"},{"floor":16,"key":"Ancient Potion"}],"is_trial":false,"path_per_floor":["M","M","?","$","?","E","R","E","T","R","M","E","$","M","R","B",null,"M","$","?","$","?","R","E"],"character_chosen":"THE_SILENT","items_purchased":["Leg Sweep","Corpse Explosion","Well Laid Plans","Noxious Fumes","Noxious Fumes","Terror"],"campfire_rested":2,"item_purchase_floors":[4,13,13,13,13,19],"current_hp_per_floor":[59,59,59,59,48,48,48,9,9,28,21,19,19,11,30,5,51,49,49,49,49,49,49,0,0],"gold":0,"neow_bonus":"THREE_ENEMY_KILL","is_daily":false,"chose_seed":false,"campfire_upgraded":2,"win_rate":0.0,"timestamp":1613888235,"path_taken":["M","M","?","?","?","E","R","E","T","R","M","E","$","?","R","BOSS","M","$","?","$","?","R","E"],"items_purchased_type":["Card","Card","Card","Card","Card","Card"],"build_version":"2020-12-22","purchased_purges":1,"victory":false,"max_hp_per_floor":[66,66,66,66,66,66,66,66,66,66,66,66,66,66,66,66,66,66,66,66,66,66,66,66,66],"relic_stats":{"counters":[10,46],"Smiling Mask":10,"obtain_stats":[{"NeowsBlessing":0,"The Courier":12,"Paper Crane":8,"Bottled Tornado":9,"Smiling Mask":6,"Empty Cage":17,"Ring of the Snake":0},{"NeowsBlessing":0,"The Courier":6,"Paper Crane":4,"Bottled Tornado":4,"Smiling Mask":3,"Empty Cage":8,"Ring of the Snake":0},{"NeowsBlessing":0,"The Courier":22,"Paper Crane":9,"Bottled Tornado":9,"Smiling Mask":3,"Empty Cage":36,"Ring of the Snake":0}],"Ring of the Snake":[20]},"card_choices":[{"not_picked":["Poisoned Stab","Dagger Throw"],"picked":"Infinite Blades","floor":1},{"not_picked":["Sucker Punch","Night Terror"],"picked":"Prepared","floor":2},{"not_picked":["Deflect","Slice"],"picked":"Acrobatics","floor":6},{"not_picked":["Bouncing Flask","Acrobatics"],"picked":"After Image","floor":8},{"not_picked":["PiercingWail","Dodge and Roll"],"picked":"Noxious Fumes","floor":11},{"not_picked":["Poisoned Stab","Underhanded Strike"],"picked":"Prepared","floor":12},{"not_picked":["Dagger Spray","Prepared"],"picked":"Flying Knee","floor":14},{"not_picked":["Bullet Time","Phantasmal Killer"],"picked":"Doppelganger","floor":16},{"not_picked":["Choke","Flying Knee","Dagger Throw"],"picked":"SKIP","floor":18}],"player_experience":369929,"relics_obtained":[{"floor":6,"key":"Smiling Mask"},{"floor":8,"key":"Paper Crane"},{"floor":9,"key":"Bottled Tornado"},{"floor":12,"key":"The Courier"}],"event_choices":[{"damage_healed":0,"gold_gain":0,"player_choice":"Upgraded","damage_taken":0,"max_hp_gain":0,"max_hp_loss":0,"event_name":"Upgrade Shrine","floor":3,"gold_loss":0,"cards_upgraded":["Infinite Blades"]},{"damage_healed":0,"gold_gain":75,"player_choice":"Gather Gold","damage_taken":11,"max_hp_gain":0,"max_hp_loss":0,"event_name":"World of Goop","floor":5,"gold_loss":0},{"damage_healed":0,"gold_gain":0,"player_choice":"Read","damage_taken":0,"max_hp_gain":0,"max_hp_loss":0,"event_name":"The Library","floor":20,"gold_loss":0,"cards_obtained":["Outmaneuver"]},{"damage_healed":0,"gold_gain":0,"player_choice":"Paid Fearfully","damage_taken":0,"max_hp_gain":0,"max_hp_loss":0,"event_name":"Masked Bandits","floor":22,"gold_loss":26}],"is_beta":false,"boss_relics":[{"not_picked":["Fusion Hammer","Snecko Eye"],"picked":"Empty Cage"}],"items_purged_floors":[19],"is_endless":false,"potions_floor_spawned":[2,11,14,16],"killed_by":"Gremlin Leader","ascension_level":14}}