{"host":"tyn27qd7gau91f81","time":1613879514,"event":{"mods":["BaseMod","Colored Map","Minty Spire (QoL Compilation)","Permanent Neow","Relic Stats","StSLib","everything is the same but u backflip on backflip"],"gold_per_floor":[117,130,80,150,150,150,161,161,161,196,214,239,239,239,239,340,340,354,354,368,368,54,54,54,88,157,37,137,165,178,178,178,279,279,292,306,306,59,75,100,120,120,120,120,120,120,120,149,149,149,149],"floor_reached":50,"language":"ENG","playtime":7483,"items_purged":[],"score":567,"play_id":"95d64ee9-fbab-4d5c-83de-9f622bca1e45","local_time":"20210220195154","is_ascension_mode":false,"campfire_choices":[{"data":"Perfected Strike","floor":6,"key":"SMITH"},{"data":"Shockwave","floor":8,"key":"SMITH"},{"data":"Bash","floor":13,"key":"SMITH"},{"floor":15,"key":"REST"},{"data":"Perfected Strike","floor":23,"key":"SMITH"},{"data":"Offering","floor":32,"key":"SMITH"},{"floor":45,"key":"RECALL"},{"data":"Flame Barrier","floor":47,"key":"SMITH"},{"data":"Pommel Strike","floor":49,"key":"SMITH"}],"circlet_count":0,"master_deck":["Strike_R","Strike_R","Strike_R","Strike_R","Strike_R","Defend_R","Defend_R","Defend_R","Bash+1","Perfected Strike+1","Wild Strike","Shockwave+1","Cleave","Pommel Strike+1","Offering+1","Wild Strike","Perfected Strike+1","Flame Barrier+1","Pommel Strike+1","Wild Strike","Pommel Strike+1","Offering+1","Wild Strike","Disarm+1","Twin Strike","Apotheosis+1","PanicButton+1","Metamorphosis+1","Second Wind+1"],"relics":["Burning Blood","Champion Belt","The Courier","Ginger","Matryoshka","Bag of Marbles","Gambling Chip","Runic Cube","Enchiridion","Magic Flower","Ice Cream","Toxic Egg 2","Sundial","Oddly Smooth Stone","Turnip","Letter Opener","Toy Ornithopter","Snecko Eye","Bottled Flame","StrikeDummy","Boot","Bottled Lightning"],"acts_visited":["Exordium","TheCity","TheBeyond"],"potions_floor_usage":[29,50,50,50],"damage_taken":[{"damage":7,"enemies":"2 Louse","floor":1,"turns":3},{"damage":8,"enemies":"Jaw Worm","floor":2,"turns":5},{"damage":10,"enemies":"Small Slimes","floor":7,"turns":2},{"damage":8,"enemies":"Gremlin Nob","floor":10,"turns":3},{"damage":14,"enemies":"Exordium Thugs","floor":11,"turns":3},{"damage":21,"enemies":"Lagavulin","floor":12,"turns":6},{"damage":31,"enemies":"The Guardian","floor":16,"turns":9},{"damage":1,"enemies":"Chosen","floor":18,"turns":4},{"damage":6,"enemies":"3 Byrds","floor":20,"turns":3},{"damage":39,"enemies":"Gremlin Leader","floor":25,"turns":6},{"damage":11,"enemies":"Colosseum Slavers","floor":28,"turns":2},{"damage":22,"enemies":"Colosseum Nobs","floor":28,"turns":3},{"damage":15,"enemies":"Slavers","floor":29,"turns":3},{"damage":0,"enemies":"Cultist and Chosen","floor":30,"turns":3},{"damage":124,"enemies":"Automaton","floor":33,"turns":9},{"damage":12,"enemies":"3 Darklings","floor":35,"turns":2},{"damage":6,"enemies":"Orb Walker","floor":36,"turns":1},{"damage":20,"enemies":"Jaw Worm Horde","floor":39,"turns":3},{"damage":12,"enemies":"Reptomancer","floor":40,"turns":2},{"damage":18,"enemies":"Maw","floor":41,"turns":3},{"damage":9,"enemies":"Giant Head","floor":48,"turns":6},{"damage":78,"enemies":"Awakened One","floor":50,"turns":7}],"seed_played":"-7264818494868944049","potions_obtained":[{"floor":2,"key":"FairyPotion"},{"floor":7,"key":"Swift Potion"},{"floor":11,"key":"PowerPotion"},{"floor":16,"key":"BloodPotion"},{"floor":30,"key":"BlessingOfTheForge"},{"floor":36,"key":"Weak Potion"}],"is_trial":false,"path_per_floor":["M","M","?","T","?","R","M","R","T","E","M","E","R","?","R","B",null,"M","?","M","?","$","R","$","E","T","$","?","E","M","?","R","B",null,"M","M","?","$","M","E","M","$","T","?","R","?","R","E","R","B"],"character_chosen":"IRONCLAD","items_purchased":["Flame Barrier","Magic Flower","Oddly Smooth Stone","Bottled Flame","Twin Strike"],"campfire_rested":1,"item_purchase_floors":[22,22,27,38,38],"current_hp_per_floor":[55,53,53,53,46,46,42,42,42,40,32,17,17,17,41,16,80,80,64,64,64,64,64,64,34,34,34,19,37,46,46,46,11,80,77,80,80,80,69,66,57,57,57,47,47,47,47,47,47,0,0],"gold":149,"neow_bonus":"ONE_RARE_RELIC","is_daily":false,"chose_seed":false,"campfire_upgraded":7,"win_rate":0.0,"timestamp":1613879514,"path_taken":["M","M","?","?","?","R","M","R","T","E","M","E","R","?","R","BOSS","M","?","M","?","$","R","$","E","T","?","?","E","M","?","R","BOSS","M","M","?","$","M","E","?","$","T","?","R","?","R","E","R","BOSS"],"items_purchased_type":["Card","Relic","Relic","Relic","Card"],"build_version":"2020-12-22","purchased_purges":0,"victory":false,"max_hp_per_floor":[80,80,80,80,80,80,80,80,80,80,80,80,80,80,80,80,80,80,80,80,80,80,80,80,80,80,80,80,80,80,80,80,80,80,80,80,80,80,80,80,80,80,80,80,80,80,80,80,80,80,80],"relic_stats":{"counters":[22,88],"Magic Flower":[65],"Ginger":[8],"Letter Opener":[10],"Boot":[0],"Burning Blood":157,"Sundial":[8],"Gambling Chip":[56],"Snecko Eye":[57,61,59,69],"Turnip":[3],"Champion Belt":[65],"obtain_stats":[{"Ice Cream":25,"Enchiridion":19,"Magic Flower":22,"Oddly Smooth Stone":27,"The Courier":4,"Ginger":5,"Letter Opener":28,"Boot":43,"Burning Blood":0,"Bottled Flame":38,"Matryoshka":9,"Sundial":26,"Gambling Chip":12,"Snecko Eye":34,"Turnip":28,"Bag of Marbles":10,"Champion Belt":0,"Bottled Lightning":48,"Toxic Egg 2":26,"StrikeDummy":40,"Toy Ornithopter":29,"Runic Cube":17},{"Ice Cream":10,"Enchiridion":8,"Magic Flower":9,"Oddly Smooth Stone":10,"The Courier":2,"Ginger":2,"Letter Opener":12,"Boot":20,"Burning Blood":0,"Bottled Flame":17,"Matryoshka":3,"Sundial":10,"Gambling Chip":6,"Snecko Eye":15,"Turnip":12,"Bag of Marbles":4,"Champion Belt":0,"Bottled Lightning":21,"Toxic Egg 2":10,"StrikeDummy":19,"Toy Ornithopter":13,"Runic Cube":7},{"Ice Cream":44,"Enchiridion":35,"Magic Flower":38,"Oddly Smooth Stone":44,"The Courier":8,"Ginger":8,"Letter Opener":49,"Boot":75,"Burning Blood":0,"Bottled Flame":67,"Matryoshka":10,"Sundial":44,"Gambling Chip":22,"Snecko Eye":64,"Turnip":49,"Bag of Marbles":13,"Champion Belt":0,"Bottled Lightning":81,"Toxic Egg 2":44,"StrikeDummy":72,"Toy Ornithopter":52,"Runic Cube":31}],"Toy Ornithopter":24,"Runic Cube":[43]},"card_choices":[{"not_picked":["Havoc","Twin Strike"],"picked":"Perfected Strike","floor":1},{"not_picked":["Thunderclap","Body Slam"],"picked":"Wild Strike","floor":2},{"not_picked":["Iron Wave","Ghostly Armor"],"picked":"Shockwave","floor":7},{"not_picked":["Fire Breathing","Battle Trance"],"picked":"Cleave","floor":10},{"not_picked":["Heavy Blade","Warcry"],"picked":"Pommel Strike","floor":11},{"not_picked":["Heavy Blade","Burning Pact","Entrench"],"picked":"SKIP","floor":12},{"not_picked":["Barricade","Impervious"],"picked":"Offering","floor":16},{"not_picked":["Blood for Blood","Warcry","Thunderclap"],"picked":"SKIP","floor":18},{"not_picked":["Feel No Pain","Battle Trance+1"],"picked":"Wild Strike","floor":20},{"not_picked":["Infernal Blade","Clothesline+1"],"picked":"Pommel Strike+1","floor":25},{"not_picked":["Second Wind+1","Havoc+1"],"picked":"Wild Strike","floor":28},{"not_picked":["Havoc+1","Thunderclap"],"picked":"Pommel Strike","floor":29},{"not_picked":["Bloodletting+1","Flex+1","Uppercut"],"picked":"SKIP","floor":30},{"not_picked":["Bludgeon","Limit Break+1"],"picked":"Offering+1","floor":33},{"not_picked":["Flex+1","Uppercut+1"],"picked":"Wild Strike","floor":35},{"not_picked":["Body Slam+1","Metallicize"],"picked":"Disarm+1","floor":36},{"not_picked":["Fire Breathing+1","Clash","Sentinel+1"],"picked":"SKIP","floor":39},{"not_picked":["Fiend Fire","Searing Blow","Whirlwind"],"picked":"SKIP","floor":40},{"not_picked":["Armaments+1","Headbutt","Disarm+1"],"picked":"SKIP","floor":41},{"not_picked":["Metamorphosis+1","Thinking Ahead+1"],"picked":"Apotheosis+1","floor":44},{"not_picked":["Deep Breath+1","Forethought+1"],"picked":"PanicButton+1","floor":44},{"not_picked":["Panache","Purity+1"],"picked":"Metamorphosis+1","floor":44},{"not_picked":["Warcry+1","Clothesline+1"],"picked":"Second Wind+1","floor":48}],"player_experience":2185106,"relics_obtained":[{"floor":4,"key":"The Courier"},{"floor":9,"key":"Matryoshka"},{"floor":10,"key":"Bag of Marbles"},{"floor":12,"key":"Gambling Chip"},{"floor":19,"key":"Enchiridion"},{"floor":25,"key":"Ice Cream"},{"floor":26,"key":"Toxic Egg 2"},{"floor":26,"key":"Sundial"},{"floor":28,"key":"Turnip"},{"floor":28,"key":"Letter Opener"},{"floor":29,"key":"Toy Ornithopter"},{"floor":40,"key":"StrikeDummy"},{"floor":43,"key":"Boot"},{"floor":48,"key":"Bottled Lightning"}],"event_choices":[{"cards_removed":["Defend_R"],"damage_healed":0,"gold_gain":0,"player_choice":"Card Removal","damage_taken":0,"max_hp_gain":0,"max_hp_loss":0,"event_name":"The Cleric","floor":3,"gold_loss":50},{"damage_healed":0,"gold_gain":0,"player_choice":"Success","damage_taken":7,"relics_obtained":["Ginger"],"max_hp_gain":0,"max_hp_loss":0,"event_name":"Scrap Ooze","floor":5,"gold_loss":0},{"damage_healed":0,"gold_gain":0,"player_choice":"Forge","damage_taken":0,"max_hp_gain":0,"max_hp_loss":0,"event_name":"Accursed Blacksmith","floor":14,"gold_loss":0,"cards_upgraded":["Pommel Strike"]},{"damage_healed":0,"gold_gain":0,"player_choice":"Obtained Book","damage_taken":16,"max_hp_gain":0,"max_hp_loss":0,"event_name":"Cursed Tome","floor":19,"gold_loss":0},{"damage_healed":0,"gold_gain":0,"player_choice":"Read","damage_taken":0,"max_hp_gain":0,"max_hp_loss":0,"event_name":"The Library","floor":21,"gold_loss":0,"cards_obtained":["Perfected Strike"]},{"damage_healed":0,"gold_gain":0,"player_choice":"Fight","damage_taken":0,"max_hp_gain":0,"max_hp_loss":0,"event_name":"Colosseum","floor":28,"gold_loss":0},{"damage_healed":0,"gold_gain":0,"player_choice":"Fought Nobs","damage_taken":0,"max_hp_gain":0,"max_hp_loss":0,"event_name":"Colosseum","floor":28,"gold_loss":0},{"damage_healed":0,"gold_gain":0,"player_choice":"Ignored","damage_taken":0,"max_hp_gain":0,"max_hp_loss":0,"event_name":"Vampires","floor":31,"gold_loss":0},{"damage_healed":0,"gold_gain":0,"player_choice":"Bought 0 Potions","damage_taken":0,"max_hp_gain":0,"max_hp_loss":0,"event_name":"The Woman in Blue","floor":37,"gold_loss":0},{"damage_healed":0,"gold_gain":0,"player_choice":"Memory 3","damage_taken":10,"max_hp_gain":0,"max_hp_loss":0,"event_name":"SensoryStone","floor":44,"gold_loss":0},{"damage_healed":0,"gold_gain":0,"player_choice":"Ignored","damage_taken":0,"max_hp_gain":0,"max_hp_loss":0,"event_name":"SecretPortal","floor":46,"gold_loss":0}],"is_beta":false,"boss_relics":[{"not_picked":["Ectoplasm","Tiny House"],"picked":"Runic Cube"},{"not_picked":["Astrolabe","Runic Dome"],"picked":"Snecko Eye"}],"items_purged_floors":[],"is_endless":false,"potions_floor_spawned":[2,7,11,16,20,25,28,30,36,39,40],"killed_by":"Awakened One","ascension_level":0}}