{"host":"cr9rpoy6dx9riis3","time":1613936836,"event":{"mods":["AchievementEnabler","BaseMod","Better Altar","Better Note","Better Sensory Stone","Better Skull","Better Third Choice","Better-Laid Plans","BetterRewards","Block Reminder","Curses Come First","Displayed Cursed Tome","Emptier Cage","Marked Mod","Minty Spire (QoL Compilation)","Permanent Neow","Relic Sorter","StSLib","The Blue Laboratory","Transform Curses"],"gold_per_floor":[116,116,126,142,157,157,191,191,218,218,23,23,33,68,68,68,68],"floor_reached":16,"language":"ENG","playtime":568,"items_purged":["Defend_G"],"score":200,"play_id":"edec59e4-b143-4e40-8845-793a8ce1f036","local_time":"20210221204716","is_ascension_mode":true,"campfire_choices":[{"data":"Sucker Punch","floor":6,"key":"SMITH"},{"floor":8,"key":"REST"},{"data":"Survivor","floor":10,"key":"SMITH"},{"data":"Glass Knife","floor":15,"key":"SMITH"}],"circlet_count":0,"master_deck":["Strike_G","Strike_G","Strike_G","Strike_G","Strike_G","Defend_G","Defend_G","Defend_G","Survivor+1","Neutralize","Sucker Punch+1","Glass Knife+1"],"relics":["Ring of the Snake","Lee\u0027s Waffle","Smiling Mask","Art of War","Paper Crane"],"acts_visited":["Exordium"],"potions_floor_usage":[7,7,7,7,14,16],"damage_taken":[{"damage":0,"enemies":"2 Louse","floor":1,"turns":4},{"damage":1,"enemies":"Jaw Worm","floor":3,"turns":7},{"damage":0,"enemies":"Cultist","floor":4,"turns":4},{"damage":8,"enemies":"3 Louse","floor":5,"turns":4},{"damage":41,"enemies":"3 Sentries","floor":7,"turns":13},{"damage":0,"enemies":"2 Fungi Beasts","floor":13,"turns":4},{"damage":16,"enemies":"Lagavulin","floor":14,"turns":6},{"damage":66,"enemies":"Hexaghost","floor":16,"turns":14}],"seed_played":"-7514139737550494643","potions_obtained":[{"floor":5,"key":"EntropicBrew"},{"floor":7,"key":"Strength Potion"},{"floor":14,"key":"Swift Potion"}],"is_trial":false,"path_per_floor":["M","?","M","M","M","R","E","R","T","R","$","?","M","E","R","B"],"character_chosen":"THE_SILENT","items_purchased":["Paper Crane","Lee\u0027s Waffle"],"campfire_rested":1,"item_purchase_floors":[0,11],"current_hp_per_floor":[61,54,53,53,45,45,4,25,25,25,77,77,77,61,61,0,0],"gold":68,"neow_bonus":"","is_daily":false,"chose_seed":false,"campfire_upgraded":3,"win_rate":0.0,"timestamp":1613936836,"path_taken":["M","?","M","M","M","R","E","R","T","R","$","?","M","E","R","BOSS"],"items_purchased_type":["Relic","Relic"],"build_version":"2020-12-22","purchased_purges":1,"victory":false,"max_hp_per_floor":[70,70,70,70,70,70,70,70,70,70,77,77,77,77,77,77,77],"card_choices":[{"not_picked":["Prepared","Outmaneuver","PiercingWail"],"picked":"SKIP","floor":1},{"not_picked":["Outmaneuver","Flying Knee","All Out Attack"],"picked":"SKIP","floor":3},{"not_picked":["Outmaneuver","Acrobatics"],"picked":"Sucker Punch","floor":4},{"not_picked":["Reflex","Finisher","Quick Slash"],"picked":"SKIP","floor":5},{"not_picked":["Envenom","Crippling Poison","Dodge and Roll"],"picked":"SKIP","floor":7},{"not_picked":["PiercingWail","Deadly Poison","Finisher"],"picked":"SKIP","floor":13},{"not_picked":["Prepared","Bane"],"picked":"Glass Knife","floor":14}],"player_experience":769843,"relics_obtained":[{"floor":7,"key":"Smiling Mask"},{"floor":14,"key":"Art of War"}],"event_choices":[{"cards_removed":["Defend_G"],"damage_healed":0,"gold_gain":0,"player_choice":"Card Removal","damage_taken":7,"max_hp_gain":0,"max_hp_loss":0,"event_name":"Golden Wing","floor":2,"gold_loss":0},{"damage_healed":0,"gold_gain":0,"player_choice":"Ignored","damage_taken":0,"max_hp_gain":0,"max_hp_loss":0,"event_name":"Golden Idol","floor":12,"gold_loss":0}],"is_beta":false,"boss_relics":[],"items_purged_floors":[11],"is_endless":false,"potions_floor_spawned":[5,7,14],"killed_by":"Hexaghost","ascension_level":5}}