{"host":"4a6fro0of1ie0h2w","time":1613932781,"event":{"mods":["Aspiration","BaseMod","CCEM2","Colored Map","Conspire","Downfall","GifTheSpireLib","Halation","Highlight Path","Hubris","Infinite Spire","Marisa????????","Minty Spire (QoL Compilation)","Permanent Neow","Replay The Spire","StSLib","Stuff the Spire","The Servant 0.9.4"],"gold_per_floor":[99,113,129,129,144,169,169,169,29,29,29,56,72,180,195,296,296,196,208,0,10,24,24,24,156,156,272,272,272,272,290,304,405,405,205,225,225,240,255,359,383,401,401,419,419,435,262,362,381,381,381,505,32,32,127,231],"floor_reached":57,"language":"ENG","playtime":3535,"items_purged":["champ:Defend","Injury","champ:Defend","champ:Strike"],"score":1564,"play_id":"d6fb1bee-1885-4e91-add6-1fa017a30305","local_time":"20210221203941","is_ascension_mode":true,"campfire_choices":[{"data":"champ:Taunt","floor":1,"key":"SMITH"},{"data":"champ:MurderStrike","floor":8,"key":"SMITH"},{"floor":10,"key":"REST"},{"floor":18,"key":"RECALL"},{"data":"champ:Improvising","floor":23,"key":"SMITH"},{"data":"ReplayTheSpireMod:Black Plague","floor":35,"key":"SMITH"},{"data":"champ:GutPunch","floor":43,"key":"SMITH"},{"data":"expansioncontent:StudyTheSpire","floor":54,"key":"SMITH"}],"circlet_count":0,"master_deck":["champ:Strike","champ:Strike","champ:Strike","champ:Defend","champ:Defend","champ:Execute","champ:Taunt+1","champ:MurderStrike+1","champ:Backstep","champ:Encircle","champ:PerfectedStrike","Pot Of Greed","Pot Of Greed","champ:EnGarde","champ:IronFortress","champ:GutPunch+1","champ:Haymaker+1","champ:RageSigil","champ:ShieldWall","champ:EnGarde","champ:Improvising+1","CurseOfTheBell","Pot Of Greed","champ:ShieldSlam+1","champ:Backstep+1","champ:FlashCut+1","champ:ArenaPreparation","ReplayTheSpireMod:Black Plague+1","champ:PreciseThrust+1","champ:GutPunch+1","champ:SteelEdge+1","champ:RapidStrikes+1","champ:PreciseThrust+1","champ:PreciseThrust+1","champ:StanceDance","Pot Of Greed","infinitespire:Gouge+1","champ:LastStand","champ:EnGarde+1","expansioncontent:StudyTheSpire+1","champ:BerserkerStyle","champ:LastStand","champ:VampiricStrike+1"],"relics":["champ:ChampionCrown","downfall:ShatteredFragment","Grinning Jar","Molten Egg 2","StuffTheSpire:TintedRock","halation:Pancakes","Calling Bell","infinitespire:Broken Mirror","Incense Burner","CCEMRelics:LatexGloves","downfall:HeartBlessingBlue","halation:PromiseList","Mirror","TungstenRod","champ:DefensiveTrainingManual","StuffTheSpire:MayFlowers","CCEMRelics:CanOfSoda","hexamod:BolsterEngine","hubris:VirtuousBlindfold","downfall:HeartBlessingRed","downfall:HeartBlessingGreen","champ:GladiatorsBookOfMartialProwess","MealTicket","hubris:SlimyHat","Strawberry","conspire:GiftBox","conspire:DeflatedDodgeball","halation:LettersToHer"],"acts_visited":["Exordium","TheCity","TheBeyond","TheEnding"],"potions_floor_usage":[14,16,19,19,33,36,47,48,48,50,50],"damage_taken":[{"damage":10,"enemies":"Small Slimes","floor":2,"turns":4},{"damage":11,"enemies":"2 Louse","floor":3,"turns":3},{"damage":22,"enemies":"Jaw Worm","floor":5,"turns":4},{"damage":7,"enemies":"3 Sentries","floor":6,"turns":7},{"damage":0,"enemies":"downfall:FleeingMerchant","floor":9,"turns":4},{"damage":36,"enemies":"Lagavulin","floor":12,"turns":4},{"damage":0,"enemies":"Large Slime","floor":13,"turns":3},{"damage":13,"enemies":"Gremlin Nob","floor":14,"turns":4},{"damage":2,"enemies":"Red Slaver","floor":15,"turns":3},{"damage":35,"enemies":"DF_ARCHETYPE_STREAMLINE","floor":16,"turns":8},{"damage":21,"enemies":"conspire:FuzzyDice","floor":19,"turns":5},{"damage":0,"enemies":"downfall:FleeingMerchant","floor":20,"turns":4},{"damage":15,"enemies":"3 Byrds","floor":21,"turns":5},{"damage":28,"enemies":"Shelled Parasite and Fungi","floor":22,"turns":6},{"damage":16,"enemies":"Book of Stabbing","floor":25,"turns":6},{"damage":38,"enemies":"Gremlin Leader","floor":27,"turns":6},{"damage":9,"enemies":"3 Cultists","floor":31,"turns":4},{"damage":12,"enemies":"conspire:HollyBat","floor":32,"turns":6},{"damage":15,"enemies":"SI_MIRROR_ARCHETYPE","floor":33,"turns":7},{"damage":10,"enemies":"3 Darklings","floor":36,"turns":3},{"damage":0,"enemies":"3 Shapes","floor":38,"turns":3},{"damage":13,"enemies":"Writhing Mass","floor":39,"turns":4},{"damage":12,"enemies":"Nemesis","floor":40,"turns":5},{"damage":25,"enemies":"Transient","floor":42,"turns":5},{"damage":4,"enemies":"Maw","floor":44,"turns":6},{"damage":24,"enemies":"3 Darklings","floor":46,"turns":5},{"damage":4,"enemies":"downfall:FleeingMerchant","floor":47,"turns":4},{"damage":11,"enemies":"infinitespire:Three Voidlings","floor":48,"turns":3},{"damage":93,"enemies":"Nightmare_Alpha","floor":48,"turns":9},{"damage":6,"enemies":"Jaw Worm Horde","floor":49,"turns":2},{"damage":4,"enemies":"IC_BLOCK_ARCHETYPE","floor":50,"turns":6},{"damage":13,"enemies":"downfall:CharBossMerchant","floor":52,"turns":5},{"damage":48,"enemies":"downfall:NeowBoss","floor":55,"turns":12},{"damage":23,"enemies":"downfall:NeowBossFinal","floor":56,"turns":11}],"seed_played":"7710659226337140870","potions_obtained":[{"floor":5,"key":"LiquidMemories"},{"floor":6,"key":"infinitespire:BlackPotion"},{"floor":12,"key":"DuplicationPotion"},{"floor":16,"key":"SkillPotion"},{"floor":22,"key":"GamblersBrew"},{"floor":25,"key":"bronze:BurnAndBuffPotion"},{"floor":27,"key":"LiquidMemories"},{"floor":29,"key":"CultistPotion"},{"floor":38,"key":"Flashbang"},{"floor":42,"key":"Flashbang"},{"floor":49,"key":"Swift Potion"},{"floor":52,"key":"sneckomod:MuddlingPotion"}],"is_trial":false,"path_per_floor":["R","M","M","?","M","E","T","R","$","R","?","E","M","E","M","B",null,"R","M","$","M","M","R","T","E","?","E","AVR","?","T","M","M","B",null,"R","M","?","M","M","E","T","M","R","M","?","M","$","?","M","B",null,"E","$","R","B","B",null],"character_chosen":"THE_CHAMP","items_purchased":["champ:GutPunch","halation:PromiseList","champ:Backstep+1","hubris:SlimyHat","champ:StanceDance","Strawberry","PowerPotion","halation:LettersToHer","expansioncontent:StudyTheSpire","champ:BerserkerStyle"],"campfire_rested":1,"item_purchase_floors":[9,20,20,47,47,47,47,53,53,53],"current_hp_per_floor":[63,63,62,35,33,26,26,26,26,53,53,32,32,73,71,46,90,100,79,79,74,56,56,56,50,50,27,44,44,44,45,53,68,117,117,107,107,117,109,102,102,110,110,117,98,89,112,44,38,42,124,111,124,124,112,124],"gold":231,"neow_bonus":"THREE_RARE_CARDS","is_daily":false,"chose_seed":false,"campfire_upgraded":6,"win_rate":0.0,"timestamp":1613932781,"path_taken":["R","M","M","?","M","E","T","R","$","R","?","E","M","E","M","BOSS","R","M","$","M","M","R","T","E","?","E","AVR","?","?","M","M","BOSS","R","M","?","M","?","E","T","M","R","M","?","M","$","?","M","BOSS","E","$","R","BOSS","BOSS"],"items_purchased_type":["Card","Relic","Card","Relic","Card","Relic","Potion","Relic","Card","Card"],"build_version":"2020-12-22","purchased_purges":4,"victory":true,"max_hp_per_floor":[90,90,90,90,90,90,90,90,90,90,90,90,90,90,90,90,90,100,100,100,100,100,100,100,100,100,100,117,117,117,117,117,117,117,117,117,117,117,117,117,117,117,117,117,117,117,124,124,124,124,124,124,124,124,124,124],"card_choices":[{"not_picked":["champ:ShieldThrow","champ:EnchantShield"],"picked":"champ:MurderStrike","floor":0},{"not_picked":["champ:Encircle","champ:DeathBlow"],"picked":"champ:Backstep","floor":2},{"not_picked":["champ:CalledShot","champ:PerfectedStrike"],"picked":"champ:Encircle","floor":3},{"not_picked":["champ:Shatter","champ:FanOfKnives"],"picked":"champ:PerfectedStrike","floor":5},{"not_picked":["champ:TornadoPunch","champ:PerfectedStrike"],"picked":"champ:EnGarde","floor":6},{"not_picked":["champ:HeartStrike","champ:LastStand"],"picked":"champ:IronFortress","floor":9},{"not_picked":["champ:EnGarde","champ:BladeFlurry+1"],"picked":"champ:Haymaker+1","floor":12},{"not_picked":["champ:Encircle+1","champ:FocusedBerserking"],"picked":"champ:RageSigil","floor":13},{"not_picked":["champ:ArenaPreparation","champ:SkillfulDodge"],"picked":"champ:ShieldWall","floor":14},{"not_picked":["champ:RecklessLeap+1","champ:ShieldSigil"],"picked":"champ:EnGarde","floor":15},{"not_picked":["champ:CheapShot+1","champ:EnchantCrown"],"picked":"champ:Improvising","floor":16},{"not_picked":["champ:Haymaker+1","champ:EndlessRage"],"picked":"champ:ShieldSlam+1","floor":19},{"not_picked":["champ:DeathBlow+1","champ:BerserkersShout","champ:RecklessLeap+1"],"picked":"SKIP","floor":20},{"not_picked":["champ:FlashCut+1","champ:Shatter+1","champ:FalseCounter"],"picked":"SKIP","floor":21},{"not_picked":["champ:RageSigil","champ:ShieldSlam"],"picked":"champ:FlashCut+1","floor":22},{"not_picked":["champ:TornadoPunch+1","champ:DefensiveStyle"],"picked":"champ:ArenaPreparation","floor":25},{"not_picked":["champ:HeavySlash+1","champ:DefensiveShout+1","champ:EndlessRage"],"picked":"SKIP","floor":27},{"not_picked":["champ:AdrenalArmor","champ:BerserkersShout"],"picked":"champ:PreciseThrust+1","floor":31},{"not_picked":["champ:Lariat","champ:TornadoPunch+1"],"picked":"champ:GutPunch+1","floor":32},{"not_picked":["champ:HoldFirm","champ:UltimateStance"],"picked":"champ:SteelEdge+1","floor":33},{"not_picked":["champ:GladiatorStyle+1","champ:FlashCut+1"],"picked":"champ:RapidStrikes+1","floor":36},{"not_picked":["champ:CrownThrow+1","champ:PerfectedStrike+1","champ:CrookedStrike+1"],"picked":"SKIP","floor":38},{"not_picked":["champ:EnragedBash+1","champ:EndlessRage+1"],"picked":"champ:PreciseThrust+1","floor":39},{"not_picked":["champ:SwordSigil+1","champ:AdrenalArmor","champ:FocusedBerserking"],"picked":"SKIP","floor":40},{"not_picked":["champ:GladiatorStyle","champ:Shatter+1","champ:SetATrap+1"],"picked":"SKIP","floor":42},{"not_picked":["champ:BladeFlurry+1","champ:Shatter+1","champ:Endure+1"],"picked":"SKIP","floor":44},{"not_picked":["champ:EnragedBash+1","champ:Lariat+1","champ:Duel+1"],"picked":"SKIP","floor":46},{"not_picked":["champ:BringItOn+1","champ:RecklessLeap+1"],"picked":"champ:PreciseThrust+1","floor":47},{"not_picked":["infinitespire:NeuralNetwork","ReplayTheSpireMod:Black Plague"],"picked":"infinitespire:Gouge","floor":48},{"not_picked":["champ:IgnorePain","champ:HeavySlash+1"],"picked":"champ:LastStand","floor":48},{"not_picked":["champ:GladiatorStyle+1","champ:SwordSigil+1","champ:FanOfKnives+1"],"picked":"SKIP","floor":49},{"not_picked":["champ:PerfectedStrike+1","champ:EnragedBash+1"],"picked":"champ:EnGarde+1","floor":52},{"not_picked":["champ:UltimateStance","champ:Improvising"],"picked":"champ:LastStand","floor":55},{"not_picked":["champ:Improvising","champ:IgnorePain"],"picked":"champ:VampiricStrike+1","floor":56}],"player_experience":245585,"relics_obtained":[{"floor":6,"key":"Grinning Jar"},{"floor":12,"key":"StuffTheSpire:TintedRock"},{"floor":14,"key":"halation:Pancakes"},{"floor":17,"key":"infinitespire:Broken Mirror"},{"floor":17,"key":"Incense Burner"},{"floor":17,"key":"CCEMRelics:LatexGloves"},{"floor":24,"key":"Mirror"},{"floor":25,"key":"TungstenRod"},{"floor":27,"key":"StuffTheSpire:MayFlowers"},{"floor":30,"key":"hexamod:BolsterEngine"},{"floor":40,"key":"champ:GladiatorsBookOfMartialProwess"},{"floor":41,"key":"MealTicket"},{"floor":48,"key":"conspire:GiftBox"},{"floor":52,"key":"conspire:DeflatedDodgeball"}],"event_choices":[],"is_beta":false,"boss_relics":[{"not_picked":["StuffTheSpire:RunicHypercube","conspire:SpecialSausage"],"picked":"Calling Bell"},{"not_picked":["SacredBark","ChewingGum"],"picked":"hubris:VirtuousBlindfold"}],"items_purged_floors":[9,28,47,53],"is_endless":true,"potions_floor_spawned":[5,6,12,13,16,22,25,27,31,32,38,42,48,49,52],"ascension_level":3}}