{"host":"dv29tre2e7vje47n","time":1613928202,"event":{"mods":["AchievementEnabler","BaseMod","Colored Map","Colored Powertips","DeckTracker","Displayed Cursed Tome","Downfall","Friendly Minions","Googly Eyes","Highlight Path","Key Reminder","Minty Spire (QoL Compilation)","Quick Restart","Random Character Button","Rare Cards Sparkle","Relic Sorter","Relic Stats","Replay The Spire","Spire Arcade","Spire Birthday Party","StSLib","SuperFastMode","Unceasing Turn Reminder"],"gold_per_floor":[114,189,207,51,51,86,104,136,218,218,238,252,252,285,285,381,381,397,0,0,0,0,30,30,58,58,58,58,58,58,58],"floor_reached":29,"language":"ENG","playtime":842,"items_purged":[],"score":342,"play_id":"04016fb7-0cff-436f-8471-28c9aff3c8da","local_time":"20210221182322","is_ascension_mode":true,"campfire_choices":[{"floor":13,"key":"REST"},{"data":"sneckomod:Nope","floor":15,"key":"SMITH"},{"floor":24,"key":"REST"},{"data":"Barricade","floor":28,"key":"SMITH"}],"circlet_count":0,"master_deck":["sneckomod:Defend","sneckomod:Defend","sneckomod:Defend","sneckomod:TailWhip","sneckomod:SnekBite","sneckomod:Unknown","sneckomod:Unknown","sneckomod:RainOfDice","sneckomod:WideSting","sneckomod:UnknownRareAttack","sneckomod:UnknownRareSkill","sneckomod:UnknownUncommonSkill+1","sneckomod:Unknown1Cost+1","sneckomod:UnknownExhaust+1","sneckomod:Unknown3Cost+1","sneckomod:Nope+1","sneckomod:IronFang","sneckomod:UnknownUncommonPower+1","sneckomod:ImprovisedAttack","Slimebound:Tackle+1","Slimebound:Tackle+1","Slimebound:Tackle+1","Decay","Double Tap+1","sneckomod:UnknownUncommonPower+1","Barricade+1"],"relics":["sneckomod:SuperSneckoSoul","Replay:Rubber Ducky","sneckomod:RareBoosterPack","sneckomod:UnknownEgg","Guardian:PocketSentry","Darkstone Periapt","CaptainsWheel","Kunai","Blue Candle","Molten Egg 2","Strawberry","Replay:Accelerometer"],"acts_visited":["Exordium","TheCity"],"potions_floor_usage":[11],"damage_taken":[{"damage":3,"enemies":"Jaw Worm","floor":1,"turns":3},{"damage":0,"enemies":"Small Slimes","floor":3,"turns":2},{"damage":20,"enemies":"Lagavulin","floor":6,"turns":6},{"damage":0,"enemies":"2 Louse","floor":7,"turns":2},{"damage":27,"enemies":"3 Sentries","floor":8,"turns":5},{"damage":0,"enemies":"Red Slaver","floor":11,"turns":2},{"damage":6,"enemies":"Large Slime","floor":12,"turns":5},{"damage":10,"enemies":"Gremlin Nob","floor":14,"turns":5},{"damage":23,"enemies":"Fading Forest","floor":16,"turns":11},{"damage":26,"enemies":"3 Byrds","floor":18,"turns":7},{"damage":31,"enemies":"Gremlin Leader","floor":23,"turns":6},{"damage":29,"enemies":"Book of Stabbing","floor":25,"turns":7},{"damage":61,"enemies":"Gremlin Leader","floor":29,"turns":5}],"seed_played":"-8764103566570613763","potions_obtained":[{"floor":3,"key":"sneckomod:CheatPotion"},{"floor":8,"key":"AttackPotion"},{"floor":12,"key":"PowerPotion"}],"is_trial":false,"path_per_floor":["M","?","M","$","?","E","M","E","T","?","M","M","R","E","R","B",null,"M","$","?","?","?","E","R","E","T","$","R","E"],"character_chosen":"THE_SNECKO","items_purchased":["sneckomod:RareBoosterPack","Kunai","sneckomod:UnknownUncommonPower+1","sneckomod:Unknown1Cost+1","sneckomod:ImprovisedAttack"],"campfire_rested":2,"item_purchase_floors":[4,19,19,19,19],"current_hp_per_floor":[87,76,76,76,81,61,61,34,34,25,28,22,51,41,41,36,98,72,72,72,78,73,42,73,58,58,58,58,0,0,0],"gold":58,"neow_bonus":"RANDOM_COMMON_RELIC","is_daily":false,"chose_seed":false,"campfire_upgraded":2,"win_rate":0.0,"timestamp":1613928202,"path_taken":["M","?","M","$","?","E","M","E","T","?","M","?","R","E","R","BOSS","M","$","?","?","?","E","R","E","T","$","R","E"],"items_purchased_type":["Relic","Relic","Card","Card","Card"],"build_version":"2020-12-22","purchased_purges":0,"victory":false,"max_hp_per_floor":[90,90,90,90,95,95,95,95,95,95,98,98,98,98,98,98,98,98,98,98,104,104,104,104,111,111,111,111,111,111,111],"relic_stats":{"Darkstone Periapt":6,"counters":[13,65],"Blue Candle":[2],"Kunai":[6],"obtain_stats":[{"Darkstone Periapt":9,"Replay:Accelerometer":26,"sneckomod:UnknownEgg":6,"Blue Candle":22,"Guardian:PocketSentry":8,"sneckomod:SneckoSoul":0,"Replay:Rubber Ducky":0,"sneckomod:SuperSneckoSoul":17,"CaptainsWheel":14,"Strawberry":25,"Molten Egg 2":23,"Kunai":19,"sneckomod:RareBoosterPack":4},{"Darkstone Periapt":5,"Replay:Accelerometer":12,"sneckomod:UnknownEgg":3,"Blue Candle":10,"Guardian:PocketSentry":5,"sneckomod:SneckoSoul":0,"Replay:Rubber Ducky":0,"sneckomod:SuperSneckoSoul":9,"CaptainsWheel":8,"Strawberry":12,"Molten Egg 2":11,"Kunai":10,"sneckomod:RareBoosterPack":2},{"Darkstone Periapt":18,"Replay:Accelerometer":60,"sneckomod:UnknownEgg":11,"Blue Candle":47,"Guardian:PocketSentry":18,"sneckomod:SneckoSoul":0,"Replay:Rubber Ducky":0,"sneckomod:SuperSneckoSoul":40,"CaptainsWheel":29,"Strawberry":60,"Molten Egg 2":53,"Kunai":47,"sneckomod:RareBoosterPack":5}]},"card_choices":[{"not_picked":["sneckomod:QuickBite","sneckomod:DiceCrush"],"picked":"sneckomod:RainOfDice","floor":1},{"not_picked":["sneckomod:UnknownDraw","sneckomod:DiceBlock"],"picked":"sneckomod:WideSting","floor":3},{"not_picked":["sneckomod:CheapStock","sneckomod:MixItUp"],"picked":"sneckomod:UnknownUncommonSkill+1","floor":6},{"not_picked":["sneckomod:MasterEye","sneckomod:DiceCrush"],"picked":"sneckomod:Unknown1Cost+1","floor":7},{"not_picked":["sneckomod:RainOfDice","sneckomod:CheapStock","sneckomod:QuickBite"],"picked":"SKIP","floor":8},{"not_picked":["sneckomod:IronFang","sneckomod:Nope"],"picked":"sneckomod:UnknownExhaust+1","floor":11},{"not_picked":["sneckomod:UnknownBlock+1","sneckomod:UnknownUncommonAttack+1"],"picked":"sneckomod:Unknown3Cost+1","floor":12},{"not_picked":["sneckomod:Memorize","sneckomod:UnknownCommonAttack+1"],"picked":"sneckomod:Nope","floor":14},{"not_picked":["sneckomod:RainOfDice","sneckomod:QuickMove+1"],"picked":"sneckomod:IronFang","floor":18},{"not_picked":["sneckomod:UnknownClassTHE_CHAMP_GRAY+1","sneckomod:SoulCleanse","sneckomod:DiceCrush+1"],"picked":"SKIP","floor":23},{"not_picked":["sneckomod:UnknownCommonSkill+1","sneckomod:ImprovisedGuard"],"picked":"sneckomod:UnknownUncommonPower+1","floor":25}],"player_experience":148834,"relics_obtained":[{"floor":6,"key":"sneckomod:UnknownEgg"},{"floor":8,"key":"Guardian:PocketSentry"},{"floor":9,"key":"Darkstone Periapt"},{"floor":14,"key":"CaptainsWheel"},{"floor":23,"key":"Molten Egg 2"},{"floor":25,"key":"Strawberry"},{"floor":26,"key":"Replay:Accelerometer"}],"event_choices":[{"damage_healed":0,"gold_gain":75,"player_choice":"Gather Gold","damage_taken":11,"max_hp_gain":0,"max_hp_loss":0,"event_name":"World of Goop","floor":2,"gold_loss":0},{"damage_healed":0,"gold_gain":0,"player_choice":"Donut","damage_taken":0,"max_hp_gain":5,"max_hp_loss":0,"event_name":"Big Fish","floor":5,"gold_loss":0},{"damage_healed":0,"gold_gain":0,"player_choice":"Damaged","damage_taken":9,"max_hp_gain":0,"max_hp_loss":0,"event_name":"Wheel of Change","floor":10,"gold_loss":0},{"damage_healed":0,"gold_gain":0,"player_choice":"Smashed Altar","damage_taken":0,"max_hp_gain":0,"max_hp_loss":0,"event_name":"Forgotten Altar","floor":21,"gold_loss":0,"cards_obtained":["Decay"]}],"is_beta":false,"boss_relics":[{"not_picked":["SlaversCollar","sneckomod:SneckoTalon"],"picked":"sneckomod:SuperSneckoSoul"}],"items_purged_floors":[],"is_endless":false,"potions_floor_spawned":[3,8,12,18],"killed_by":"Gremlin Leader","ascension_level":1}}