{"host":"xp5rvh2jwe2ejyfm","time":1613875817,"event":{"mods":["2.2 Compatiblity","Aspiration","BaseMod","Better Altar","Better Match","Better Note","Better Sensory Stone","Better Skull","BetterRewards","Colored Powertips","Conspire","Downfall","GifTheSpireLib","Gremlin Mod","GungeonMod","Hermit","Hubris","Jorbs\u0027s Wanderer Trilogy","Minty Spire (QoL Compilation)","Potionbrewer","Quick Restart","Replay The Spire","Robot Space Explorer","Shade Mod","Somnambulant","StSLib","The Bug Knight","The Clintock","The Construct","The Cursed","The Disciple","The Forsaken","The Hierophant","The Marked","The Necromancer","The Runesmith","The Servant 0.9.4","The Valiant","The Witch","TheFirefly","thorton"],"gold_per_floor":[109,125,35,53,66,66,83,83,83,98,44,61,61,75,75,174,174,194,205,222,21,21,21],"floor_reached":22,"language":"ENG","playtime":768,"items_purged":[],"score":182,"play_id":"54007bee-3e0d-4fea-a3cb-3aae1c347c5f","local_time":"20210220215017","is_ascension_mode":false,"campfire_choices":[{"floor":6,"key":"RECALL"},{"floor":8,"key":"REST"},{"data":"TheCursedMod:CursedWand","floor":13,"key":"SMITH"},{"data":"TheCursedMod:AbyssShockwave","floor":15,"key":"SMITH"}],"circlet_count":0,"master_deck":["TheCursedMod:Strike_TheCursed","TheCursedMod:Strike_TheCursed","TheCursedMod:Strike_TheCursed","TheCursedMod:Strike_TheCursed","TheCursedMod:Defend_TheCursed","TheCursedMod:Defend_TheCursed","TheCursedMod:Defend_TheCursed","TheCursedMod:Defend_TheCursed","TheCursedMod:CursedWand+1","TheCursedMod:CleanUpWorkshop","TheCursedMod:Dregs","TheCursedMod:CursedShiv","TheCursedMod:RapidMovement","TheCursedMod:SpitefulStrike","TheCursedMod:WearCloak","TheCursedMod:CursedShiv","TheCursedMod:AbyssShockwave+1","TheCursedMod:SpitefulPray","TheCursedMod:ForbiddenAlchemy","TheCursedMod:HellfireBreathing","TheCursedMod:HellfireBreathing","TheCursedMod:FuryStrike","TheCursedMod:CursedShiv","TheCursedMod:VoidForm","TheCursedMod:CircleOfCorruption","TheCursedMod:VitalStrike","TheCursedMod:SpitefulStrike","TheCursedMod:Wield"],"relics":["TheCursedMod:BlackMagic101","NeowsBlessing","Runesmith:Nanobots","conspire:SpecialSausage","Medical Kit"],"acts_visited":["Exordium","TheCity"],"potions_floor_usage":[12,14,16,16,16,16,18,19,19,20,22,22,22,22,22],"damage_taken":[{"damage":0,"enemies":"Jaw Worm","floor":1,"turns":1},{"damage":0,"enemies":"Cultist","floor":2,"turns":1},{"damage":0,"enemies":"2 Louse","floor":4,"turns":1},{"damage":0,"enemies":"2 Fungi Beasts","floor":5,"turns":3},{"damage":18,"enemies":"Blue Slaver","floor":7,"turns":3},{"damage":2,"enemies":"Red Slaver","floor":10,"turns":2},{"damage":8,"enemies":"Large Slime","floor":12,"turns":5},{"damage":0,"enemies":"Lots of Slimes","floor":14,"turns":4},{"damage":58,"enemies":"The Guardian","floor":16,"turns":9},{"damage":10,"enemies":"Chosen","floor":18,"turns":6},{"damage":9,"enemies":"Shell Parasite","floor":19,"turns":4},{"damage":46,"enemies":"Cultist and Chosen","floor":20,"turns":6},{"damage":14,"enemies":"Snake Plant","floor":22,"turns":3}],"seed_played":"4477690345590103676","potions_obtained":[{"floor":1,"key":"Block Potion"},{"floor":4,"key":"Explosive Potion"},{"floor":12,"key":"SkillPotion"},{"floor":14,"key":"SkillPotion"},{"floor":19,"key":"EssenceOfSteel"}],"is_trial":false,"path_per_floor":["M","M","$","M","M","R","M","R","T","M","$","M","R","M","R","B",null,"M","M","M","$","M"],"character_chosen":"THE_CURSED","items_purchased":["TheCursedMod:SpitefulStrike","TheCursedMod:WearCloak","TheCursedMod:HellfireBreathing","Medical Kit","TheCursedMod:Wield"],"campfire_rested":1,"item_purchase_floors":[3,3,11,21,21],"current_hp_per_floor":[75,75,75,75,75,75,57,75,75,73,73,65,65,65,65,7,75,65,56,10,10,0,0],"gold":21,"neow_bonus":"THREE_ENEMY_KILL","is_daily":false,"chose_seed":false,"campfire_upgraded":2,"win_rate":0.0,"timestamp":1613875817,"path_taken":["M","M","$","M","M","R","M","R","T","M","$","M","R","M","R","BOSS","M","M","M","$","M"],"items_purchased_type":["Card","Card","Card","Relic","Card"],"build_version":"2020-12-22","purchased_purges":0,"victory":false,"max_hp_per_floor":[75,75,75,75,75,75,75,75,75,75,75,75,75,75,75,75,75,75,75,75,75,75,75],"card_choices":[{"not_picked":["TheCursedMod:Obscuration","TheCursedMod:Stretching"],"picked":"TheCursedMod:CursedShiv","floor":1},{"not_picked":["TheCursedMod:VitalStrike","TheCursedMod:AshesToAshes"],"picked":"TheCursedMod:RapidMovement","floor":2},{"not_picked":["TheCursedMod:SaltUponWound","TheCursedMod:VitalStrike"],"picked":"TheCursedMod:CursedShiv","floor":4},{"not_picked":["TheCursedMod:Wield","TheCursedMod:SpitefulPray"],"picked":"TheCursedMod:AbyssShockwave","floor":5},{"not_picked":["TheCursedMod:AshesToAshes","TheCursedMod:Stigma"],"picked":"TheCursedMod:SpitefulPray","floor":7},{"not_picked":["TheCursedMod:CircleOfCorruption","TheCursedMod:ReleasedStrength"],"picked":"TheCursedMod:ForbiddenAlchemy","floor":10},{"not_picked":["TheCursedMod:Wield","TheCursedMod:FleshFromBone"],"picked":"TheCursedMod:FuryStrike","floor":12},{"not_picked":["TheCursedMod:CircleOfCorruption","TheCursedMod:FleshFromBone"],"picked":"TheCursedMod:CursedShiv","floor":14},{"not_picked":["TheCursedMod:ParallelWorld","TheCursedMod:DarkBarrier"],"picked":"TheCursedMod:VoidForm","floor":16},{"not_picked":["TheCursedMod:Stigma","TheCursedMod:ManaBullet"],"picked":"TheCursedMod:CircleOfCorruption","floor":18},{"not_picked":["TheCursedMod:CircleOfFocus","TheCursedMod:Evocation+1"],"picked":"TheCursedMod:VitalStrike","floor":19},{"not_picked":["TheCursedMod:RapidMovement","TheCursedMod:SurpriseAttack"],"picked":"TheCursedMod:SpitefulStrike","floor":20}],"player_experience":542139,"relics_obtained":[{"floor":9,"key":"Runesmith:Nanobots"}],"event_choices":[],"is_beta":false,"boss_relics":[{"not_picked":["Philosopher\u0027s Stone","expansioncontent:StudyCardRelic"],"picked":"conspire:SpecialSausage"}],"items_purged_floors":[],"is_endless":false,"potions_floor_spawned":[1,4,12,14,19],"killed_by":"Snake Plant","ascension_level":0}}