{"host":"0ueeacaatm8t6jyh","time":1613892186,"event":{"mods":["AchievementEnabler","BaseMod","Colored Powertips","Minty Spire (QoL Compilation)","Quick Restart","Rare Cards Sparkle","Shop Mod","StSLib"],"gold_per_floor":[109,34,34,46,46,73,73,93,120,149,149,166,198,213,213,286,286,265,114,139,14,14,14,43,43,43,60,60,60,88,88,88,161,161,178,102,102,102,102,129,129,129],"floor_reached":43,"language":"ZHS","playtime":1299,"items_purged":["Strike_G","Strike_G","Strike_G","Noxious Fumes"],"score":1486,"play_id":"49cc7550-0704-45e8-89cb-981e9d6e434f","local_time":"20210221152306","is_ascension_mode":true,"campfire_choices":[{"data":"Neutralize","floor":7.0,"key":"SMITH"},{"data":"Bouncing Flask","floor":11.0,"key":"SMITH"},{"floor":15.0,"key":"REST"},{"data":"Acrobatics","floor":23.0,"key":"SMITH"},{"data":"Adrenaline","floor":25.0,"key":"SMITH"},{"data":"Grand Finale","floor":29.0,"key":"SMITH"},{"data":"Tools of the Trade","floor":32.0,"key":"SMITH"}],"circlet_count":0,"master_deck":["AscendersBane","Survivor","Neutralize+1","Backflip","Bouncing Flask+1","Grand Finale+1","PiercingWail","Prepared","Adrenaline+1","Acrobatics+1","Acrobatics+1","Adrenaline","Grand Finale+1"],"relics":["Ring of the Snake","NeowsBlessing","Juzu Bracelet","Shuriken","Turnip","Sozu","Red Mask","Lantern","Mango","MerchantsRug","Boot"],"acts_visited":["Exordium","TheCity","TheBeyond"],"potions_floor_usage":[],"damage_taken":[{"damage":0.0,"enemies":"Small Slimes","floor":1.0,"turns":1.0},{"damage":0.0,"enemies":"2 Louse","floor":4.0,"turns":1.0},{"damage":0.0,"enemies":"Gremlin Nob","floor":6.0,"turns":1.0},{"damage":0.0,"enemies":"Cultist","floor":8.0,"turns":5.0},{"damage":15.0,"enemies":"Lagavulin","floor":10.0,"turns":6.0},{"damage":5.0,"enemies":"3 Louse","floor":12.0,"turns":3.0},{"damage":30.0,"enemies":"Gremlin Nob","floor":13.0,"turns":4.0},{"damage":0.0,"enemies":"Looter","floor":14.0,"turns":4.0},{"damage":7.0,"enemies":"The Guardian","floor":16.0,"turns":9.0},{"damage":4.0,"enemies":"2 Thieves","floor":18.0,"turns":4.0},{"damage":0.0,"enemies":"Masked Bandits","floor":20.0,"turns":1.0},{"damage":0.0,"enemies":"Gremlin Leader","floor":24.0,"turns":3.0},{"damage":0.0,"enemies":"Spheric Guardian","floor":27.0,"turns":2.0},{"damage":5.0,"enemies":"Book of Stabbing","floor":30.0,"turns":4.0},{"damage":27.0,"enemies":"Champ","floor":33.0,"turns":6.0},{"damage":0.0,"enemies":"3 Darklings","floor":35.0,"turns":1.0},{"damage":0.0,"enemies":"Nemesis","floor":40.0,"turns":1.0},{"damage":0,"enemies":"Donu and Deca","floor":42,"turns":1}],"seed_played":"1200103217322029918","potions_obtained":[{"floor":8.0,"key":"SmokeBomb"},{"floor":14.0,"key":"Explosive Potion"},{"floor":16.0,"key":"GamblersBrew"}],"is_trial":false,"path_per_floor":["M","$","?","M","?","E","R","M","T","E","R","M","E","M","R","B",null,"M","$","?","$","?","R","E","R","T","M","?","R","E","?","R","B",null,"M","$","?","?","?","E","?","B",null],"character_chosen":"THE_SILENT","items_purchased":["Acrobatics","MerchantsRug"],"campfire_rested":1,"item_purchase_floors":[19,36],"current_hp_per_floor":[59,59,59,59,52,52,52,52,52,37,37,32,2,2,21,19,54,50,50,55,55,55,55,55,55,55,55,46,46,55,55,55,28,67,67,67,67,67,67,67,67,67],"gold":129,"neow_bonus":"THREE_ENEMY_KILL","is_daily":false,"chose_seed":false,"campfire_upgraded":6,"win_rate":0.0,"timestamp":1613892186,"path_taken":["M","$","?","M","?","E","R","M","T","E","R","M","E","M","R","BOSS","M","$","?","$","?","R","E","R","T","M","?","R","E","?","R","BOSS","M","$","?","?","?","E","?","BOSS"],"items_purchased_type":["Card","Relic"],"build_version":"2020-12-22","purchased_purges":4,"victory":true,"max_hp_per_floor":[66,66,66,66,66,66,66,66,66,66,66,66,66,66,66,66,66,66,66,66,66,66,66,66,66,66,66,66,66,80,80,80,80,80,80,80,80,80,80,80,80,80],"card_choices":[{"not_picked":["Quick Slash","Cloak And Dagger","Predator"],"picked":"SKIP","floor":1.0},{"not_picked":["Dodge and Roll","Deadly Poison","Caltrops"],"picked":"SKIP","floor":4.0},{"not_picked":["Sucker Punch","Cloak And Dagger"],"picked":"Backflip","floor":6.0},{"not_picked":["PiercingWail","Catalyst"],"picked":"Bouncing Flask","floor":8.0},{"not_picked":["Backflip","Dodge and Roll"],"picked":"Grand Finale","floor":10.0},{"not_picked":["Concentrate","Backflip"],"picked":"PiercingWail","floor":12.0},{"not_picked":["Dagger Spray","Reflex"],"picked":"Glass Knife","floor":13.0},{"not_picked":["Deadly Poison","Skewer"],"picked":"Prepared","floor":14.0},{"not_picked":["Wraith Form v2","A Thousand Cuts"],"picked":"Adrenaline","floor":16.0},{"not_picked":["Heel Hook","Deflect+1","Distraction"],"picked":"SKIP","floor":18.0},{"not_picked":["Wraith Form v2","Setup","Blade Dance"],"picked":"SKIP","floor":24.0},{"not_picked":["Dagger Throw","Poisoned Stab"],"picked":"Acrobatics+1","floor":27.0},{"not_picked":["Dash","Bullet Time","Dodge and Roll"],"picked":"SKIP","floor":30.0},{"not_picked":["Grand Finale","Envenom"],"picked":"Adrenaline","floor":33.0},{"not_picked":["Infinite Blades","Dagger Spray+1","Accuracy"],"picked":"SKIP","floor":35.0},{"not_picked":["Flying Knee","Dagger Throw","Deflect+1"],"picked":"SKIP","floor":40}],"player_experience":569863,"relics_obtained":[{"floor":6.0,"key":"Toy Ornithopter"},{"floor":9.0,"key":"Juzu Bracelet"},{"floor":10.0,"key":"Shuriken"},{"floor":13.0,"key":"Turnip"},{"floor":20.0,"key":"Red Mask"},{"floor":24.0,"key":"StoneCalendar"},{"floor":26.0,"key":"Lantern"},{"floor":30.0,"key":"Mango"}],"event_choices":[{"cards_removed":["Strike_G"],"damage_healed":0.0,"max_hp_gain":0.0,"max_hp_loss":0.0,"gold_gain":0.0,"event_name":"Living Wall","player_choice":"Forget","floor":3.0,"gold_loss":0.0,"damage_taken":0.0},{"cards_removed":["Defend_G"],"damage_healed":0.0,"max_hp_gain":0.0,"max_hp_loss":0.0,"gold_gain":0.0,"event_name":"Golden Wing","player_choice":"Card Removal","floor":5.0,"gold_loss":0.0,"damage_taken":7.0},{"damage_healed":0.0,"max_hp_gain":0.0,"max_hp_loss":0.0,"gold_gain":0.0,"event_name":"Masked Bandits","player_choice":"Fought Bandits","floor":20.0,"gold_loss":0.0,"damage_taken":0.0},{"damage_healed":0.0,"max_hp_gain":0.0,"max_hp_loss":0.0,"gold_gain":0.0,"event_name":"Wheel of Change","player_choice":"Damaged","floor":28.0,"gold_loss":0.0,"damage_taken":9.0},{"damage_healed":0.0,"max_hp_gain":0.0,"max_hp_loss":0.0,"gold_gain":0.0,"cards_transformed":["Defend_G","Glass Knife"],"event_name":"Drug Dealer","player_choice":"Became Test Subject","floor":31.0,"gold_loss":0.0,"damage_taken":0.0,"cards_obtained":["Tools of the Trade","Noxious Fumes"]},{"cards_removed":["Tools of the Trade"],"damage_healed":0.0,"max_hp_gain":0.0,"max_hp_loss":0.0,"gold_gain":0.0,"event_name":"Falling","player_choice":"Removed Power","floor":37.0,"gold_loss":0.0,"damage_taken":0.0},{"damage_healed":0.0,"max_hp_gain":0.0,"max_hp_loss":0.0,"gold_gain":0.0,"event_name":"WeMeetAgain","player_choice":"Gave Potion","floor":38.0,"gold_loss":0.0,"damage_taken":0.0,"relics_obtained":["Boot"]},{"damage_healed":0.0,"max_hp_gain":0.0,"max_hp_loss":0.0,"gold_gain":0.0,"event_name":"Duplicator","player_choice":"Copied","floor":39.0,"gold_loss":0.0,"damage_taken":0.0,"cards_obtained":["Grand Finale"]},{"damage_healed":0,"gold_gain":0,"player_choice":"Took Portal","damage_taken":0,"max_hp_gain":0,"max_hp_loss":0,"event_name":"SecretPortal","floor":41,"gold_loss":0}],"is_beta":false,"boss_relics":[{"not_picked":["SlaversCollar","Coffee Dripper"],"picked":"Sozu"},{"not_picked":["Ring of the Serpent","Runic Pyramid"],"picked":"Pandora\u0027s Box"}],"items_purged_floors":[2,19,21,36],"is_endless":false,"potions_floor_spawned":[8,14,16,20,24,27,33,35],"ascension_level":18}}