{"host":"fbdlh90rovbiajun","time":1613879378,"event":{"mods":["AchievementEnabler","BaseMod","Colored Map","Keyboard Shortcuts","Minty Spire (QoL Compilation)","SuperFastMode"],"gold_per_floor":[111,121,135,135,135,135,169,169,169,204,224,149,149,224,224,224,224],"floor_reached":16,"language":"KOR","playtime":416,"items_purged":["Defend_P"],"score":135,"play_id":"b1d19d1e-8f41-4e09-86b5-b22732f33125","local_time":"20210221124938","is_ascension_mode":true,"campfire_choices":[{"data":"Eruption","floor":6.0,"key":"SMITH"},{"data":"Adaptation","floor":8.0,"key":"SMITH"},{"floor":13.0,"key":"REST"},{"floor":15,"key":"REST"}],"circlet_count":0,"master_deck":["Strike_P","Strike_P","Strike_P","Strike_P","Defend_P","Defend_P","Eruption+1","Vigilance","ClearTheMind","Adaptation+1"],"relics":["PureWater","Blue Candle","Unceasing Top","Oddly Smooth Stone","Sundial"],"acts_visited":["Exordium"],"potions_floor_usage":[16],"damage_taken":[{"damage":0.0,"enemies":"Small Slimes","floor":1.0,"turns":2.0},{"damage":3.0,"enemies":"2 Louse","floor":2.0,"turns":3.0},{"damage":0.0,"enemies":"Cultist","floor":3.0,"turns":4.0},{"damage":38.0,"enemies":"Gremlin Nob","floor":7.0,"turns":4.0},{"damage":27.0,"enemies":"3 Sentries","floor":10.0,"turns":5.0},{"damage":3.0,"enemies":"2 Fungi Beasts","floor":11.0,"turns":3.0},{"damage":36,"enemies":"The Guardian","floor":16,"turns":9}],"seed_played":"1649978724390182172","potions_obtained":[{"floor":1.0,"key":"BottledMiracle"},{"floor":2.0,"key":"Explosive Potion"},{"floor":7.0,"key":"SpeedPotion"}],"is_trial":false,"path_per_floor":["M","M","M","?","?","R","E","R","T","E","M","$","R","?","R","B"],"character_chosen":"WATCHER","items_purchased":[],"campfire_rested":2,"item_purchase_floors":[],"current_hp_per_floor":[72,69,69,69,69,69,31,31,31,4,1,1,22,15,36,0,0],"gold":224,"neow_bonus":"TRANSFORM_CARD","is_daily":false,"chose_seed":false,"campfire_upgraded":2,"win_rate":0.0,"timestamp":1613879378,"path_taken":["M","M","M","?","?","R","E","R","T","E","?","$","R","?","R","BOSS"],"items_purchased_type":[],"build_version":"2020-12-22","purchased_purges":1,"victory":false,"max_hp_per_floor":[72,72,72,72,72,72,72,72,72,72,72,72,72,72,72,72,72],"card_choices":[{"not_picked":["Study","ForeignInfluence","Conclude"],"picked":"SKIP","floor":1.0},{"not_picked":["Conclude","FlurryOfBlows","Worship"],"picked":"SKIP","floor":2.0},{"not_picked":["EmptyBody","Vault"],"picked":"Consecrate","floor":3.0},{"not_picked":["InnerPeace","ReachHeaven"],"picked":"Adaptation","floor":7.0},{"not_picked":["BowlingBash","ClearTheMind","Indignation"],"picked":"SKIP","floor":10.0},{"not_picked":["JustLucky","Prostrate","PathToVictory"],"picked":"SKIP","floor":11.0}],"player_experience":115143,"relics_obtained":[{"floor":7.0,"key":"Unceasing Top"},{"floor":9.0,"key":"Oddly Smooth Stone"},{"floor":10.0,"key":"Sundial"}],"event_choices":[{"damage_healed":0.0,"max_hp_gain":0.0,"max_hp_loss":0.0,"gold_gain":0.0,"event_name":"Liars Game","player_choice":"Ignored","floor":4.0,"gold_loss":0.0,"damage_taken":0.0},{"cards_removed":["Consecrate"],"damage_healed":0.0,"max_hp_gain":0.0,"max_hp_loss":0.0,"gold_gain":0.0,"event_name":"WeMeetAgain","player_choice":"Gave Card","floor":5.0,"gold_loss":0.0,"damage_taken":0.0,"relics_obtained":["Blue Candle"]},{"damage_healed":0,"gold_gain":75,"player_choice":"Touch","damage_taken":7,"max_hp_gain":0,"max_hp_loss":0,"event_name":"FaceTrader","floor":14,"gold_loss":0}],"is_beta":false,"boss_relics":[],"items_purged_floors":[12],"is_endless":false,"potions_floor_spawned":[1,2,7],"killed_by":"The Guardian","ascension_level":5}}