{"host":"2se5dq1do2gp0x9k","time":1613925789,"event":{"mods":["AchievementEnabler","BaseMod","Block Reminder","Colored Map","Colored Powertips","Minty Spire (QoL Compilation)","Relic Stats","StSLib","SuperFastMode"],"gold_per_floor":[116,129,140,150,49,78,78,105,105,105,24,46,46,66,66,139,139,159,159,84,96,108,137,156,156,156],"floor_reached":25,"language":"ENG","playtime":869,"items_purged":["Choke+1"],"score":516,"play_id":"0ac6ee6b-a21d-4901-b93c-929b97b4abe6","local_time":"20210221084309","is_ascension_mode":true,"campfire_choices":[{"data":"Catalyst","floor":7.0,"key":"SMITH"},{"data":"Deadly Poison","floor":10.0,"key":"SMITH"},{"floor":15.0,"key":"REST"}],"circlet_count":0,"master_deck":["AscendersBane","Defend_G","Defend_G","Defend_G","Defend_G","Defend_G","Survivor","Neutralize","Catalyst+1","Blade Dance","Crippling Poison","Noxious Fumes+1","Deadly Poison","Well Laid Plans","Deadly Poison+1","Backflip","Footwork+1","Corpse Explosion","Malaise","Deadly Poison+1","Malaise+1","PiercingWail","Acrobatics","Distraction","Die Die Die","Backflip+1"],"relics":["Ring of the Snake","NeowsBlessing","Gambling Chip","Frozen Egg 2","Ice Cream","Odd Mushroom","Astrolabe","CaptainsWheel"],"acts_visited":["Exordium","TheCity"],"potions_floor_usage":[23,24],"damage_taken":[{"damage":0.0,"enemies":"Cultist","floor":1.0,"turns":1.0},{"damage":0.0,"enemies":"Small Slimes","floor":2.0,"turns":1.0},{"damage":0.0,"enemies":"2 Louse","floor":3.0,"turns":1.0},{"damage":16.0,"enemies":"Lots of Slimes","floor":4.0,"turns":4.0},{"damage":5.0,"enemies":"Lagavulin","floor":6.0,"turns":6.0},{"damage":11.0,"enemies":"Gremlin Nob","floor":8.0,"turns":3.0},{"damage":8.0,"enemies":"The Mushroom Lair","floor":12.0,"turns":4.0},{"damage":8.0,"enemies":"3 Louse","floor":14.0,"turns":4.0},{"damage":9.0,"enemies":"The Guardian","floor":16.0,"turns":7.0},{"damage":17.0,"enemies":"Chosen","floor":18.0,"turns":4.0},{"damage":0.0,"enemies":"3 Byrds","floor":21.0,"turns":2.0},{"damage":0.0,"enemies":"Snake Plant","floor":22.0,"turns":5.0},{"damage":19,"enemies":"Gremlin Leader","floor":23,"turns":7},{"damage":15,"enemies":"Shelled Parasite and Fungi","floor":24,"turns":5},{"damage":6,"enemies":"Book of Stabbing","floor":25,"turns":2}],"seed_played":"-8480111252412805583","potions_obtained":[{"floor":1.0,"key":"GhostInAJar"},{"floor":6.0,"key":"Explosive Potion"},{"floor":8.0,"key":"PowerPotion"},{"floor":12.0,"key":"GhostInAJar"},{"floor":16.0,"key":"Energy Potion"},{"floor":23,"key":"GhostInAJar"},{"floor":24,"key":"Explosive Potion"}],"is_trial":false,"path_per_floor":["M","M","M","M","$","E","R","E","T","R","$","?","?","M","R","B",null,"M","?","$","M","M","E","M","E"],"character_chosen":"THE_SILENT","items_purchased":["Deadly Poison","Well Laid Plans","Footwork+1"],"campfire_rested":1,"item_purchase_floors":[5,5,11],"current_hp_per_floor":[59,59,59,43,43,38,38,27,27,27,27,19,19,11,30,21,55,38,38,38,38,38,19,4,0,0],"gold":156,"neow_bonus":"THREE_ENEMY_KILL","is_daily":false,"chose_seed":false,"campfire_upgraded":2,"win_rate":0.0,"timestamp":1613925789,"path_taken":["M","M","M","M","$","E","R","E","T","R","?","?","?","?","R","BOSS","M","?","$","M","M","E","M","E"],"items_purchased_type":["Card","Card","Card"],"build_version":"2020-12-22","purchased_purges":1,"victory":false,"max_hp_per_floor":[66,66,66,66,66,66,66,66,66,66,66,66,66,66,66,66,66,66,66,66,66,66,66,66,66,66],"relic_stats":{"counters":[15,56],"Gambling Chip":[51],"Astrolabe":["Deadly Poison","Choke","Malaise"],"obtain_stats":[{"Ice Cream":9,"CaptainsWheel":23,"NeowsBlessing":0,"Gambling Chip":6,"Astrolabe":17,"Frozen Egg 2":8,"Odd Mushroom":12,"Ring of the Snake":0},{"Ice Cream":6,"CaptainsWheel":13,"NeowsBlessing":0,"Gambling Chip":5,"Astrolabe":9,"Frozen Egg 2":6,"Odd Mushroom":7,"Ring of the Snake":0},{"Ice Cream":16,"CaptainsWheel":49,"NeowsBlessing":0,"Gambling Chip":13,"Astrolabe":31,"Frozen Egg 2":16,"Odd Mushroom":20,"Ring of the Snake":0}],"Ring of the Snake":[30]},"card_choices":[{"not_picked":["Finisher","Quick Slash"],"picked":"Catalyst","floor":1.0},{"not_picked":["Escape Plan","Backflip"],"picked":"Blade Dance","floor":2.0},{"not_picked":["Footwork","Reflex"],"picked":"Crippling Poison","floor":3.0},{"not_picked":["Caltrops","Acrobatics"],"picked":"Noxious Fumes","floor":4.0},{"not_picked":["Leg Sweep","Dodge and Roll"],"picked":"Deadly Poison","floor":6.0},{"not_picked":["Outmaneuver","Dodge and Roll"],"picked":"Backflip","floor":8.0},{"not_picked":["Cloak And Dagger","Slice"],"picked":"Corpse Explosion","floor":14.0},{"not_picked":["Glass Knife","Corpse Explosion"],"picked":"Malaise","floor":16.0},{"not_picked":["Underhanded Strike","Acrobatics"],"picked":"PiercingWail","floor":18.0},{"not_picked":["Dagger Throw","Acrobatics","Dodge and Roll"],"picked":"SKIP","floor":21.0},{"not_picked":["Poisoned Stab","Calculated Gamble","Heel Hook"],"picked":"SKIP","floor":22.0},{"not_picked":["Terror","Masterful Stab"],"picked":"Die Die Die","floor":23},{"not_picked":["Poisoned Stab","Deadly Poison"],"picked":"Backflip+1","floor":24}],"player_experience":4097258,"relics_obtained":[{"floor":6.0,"key":"Gambling Chip"},{"floor":8.0,"key":"Frozen Egg 2"},{"floor":9.0,"key":"Ice Cream"},{"floor":12.0,"key":"Odd Mushroom"},{"floor":23,"key":"CaptainsWheel"}],"event_choices":[{"damage_healed":0.0,"max_hp_gain":0.0,"max_hp_loss":0.0,"gold_gain":0.0,"event_name":"Mushrooms","player_choice":"Fought Mushrooms","floor":12.0,"gold_loss":0.0,"damage_taken":0.0},{"damage_healed":0.0,"max_hp_gain":0.0,"max_hp_loss":0.0,"gold_gain":0.0,"event_name":"Upgrade Shrine","player_choice":"Upgraded","floor":13.0,"gold_loss":0.0,"damage_taken":0.0,"cards_upgraded":["Noxious Fumes"]},{"damage_healed":0.0,"max_hp_gain":0.0,"max_hp_loss":0.0,"gold_gain":0.0,"cards_transformed":["Strike_G","Strike_G"],"event_name":"Drug Dealer","player_choice":"Became Test Subject","floor":19.0,"gold_loss":0.0,"damage_taken":0.0,"cards_obtained":["Acrobatics","Distraction"]}],"is_beta":false,"boss_relics":[{"not_picked":["Empty Cage","Calling Bell"],"picked":"Astrolabe"}],"items_purged_floors":[20],"is_endless":false,"potions_floor_spawned":[1,6,8,12,16,18,23,24],"killed_by":"Book of Stabbing","ascension_level":20}}