{"host":"irc1izoeqqttpzsx","time":1613891820,"event":{"mods":["2.2 Compatiblity","Aspiration","BaseMod","Better Note","BetterRewards","Colored Map","Colored Powertips","Conspire","DeckTracker","GifTheSpireLib","Highlight Path","Hubris","Infinite Spire","Mad Scientist","Mimic Mod","Minty Spire (QoL Compilation)","Quick Restart","Rare Cards Sparkle","Relic Sorter","Reliquary","Replay The Spire","Shop Mod","Spikes Relics","Spire Arcade","StSLib","SuperFastMode","The Marked","The Servant 0.9.4","Trackpad","Uncapped","Weighted Paths"],"gold_per_floor":[117,136,136,10148,9216,9216,9216,9249,9281,9281,8857,8857,8891,8901,8901,9004,9004,9020,8586,8586,8586,8601,8628,7863,7863,7863,7875,7909,7334,7357,7357,7357,7940,7940,8475,8119,8669,9258,9881,9881,9861,10521,10545,11264,11264,12010,12814,13662,13662,13666,13666,13666,12851,13725,13731],"floor_reached":56,"language":"ENG","playtime":2569,"items_purged":["theMarked:Strike","theMarked:Defend","theMarked:Strike","Intolerance","theMarked:Strike","Replay:Hysterical Blindness","theMarked:Defend+1"],"score":1702,"play_id":"38e8d694-8107-40cb-b389-43802b090ef0","local_time":"20210221021700","is_ascension_mode":false,"campfire_choices":[{"data":"theMarked:Electrify","floor":6,"key":"SMITH"},{"data":"theMarked:WardOff","floor":6,"key":"SMITH"},{"data":"theMarked:Panic","floor":10,"key":"SMITH"},{"data":"theMarked:Aftermath","floor":10,"key":"SMITH"},{"data":"theMarked:WardOff","floor":12,"key":"SMITH"},{"data":"theMarked:Frustration","floor":12,"key":"SMITH"},{"data":"theMarked:Memento","floor":15,"key":"SMITH"},{"data":"theMarked:BanishingStrike","floor":15,"key":"SMITH"},{"data":"theMarked:Toughness","floor":25,"key":"SMITH"},{"data":"theMarked:Challenge","floor":25,"key":"SMITH"},{"data":"theMarked:SoldierOfQuellstein","floor":32,"key":"SMITH"},{"data":"theMarked:Defend","floor":32,"key":"SMITH"},{"floor":40,"key":"REST"},{"floor":40,"key":"RECALL"},{"floor":45,"key":"REST"},{"data":"theMarked:Overthink","floor":45,"key":"SMITH"},{"data":"theMarked:Defend","floor":45,"key":"SMITH"},{"data":"theMarked:Defend","floor":49,"key":"SMITH"},{"data":"theMarked:Strike","floor":49,"key":"SMITH"},{"data":"theMarked:Strike","floor":52,"key":"SMITH"}],"circlet_count":0,"master_deck":["theMarked:Strike+1","theMarked:Strike+1","theMarked:Defend+1","theMarked:Defend+1","theMarked:SoldierOfQuellstein+1","theMarked:Aftermath+1","theMarked:WardOff+1","theMarked:Frustration+1","theMarked:Electrify+1","theMarked:Panic+1","theMarked:WardOff+1","theMarked:BanishingStrike+1","theMarked:Memento+1","theMarked:Challenge+1","theMarked:RepellingDischarge+1","theMarked:Maelstrom+1","theMarked:OneWithTheBlade+1","theMarked:Toughness+1","theMarked:Static+1","theMarked:CreepingChasm+1","Overencumbered","hubris:Despair","theMarked:RepellingDischarge+1","theMarked:Reabsorb+1","theMarked:Overthink+1","Parasite","theMarked:TakeOffHeels","theMarked:Static+1"],"relics":["infinitespire:Cubic Diamond","NeowsBlessing","MerchantsRug","Replay:Arrowhead","infinitespire:EmpoweringShard","theMarked:Winder","aspiration:Lifesprig","trackpad:AdjectivePendant","trackpad:ByrdBGone","trackpad:ByrdCharm","conspire:SpecialSausage","Anchor","Replay:Baseball","hubris:Towel","Vajra","trackpad:ZombieHeart","hubris:SlimyHat","Lizard Tail","Replay:Ringing Soul","Replay:Bandana","infinitespire:EvilPickle","Replay:Ancient Bell","SpikesRelics:DaevaFist","conspire:Dentures","infinitespire:Magic Flask","Bag of Marbles","Replay:Mystery Machine","ReplayTheSpireMod:TigerMarble","conspire:TopHat","Torii","trackpad:Mousetrap"],"acts_visited":["Exordium","TheCity","TheBeyond","TheEnding"],"potions_floor_usage":[22,33,33,50,55,55],"damage_taken":[{"damage":0,"enemies":"2 Louse","floor":1,"turns":1},{"damage":0,"enemies":"Jaw Worm","floor":2,"turns":1},{"damage":0,"enemies":"conspire:RoseBush","floor":4,"turns":1},{"damage":25,"enemies":"3 Sentries","floor":8,"turns":7},{"damage":4,"enemies":"Exordium Wildlife","floor":9,"turns":5},{"damage":0,"enemies":"Replay:BlueRogue","floor":13,"turns":5},{"damage":0,"enemies":"Exordium Wildlife","floor":14,"turns":2},{"damage":0,"enemies":"Fading Forest","floor":16,"turns":11},{"damage":1,"enemies":"3 Byrds","floor":18,"turns":4},{"damage":0,"enemies":"Spheric Guardian","floor":22,"turns":3},{"damage":19,"enemies":"conspire:SneckoGhost","floor":23,"turns":6},{"damage":1,"enemies":"Snecko","floor":27,"turns":3},{"damage":9,"enemies":"conspire:Head Lice","floor":28,"turns":5},{"damage":0,"enemies":"Shelled Parasite and Fungi","floor":30,"turns":3},{"damage":31,"enemies":"Pondfish","floor":33,"turns":8},{"damage":19,"enemies":"3 Darklings","floor":35,"turns":5},{"damage":0,"enemies":"Orb Walker","floor":37,"turns":2},{"damage":39,"enemies":"Spire Growth","floor":38,"turns":5},{"damage":7,"enemies":"Jaw Worm Horde","floor":39,"turns":4},{"damage":4,"enemies":"4 Shapes","floor":42,"turns":9},{"damage":11,"enemies":"R_Hoarder","floor":44,"turns":7},{"damage":2,"enemies":"Maw","floor":46,"turns":8},{"damage":0,"enemies":"Writhing Mass","floor":47,"turns":6},{"damage":4,"enemies":"3 Darklings","floor":48,"turns":5},{"damage":24,"enemies":"Time Eater","floor":50,"turns":11},{"damage":3,"enemies":"Shield and Spear","floor":54,"turns":6},{"damage":176,"enemies":"The Heart","floor":55,"turns":9}],"seed_played":"1665233238946140918","potions_obtained":[{"floor":1,"key":"FearPotion"},{"floor":8,"key":"AttackPotion"},{"floor":16,"key":"Adrenaline Potion"},{"floor":18,"key":"Fruit Juice"},{"floor":22,"key":"Milkshake"},{"floor":33,"key":"SmokeBomb"},{"floor":35,"key":"Weak Potion"},{"floor":38,"key":"Death Potion"},{"floor":41,"key":"Flashbang"}],"is_trial":false,"path_per_floor":["M","M","?","M","$","R","?","E","MIM","R","$","R","E","M","R","B",null,"M","$","?","?","M","E","$","R","T","M","E","$","M","AVR","R","B",null,"M","$","M","M","M","R","?","M","T","E","R","M","M","M","R","B",null,"R","$","E","B",null],"character_chosen":"THE_DEFAULT","items_purchased":["MerchantsRug","Replay:Arrowhead","infinitespire:EmpoweringShard","theMarked:Winder","theMarked:Electrify","ColorlessPotion","trackpad:ByrdBGone","theMarked:WardOff","Adrenaline Potion","Anchor","Replay:Baseball","trackpad:ZombieHeart","hubris:SlimyHat","theMarked:Toughness","Replay:Ringing Soul","Replay:Bandana","Bag of Marbles","theMarked:TakeOffHeels","conspire:TopHat","Torii"],"campfire_rested":2,"item_purchase_floors":[5,5,5,5,5,5,11,11,11,19,19,24,24,24,29,29,36,53,53,53],"current_hp_per_floor":[72,72,72,72,72,72,72,47,43,43,43,43,43,43,43,43,72,71,71,71,71,76,57,57,57,57,57,49,49,54,54,54,27,91,81,81,85,47,43,75,75,75,75,68,102,101,106,108,108,85,129,129,132,134,91],"gold":13731,"neow_bonus":"THREE_ENEMY_KILL","is_daily":false,"chose_seed":false,"campfire_upgraded":17,"win_rate":0.0,"timestamp":1613891820,"path_taken":["M","M","?","M","$","R","?","E","MIM","R","?","R","E","M","R","BOSS","M","$","?","?","M","E","?","R","T","M","E","$","M","AVR","R","BOSS","M","$","M","M","M","R","?","M","T","E","R","?","?","M","R","BOSS","R","$","E","BOSS"],"items_purchased_type":["Relic","Relic","Relic","Relic","Card","Potion","Relic","Card","Potion","Relic","Relic","Relic","Relic","Card","Relic","Relic","Relic","Card","Relic","Relic"],"build_version":"2020-12-22","purchased_purges":7,"victory":true,"max_hp_per_floor":[72,72,72,72,72,72,72,72,72,72,72,72,72,72,72,72,72,72,72,72,72,77,77,77,77,77,78,79,79,84,84,84,88,91,100,100,104,105,108,108,108,112,112,116,116,117,122,128,128,129,129,129,132,137,138],"card_choices":[{"not_picked":["theMarked:Improvise","theMarked:SelfDefenseTraining"],"picked":"theMarked:Aftermath","floor":1},{"not_picked":["theMarked:TwofoldDefense","theMarked:EmpowerWeapon"],"picked":"theMarked:WardOff","floor":2},{"not_picked":["theMarked:RepellingDischarge","theMarked:ResourceFulStrike"],"picked":"theMarked:Frustration","floor":4},{"not_picked":["theMarked:WastefulAttack","theMarked:Aftermath","theMarked:FavorableWinds"],"picked":"SKIP","floor":8},{"not_picked":["theMarked:ResourceFulStrike","theMarked:EmpowerWeapon"],"picked":"theMarked:Panic","floor":9},{"not_picked":["theMarked:EmpowerWeapon","theMarked:Frustration"],"picked":"theMarked:BanishingStrike","floor":13},{"not_picked":["theMarked:Electrify","theMarked:ResourceFulStrike"],"picked":"theMarked:Memento","floor":14},{"not_picked":["theMarked:EternalStudent","theMarked:Levitate"],"picked":"theMarked:Challenge","floor":16},{"not_picked":["theMarked:TunnelVision+1","theMarked:Memento"],"picked":"theMarked:RepellingDischarge+1","floor":18},{"not_picked":["theMarked:GodGivenPower","theMarked:ElectricStrings"],"picked":"theMarked:Maelstrom+1","floor":22},{"not_picked":["theMarked:ResourceFulStrike+1","theMarked:GodGivenPower"],"picked":"theMarked:OneWithTheBlade+1","floor":23},{"not_picked":["theMarked:ResourceFulStrike+1","theMarked:ChainLightning","theMarked:Memento"],"picked":"SKIP","floor":27},{"not_picked":["theMarked:Parkour","theMarked:Memento"],"picked":"theMarked:Static+1","floor":28},{"not_picked":["theMarked:Overthink","theMarked:ChannelForce"],"picked":"theMarked:CreepingChasm+1","floor":30},{"not_picked":["Languid","Delirium"],"picked":"Replay:Hysterical Blindness","floor":34},{"not_picked":["Shame","infinitespire:Pacifist"],"picked":"Overencumbered","floor":34},{"not_picked":["hubris:Disease","ReplayTheSpireMod:Restless Dread"],"picked":"hubris:Despair","floor":34},{"not_picked":["theMarked:Memento+1","theMarked:ResourceFulStrike+1"],"picked":"theMarked:RepellingDischarge+1","floor":35},{"not_picked":["theMarked:WardOff+1","theMarked:Aftermath+1"],"picked":"theMarked:Reabsorb+1","floor":37},{"not_picked":["theMarked:RogueSparks+1","theMarked:ElectricStrings+1","theMarked:Electrify+1"],"picked":"SKIP","floor":38},{"not_picked":["theMarked:ChainLightning+1","theMarked:EternalStudent","theMarked:Electrify"],"picked":"SKIP","floor":39},{"not_picked":["theMarked:RepellingDischarge+1","theMarked:ChainLightning","theMarked:TwofoldDefense"],"picked":"SKIP","floor":42},{"not_picked":["theMarked:Improvise+1","theMarked:Frustration"],"picked":"theMarked:Overthink","floor":44},{"not_picked":["theMarked:TwofoldDefense+1","theMarked:StartUp","theMarked:WastefulAttack"],"picked":"SKIP","floor":46},{"not_picked":["theMarked:KeepCalmAndFight","theMarked:WastefulAttack+1","theMarked:BanishingStrike+1"],"picked":"SKIP","floor":47},{"not_picked":["theMarked:Toughness","theMarked:ChainLightning+1","theMarked:LightningStrikesTwice"],"picked":"SKIP","floor":48},{"not_picked":["theMarked:EmpowerWeapon+1","theMarked:Panic"],"picked":"theMarked:Static+1","floor":54}],"player_experience":507989,"relics_obtained":[{"floor":8,"key":"aspiration:Lifesprig"},{"floor":9,"key":"trackpad:AdjectivePendant"},{"floor":13,"key":"trackpad:ByrdCharm"},{"floor":23,"key":"Vajra"},{"floor":28,"key":"Lizard Tail"},{"floor":43,"key":"Replay:Mystery Machine"},{"floor":44,"key":"ReplayTheSpireMod:TigerMarble"},{"floor":54,"key":"trackpad:Mousetrap"}],"event_choices":[{"damage_healed":0,"gold_gain":0,"player_choice":"Ignored","damage_taken":0,"max_hp_gain":0,"max_hp_loss":0,"event_name":"betterNote:BetterNote","floor":20,"gold_loss":0,"cards_obtained":["Duplication"]},{"damage_healed":0,"gold_gain":0,"player_choice":"Bought 1 Potion","damage_taken":0,"max_hp_gain":0,"max_hp_loss":0,"event_name":"The Woman in Blue","floor":41,"gold_loss":0}],"is_beta":false,"boss_relics":[{"not_picked":["reliquary:Ember","aspiration:RandomNobGenerator"],"picked":"conspire:SpecialSausage"},{"not_picked":["trackpad:StolenKidneys","hubris:VirtuousBlindfold"],"picked":"Replay:Ancient Bell"},{"not_picked":["Blood Vial","trackpad:Compendium"],"picked":"SpikesRelics:DaevaFist"},{"not_picked":["Iron Hammer","infinitespire:Midas Blood"],"picked":"conspire:Dentures"},{"not_picked":["Pocketwatch","Peace Pipe"],"picked":"infinitespire:Magic Flask"}],"items_purged_floors":[5,11,19,24,29,36,53],"is_endless":false,"potions_floor_spawned":[1,8,13,14,16,18,22,33,35,38,42,46],"ascension_level":0}}