{"host":"zno6693rqofarng1","time":1613886696,"event":{"mods":["Act Like it!","BaseMod","Marisa£®ÏF”Í°°ƒß¿Ì…≥£©","Minty Spire (QoL Compilation)","StSLib"],"gold_per_floor":[112,112,112,122,122,148,167,195,195,195,195,195,33,56,56,171,171,206,236,236,261,261,261,291,291,291,322,364,399,77,166,166,262,262,275,275,30,57,124,124,173,213,513,513,513,513,513,554,554,570],"floor_reached":51,"language":"ZHS","playtime":7224,"items_purged":[],"score":710,"play_id":"5cc4728d-673e-46cb-8b6e-d1e704bbd189","local_time":"20210221135136","is_ascension_mode":false,"campfire_choices":[{"data":"BinaryStars","floor":10,"key":"SMITH"},{"data":"MeteoricShower","floor":12,"key":"SMITH"},{"floor":15,"key":"REST"},{"floor":23,"key":"REST"},{"floor":25,"key":"REST"},{"floor":32,"key":"REST"},{"floor":40,"key":"REST"},{"floor":45,"key":"REST"},{"floor":49,"key":"REST"}],"circlet_count":0,"master_deck":["MasterSpark","UpSweep","IllusionStar","MeteoricShower+1","Iron Wave","OpenUniverse","Acceleration","BinaryStars+1","WitchOfGreed","MillisecondPulsars","CasketOfStar","JA","UltimateShortwave","6A","JA","LuminesStrike","Enlightenment","Robbery+1","OrrerysSun","Orbital+1","BinaryStars+1","DarkMatter+1","MagicAbsorber+1","EnergyRecoil","GravityBeat+1","EarthLightRay+1","Thinking Ahead","Wraith"],"relics":["MiniHakkero","NeowsBlessing","Ancient Tea Set","Ice Cream","Ginger","The Courier","Darkstone Periapt","Happy Flower","Strange Spoon","Smiling Mask","Pandora\u0027s Box","Sundial","Red Mask","Blood Vial","Mummified Hand","Astrolabe","Centennial Puzzle","Orichalcum","Juzu Bracelet","Old Coin"],"acts_visited":["Exordium","TheCity","TheBeyond"],"potions_floor_usage":[19,24,27,28,28,29,31,31,31,33,35,39,41,48,50,50,50],"damage_taken":[{"damage":0,"enemies":"Small Slimes","floor":1,"turns":1},{"damage":0,"enemies":"Jaw Worm","floor":4,"turns":1},{"damage":0,"enemies":"3 Sentries","floor":6,"turns":1},{"damage":0,"enemies":"Cultist","floor":7,"turns":3},{"damage":26,"enemies":"Lagavulin","floor":8,"turns":4},{"damage":36,"enemies":"Hexaghost","floor":16,"turns":8},{"damage":22,"enemies":"Spheric Guardian","floor":18,"turns":4},{"damage":34,"enemies":"Shell Parasite","floor":19,"turns":5},{"damage":30,"enemies":"Snake Plant","floor":21,"turns":5},{"damage":0,"enemies":"Centurion and Healer","floor":24,"turns":3},{"damage":15,"enemies":"Shelled Parasite and Fungi","floor":27,"turns":2},{"damage":24,"enemies":"Masked Bandits","floor":28,"turns":4},{"damage":15,"enemies":"Snake Plant","floor":29,"turns":2},{"damage":6,"enemies":"Cultist and Chosen","floor":31,"turns":2},{"damage":9,"enemies":"Collector","floor":33,"turns":5},{"damage":42,"enemies":"3 Darklings","floor":35,"turns":5},{"damage":5,"enemies":"Orb Walker","floor":38,"turns":3},{"damage":0,"enemies":"Maw","floor":39,"turns":6},{"damage":23,"enemies":"Nemesis","floor":41,"turns":5},{"damage":1,"enemies":"Sphere and 2 Shapes","floor":42,"turns":3},{"damage":24,"enemies":"Jaw Worm Horde","floor":48,"turns":3},{"damage":52,"enemies":"Time Eater","floor":50,"turns":7}],"seed_played":"3108804883912142267","potions_obtained":[{"floor":7,"key":"AttackPotion"},{"floor":16,"key":"Swift Potion"},{"floor":16,"key":"Swift Potion"},{"floor":18,"key":"Ancient Potion"},{"floor":19,"key":"FairyPotion"},{"floor":21,"key":"DistilledChaos"},{"floor":24,"key":"Regen Potion"},{"floor":27,"key":"BlessingOfTheForge"},{"floor":28,"key":"SteroidPotion"},{"floor":28,"key":"PowerPotion"},{"floor":29,"key":"Strength Potion"},{"floor":31,"key":"DistilledChaos"},{"floor":33,"key":"SneckoOil"},{"floor":35,"key":"ShroomBrew"},{"floor":38,"key":"Weak Potion"},{"floor":38,"key":"SpeedPotion"},{"floor":39,"key":"PowerPotion"},{"floor":41,"key":"Block Potion"},{"floor":48,"key":"SteroidPotion"}],"is_trial":false,"path_per_floor":["M","?","T","M","?","E","M","E","T","R","?","R","$","T","R","B",null,"M","M","?","M","?","R","M","R","T","M","?","M","$","M","R","B",null,"M","?","$","M","M","R","E","M","T","?","R","?","?","M","R","B",null],"character_chosen":"MARISA","items_purchased":["WitchOfGreed","Strange Spoon","Blood Vial","Mummified Hand","Centennial Puzzle","Orichalcum"],"campfire_rested":7,"item_purchase_floors":[13,13,30,30,37,37],"current_hp_per_floor":[75,75,75,75,75,75,75,49,49,49,49,49,49,49,71,35,75,53,19,19,13,13,35,35,57,57,47,23,8,8,4,26,19,75,33,33,33,30,32,54,33,34,34,34,56,56,62,46,70,26],"gold":570,"neow_bonus":"THREE_ENEMY_KILL","is_daily":false,"chose_seed":false,"campfire_upgraded":2,"win_rate":0.0,"timestamp":1613886696,"path_taken":["M","?","?","M","?","E","?","E","T","R","?","R","$","?","R","BOSS","M","M","?","M","?","R","?","R","T","M","?","M","$","M","R","BOSS","M","?","$","M","M","R","E","M","T","?","R","?","?","M","R","BOSS"],"items_purchased_type":["Card","Relic","Relic","Relic","Relic","Relic"],"build_version":"2020-12-22","purchased_purges":0,"victory":true,"max_hp_per_floor":[75,75,75,75,75,75,75,75,75,75,75,75,75,75,75,75,75,75,75,75,75,75,75,75,75,75,75,75,75,75,75,75,75,75,75,75,75,75,75,75,75,75,75,75,75,75,81,81,81,81],"card_choices":[{"not_picked":["AsteroidBelt","OneTimeOff"],"picked":"IllusionStar","floor":1},{"not_picked":["EnergyRecoil","OortCloud"],"picked":"MeteoricShower","floor":4},{"not_picked":["MagicChant","EventHorizon"],"picked":"OpenUniverse","floor":6},{"not_picked":["IllusionStar","GravityBeat"],"picked":"Acceleration","floor":7},{"not_picked":["BlazeAway","GrandCross"],"picked":"BinaryStars","floor":8},{"not_picked":["BlazingStar","JA"],"picked":"MillisecondPulsars","floor":16},{"not_picked":["ChargeUpSpray","AlicesGift","Acceleration"],"picked":"SKIP","floor":18},{"not_picked":["6A","ShootingEcho","MachineGunSpark"],"picked":"SKIP","floor":19},{"not_picked":["GravityBeat","ChargeUpSpray","ChargingUp"],"picked":"SKIP","floor":21},{"not_picked":["WitchLeyline","PowerUp","MilkyWay"],"picked":"SKIP","floor":24},{"not_picked":["MysteriousBeam","Acceleration","GrandCross+1"],"picked":"SKIP","floor":27},{"not_picked":["PowerUp+1","EventHorizon"],"picked":"Robbery+1","floor":29},{"not_picked":["6A","DoubleSpark"],"picked":"OrrerysSun","floor":31},{"not_picked":["MillisecondPulsars","MaximisePower"],"picked":"CasketOfStar","floor":33},{"not_picked":["EnergyRecoil","Robbery"],"picked":"MagicAbsorber+1","floor":35},{"not_picked":["6A","DC+1"],"picked":"GravityBeat+1","floor":38},{"not_picked":["SporeBomb+1","UnstableBomb+1","GrandCross+1"],"picked":"SKIP","floor":39},{"not_picked":["DoubleSpark+1","Acceleration","GravityBeat"],"picked":"SKIP","floor":41},{"not_picked":["WitchOfGreed","BlazingStar"],"picked":"EarthLightRay+1","floor":42},{"not_picked":["Dramatic Entrance","Madness"],"picked":"Thinking Ahead","floor":46},{"not_picked":["DC+1","StarlightTyphoon+1","6A"],"picked":"SKIP","floor":48}],"player_experience":36385,"relics_obtained":[{"floor":3,"key":"Ice Cream"},{"floor":6,"key":"Ginger"},{"floor":8,"key":"The Courier"},{"floor":9,"key":"Darkstone Periapt"},{"floor":14,"key":"Smiling Mask"},{"floor":26,"key":"Sundial"},{"floor":28,"key":"Red Mask"},{"floor":41,"key":"Juzu Bracelet"},{"floor":43,"key":"Old Coin"}],"event_choices":[{"damage_healed":0,"gold_gain":0,"player_choice":"Box","damage_taken":0,"relics_obtained":["Ancient Tea Set"],"max_hp_gain":0,"max_hp_loss":0,"event_name":"Big Fish","floor":2,"gold_loss":0,"cards_obtained":["Regret"]},{"cards_removed":["Regret"],"damage_healed":0,"gold_gain":0,"player_choice":"Took Card","damage_taken":0,"max_hp_gain":0,"max_hp_loss":0,"event_name":"NoteForYourself","floor":5,"gold_loss":0,"cards_obtained":["Iron Wave"]},{"damage_healed":0,"gold_gain":0,"player_choice":"Gave Potion","damage_taken":0,"relics_obtained":["Happy Flower"],"max_hp_gain":0,"max_hp_loss":0,"event_name":"WeMeetAgain","floor":11,"gold_loss":0},{"damage_healed":0,"gold_gain":0,"player_choice":"Ignored","damage_taken":0,"max_hp_gain":0,"max_hp_loss":0,"event_name":"Ghosts","floor":20,"gold_loss":0},{"damage_healed":0,"gold_gain":0,"player_choice":"2 cards matched","damage_taken":0,"max_hp_gain":0,"max_hp_loss":0,"event_name":"Match and Keep!","floor":22,"gold_loss":0,"cards_obtained":["MasterSpark","Enlightenment"]},{"damage_healed":0,"gold_gain":0,"player_choice":"Fought Bandits","damage_taken":0,"max_hp_gain":0,"max_hp_loss":0,"event_name":"Masked Bandits","floor":28,"gold_loss":0},{"damage_healed":0,"gold_gain":0,"cards_transformed":["MasterSpark"],"player_choice":"Transformed","damage_taken":0,"max_hp_gain":0,"max_hp_loss":0,"event_name":"Transmorgrifier","floor":36,"gold_loss":0,"cards_obtained":["EnergyRecoil"]},{"damage_healed":0,"gold_gain":0,"player_choice":"Ignored","damage_taken":0,"max_hp_gain":0,"max_hp_loss":0,"event_name":"The Moai Head","floor":44,"gold_loss":0},{"damage_healed":0,"gold_gain":0,"player_choice":"Memory 1","damage_taken":0,"max_hp_gain":0,"max_hp_loss":0,"event_name":"SensoryStone","floor":46,"gold_loss":0},{"damage_healed":0,"gold_gain":0,"player_choice":"Ignored","damage_taken":0,"max_hp_gain":0,"max_hp_loss":0,"event_name":"OrinTheCat","floor":47,"gold_loss":0}],"is_beta":false,"boss_relics":[{"not_picked":["Runic Dome","Snecko Eye"],"picked":"Pandora\u0027s Box"},{"not_picked":["Fusion Hammer","RampagingMagicTools"],"picked":"Astrolabe"}],"items_purged_floors":[],"is_endless":false,"potions_floor_spawned":[7,16,21,24,28,33,35,38],"ascension_level":0}}