{"host":"o3b7ow6d1xe49css","time":1613916875,"event":{"mods":["Act Like it!","Aspiration","BaseMod","Bestiary","Better Altar","Better Match","Better Note","Better Sensory Stone","Better Skull","Better Third Choice","Colored Powertips","Conspire","Energized Spire","Force Act Four","GifTheSpireLib","Halation","Hermit","Hubris","Infinite Spire","Lobotomy","Minty Spire (QoL Compilation)","Quick Restart","Rare Cards Sparkle","Relic Filter Mod","Reliquary","Replay The Spire","Spicy Shops","Spikes Relics","StSLib","Stuff the Spire","The Blue Laboratory","The Hierophant","The Jungle","Wandering Minibosses"],"gold_per_floor":[112,127,138,138,138,163,163,190,217,142,171,171,203,238,238,334,334,346,398,398,0,0,28,57,57,105,105,105,137,162,187,187,286,286,299,313,785,785,785,818,846,846,846,271,25,25,53,63,63,158,158,158,458,483,483],"floor_reached":56,"language":"ENG","playtime":2532,"items_purged":["Strike_R","Perfected Strike+1","Body Slam+1","StuffTheSpire:Perfection","Bash","Armaments"],"score":1951,"play_id":"a6f5e248-9487-42d0-8a72-f4a916d12f58","local_time":"20210221051435","daily_mods":["Heirloom","Flight"],"is_ascension_mode":true,"campfire_choices":[{"data":"Flame Barrier","floor":7,"key":"SMITH"},{"data":"hubris:StunningStrike","floor":25,"key":"SMITH"},{"floor":27,"key":"RECALL"},{"data":"Juggernaut","floor":32,"key":"SMITH"},{"data":"Juggernaut","floor":46,"key":"SMITH"},{"data":"Flame Barrier+1","floor":49,"key":"SMITH"},{"data":"Shockwave","floor":52,"key":"SMITH"}],"circlet_count":0,"master_deck":["Defend_R","Defend_R+1","Defend_R","Defend_R","Replay:Undeath\u0027s Touch+1","Sword Boomerang","hubris:StunningStrike+1","Flame Barrier+2","Shockwave+1","Juggernaut+1","Spot Weakness","Impervious+1","UniverseFragment","Thunderclap","Anger+1","Replay:Undeath\u0027s Touch","Juggernaut+1","ReplayTheSpireMod:Stacked+1","Replay:Undeath\u0027s Touch+1","Trip","Metallicize","Metallicize","Flame Barrier+2","Master of Strategy"],"relics":["Burning Blood","Ring of Chaos","Incense Burner","CogitoBucket","infinitespire:Lucky Rock","Turnip","Bag of Marbles","Bottled Lightning","infinitespire:EmpoweringShard","reliquary:Spinner","Replay:Grab Bag","reliquary:RustamsPendant","energizedSpire:MagnifyingGlass","Astrolabe","aspiration:DSix","Eternal Feather","StrikeDummy","Nunchaku","hubris:ChampionShield","Oddly Smooth Stone","reliquary:Boomerang","CosmicIsotope","ResearcherNote","conspire:InfiniteJournal","wanderingMiniBosses:LockLocket","Akabeko","hubris:TenFootPole","Thread and Needle","Mummified Hand","BargainBundle","StoneCalendar","Sandwich","Ring of Chaos","hubris:NiceRug","reliquary:PartyBalloon","halation:PenCase","DollysMirror","reliquary:PurpleTingedLeaf","StuffTheSpire:DullRazor","RollingBoulder","LugNut"],"acts_visited":["Exordium","Exordium","TheBeyond","Exordium","TheEnding"],"potions_floor_usage":[6,6,11,29,33,41,50,55,55],"damage_taken":[{"damage":6,"enemies":"Cultist","floor":1,"turns":4},{"damage":7,"enemies":"Jaw Worm","floor":2,"turns":2},{"damage":0,"enemies":"2 Louse","floor":3,"turns":1},{"damage":5,"enemies":"3 Sentries","floor":6,"turns":3},{"damage":18,"enemies":"Gremlin Nob","floor":8,"turns":5},{"damage":2,"enemies":"3 Sentries","floor":11,"turns":2},{"damage":30,"enemies":"Lagavulin","floor":13,"turns":6},{"damage":0,"enemies":"Gremlin Nob","floor":14,"turns":2},{"damage":32,"enemies":"Hexaghost","floor":16,"turns":6},{"damage":13,"enemies":"theJungle:GiantWrat","floor":18,"turns":4},{"damage":14,"enemies":"theJungle:5_Spyders","floor":19,"turns":7},{"damage":16,"enemies":"theJungle:MamaSnecko","floor":23,"turns":6},{"damage":10,"enemies":"theJungle:2_Phrogs","floor":24,"turns":6},{"damage":0,"enemies":"Nightmare","floor":29,"turns":7},{"damage":0,"enemies":"theJungle:2_Phrogs","floor":30,"turns":4},{"damage":0,"enemies":"theJungle:Cassacara","floor":31,"turns":3},{"damage":14,"enemies":"theJungle:FunGuy","floor":33,"turns":9},{"damage":0,"enemies":"Orb Walker","floor":35,"turns":4},{"damage":1,"enemies":"3 Shapes","floor":36,"turns":4},{"damage":17,"enemies":"Mind Bloom Boss Battle","floor":37,"turns":7},{"damage":1,"enemies":"R_Hoarder","floor":40,"turns":3},{"damage":10,"enemies":"Reptomancer","floor":41,"turns":5},{"damage":0,"enemies":"R_Hoarder","floor":47,"turns":7},{"damage":0,"enemies":"Transient","floor":48,"turns":8},{"damage":11,"enemies":"infinitespire:MassOfShapes","floor":50,"turns":7},{"damage":1,"enemies":"hubris:Merchant","floor":53,"turns":3},{"damage":0,"enemies":"Shield and Spear","floor":54,"turns":3},{"damage":0,"enemies":"The Heart","floor":55,"turns":5}],"seed_played":"-282920012059416526","potions_obtained":[{"floor":1,"key":"Adrenaline Potion"},{"floor":3,"key":"Venom Potion"},{"floor":8,"key":"blueLaboratory:RecallPotion"},{"floor":14,"key":"blueLaboratory:TrueEctoplasm"},{"floor":19,"key":"ElixirPotion"},{"floor":24,"key":"Toxic Potion"},{"floor":30,"key":"blueLaboratory:PhilterOfMotion"},{"floor":37,"key":"SkillPotion"},{"floor":41,"key":"blueLaboratory:HorrorPotion"},{"floor":53,"key":"ColorlessPotion"},{"floor":53,"key":"Elixir"}],"is_trial":true,"path_per_floor":["M","M","M","$","$","E","R","E","T","$","E","?","E","E","R","B",null,"M","M","?","$","?","E","E","R","T","R","AVR","NM","E","E","R","B",null,"M","M","?","?","?","E","E","AVR","T","$","$","R","E","M","R","B",null,"R","$","E","B",null],"character_chosen":"IRONCLAD","items_purchased":["aspiration:DSix","Trip","Mummified Hand","Metallicize","BargainBundle","ColorlessPotion","blueLaboratory:BottleOfVodka"],"campfire_rested":0,"item_purchase_floors":[21,44,44,44,45,45,45],"current_hp_per_floor":[80,79,80,80,80,80,80,68,68,68,72,72,48,54,54,28,67,60,52,56,56,90,80,76,85,85,90,90,90,90,90,90,82,88,90,90,79,79,79,84,80,80,80,80,80,90,90,90,90,85,90,90,90,90,90],"gold":483,"neow_bonus":"","is_daily":false,"chose_seed":false,"campfire_upgraded":6,"win_rate":0.0,"timestamp":1613916875,"path_taken":["M","M","M","?","$","E","R","E","T","$","E","?","E","E","R","BOSS","M","M","?","$","?","E","E","R","T","R","AVR","NM","E","E","R","BOSS","M","M","?","?","?","E","E","AVR","T","$","$","R","E","?","R","BOSS","R","$","E","BOSS"],"items_purchased_type":["Relic","Card","Relic","Card","Relic","Potion","Potion"],"build_version":"2020-12-22","purchased_purges":6,"victory":true,"max_hp_per_floor":[80,80,80,80,80,80,80,80,80,80,80,80,80,80,80,80,80,80,80,80,80,90,90,90,90,90,90,90,90,90,90,90,90,90,90,90,90,90,90,90,90,90,90,90,90,90,90,90,90,90,90,90,90,90,90],"card_choices":[{"not_picked":["Anger","Warcry"],"picked":"Replay:Undeath\u0027s Touch","floor":1},{"not_picked":["SingingMachine","Bloodbath","CrumblingArmor"],"picked":"Singing Bowl","floor":1},{"not_picked":["Perfected Strike","ReplayTheSpireMod:Corrosion Curse"],"picked":"Sword Boomerang","floor":2},{"not_picked":["ShyLook","SpiderBud"],"picked":"Scorched","floor":2},{"not_picked":["StuffTheSpire:Slingshot","Sword Boomerang"],"picked":"hubris:StunningStrike","floor":3},{"not_picked":["WallGazer","FairyFestival","QueenBee"],"picked":"Singing Bowl","floor":3},{"not_picked":["Battle Trance","ReplayTheSpireMod:Strike From Hell"],"picked":"Flame Barrier","floor":6},{"not_picked":["LittlePrince","FieryBird","LaLuna"],"picked":"Singing Bowl","floor":6},{"not_picked":["Sever Soul","Power Through"],"picked":"Shockwave","floor":8},{"not_picked":["StuffTheSpire:RockThrow","Twin Strike"],"picked":"Armaments","floor":11},{"not_picked":["QueenOfHatred","MHz","VoidDream"],"picked":"Singing Bowl","floor":11},{"not_picked":["Anger","Sword Boomerang"],"picked":"Spot Weakness","floor":13},{"not_picked":["CrumblingArmor","Yin","GalaxyChild"],"picked":"Singing Bowl","floor":13},{"not_picked":["PunishingBird","BlackSwan","Funeral"],"picked":"Singing Bowl","floor":14},{"not_picked":["Run Through","Sever Soul","Immolate"],"picked":"SKIP","floor":14},{"not_picked":["Double Tap","Demonic Infusion"],"picked":"Impervious","floor":16},{"not_picked":["Murderer","MeatLantern","CrumblingArmor"],"picked":"Singing Bowl","floor":16},{"not_picked":["SingingMachine","OSAHOGD"],"picked":"UniverseFragment","floor":18},{"not_picked":["Sword Boomerang","Perfected Strike","Pummel"],"picked":"SKIP","floor":18},{"not_picked":["StuffTheSpire:Slingshot","Headbutt"],"picked":"Thunderclap","floor":19},{"not_picked":["Armaments","Dropkick","StuffTheSpire:Incineration"],"picked":"SKIP","floor":23},{"not_picked":["StuffTheSpire:Pyroclast+1","Hemokinesis+1"],"picked":"Anger+1","floor":24},{"not_picked":["Flex","Anger+1"],"picked":"Replay:Undeath\u0027s Touch","floor":29},{"not_picked":["StuffTheSpire:Slingshot","ReplayTheSpireMod:Strike From Hell","Carnage"],"picked":"SKIP","floor":30},{"not_picked":["ReplayTheSpireMod:Limb From Limb","StuffTheSpire:Slingshot","Flex"],"picked":"SKIP","floor":31},{"not_picked":["Demon Form","Barricade"],"picked":"Juggernaut","floor":33},{"not_picked":["Cleave","Anger","hubris:CleavingFinish+1"],"picked":"SKIP","floor":35},{"not_picked":["Carnage","StuffTheSpire:RockThrow","Brutality"],"picked":"SKIP","floor":36},{"not_picked":["StuffTheSpire:Incineration+1","Perfected Strike+1"],"picked":"ReplayTheSpireMod:Stacked+1","floor":37},{"not_picked":["StuffTheSpire:Harmony","StuffTheSpire:Rapture"],"picked":"StuffTheSpire:Perfection","floor":38},{"not_picked":["Ghostly Armor","Twin Strike+1","Body Slam+1"],"picked":"SKIP","floor":40},{"not_picked":["Wild Strike","Twin Strike+1"],"picked":"Replay:Undeath\u0027s Touch+1","floor":41},{"not_picked":["Body Slam+1","Replay:Undeath\u0027s Touch","conspire:Charge"],"picked":"SKIP","floor":47},{"not_picked":["ReplayTheSpireMod:Strike From Hell","Havoc","StuffTheSpire:RockThrow+1"],"picked":"SKIP","floor":48},{"not_picked":[],"picked":"Master of Strategy","floor":53},{"not_picked":["Carnage"],"picked":"SKIP","floor":53},{"not_picked":["Iron Wave"],"picked":"SKIP","floor":53},{"not_picked":["Infernal Blade"],"picked":"SKIP","floor":53},{"not_picked":["Armaments"],"picked":"SKIP","floor":53},{"not_picked":["Inflame"],"picked":"SKIP","floor":53},{"not_picked":["Impatience"],"picked":"SKIP","floor":53},{"not_picked":["hubris:SharpeningStone+1","Havoc","Headbutt"],"picked":"SKIP","floor":54},{"not_picked":["hubris:SharpeningStone+1","Havoc","Headbutt"],"picked":"SKIP","floor":54}],"player_experience":1445852,"relics_obtained":[{"floor":6,"key":"infinitespire:Lucky Rock"},{"floor":8,"key":"Turnip"},{"floor":9,"key":"Bag of Marbles"},{"floor":11,"key":"Bottled Lightning"},{"floor":13,"key":"infinitespire:EmpoweringShard"},{"floor":14,"key":"reliquary:Spinner"},{"floor":23,"key":"Eternal Feather"},{"floor":24,"key":"StrikeDummy"},{"floor":26,"key":"Nunchaku"},{"floor":29,"key":"Oddly Smooth Stone"},{"floor":30,"key":"Replay:Baseball"},{"floor":31,"key":"reliquary:Boomerang"},{"floor":37,"key":"conspire:InfiniteJournal"},{"floor":37,"key":"wanderingMiniBosses:LockLocket"},{"floor":40,"key":"Akabeko"},{"floor":41,"key":"hubris:TenFootPole"},{"floor":47,"key":"StoneCalendar"},{"floor":53,"key":"reliquary:PartyBalloon"},{"floor":53,"key":"halation:PenCase"},{"floor":53,"key":"DollysMirror"},{"floor":53,"key":"reliquary:PurpleTingedLeaf"},{"floor":53,"key":"StuffTheSpire:DullRazor"},{"floor":53,"key":"RollingBoulder"},{"floor":54,"key":"LugNut"}],"event_choices":[{"damage_healed":0,"gold_gain":0,"cards_transformed":["Strike_R"],"player_choice":"Transformed","damage_taken":0,"max_hp_gain":0,"max_hp_loss":0,"event_name":"Transmorgrifier","floor":12,"gold_loss":0,"cards_obtained":["Juggernaut"]},{"cards_removed":["Scorched"],"damage_healed":0,"gold_gain":0,"player_choice":"Purged","damage_taken":0,"max_hp_gain":0,"max_hp_loss":0,"event_name":"Purifier","floor":15,"gold_loss":0},{"damage_healed":4,"gold_gain":0,"player_choice":"LEAVE ","damage_taken":0,"relics_obtained":[],"max_hp_gain":0,"max_hp_loss":0,"event_name":"betterSkull:BetterSkull","floor":20,"gold_loss":0,"cards_upgraded":[]},{"cards_removed":["Berserk"],"damage_healed":24,"gold_gain":0,"player_choice":"Offered Rare","damage_taken":0,"max_hp_gain":10,"max_hp_loss":0,"event_name":"Bonfire Elementals","floor":22,"gold_loss":0},{"damage_healed":0,"gold_gain":0,"player_choice":"Fight","damage_taken":0,"max_hp_gain":0,"max_hp_loss":0,"event_name":"MindBloom","floor":37,"gold_loss":0},{"damage_healed":0,"gold_gain":0,"player_choice":"Leave","damage_taken":0,"max_hp_gain":0,"max_hp_loss":0,"event_name":"conspire:Investor","floor":39,"gold_loss":0}],"is_beta":false,"boss_relics":[{"not_picked":["Runic Dome","energizedSpire:StickyHand"],"picked":"Replay:Grab Bag"},{"not_picked":["Coffee Dripper","Busted Crown"],"picked":"reliquary:RustamsPendant"},{"not_picked":["Velvet Choker","Ectoplasm"],"picked":"energizedSpire:MagnifyingGlass"},{"not_picked":["Runic Cube","hubris:Stopwatch"],"picked":"Astrolabe"},{"not_picked":["halation:SmartPhone","Abe\u0027s Treasure"],"picked":"CosmicIsotope"},{"not_picked":["hubris:ScarierMask","halation:MonkeysPaw"],"picked":"Sandwich"}],"items_purged_floors":[10,21,28,42,44,45],"is_endless":true,"potions_floor_spawned":[1,3,8,14,19,24,30,31,37,41,48,54,55],"ascension_level":5}}