{"host":"43wsnxh97mgjl5zw","time":1613884640,"event":{"mods":["Aspiration","BaseMod","Colored Map","Colored Powertips","Conspire","Downfall","Halation","Hubris","Minty Spire (QoL Compilation)","Quick Restart","Rare Cards Sparkle","Relic Sorter","Reliquary","Replay The Spire","StSLib"],"gold_per_floor":[110,160,173,187,84,84,84,113,113,139,158,184,100,125,125,200,200,211,211,211,18,31,65,65,94,94,64,74,74,85,32,32,32,32],"floor_reached":33,"language":"ENG","playtime":2099,"items_purged":[],"score":622,"play_id":"cbecc886-774e-49d5-b56a-94d905a665b8","local_time":"20210221071720","is_ascension_mode":true,"campfire_choices":[{"data":"Perfected Strike","floor":6.0,"key":"SMITH"},{"data":"Uppercut","floor":29,"key":"SMITH"},{"floor":32,"key":"DIG"}],"circlet_count":0,"master_deck":["AscendersBane","Strike_R","Strike_R","Strike_R","Strike_R","Strike_R","Defend_R","Defend_R","Defend_R","Defend_R","Bash","Perfected Strike+1","Battle Trance","Thunderclap","Dramatic Entrance","Uppercut+1","Disarm","ReplayTheSpireMod:LeadingStrike+1","Impervious+1","Perfected Strike","Metallicize","Panacea","Twin Strike"],"relics":["Black Blood","NeowsBlessing","Sundial","Nunchaku","reliquary:Aerogel","hubris:ChampionShield","Replay:Multitool","Blue Candle","Iron Hammer","hubris:TinFlute","Bag of Marbles","Omamori"],"acts_visited":["Exordium","TheCity"],"potions_floor_usage":[25,27,28,30,33],"damage_taken":[{"damage":0.0,"enemies":"Jaw Worm","floor":1.0,"turns":1.0},{"damage":0.0,"enemies":"Cultist","floor":3.0,"turns":1.0},{"damage":0.0,"enemies":"conspire:RoseBush","floor":4.0,"turns":1.0},{"damage":10.0,"enemies":"Lagavulin","floor":8.0,"turns":3.0},{"damage":21.0,"enemies":"Replay:BlueRogue","floor":10.0,"turns":5.0},{"damage":4.0,"enemies":"Exordium Thugs","floor":11.0,"turns":4.0},{"damage":21.0,"enemies":"Lagavulin","floor":12.0,"turns":5.0},{"damage":8.0,"enemies":"Gremlin Nob","floor":14.0,"turns":3.0},{"damage":41.0,"enemies":"The Guardian","floor":16.0,"turns":15.0},{"damage":35.0,"enemies":"Shell Parasite","floor":18.0,"turns":3.0},{"damage":0.0,"enemies":"Chosen","floor":22.0,"turns":5.0},{"damage":61.0,"enemies":"Book of Stabbing","floor":23.0,"turns":7.0},{"damage":9,"enemies":"Gremlin Leader","floor":25,"turns":6},{"damage":20,"enemies":"Snake Plant","floor":28,"turns":2},{"damage":18,"enemies":"3 Cultists","floor":30,"turns":4},{"damage":33,"enemies":"Collector","floor":33,"turns":6}],"seed_played":"-2086254428354520635","potions_obtained":[{"floor":3.0,"key":"DistilledChaos"},{"floor":7.0,"key":"SmokeBomb"},{"floor":7.0,"key":"Adrenaline Potion"},{"floor":8.0,"key":"conspire:TimeTravelPotion"},{"floor":10.0,"key":"SkillPotion"},{"floor":12.0,"key":"sneckomod:MuddlingPotion"},{"floor":22.0,"key":"BlessingOfTheForge"},{"floor":27,"key":"EntropicBrew"},{"floor":27,"key":"Fruit Juice"}],"is_trial":false,"path_per_floor":["M","?","M","M","$","R","?","E","T","E","M","E","$","E","R_BF","B",null,"M","?","?","$","M","E","R","E","T","?","M","R","M","$","R","B"],"character_chosen":"IRONCLAD","items_purchased":["Dramatic Entrance","ReplayTheSpireMod:LeadingStrike","Metallicize","Panacea","AttackPotion"],"campfire_rested":0,"item_purchase_floors":[5,13,21,21,31],"current_hp_per_floor":[74,74,75,75,75,75,75,71,71,56,58,43,43,41,63,28,63,61,56,56,56,68,19,41,44,44,49,41,41,51,51,51,18,18],"gold":32,"neow_bonus":"THREE_ENEMY_KILL","is_daily":false,"chose_seed":false,"campfire_upgraded":2,"win_rate":0.0,"timestamp":1613884640,"path_taken":["M","?","?","?","$","R","?","E","T","E","M","E","?","E","R_BF","BOSS","M","?","?","$","M","E","R","E","T","?","M","R","?","?","R","BOSS"],"items_purchased_type":["Card","Card","Card","Card","Potion"],"build_version":"2020-12-22","purchased_purges":0,"victory":false,"max_hp_per_floor":[75,75,75,75,75,75,75,75,75,75,75,75,75,75,75,75,75,75,75,75,75,75,75,75,75,75,80,80,80,80,80,80,80,80],"card_choices":[{"not_picked":["Sword Boomerang","ReplayTheSpireMod:LeadingStrike"],"picked":"Perfected Strike","floor":1.0},{"not_picked":["Body Slam","Feel No Pain"],"picked":"Battle Trance","floor":3.0},{"not_picked":["Iron Wave","Ghostly Armor"],"picked":"Thunderclap","floor":4.0},{"not_picked":["Dropkick","Disarm"],"picked":"Uppercut","floor":8.0},{"not_picked":["Flex","Run Through","Juggernaut"],"picked":"SKIP","floor":10.0},{"not_picked":["Anger","Battle Trance","ReplayReversal"],"picked":"SKIP","floor":11.0},{"not_picked":["Infernal Blade","Eclipse"],"picked":"Disarm","floor":12.0},{"not_picked":["Dark Embrace","hubris:CleavingFinish","Headbutt"],"picked":"SKIP","floor":14.0},{"not_picked":["Immolate","Reaper"],"picked":"Impervious","floor":16.0},{"not_picked":["True Grit","Abandon"],"picked":"Perfected Strike","floor":18.0},{"not_picked":["Iron Wave","Flex","Replay:Undeath\u0027s Touch"],"picked":"SKIP","floor":22.0},{"not_picked":["ReplayReversal","Feel No Pain","Anger"],"picked":"SKIP","floor":23.0},{"not_picked":["Abandon","Wild Strike","hubris:CleavingFinish"],"picked":"SKIP","floor":25},{"not_picked":["True Grit","Wild Strike"],"picked":"Twin Strike","floor":28},{"not_picked":["Blood for Blood","Replay:Undeath\u0027s Touch","Twin Strike"],"picked":"SKIP","floor":30}],"player_experience":1271785,"relics_obtained":[{"floor":8.0,"key":"Sundial"},{"floor":9.0,"key":"Nunchaku"},{"floor":10.0,"key":"reliquary:Aerogel"},{"floor":12.0,"key":"hubris:ChampionShield"},{"floor":14.0,"key":"Replay:Multitool"},{"floor":23.0,"key":"Iron Hammer"},{"floor":25,"key":"hubris:TinFlute"},{"floor":26,"key":"Bag of Marbles"},{"floor":32,"key":"Omamori"}],"event_choices":[{"damage_healed":0.0,"max_hp_gain":0.0,"max_hp_loss":0.0,"gold_gain":50.0,"event_name":"Golden Shrine","player_choice":"Pray","floor":2.0,"gold_loss":0.0,"damage_taken":0.0},{"damage_healed":0.0,"max_hp_gain":0.0,"max_hp_loss":0.0,"gold_gain":0.0,"event_name":"Lab","player_choice":"Got Potions","floor":7.0,"gold_loss":0.0,"damage_taken":0.0},{"damage_healed":0.0,"max_hp_gain":0.0,"max_hp_loss":0.0,"gold_gain":0.0,"event_name":"Vampires","player_choice":"Ignored","floor":20.0,"gold_loss":0.0,"damage_taken":0.0},{"damage_healed":0,"gold_gain":0,"player_choice":"Bought 2 Potions","damage_taken":0,"max_hp_gain":0,"max_hp_loss":0,"event_name":"The Woman in Blue","floor":27,"gold_loss":0}],"is_beta":false,"boss_relics":[{"not_picked":["Busted Crown","SacredBark"],"picked":"Black Blood"}],"items_purged_floors":[],"is_endless":false,"potions_floor_spawned":[3,8,10,12,22,28],"killed_by":"Collector","ascension_level":20}}