{"host":"xltl1aroowo69o4n","time":1613871571,"event":{"mods":["BaseMod","Colored Map","Colored Powertips","Downfall","Koishi","Marisa????????","Minty Spire (QoL Compilation)","Replay The Spire","StSLib","The Cursed","The Hierophant","The Mystic","The Necromancer","The Servant 0.9.4"],"gold_per_floor":[99,111,111,134,159,195,220,120,120,120,137,137,57,57,81,91,91],"floor_reached":16,"language":"ENG","playtime":570,"items_purged":["downfall:Bewildered"],"score":105,"play_id":"a7dd49bf-0265-49c6-a9e6-01ba6855a29e","local_time":"20210220203931","is_ascension_mode":true,"campfire_choices":[{"floor":1,"key":"RECALL"},{"floor":8,"key":"REST"},{"floor":12,"key":"REST"}],"circlet_count":0,"master_deck":["Koishi:BasicStrike","Koishi:BasicStrike","Koishi:BasicStrike","Koishi:BasicStrike","Koishi:BasicDefend","Koishi:BasicDefend","Koishi:BasicDefend","Koishi:BasicDefend","Koishi:Provoke","Koishi:HauntingSlash","Koishi:UnseenTerror","CurseOfTheBell","CurseOfTheBell","Koishi:MindStellarRelief","Koishi:TraumaticStroke","Koishi:MassHysteria","Koishi:PhantomBarrier","Koishi:StingingMind","Koishi:FleetingPhantom","Koishi:UnansweredLove","Koishi:FourthEye","Koishi:JumpScare"],"relics":["Koishi:ImaginaryFriend","downfall:ExtraCursedBell","Replay:Bandana","Meat on the Bone","Counterbalance","Bag of Preparation","Pen Nib","downfall:HeartBlessingRed"],"acts_visited":["Exordium"],"potions_floor_usage":[6,16,16],"damage_taken":[{"damage":0,"enemies":"2 Louse","floor":2,"turns":4},{"damage":17,"enemies":"Small Slimes","floor":4,"turns":4},{"damage":2,"enemies":"Cultist","floor":5,"turns":4},{"damage":41,"enemies":"Gremlin Nob","floor":6,"turns":5},{"damage":22,"enemies":"3 Louse","floor":11,"turns":4},{"damage":3,"enemies":"downfall:FleeingMerchant","floor":13,"turns":4},{"damage":24,"enemies":"Blue Slaver","floor":15,"turns":5},{"damage":44,"enemies":"SI_SHIV_ARCHETYPE","floor":16,"turns":7}],"seed_played":"7907651709325066822","potions_obtained":[{"floor":0,"key":"Strength Potion"},{"floor":0,"key":"LifebloodPotion"},{"floor":0,"key":"Reflective Coating"},{"floor":15,"key":"AttackPotion"}],"is_trial":false,"path_per_floor":["R_BF","M","?","M","M","E","T","R","?","?","M","R","$","?","M","B"],"character_chosen":"KOISHI","items_purchased":[],"campfire_rested":2,"item_purchase_floors":[],"current_hp_per_floor":[60,60,60,46,47,21,21,39,39,59,37,55,52,52,41,0,0],"gold":91,"neow_bonus":"THREE_SMALL_POTIONS","is_daily":false,"chose_seed":false,"campfire_upgraded":0,"win_rate":0.0,"timestamp":1613871571,"path_taken":["R_BF","M","?","M","M","E","T","R","?","?","M","R","$","?","M","BOSS"],"items_purchased_type":[],"build_version":"2020-12-13","purchased_purges":1,"victory":false,"max_hp_per_floor":[60,60,60,60,60,60,60,60,60,60,60,60,60,60,60,60,60],"card_choices":[{"not_picked":["Koishi:UnansweredLove","Koishi:PhantomStrike"],"picked":"Koishi:UnseenTerror","floor":2},{"not_picked":["Koishi:UnansweredLove","Koishi:UnseenTerror"],"picked":"Koishi:TraumaticStroke","floor":4},{"not_picked":["Koishi:VengefulSpirit","Koishi:UnconsciousUprising"],"picked":"Koishi:MassHysteria","floor":5},{"not_picked":["Koishi:RacingHeart","Koishi:UnconsciousUprising"],"picked":"Koishi:PhantomBarrier","floor":6},{"not_picked":["Koishi:FleetingPhantom","Koishi:UnconsciousUprising"],"picked":"Koishi:StingingMind","floor":11},{"not_picked":["Koishi:PhantomStrike","Koishi:GeneticsOfTheUnconscious"],"picked":"Koishi:FleetingPhantom","floor":13},{"not_picked":["Koishi:UnconsciousUprising","Koishi:StingingMind"],"picked":"Koishi:JumpScare","floor":15}],"player_experience":248068,"relics_obtained":[{"floor":3,"key":"Replay:Bandana"},{"floor":3,"key":"Meat on the Bone"},{"floor":3,"key":"Counterbalance"},{"floor":6,"key":"Bag of Preparation"},{"floor":7,"key":"Pen Nib"}],"event_choices":[{"damage_healed":20,"gold_gain":0,"player_choice":"Banana","damage_taken":0,"max_hp_gain":0,"max_hp_loss":0,"event_name":"Big Fish","floor":10,"gold_loss":0}],"is_beta":false,"boss_relics":[],"items_purged_floors":[13],"is_endless":false,"potions_floor_spawned":[4,5,15],"killed_by":"SI_SHIV_ARCHETYPE","ascension_level":1}}