{"host":"vlqej45p0v31lhdi","time":1613896768,"event":{"mods":["AchievementEnabler","BaseMod","Bestiary","Colored Powertips","Minty Spire (QoL Compilation)","Relic Stats"],"gold_per_floor":[110,110,126,85,85,117,117,135,135,163,163,197,197,16,16,93,93,112,138,138,154,154,189,29,97,124,124,159,169,169,182,182,256,256,270,35,54,64,74,74,109,109,184,184,203,237,43,75,75,75,75,75,75,15,50,50],"floor_reached":57,"language":"ENG","playtime":15269,"items_purged":["Wild Strike"],"score":2988,"play_id":"9ef27432-a62a-4436-9576-2db8744846d6","local_time":"20210221023928","is_ascension_mode":true,"campfire_choices":[{"data":"Rampage","floor":7.0,"key":"SMITH"},{"data":"Inflame","floor":11.0,"key":"SMITH"},{"data":"Sword Boomerang","floor":13.0,"key":"SMITH"},{"data":"Cleave","floor":15.0,"key":"SMITH"},{"floor":27.0,"key":"REST"},{"floor":30.0,"key":"REST"},{"floor":32.0,"key":"REST"},{"data":"Feel No Pain","floor":40.0,"key":"SMITH"},{"data":"Rupture","floor":42.0,"key":"SMITH"},{"floor":49.0,"key":"RECALL"},{"data":"1","floor":53.0,"key":"LIFT"}],"circlet_count":0,"master_deck":["AscendersBane","Bash","Sword Boomerang+1","Feel No Pain+1","Inflame+1","Rampage+1","Shockwave","True Grit+1","Cleave+1","Double Tap+1","True Grit+1","Corruption","Power Through+1","Sword Boomerang","Entrench+1","Body Slam","Combust","Double Tap+1","Bloodletting+1","True Grit+1","True Grit+1","Rupture+1","Pummel+1","Power Through+1","True Grit+1","Impervious+1","True Grit+1","Feel No Pain+1","Dark Embrace","Secret Technique+1","Headbutt+1","Exhume+1","Armaments+1","Body Slam","Good Instincts+1","Disarm+1"],"relics":["Burning Blood","NeowsBlessing","Lantern","Toxic Egg 2","Bag of Marbles","Akabeko","Pandora\u0027s Box","Red Mask","Nilry\u0027s Codex","Mercury Hourglass","ClockworkSouvenir","Singing Bowl","Omamori","Happy Flower","Snecko Eye","Bag of Preparation","TungstenRod","Girya","Membership Card","Blood Vial","Orichalcum"],"acts_visited":["Exordium","TheCity","TheBeyond","TheEnding"],"potions_floor_usage":[],"damage_taken":[{"damage":0.0,"enemies":"2 Louse","floor":1.0,"turns":1.0},{"damage":0.0,"enemies":"Small Slimes","floor":3.0,"turns":1.0},{"damage":0.0,"enemies":"Lagavulin","floor":6.0,"turns":1.0},{"damage":12.0,"enemies":"Jaw Worm","floor":8.0,"turns":2.0},{"damage":8.0,"enemies":"Gremlin Nob","floor":10.0,"turns":3.0},{"damage":20.0,"enemies":"Lagavulin","floor":12.0,"turns":3.0},{"damage":20.0,"enemies":"Slime Boss","floor":16.0,"turns":6.0},{"damage":8.0,"enemies":"3 Byrds","floor":18.0,"turns":4.0},{"damage":3.0,"enemies":"Masked Bandits","floor":19.0,"turns":2.0},{"damage":35.0,"enemies":"Spheric Guardian","floor":21.0,"turns":8.0},{"damage":11.0,"enemies":"Gremlin Leader","floor":23.0,"turns":8.0},{"damage":29.0,"enemies":"Book of Stabbing","floor":28.0,"turns":5.0},{"damage":12.0,"enemies":"Centurion and Healer","floor":29.0,"turns":4.0},{"damage":22.0,"enemies":"Sentry and Sphere","floor":31.0,"turns":6.0},{"damage":16.0,"enemies":"Automaton","floor":33.0,"turns":8.0},{"damage":1.0,"enemies":"3 Darklings","floor":35.0,"turns":3.0},{"damage":6.0,"enemies":"3 Shapes","floor":37.0,"turns":1.0},{"damage":3.0,"enemies":"Writhing Mass","floor":38.0,"turns":5.0},{"damage":8.0,"enemies":"Transient","floor":39.0,"turns":6.0},{"damage":12.0,"enemies":"Giant Head","floor":41.0,"turns":6.0},{"damage":0.0,"enemies":"Jaw Worm Horde","floor":45.0,"turns":4.0},{"damage":8.0,"enemies":"Nemesis","floor":46.0,"turns":5.0},{"damage":2.0,"enemies":"Reptomancer","floor":48.0,"turns":2.0},{"damage":38.0,"enemies":"Time Eater","floor":50.0,"turns":10.0},{"damage":21.0,"enemies":"Awakened One","floor":51.0,"turns":8.0},{"damage":5.0,"enemies":"Shield and Spear","floor":55.0,"turns":5.0},{"damage":10,"enemies":"The Heart","floor":56,"turns":8}],"seed_played":"-3071527791172671339","potions_obtained":[{"floor":1.0,"key":"BlessingOfTheForge"},{"floor":8.0,"key":"SteroidPotion"},{"floor":10.0,"key":"DistilledChaos"},{"floor":21.0,"key":"HeartOfIron"},{"floor":23.0,"key":"EssenceOfSteel"},{"floor":29.0,"key":"Ancient Potion"},{"floor":33.0,"key":"BloodPotion"},{"floor":37.0,"key":"GamblersBrew"},{"floor":48.0,"key":"BlessingOfTheForge"}],"is_trial":false,"path_per_floor":["M","?","M","$","?","E","R","M","T","E","R","E","R","$","R","B",null,"M","?","?","M","?","E","$","T","T","R","E","M","R","M","R","B",null,"M","$","M","M","M","R","E","R","T","?","M","E","$","E","R","B","B",null,"R","$","E","B",null],"character_chosen":"IRONCLAD","items_purchased":["Inflame","Double Tap+1","True Grit+1","FearPotion","ClockworkSouvenir","Bag of Preparation","Membership Card","Armaments+1","Body Slam","Good Instincts+1"],"campfire_rested":3,"item_purchase_floors":[4,14,14,14,24,36,47,47,54,54],"current_hp_per_floor":[74,79,80,80,56,62,62,56,56,54,54,40,40,40,40,26,67,65,68,47,18,18,13,13,13,13,37,14,8,32,18,42,32,70,75,75,77,80,78,78,74,74,74,69,75,73,73,79,79,49,36,78,78,78,81,79],"gold":50,"neow_bonus":"THREE_ENEMY_KILL","is_daily":false,"chose_seed":false,"campfire_upgraded":6,"win_rate":0.0,"timestamp":1613896768,"path_taken":["M","?","M","$","?","E","R","M","T","E","R","E","R","?","R","BOSS","M","?","?","?","?","E","$","?","T","R","E","M","R","M","R","BOSS","M","$","M","M","M","R","E","R","T","?","M","E","$","E","R","BOSS","BOSS","R","$","E","BOSS"],"items_purchased_type":["Card","Card","Card","Potion","Relic","Relic","Relic","Card","Card","Card"],"build_version":"2020-12-22","purchased_purges":1,"victory":true,"max_hp_per_floor":[75,80,80,80,80,80,80,80,80,80,80,80,80,80,80,80,80,80,80,80,80,80,80,80,80,80,80,80,80,80,82,82,82,82,82,82,84,84,84,84,86,86,86,90,90,90,90,92,92,92,92,92,92,92,92,92],"relic_stats":{"Blood Vial":8,"Singing Bowl":12,"Happy Flower":[27],"counters":[27,125],"Snecko Eye":[159,140,128,144],"Pandora\u0027s Box":["Power Through","Sword Boomerang","Entrench","Body Slam","Wild Strike","Combust","Double Tap","Bloodletting","True Grit"],"Bag of Preparation":[22],"Orichalcum":[0],"obtain_stats":[{"Girya":46,"Lantern":6,"NeowsBlessing":0,"Singing Bowl":25,"Happy Flower":28,"Nilry\u0027s Codex":20,"Omamori":26,"Bag of Preparation":36,"Orichalcum":55,"Burning Blood":0,"Akabeko":12,"Mercury Hourglass":23,"ClockworkSouvenir":24,"Blood Vial":48,"Snecko Eye":34,"Pandora\u0027s Box":17,"Bag of Marbles":10,"Red Mask":19,"Membership Card":47,"Toxic Egg 2":9,"TungstenRod":41},{"Girya":22,"Lantern":3,"NeowsBlessing":0,"Singing Bowl":11,"Happy Flower":12,"Nilry\u0027s Codex":9,"Omamori":11,"Bag of Preparation":16,"Orichalcum":26,"Burning Blood":0,"Akabeko":6,"Mercury Hourglass":11,"ClockworkSouvenir":11,"Blood Vial":23,"Snecko Eye":15,"Pandora\u0027s Box":7,"Bag of Marbles":5,"Red Mask":9,"Membership Card":22,"Toxic Egg 2":4,"TungstenRod":20},{"Girya":92,"Lantern":3,"NeowsBlessing":0,"Singing Bowl":39,"Happy Flower":44,"Nilry\u0027s Codex":23,"Omamori":39,"Bag of Preparation":65,"Orichalcum":117,"Burning Blood":0,"Akabeko":11,"Mercury Hourglass":39,"ClockworkSouvenir":39,"Blood Vial":94,"Snecko Eye":62,"Pandora\u0027s Box":17,"Bag of Marbles":8,"Red Mask":23,"Membership Card":92,"Toxic Egg 2":5,"TungstenRod":83}],"Burning Blood":157,"TungstenRod":43,"Mercury Hourglass":[272]},"card_choices":[{"not_picked":["Sentinel","Entrench"],"picked":"Sword Boomerang","floor":1.0},{"not_picked":["Iron Wave","Fire Breathing"],"picked":"Feel No Pain","floor":3.0},{"not_picked":["Perfected Strike","Sever Soul"],"picked":"Rampage","floor":6.0},{"not_picked":["Wild Strike","Flex"],"picked":"Shockwave","floor":8.0},{"not_picked":["Iron Wave","Berserk"],"picked":"True Grit+1","floor":10.0},{"not_picked":["Sword Boomerang","Searing Blow"],"picked":"Cleave","floor":12.0},{"not_picked":["Immolate","Limit Break+1"],"picked":"Corruption","floor":16.0},{"not_picked":["Clothesline","Wild Strike"],"picked":"True Grit+1","floor":18.0},{"not_picked":["Body Slam","Anger"],"picked":"Rupture","floor":19.0},{"not_picked":["Hemokinesis","Twin Strike"],"picked":"Pummel+1","floor":21.0},{"not_picked":["Berserk","Rampage","Searing Blow"],"picked":"SKIP","floor":23.0},{"not_picked":["Blood for Blood","Heavy Blade+1"],"picked":"Power Through+1","floor":28.0},{"not_picked":["Metallicize","Anger"],"picked":"True Grit+1","floor":29.0},{"not_picked":["Heavy Blade","Reckless Charge","Headbutt"],"picked":"Singing Bowl","floor":31.0},{"not_picked":["Double Tap+1","Bludgeon"],"picked":"Impervious+1","floor":33.0},{"not_picked":["Power Through+1","Headbutt"],"picked":"True Grit+1","floor":35.0},{"not_picked":["Iron Wave+1","Flex+1","Clash"],"picked":"Singing Bowl","floor":37.0},{"not_picked":["Wild Strike","Clothesline+1"],"picked":"Feel No Pain+1","floor":38.0},{"not_picked":["Armaments+1","Searing Blow"],"picked":"Dark Embrace","floor":39.0},{"not_picked":["Rage+1","Cleave","Flex+1"],"picked":"Singing Bowl","floor":41.0},{"not_picked":["PanicButton+1","Good Instincts+1"],"picked":"Secret Technique+1","floor":44.0},{"not_picked":["Magnetism","HandOfGreed","Deep Breath+1"],"picked":"Singing Bowl","floor":44.0},{"not_picked":["Jack Of All Trades+1","HandOfGreed","PanicButton+1"],"picked":"Singing Bowl","floor":44.0},{"not_picked":["Clash","Warcry+1"],"picked":"Headbutt+1","floor":45.0},{"not_picked":["True Grit+1","Sword Boomerang"],"picked":"Exhume+1","floor":46.0},{"not_picked":["Anger","Sword Boomerang","Iron Wave"],"picked":"Singing Bowl","floor":48.0},{"not_picked":["Clothesline+1","Armaments+1"],"picked":"Disarm+1","floor":55.0}],"player_experience":3093370,"relics_obtained":[{"floor":6.0,"key":"Lantern"},{"floor":9.0,"key":"Toxic Egg 2"},{"floor":10.0,"key":"Bag of Marbles"},{"floor":12.0,"key":"Akabeko"},{"floor":19.0,"key":"Red Mask"},{"floor":20.0,"key":"Nilry\u0027s Codex"},{"floor":23.0,"key":"Mercury Hourglass"},{"floor":25.0,"key":"Singing Bowl"},{"floor":26.0,"key":"Omamori"},{"floor":28.0,"key":"Happy Flower"},{"floor":41.0,"key":"TungstenRod"},{"floor":46.0,"key":"Girya"},{"floor":48.0,"key":"Blood Vial"},{"floor":55.0,"key":"Orichalcum"}],"event_choices":[{"damage_healed":0.0,"max_hp_gain":5.0,"max_hp_loss":0.0,"gold_gain":0.0,"event_name":"Big Fish","player_choice":"Donut","floor":2.0,"gold_loss":0.0,"damage_taken":0.0},{"damage_healed":0.0,"max_hp_gain":0.0,"max_hp_loss":0.0,"gold_gain":0.0,"event_name":"Shining Light","player_choice":"Entered Light","floor":5.0,"gold_loss":0.0,"damage_taken":24.0,"cards_upgraded":["Strike_R","Defend_R"]},{"damage_healed":0.0,"max_hp_gain":0.0,"max_hp_loss":0.0,"gold_gain":0.0,"event_name":"Masked Bandits","player_choice":"Fought Bandits","floor":19.0,"gold_loss":0.0,"damage_taken":0.0},{"damage_healed":0.0,"max_hp_gain":0.0,"max_hp_loss":0.0,"gold_gain":0.0,"event_name":"Cursed Tome","player_choice":"Obtained Book","floor":20.0,"gold_loss":0.0,"damage_taken":21.0},{"damage_healed":0.0,"max_hp_gain":0.0,"max_hp_loss":0.0,"gold_gain":0.0,"event_name":"N\u0027loth","player_choice":"Ignored","floor":22.0,"gold_loss":0.0,"damage_taken":0.0},{"damage_healed":0.0,"max_hp_gain":0.0,"max_hp_loss":0.0,"gold_gain":0.0,"event_name":"SensoryStone","player_choice":"Memory 3","floor":44.0,"gold_loss":0.0,"damage_taken":10.0}],"is_beta":false,"boss_relics":[{"not_picked":["SacredBark","Fusion Hammer"],"picked":"Pandora\u0027s Box"},{"not_picked":["Runic Cube","Black Blood"],"picked":"Snecko Eye"}],"items_purged_floors":[36],"is_endless":false,"potions_floor_spawned":[1,8,10,21,23,29,33,37,38,48],"ascension_level":20}}