{"host":"Charlie","time":1613893020,"event":{"mods":["100% Spire Juice","Act Like it!","Aspiration","BaseMod","Better Match","Better Note","Better Skull","Better Third Choice","BetterRewards","ChefMod","Colored Map","Colored Powertips","Conspire","Curses Come First","Displayed Cursed Tome","Dota2Spire","Downfall","Ekko","Evolution","Fox Events","Friendly Minions","Gensokyo","Halation","Hermit","Hubris","Infinite Spire","Luminous","Melee Mod","Minty Spire (QoL Compilation)","Pale of the Ancients","Quick Restart","Rare Cards Sparkle","Relic Stats","Reliquary","Robot Space Explorer","Ruina","Shade Mod","Spicy Shops","Spire Arcade","StSLib","SuperFastMode","Synergy Search","The Animator","The Blue Laboratory","The Caster","The Cursed","The Dragon Tamer","The Gatherer","The Hierophant","The Jungle","The Marked","The Necromancer","TheSwordswoman","Unceasing Turn Reminder"],"gold_per_floor":[119,132,132,132,145,145,145],"floor_reached":6,"language":"ENG","playtime":390,"items_purged":[],"score":36,"play_id":"f3277b57-d871-40e6-a2cd-c8691799f3fe","local_time":"20210220233700","is_ascension_mode":false,"campfire_choices":[],"circlet_count":0,"master_deck":["hierophant:Strike_Hierophant","hierophant:Strike_Hierophant","hierophant:Strike_Hierophant","hierophant:Punish","hierophant:Defend_Hierophant","hierophant:Defend_Hierophant","hierophant:Defend_Hierophant","hierophant:Defend_Hierophant","hierophant:ChurchCoffers","hierophant:WrathOfGod","hierophant:Blessing","hierophant:Empathy"],"relics":["hierophant:PropheticMaskRelic","EVO:Axolotl"],"acts_visited":["Exordium"],"potions_floor_usage":[6],"damage_taken":[{"damage":0,"enemies":"Small Slimes","floor":1,"turns":4},{"damage":0,"enemies":"conspire:RoseBush","floor":2,"turns":5},{"damage":22,"enemies":"infinitespire:Voidling","floor":5,"turns":5},{"damage":78,"enemies":"Lagavulin","floor":6,"turns":12}],"seed_played":"392196147088421722","potions_obtained":[{"floor":2,"key":"PowerPotion"}],"is_trial":false,"path_per_floor":["M","M","?","?","M","E"],"character_chosen":"HIEROPHANT","items_purchased":[],"campfire_rested":0,"item_purchase_floors":[],"current_hp_per_floor":[75,75,75,75,67,0,0],"gold":145,"neow_bonus":"ONE_RANDOM_RARE_CARD","is_daily":false,"chose_seed":false,"campfire_upgraded":0,"win_rate":0.0,"timestamp":1613893020,"path_taken":["M","M","?","?","?","E"],"items_purchased_type":[],"build_version":"2020-12-18","purchased_purges":0,"victory":false,"max_hp_per_floor":[75,75,75,75,75,75,75],"relic_stats":{"counters":[4,26],"obtain_stats":[{"hierophant:PropheticMaskRelic":0,"EVO:Axolotl":0},{"hierophant:PropheticMaskRelic":0,"EVO:Axolotl":0},{"hierophant:PropheticMaskRelic":0,"EVO:Axolotl":0}]},"card_choices":[{"not_picked":["hierophant:DisplayOfPower","hierophant:Sermon"],"picked":"hierophant:Blessing","floor":1},{"not_picked":["hierophant:SealAway","hierophant:Zeal","hierophant:Shelter"],"picked":"SKIP","floor":2},{"not_picked":["hierophant:RustyCrate","hierophant:MorningPrayer","hierophant:FlamingChariot"],"picked":"SKIP","floor":5}],"player_experience":505771,"relics_obtained":[],"event_choices":[{"damage_healed":0,"gold_gain":0,"player_choice":"Leave","damage_taken":0,"max_hp_gain":0,"max_hp_loss":0,"event_name":"conspire:Investor","floor":3,"gold_loss":0},{"damage_healed":0,"gold_gain":0,"cards_transformed":["hierophant:Strike_Hierophant"],"player_choice":"Transformed","damage_taken":0,"max_hp_gain":0,"max_hp_loss":0,"event_name":"Transmorgrifier","floor":4,"gold_loss":0,"cards_obtained":["hierophant:Empathy"]}],"is_beta":true,"boss_relics":[],"items_purged_floors":[],"is_endless":false,"potions_floor_spawned":[2],"killed_by":"Lagavulin","ascension_level":0}}