{"host":"c6m2gd7h1328eiwi","time":1613916740,"event":{"mods":["Act Like it!","Aspiration","BaseMod","Better Skull","BetterRewards","Challenge The Spire","Colored Map","Conspire","Downfall","Elementarium","Energized Spire","GifTheSpireLib","Halation","Hubris","Infinite Spire","Mimic Mod","Minty Spire (QoL Compilation)","Potionbrewer","Quick Restart","Reliquary","Replay The Spire","Ruina","Spikes Relics","Spires And Sneckos","StSLib","The Jungle","Wandering Minibosses"],"gold_per_floor":[109,125,125,142,160,160,192,192,192,192,219,27,39,50,50,148,148,158,158,158,158,185,185,205,205,205],"floor_reached":25,"language":"ENG","playtime":1380,"items_purged":[],"score":211,"play_id":"f6e4b170-4b3d-4013-9f81-c0d3d2542dd4","local_time":"20210221071220","is_ascension_mode":false,"campfire_choices":[{"data":"Perfected Strike","floor":6,"key":"SMITH"},{"data":"Fire Breathing","floor":10,"key":"SMITH"},{"floor":15,"key":"REST"},{"floor":23,"key":"REST"}],"circlet_count":0,"master_deck":["Strike_R","Strike_R","Strike_R","Strike_R","Strike_R","Defend_R","Defend_R","Defend_R+1","Defend_R","Bash+1","Clash","Thunderclap","Bash","Impervious","Flex","ReplayTheSpireMod:Strike From Hell","Perfected Strike+1","Fire Breathing+1","Thunderclap","Demon Form","Blood for Blood+1","Sword Boomerang+1","ReplayTheSpireMod:Strike From Hell","Demon Form","CurseOfTheBell","Sword Boomerang","Pommel Strike"],"relics":["Burning Blood","LugNut","reliquary:IridiumChain","reliquary:ExpiredCoupon","reliquary:Buckler","InkBottle","Magic Flower","Nloth\u0027s Gift","Blue Doll","Unceasing Top"],"acts_visited":["Exordium","TheCity"],"potions_floor_usage":[11,13,13,16,18],"damage_taken":[{"damage":6,"enemies":"Cultist","floor":1,"turns":3},{"damage":0,"enemies":"2 Louse","floor":2,"turns":2},{"damage":0,"enemies":"Small Slimes","floor":4,"turns":3},{"damage":10,"enemies":"Exordium Thugs","floor":5,"turns":4},{"damage":31,"enemies":"3 Sentries","floor":7,"turns":7},{"damage":18,"enemies":"Gremlin Nob","floor":11,"turns":4},{"damage":12,"enemies":"Large Slime","floor":13,"turns":4},{"damage":20,"enemies":"Looter","floor":14,"turns":3},{"damage":25,"enemies":"Slime Boss","floor":16,"turns":4},{"damage":22,"enemies":"3 Byrds","floor":18,"turns":5},{"damage":43,"enemies":"conspire:MimicChest","floor":22,"turns":6},{"damage":20,"enemies":"conspire:FuzzyDice","floor":24,"turns":5},{"damage":46,"enemies":"Book of Stabbing","floor":25,"turns":3}],"seed_played":"8604769707020085952","potions_obtained":[{"floor":2,"key":"potionbrewer:FreezingPotion"},{"floor":7,"key":"potionbrewer:AcidPotion"},{"floor":11,"key":"sneckomod:MuddlingPotion"},{"floor":13,"key":"Strength Potion"},{"floor":16,"key":"Languid Potion"},{"floor":24,"key":"SteroidPotion"}],"is_trial":false,"path_per_floor":["M","M","?","M","M","R","E","?","T","R","E","$","M","M","R","B",null,"M","?","$","T","?","R","M","E"],"character_chosen":"IRONCLAD","items_purchased":["Demon Form","Blood for Blood+1"],"campfire_rested":2,"item_purchase_floors":[12,12],"current_hp_per_floor":[80,80,80,80,76,76,51,43,43,43,31,31,25,11,35,16,80,67,67,67,67,33,57,46,0,0],"gold":205,"neow_bonus":"RANDOM_EVENT","is_daily":false,"chose_seed":false,"campfire_upgraded":2,"win_rate":0.0,"timestamp":1613916740,"path_taken":["M","?","?","M","?","R","E","?","T","R","E","$","?","M","R","BOSS","M","?","$","?","?","R","M","E"],"items_purchased_type":["Card","Card"],"build_version":"2020-12-22","purchased_purges":0,"victory":false,"max_hp_per_floor":[80,80,80,80,80,80,80,80,80,80,80,80,80,80,80,80,80,80,80,80,80,80,80,80,80,80],"card_choices":[{"not_picked":["Clothesline","Anger"],"picked":"Clash","floor":1},{"not_picked":["Pommel Strike","Run Through"],"picked":"Thunderclap","floor":2},{"not_picked":["Clothesline","Headbutt"],"picked":"ReplayTheSpireMod:Strike From Hell","floor":4},{"not_picked":["conspire:ExplosiveBarrier","Feel No Pain"],"picked":"Perfected Strike","floor":5},{"not_picked":["Ghostly Armor","Bloodletting"],"picked":"Fire Breathing","floor":7},{"not_picked":["Pommel Strike","ReplayTheSpireMod:Strike From Hell"],"picked":"Thunderclap","floor":11},{"not_picked":["Replay:Undeath\u0027s Touch","Shrug It Off"],"picked":"Sword Boomerang","floor":13},{"not_picked":["Replay:Undeath\u0027s Touch","Armaments"],"picked":"ReplayTheSpireMod:Strike From Hell","floor":14},{"not_picked":["Barricade","Replay:Many Hands"],"picked":"Demon Form","floor":16},{"not_picked":["Iron Wave","Sever Soul+1"],"picked":"Sword Boomerang","floor":18},{"not_picked":["Power Through","Clothesline+1"],"picked":"Pommel Strike","floor":22},{"not_picked":["Defy Death+1","Impervious","Shrug It Off"],"picked":"SKIP","floor":24}],"player_experience":0,"relics_obtained":[{"floor":7,"key":"LugNut"},{"floor":9,"key":"reliquary:IridiumChain"},{"floor":11,"key":"reliquary:ExpiredCoupon"},{"floor":17,"key":"reliquary:Buckler"},{"floor":17,"key":"InkBottle"},{"floor":17,"key":"Magic Flower"},{"floor":21,"key":"Blue Doll"},{"floor":22,"key":"Unceasing Top"}],"event_choices":[{"damage_healed":0,"gold_gain":0,"player_choice":"Grow","damage_taken":0,"max_hp_gain":0,"max_hp_loss":0,"event_name":"Living Wall","floor":0,"gold_loss":0,"cards_upgraded":["Bash"]},{"damage_healed":0,"gold_gain":0,"player_choice":"3 cards matched","damage_taken":0,"max_hp_gain":0,"max_hp_loss":0,"event_name":"Match and Keep!","floor":3,"gold_loss":0,"cards_obtained":["Bash","Impervious","Flex"]},{"damage_healed":0,"gold_gain":0,"player_choice":"Damaged","damage_taken":8,"max_hp_gain":0,"max_hp_loss":0,"event_name":"Wheel of Change","floor":8,"gold_loss":0},{"damage_healed":0,"gold_gain":0,"player_choice":"Traded Relic","damage_taken":0,"relics_obtained":["Nloth\u0027s Gift"],"max_hp_gain":0,"max_hp_loss":0,"event_name":"N\u0027loth","floor":19,"relics_lost":["Calling Bell"],"gold_loss":0}],"is_beta":false,"boss_relics":[{"not_picked":["halation:ForbiddenBikini","aspiration:DefectSkillbook"],"picked":"Calling Bell"}],"items_purged_floors":[],"is_endless":false,"potions_floor_spawned":[2,7,11,13,16,24],"killed_by":"Book of Stabbing","ascension_level":0}}