{"host":"1n4zh8skucxnzijq","time":1613947490,"event":{"mods":["AchievementEnabler","BaseMod","Minty Spire (QoL Compilation)","Quick Restart"],"gold_per_floor":[112,112,127,227,241,241,255,255,305,336,349,349,349],"floor_reached":12,"language":"ENG","playtime":378,"items_purged":[],"score":160,"play_id":"16b83eb5-de9d-41a3-a900-6eaa5b129d62","local_time":"20210221224450","is_ascension_mode":true,"campfire_choices":[{"data":"Blade Dance","floor":6,"key":"SMITH"}],"circlet_count":0,"master_deck":["AscendersBane","Strike_G","Strike_G","Strike_G","Strike_G","Strike_G","Defend_G","Defend_G","Defend_G","Defend_G","Defend_G","Survivor","Neutralize","After Image","Blade Dance+1","Footwork","Endless Agony","Blade Dance","Pain","Footwork","Backflip"],"relics":["Ring of the Snake","Golden Idol","WarpedTongs","Anchor","Bronze Scales"],"acts_visited":[],"potions_floor_usage":[10,10],"damage_taken":[{"damage":0,"enemies":"2 Louse","floor":1,"turns":3},{"damage":0,"enemies":"Jaw Worm","floor":3,"turns":5},{"damage":0,"enemies":"Cultist","floor":5,"turns":4},{"damage":0,"enemies":"3 Louse","floor":7,"turns":4},{"damage":21,"enemies":"Lagavulin","floor":10,"turns":9},{"damage":2,"enemies":"Red Slaver","floor":11,"turns":6},{"damage":21,"enemies":"3 Sentries","floor":12,"turns":7}],"seed_played":"4753796715090224562","potions_obtained":[{"floor":1,"key":"PowerPotion"},{"floor":3,"key":"GamblersBrew"},{"floor":7,"key":"Fruit Juice"}],"is_trial":false,"path_per_floor":["M","?","M","?","M","R","M","?","T","E","M","E"],"character_chosen":"THE_SILENT","items_purchased":[],"campfire_rested":0,"item_purchase_floors":[],"current_hp_per_floor":[59,36,36,36,36,36,36,36,36,20,18,0,0],"gold":349,"neow_bonus":"ONE_RANDOM_RARE_CARD","is_daily":false,"chose_seed":false,"campfire_upgraded":1,"win_rate":0.0,"timestamp":1613947490,"path_taken":["M","?","M","?","?","R","M","?","T","E","M","E"],"items_purchased_type":[],"build_version":"2020-12-22","purchased_purges":0,"victory":false,"max_hp_per_floor":[66,66,66,66,66,66,66,66,66,71,71,71,71],"card_choices":[{"not_picked":["Sucker Punch","Quick Slash"],"picked":"Blade Dance","floor":1},{"not_picked":["Prepared","Flying Knee"],"picked":"Footwork","floor":3},{"not_picked":["Quick Slash","Deadly Poison"],"picked":"Endless Agony","floor":5},{"not_picked":["Poisoned Stab","Backflip"],"picked":"Blade Dance","floor":7},{"not_picked":["Bane","Poisoned Stab"],"picked":"Footwork","floor":10},{"not_picked":["Finisher","PiercingWail"],"picked":"Backflip","floor":11}],"player_experience":1131099,"relics_obtained":[{"floor":9,"key":"Anchor"},{"floor":10,"key":"Bronze Scales"}],"event_choices":[{"damage_healed":0,"gold_gain":0,"player_choice":"Take Damage","damage_taken":23,"relics_obtained":["Golden Idol"],"max_hp_gain":0,"max_hp_loss":0,"event_name":"Golden Idol","floor":2,"gold_loss":0},{"damage_healed":0,"gold_gain":100,"player_choice":"Gold","damage_taken":0,"max_hp_gain":0,"max_hp_loss":0,"event_name":"Wheel of Change","floor":4,"gold_loss":0},{"damage_healed":0,"gold_gain":0,"player_choice":"Rummage","damage_taken":0,"relics_obtained":["WarpedTongs"],"max_hp_gain":0,"max_hp_loss":0,"event_name":"Accursed Blacksmith","floor":8,"gold_loss":0,"cards_obtained":["Pain"]}],"is_beta":false,"boss_relics":[],"items_purged_floors":[],"is_endless":false,"potions_floor_spawned":[1,3,7],"killed_by":"3 Sentries","ascension_level":20}}