{"host":"l1pzlbpva2o8t11s","time":1613919924,"event":{"mods":["AchievementEnabler","BaseMod","Block Reminder","Colored Map","Minty Spire (QoL Compilation)","Random Character Button","Relic Stats","StSLib","The Jungle"],"gold_per_floor":[110,122,122,0,11,45,57,89,135,135,164,181,43,57,57,160,160,171,186,206,220,220,220,255,255,308,308,335,101,101,114,114,114,114],"floor_reached":33,"language":"ENG","playtime":2280,"items_purged":["Strike_G","Defend_G","Deadly Poison"],"score":382,"play_id":"04be7595-af75-4b58-bcd6-3fdd66c3fca4","local_time":"20210221160524","is_ascension_mode":true,"campfire_choices":[{"data":"Adrenaline","floor":10.0,"key":"SMITH"},{"floor":15,"key":"REST"},{"floor":23,"key":"REST"},{"data":"Backstab","floor":25,"key":"SMITH"},{"floor":27,"key":"REST"},{"data":"Noxious Fumes","floor":32,"key":"SMITH"}],"circlet_count":0,"master_deck":["Strike_G","Strike_G","Strike_G","Strike_G","Defend_G","Defend_G","Defend_G","Defend_G","Survivor","Neutralize","Noxious Fumes+1","Quick Slash+1","Dagger Throw","Adrenaline+1","Cloak And Dagger","Noxious Fumes","Adrenaline+1","Backstab+1","Cloak And Dagger+1","Blade Dance+1","Infinite Blades","Adrenaline+1","Infinite Blades"],"relics":["Ring of the Serpent","NeowsBlessing","Ninja Scroll","Mummified Hand","Ancient Tea Set","Strawberry","White Beast Statue","Smiling Mask","MealTicket","War Paint","ClockworkSouvenir"],"acts_visited":["Exordium","TheCity"],"potions_floor_usage":[18,21,28,28,28,31,31,33],"damage_taken":[{"damage":0.0,"enemies":"Cultist","floor":1.0,"turns":1.0},{"damage":0.0,"enemies":"Jaw Worm","floor":2.0,"turns":1.0},{"damage":0.0,"enemies":"2 Louse","floor":5.0,"turns":1.0},{"damage":21.0,"enemies":"3 Sentries","floor":6.0,"turns":7.0},{"damage":0.0,"enemies":"Red Slaver","floor":7.0,"turns":3.0},{"damage":2.0,"enemies":"Gremlin Nob","floor":8.0,"turns":3.0},{"damage":16.0,"enemies":"Lagavulin","floor":11.0,"turns":5.0},{"damage":12.0,"enemies":"Exordium Wildlife","floor":12.0,"turns":4.0},{"damage":5,"enemies":"2 Fungi Beasts","floor":14,"turns":3},{"damage":10,"enemies":"Hexaghost","floor":16,"turns":8},{"damage":6,"enemies":"3 Byrds","floor":18,"turns":4},{"damage":10,"enemies":"Shell Parasite","floor":19,"turns":5},{"damage":7,"enemies":"Snecko","floor":20,"turns":4},{"damage":23,"enemies":"Cultist and Chosen","floor":21,"turns":6},{"damage":24,"enemies":"Gremlin Leader","floor":24,"turns":7},{"damage":10,"enemies":"Book of Stabbing","floor":28,"turns":4},{"damage":14,"enemies":"Snake Plant","floor":31,"turns":4},{"damage":57,"enemies":"Champ","floor":33,"turns":9}],"seed_played":"-204998169658287290","potions_obtained":[{"floor":6.0,"key":"CunningPotion"},{"floor":7.0,"key":"Dexterity Potion"},{"floor":16,"key":"DistilledChaos"},{"floor":19,"key":"SkillPotion"},{"floor":24,"key":"EntropicBrew"},{"floor":28,"key":"PowerPotion"},{"floor":31,"key":"Block Potion"}],"is_trial":false,"path_per_floor":["M","M","?","$","M","E","M","E","T","R","E","M","$","M","R","B",null,"M","M","M","M","T","R","E","R","T","R","E","$","?","M","R","B"],"character_chosen":"THE_SILENT","items_purchased":["Deadly Poison","Noxious Fumes","ClockworkSouvenir","Infinite Blades"],"campfire_rested":3,"item_purchase_floors":[4,13,29,29],"current_hp_per_floor":[70,70,70,70,70,49,49,47,47,47,38,26,26,21,44,34,77,71,61,54,31,31,54,30,30,30,53,43,58,58,44,44,0,0],"gold":114,"neow_bonus":"THREE_ENEMY_KILL","is_daily":false,"chose_seed":false,"campfire_upgraded":3,"win_rate":0.0,"timestamp":1613919924,"path_taken":["M","?","?","?","M","E","M","E","T","R","E","M","$","M","R","BOSS","M","?","?","M","?","R","E","R","T","R","E","?","?","?","R","BOSS"],"items_purchased_type":["Card","Card","Relic","Card"],"build_version":"2020-12-22","purchased_purges":3,"victory":false,"max_hp_per_floor":[70,70,70,70,70,70,70,70,70,70,77,77,77,77,77,77,77,77,77,77,77,77,77,77,77,77,77,77,77,77,77,77,77,77],"relic_stats":{"counters":[18,79],"Mummified Hand":[22],"MealTicket":15,"War Paint":["Adrenaline","Cloak And Dagger"],"Smiling Mask":75,"obtain_stats":[{"NeowsBlessing":0,"Ninja Scroll":6,"Mummified Hand":8,"Strawberry":11,"MealTicket":26,"War Paint":28,"Ancient Tea Set":9,"Smiling Mask":24,"Ring of the Serpent":17,"White Beast Statue":22,"Ring of the Snake":0,"ClockworkSouvenir":29},{"NeowsBlessing":0,"Ninja Scroll":4,"Mummified Hand":6,"Strawberry":7,"MealTicket":15,"War Paint":16,"Ancient Tea Set":6,"Smiling Mask":15,"Ring of the Serpent":10,"White Beast Statue":14,"Ring of the Snake":0,"ClockworkSouvenir":16},{"NeowsBlessing":0,"Ninja Scroll":10,"Mummified Hand":16,"Strawberry":21,"MealTicket":62,"War Paint":66,"Ancient Tea Set":16,"Smiling Mask":62,"Ring of the Serpent":36,"White Beast Statue":55,"Ring of the Snake":0,"ClockworkSouvenir":66}]},"card_choices":[{"not_picked":["PiercingWail","Endless Agony"],"picked":"Noxious Fumes","floor":1.0},{"not_picked":["Deflect","Cloak And Dagger"],"picked":"Quick Slash","floor":2.0},{"not_picked":["Deflect","Blade Dance"],"picked":"Dagger Throw","floor":5.0},{"not_picked":["Acrobatics","Dagger Throw"],"picked":"Adrenaline","floor":6.0},{"not_picked":["Deflect","Well Laid Plans","Dash"],"picked":"SKIP","floor":7.0},{"not_picked":["Dash","All Out Attack","Dagger Spray"],"picked":"SKIP","floor":8.0},{"not_picked":["Acrobatics","Tactician"],"picked":"Cloak And Dagger","floor":11.0},{"not_picked":["Prepared","Quick Slash","Flying Knee"],"picked":"SKIP","floor":12.0},{"not_picked":["Dagger Spray","Backflip","Quick Slash"],"picked":"SKIP","floor":14},{"not_picked":["Burst","Grand Finale"],"picked":"Adrenaline","floor":16},{"not_picked":["Endless Agony+1","Deflect"],"picked":"Backstab","floor":18},{"not_picked":["Deflect+1","Underhanded Strike","Bane"],"picked":"SKIP","floor":19},{"not_picked":["Underhanded Strike","PiercingWail+1"],"picked":"Cloak And Dagger","floor":20},{"not_picked":["Acrobatics","Prepared+1","Backflip"],"picked":"SKIP","floor":21},{"not_picked":["Blur+1","Deadly Poison"],"picked":"Blade Dance+1","floor":24},{"not_picked":["Escape Plan","Predator","Outmaneuver+1"],"picked":"SKIP","floor":28},{"not_picked":["Bouncing Flask+1","Phantasmal Killer"],"picked":"Infinite Blades","floor":31}],"player_experience":165807,"relics_obtained":[{"floor":6.0,"key":"Ninja Scroll"},{"floor":8.0,"key":"Mummified Hand"},{"floor":9.0,"key":"Ancient Tea Set"},{"floor":11.0,"key":"Strawberry"},{"floor":22,"key":"White Beast Statue"},{"floor":24,"key":"Smiling Mask"},{"floor":26,"key":"MealTicket"},{"floor":28,"key":"War Paint"}],"event_choices":[{"damage_healed":0.0,"max_hp_gain":0.0,"max_hp_loss":0.0,"gold_gain":0.0,"event_name":"Accursed Blacksmith","player_choice":"Forge","floor":3.0,"gold_loss":0.0,"damage_taken":0.0,"cards_upgraded":["Quick Slash"]},{"damage_healed":0,"gold_gain":0,"player_choice":"Copied","damage_taken":0,"max_hp_gain":0,"max_hp_loss":0,"event_name":"Duplicator","floor":30,"gold_loss":0,"cards_obtained":["Adrenaline"]}],"is_beta":false,"boss_relics":[{"not_picked":["Snecko Eye","Fusion Hammer"],"picked":"Ring of the Serpent"}],"items_purged_floors":[4,13,29],"is_endless":false,"potions_floor_spawned":[6,7,16,19,24,28,31],"killed_by":"Champ","ascension_level":3}}