{"host":"r4aerl4ckfvw1dw3","time":1613932860,"event":{"mods":["BaseMod","BetterRewards","Minty Spire (QoL Compilation)","Quick Restart","StSLib"],"gold_per_floor":[367,387,401,401,62,62,94,114,114,114,114,139,5,22,22,22,22],"floor_reached":16,"language":"ENG","playtime":728,"items_purged":["Strike_B","Strike_B"],"score":166,"play_id":"3ec6edb5-e353-4927-bc80-722d5fee12e8","local_time":"20210221104100","is_ascension_mode":true,"campfire_choices":[{"floor":6,"key":"REST"},{"floor":11,"key":"REST"},{"data":"Loop","floor":15,"key":"SMITH"}],"circlet_count":0,"master_deck":["Strike_B+1","Defend_B","Defend_B","Defend_B","Defend_B","Zap","Dualcast","Sweeping Beam","Force Field","Cold Snap","Loop+1","Cold Snap","Stack+1","Cold Snap","Steam","Storm"],"relics":["Cracked Core","ClockworkSouvenir","Kunai","Odd Mushroom","Oddly Smooth Stone","Mummified Hand"],"acts_visited":["Exordium"],"potions_floor_usage":[7],"damage_taken":[{"damage":1,"enemies":"Cultist","floor":1,"turns":3},{"damage":10,"enemies":"Small Slimes","floor":2,"turns":5},{"damage":11,"enemies":"2 Louse","floor":3,"turns":3},{"damage":0,"enemies":"Gremlin Nob","floor":7,"turns":4},{"damage":14,"enemies":"The Mushroom Lair","floor":8,"turns":4},{"damage":12,"enemies":"3 Sentries","floor":12,"turns":8},{"damage":0,"enemies":"Looter","floor":14,"turns":4},{"damage":34,"enemies":"The Guardian","floor":16,"turns":2}],"seed_played":"-3738115735595734971","potions_obtained":[{"floor":3,"key":"FocusPotion"},{"floor":8,"key":"LiquidMemories"}],"is_trial":false,"path_per_floor":["M","M","M","?","$","R","E","?","T","?","R","E","$","M","R","B"],"character_chosen":"DEFECT","items_purchased":["ClockworkSouvenir","Loop","Cold Snap","Storm"],"campfire_rested":2,"item_purchase_floors":[5,5,5,13],"current_hp_per_floor":[53,43,32,25,25,47,47,33,33,18,40,28,28,28,28,0,0],"gold":22,"neow_bonus":"TWO_FIFTY_GOLD","is_daily":false,"chose_seed":false,"campfire_upgraded":1,"win_rate":0.0,"timestamp":1613932860,"path_taken":["M","M","M","?","$","R","E","?","T","?","R","E","$","M","R","BOSS"],"items_purchased_type":["Relic","Card","Card","Card"],"build_version":"2020-12-22","purchased_purges":2,"victory":false,"max_hp_per_floor":[75,75,75,75,75,75,75,75,75,75,75,75,75,75,75,75,75],"card_choices":[{"not_picked":["Skim","Loop"],"picked":"Sweeping Beam","floor":1},{"not_picked":["Sunder","Lockon"],"picked":"Force Field","floor":2},{"not_picked":["Barrage","Hologram"],"picked":"Cold Snap","floor":3},{"not_picked":["Barrage","Scrape"],"picked":"Stack","floor":7},{"not_picked":["Barrage","Force Field"],"picked":"Cold Snap","floor":8},{"not_picked":["Aggregate","Cold Snap"],"picked":"Steam","floor":12},{"not_picked":["Thunder Strike","Aggregate","Sunder"],"picked":"SKIP","floor":14}],"player_experience":645214,"relics_obtained":[{"floor":7,"key":"Kunai"},{"floor":8,"key":"Odd Mushroom"},{"floor":9,"key":"Oddly Smooth Stone"},{"floor":12,"key":"Mummified Hand"}],"event_choices":[{"cards_removed":["Strike_B"],"damage_healed":0,"gold_gain":0,"player_choice":"Card Removal","damage_taken":7,"max_hp_gain":0,"max_hp_loss":0,"event_name":"Golden Wing","floor":4,"gold_loss":0},{"damage_healed":0,"gold_gain":0,"player_choice":"Fought Mushrooms","damage_taken":0,"max_hp_gain":0,"max_hp_loss":0,"event_name":"Mushrooms","floor":8,"gold_loss":0},{"damage_healed":0,"gold_gain":0,"player_choice":"Entered Light","damage_taken":15,"max_hp_gain":0,"max_hp_loss":0,"event_name":"Shining Light","floor":10,"gold_loss":0,"cards_upgraded":["Strike_B","Stack"]}],"is_beta":false,"boss_relics":[],"items_purged_floors":[5,13],"is_endless":false,"potions_floor_spawned":[3,8],"killed_by":"The Guardian","ascension_level":5}}