{"host":"0xnlke9dn7m72v1t","time":1613935335,"event":{"mods":["A Penny For Your Troubles","AchievementEnabler","BaseMod","BetterRewards","Colored Map","Colored Powertips","Minty Spire (QoL Compilation)","Quick Restart","StSLib","SuperFastMode","Together in Spire"],"gold_per_floor":[118,118,118,134,150,150,176,176,247,9388,9388,8432,8452,8462,8462,8557,8557,8571,8112,8112,7301,7318,7353,7380,7392,7392,7421,7421,7421,7437,7451,7451,7546,7546,7566,7585,7598,7611,7629,7629,7640,7640,7665,7693,7693,7748,7767,6873,6873,6876,6876,6876,6310,6342,6342],"floor_reached":56,"language":"DEU","playtime":2182,"items_purged":["Strike_P"],"score":1689,"play_id":"30a8f406-a287-492d-861e-d95c19d41991","local_time":"20210221202215","is_ascension_mode":false,"campfire_choices":[{"floor":11,"key":"RECALL"},{"data":"Apotheosis","floor":15,"key":"SMITH"},{"data":"Judgement","floor":28,"key":"SMITH"},{"data":"WindmillStrike","floor":32,"key":"SMITH"},{"data":"Defend_P","floor":40,"key":"SMITH"},{"data":"Defend_P","floor":42,"key":"SMITH"},{"data":"Vigilance","floor":45,"key":"SMITH"},{"data":"Jack Of All Trades","floor":49,"key":"SMITH"},{"data":"PathToVictory","floor":52,"key":"SMITH"}],"circlet_count":0,"master_deck":["Strike_P","Strike_P","Defend_P+1","Defend_P+1","Vigilance+1","ThirdEye","Jack Of All Trades+1","WindmillStrike+1","PathToVictory+1","Consecrate","FlurryOfBlows","Magnetism","Metamorphosis","Flash of Steel","Deep Breath","The Bomb","ClearTheMind","FearNoEvil","Vengeance","EmptyMind+1","Weave","Halt","Wallop+1","Apotheosis+1","Violence","Collect","Judgement+1","DevaForm","WindmillStrike","Apotheosis+1","SashWhip+1","Establishment","WheelKick","CarveReality+1","Pray+1","FlurryOfBlows+1","MasterReality","CutThroughFate+1","Vengeance+1","TalkToTheHand+1","FlurryOfBlows+1","BattleHymn","WheelKick+1","FlyingSleeves+1","FollowUp+1","JustLucky+1","Tantrum+1","Meditate+1","EmptyBody+1","Scrawl+1","ThirdEye+1","ThirdEye+1","EmptyFist+1","JustLucky+1","Ragnarok+1","Halt+1","ClearTheMind+1","Adaptation","Secret Weapon+1","Dramatic Entrance+1","Adaptation","Meditate+1","WreathOfFlame+1","Weave+1","FlurryOfBlows+1","Impatience+1","Sadistic Nature","Pray+1"],"relics":["PureWater","Mango","Regal Pillow","Enchiridion","Oddly Smooth Stone","Pear","Coffee Dripper","Bag of Preparation","Bloody Idol","NeowsBlessing","StoneCalendar","MealTicket","Bottled Lightning","Unceasing Top","Damaru","Bag of Marbles","Chemical X","Incense Burner","Prayer Wheel","HandDrill","Centennial Puzzle","Ice Cream","Peace Pipe","Anchor","Frozen Eye","Dead Branch","Eternal Feather","Omamori","Cauldron","Torii","White Beast Statue","Dream Catcher","Lantern","Strawberry","Potion Belt","Mummified Hand","TungstenRod","Strange Spoon","HornCleat","Question Card","WingedGreaves","ClockworkSouvenir","Calling Bell","Juzu Bracelet","Toxic Egg 2","GoldenEye","Lee\u0027s Waffle","Boot","Toy Ornithopter","DollysMirror","Darkstone Periapt","Gremlin Horn","Vajra","Sundial","Pocketwatch","Sozu","Blood Vial","Kunai","Lizard Tail","Molten Egg 2","Membership Card","Ginger","Bottled Flame","Orichalcum","Toolbox","Shuriken"],"acts_visited":["Exordium","TheCity","TheBeyond","TheEnding"],"potions_floor_usage":[],"damage_taken":[{"damage":0,"enemies":"Jaw Worm","floor":1,"turns":2},{"damage":0,"enemies":"Cultist","floor":4,"turns":1},{"damage":0,"enemies":"Small Slimes","floor":5,"turns":1},{"damage":0,"enemies":"3 Sentries","floor":7,"turns":4},{"damage":0,"enemies":"Blue Slaver","floor":13,"turns":1},{"damage":0,"enemies":"Exordium Thugs","floor":14,"turns":3},{"damage":9,"enemies":"The Guardian","floor":16,"turns":5},{"damage":0,"enemies":"Spheric Guardian","floor":18,"turns":2},{"damage":0,"enemies":"2 Thieves","floor":22,"turns":2},{"damage":0,"enemies":"Gremlin Leader","floor":23,"turns":2},{"damage":0,"enemies":"Slavers","floor":24,"turns":2},{"damage":0,"enemies":"Cultist and Chosen","floor":25,"turns":2},{"damage":76,"enemies":"Gremlin Leader","floor":27,"turns":6},{"damage":25,"enemies":"Snake Plant","floor":30,"turns":2},{"damage":0,"enemies":"Snecko","floor":31,"turns":1},{"damage":12,"enemies":"Collector","floor":33,"turns":5},{"damage":0,"enemies":"3 Shapes","floor":35,"turns":1},{"damage":0,"enemies":"Orb Walker","floor":36,"turns":1},{"damage":0,"enemies":"Sphere and 2 Shapes","floor":37,"turns":1},{"damage":0,"enemies":"4 Shapes","floor":38,"turns":1},{"damage":0,"enemies":"Spire Growth","floor":39,"turns":1},{"damage":0,"enemies":"Writhing Mass","floor":41,"turns":1},{"damage":0,"enemies":"Giant Head","floor":44,"turns":1},{"damage":0,"enemies":"2 Orb Walkers","floor":46,"turns":1},{"damage":0,"enemies":"3 Darklings","floor":47,"turns":1},{"damage":41,"enemies":"Awakened One","floor":50,"turns":4},{"damage":0,"enemies":"Shield and Spear","floor":54,"turns":1},{"damage":0,"enemies":"The Heart","floor":55,"turns":3}],"seed_played":"3172233977269169879","potions_obtained":[{"floor":0,"key":"DuplicationPotion"},{"floor":0,"key":"DuplicationPotion"},{"floor":0,"key":"DistilledChaos"},{"floor":7,"key":"StancePotion"},{"floor":14,"key":"Energy Potion"}],"is_trial":false,"path_per_floor":["M","?","?","M","M","?","E","?","T","$","R","$","M","M","R","B",null,"M","$","?","$","M","E","E","M","T","E","R","?","M","M","R","B",null,"M","M","M","M","M","R","M","R","T","E","R","?","M","$","R","B",null,"R","$","E","B",null],"character_chosen":"WATCHER","items_purchased":["MealTicket","Bottled Lightning","Damaru","Bag of Marbles","Chemical X","HandDrill","Centennial Puzzle","Peace Pipe","Anchor","Frozen Eye","Eternal Feather","Omamori","Cauldron","White Beast Statue","Dream Catcher","Lantern","TungstenRod","Strange Spoon","HornCleat","Apotheosis","Question Card","WingedGreaves","ClockworkSouvenir","Violence","Collect","Lee\u0027s Waffle","Boot","Toy Ornithopter","DollysMirror","Darkstone Periapt","Gremlin Horn","Apotheosis+1","Molten Egg 2","Membership Card","Ginger","JustLucky+1","Ragnarok+1","Halt+1","ClearTheMind+1","Adaptation","Secret Weapon+1","Dramatic Entrance+1","Bottled Flame","Orichalcum","Toolbox","Adaptation","Meditate+1","WreathOfFlame+1","Weave+1","FlurryOfBlows+1","Impatience+1","Sadistic Nature"],"campfire_rested":0,"item_purchase_floors":[0,0,0,0,0,0,0,0,0,0,0,0,0,0,0,0,10,10,10,10,12,12,12,12,12,19,19,19,21,21,21,21,48,48,48,48,48,48,48,48,48,48,53,53,53,53,53,53,53,53,53,53],"current_hp_per_floor":[80,80,80,85,90,90,95,75,80,98,98,98,98,98,98,94,98,98,105,105,105,105,105,105,105,105,34,55,50,30,35,56,49,105,105,105,105,105,105,105,105,105,105,105,105,105,105,105,105,74,105,105,105,105,105],"gold":6342,"neow_bonus":"","is_daily":false,"chose_seed":false,"campfire_upgraded":8,"win_rate":0.0,"timestamp":1613935335,"path_taken":["M","?","?","?","M","?","E","?","T","?","R","$","M","M","R","BOSS","M","$","?","$","M","E","E","M","T","E","R","?","M","M","R","BOSS","M","M","M","M","M","R","M","R","T","E","R","?","M","$","R","BOSS","R","$","E","BOSS"],"items_purchased_type":["Relic","Relic","Relic","Relic","Relic","Relic","Relic","Relic","Relic","Relic","Relic","Relic","Relic","Relic","Relic","Relic","Relic","Relic","Relic","Card","Relic","Relic","Relic","Card","Card","Relic","Relic","Relic","Relic","Relic","Relic","Card","Relic","Relic","Relic","Card","Card","Card","Card","Card","Card","Card","Relic","Relic","Relic","Card","Card","Card","Card","Card","Card","Card"],"build_version":"2020-12-22","purchased_purges":1,"victory":true,"max_hp_per_floor":[91,91,91,91,91,98,98,98,98,98,98,98,98,98,98,98,98,98,105,105,105,105,105,105,105,105,105,105,105,105,105,105,105,105,105,105,105,105,105,105,105,105,105,105,105,105,105,105,105,105,105,105,105,105,105],"card_choices":[{"not_picked":["Protect","ThirdEye"],"picked":"ClearTheMind","floor":1},{"not_picked":["Evaluate","Indignation"],"picked":"FearNoEvil","floor":1},{"not_picked":["FlyingSleeves","Consecrate"],"picked":"Vengeance","floor":4},{"not_picked":["Scrawl","Crescendo"],"picked":"EmptyMind","floor":4},{"not_picked":["Crescendo","FlyingSleeves"],"picked":"Weave","floor":5},{"not_picked":["Crescendo","Protect"],"picked":"Halt","floor":5},{"not_picked":["TalkToTheHand","ThirdEye"],"picked":"Wallop","floor":7},{"not_picked":["BattleHymn","Consecrate","EmptyBody","PathToVictory"],"picked":"SKIP","floor":13},{"not_picked":["CrushJoints","CutThroughFate","Consecrate","ThirdEye"],"picked":"SKIP","floor":13},{"not_picked":["Swivel","TalkToTheHand","ConjureBlade","BowlingBash"],"picked":"SKIP","floor":14},{"not_picked":["Wallop","FlyingSleeves","CutThroughFate","EmptyFist"],"picked":"SKIP","floor":14},{"not_picked":["ConjureBlade","Omniscience","Vault"],"picked":"Judgement","floor":16},{"not_picked":["BowlingBash","DeceiveReality+1","Pray+1","Nirvana"],"picked":"SKIP","floor":18},{"not_picked":["Protect+1","PathToVictory+1","BowlingBash","BattleHymn"],"picked":"SKIP","floor":18},{"not_picked":["FollowUp","Tantrum","TalkToTheHand"],"picked":"SashWhip+1","floor":22},{"not_picked":["ClearTheMind+1","LikeWater+1","Protect+1"],"picked":"Establishment","floor":22},{"not_picked":["ClearTheMind+1","BowlingBash","JustLucky+1"],"picked":"WheelKick","floor":23},{"not_picked":["EmptyFist","ConjureBlade+1","Conclude"],"picked":"CarveReality+1","floor":24},{"not_picked":["Study+1","BowlingBash","EmptyBody+1"],"picked":"Pray+1","floor":25},{"not_picked":["Wallop","FollowUp","CrushJoints","Protect+1"],"picked":"SKIP","floor":25},{"not_picked":["EmptyBody+1","BattleHymn","Omniscience+1","ThirdEye+1"],"picked":"SKIP","floor":27},{"not_picked":["BowlingBash","Sanctity+1","FlyingSleeves","SignatureMove"],"picked":"SKIP","floor":30},{"not_picked":["ThirdEye+1","FollowUp","PathToVictory+1","EmptyBody+1"],"picked":"SKIP","floor":30},{"not_picked":["JustLucky+1","LessonLearned","Indignation+1"],"picked":"FlurryOfBlows+1","floor":31},{"not_picked":["CutThroughFate","CrushJoints+1","SashWhip","Protect+1"],"picked":"SKIP","floor":31},{"not_picked":["Judgement+1","Scrawl+1","DeusExMachina+1"],"picked":"MasterReality","floor":33},{"not_picked":["JustLucky+1","Consecrate+1","Worship+1"],"picked":"CutThroughFate+1","floor":35},{"not_picked":["BowlingBash+1","Meditate+1","FollowUp+1"],"picked":"Vengeance+1","floor":35},{"not_picked":["EmptyFist","CutThroughFate+1","ClearTheMind+1"],"picked":"TalkToTheHand+1","floor":36},{"not_picked":["EmptyFist","Evaluate+1","FollowUp"],"picked":"FlurryOfBlows+1","floor":36},{"not_picked":["Crescendo+1","Consecrate+1","CrushJoints"],"picked":"BattleHymn","floor":37},{"not_picked":["ClearTheMind+1","Judgement+1","Tantrum"],"picked":"WheelKick+1","floor":37},{"not_picked":["Collect+1","Consecrate","Halt+1"],"picked":"FlyingSleeves+1","floor":38},{"not_picked":["LikeWater+1","FlurryOfBlows+1","Tantrum+1"],"picked":"FollowUp+1","floor":38},{"not_picked":["ClearTheMind+1","Study+1","Perseverance+1"],"picked":"JustLucky+1","floor":39},{"not_picked":["Vault+1","Adaptation","Conclude+1"],"picked":"Tantrum+1","floor":39},{"not_picked":["Pray+1","Halt+1","FollowUp"],"picked":"Meditate+1","floor":41},{"not_picked":["CarveReality+1","JustLucky","Nirvana+1"],"picked":"EmptyBody+1","floor":41},{"not_picked":["SandsOfTime","Indignation+1","BattleHymn"],"picked":"Scrawl+1","floor":44},{"not_picked":["WindmillStrike+1","FollowUp","Adaptation"],"picked":"ThirdEye+1","floor":46},{"not_picked":["FearNoEvil+1","PathToVictory+1","WheelKick"],"picked":"ThirdEye+1","floor":47},{"not_picked":["CrushJoints","Adaptation","TalkToTheHand"],"picked":"EmptyFist+1","floor":47},{"not_picked":["JustLucky+1","Perseverance+1","Protect+1"],"picked":"Pray+1","floor":54}],"player_experience":45589,"relics_obtained":[{"floor":7,"key":"Potion Belt"},{"floor":9,"key":"Mummified Hand"},{"floor":17,"key":"Juzu Bracelet"},{"floor":17,"key":"Toxic Egg 2"},{"floor":17,"key":"GoldenEye"},{"floor":23,"key":"Vajra"},{"floor":24,"key":"Sundial"},{"floor":27,"key":"Pocketwatch"},{"floor":43,"key":"Blood Vial"},{"floor":44,"key":"Kunai"},{"floor":46,"key":"Lizard Tail"},{"floor":54,"key":"Shuriken"}],"event_choices":[{"damage_healed":0,"gold_gain":0,"player_choice":"Ignored","damage_taken":0,"max_hp_gain":0,"max_hp_loss":0,"event_name":"Golden Wing","floor":2,"gold_loss":0},{"damage_healed":0,"gold_gain":0,"player_choice":"Bought 0 Potions","damage_taken":0,"max_hp_gain":0,"max_hp_loss":0,"event_name":"The Woman in Blue","floor":3,"gold_loss":0},{"damage_healed":0,"gold_gain":0,"player_choice":"Success","damage_taken":7,"relics_obtained":["Strawberry"],"max_hp_gain":0,"max_hp_loss":0,"event_name":"Scrap Ooze","floor":6,"gold_loss":0},{"damage_healed":0,"gold_gain":0,"player_choice":"Entered Light","damage_taken":20,"max_hp_gain":0,"max_hp_loss":0,"event_name":"Shining Light","floor":8,"gold_loss":0,"cards_upgraded":["Wallop","EmptyMind"]},{"damage_healed":0,"gold_gain":0,"player_choice":"Read","damage_taken":0,"max_hp_gain":0,"max_hp_loss":0,"event_name":"The Library","floor":20,"gold_loss":0,"cards_obtained":["DevaForm"]},{"damage_healed":0,"gold_gain":0,"player_choice":"Stopped","damage_taken":9,"max_hp_gain":0,"max_hp_loss":0,"event_name":"Cursed Tome","floor":29,"gold_loss":0},{"damage_healed":0,"gold_gain":0,"player_choice":"Fight","damage_taken":0,"max_hp_gain":0,"max_hp_loss":0,"event_name":"Mysterious Sphere","floor":46,"gold_loss":0}],"is_beta":false,"boss_relics":[{"not_picked":["Cursed Key","Empty Cage"],"picked":"Calling Bell"},{"not_picked":["VioletLotus","SlaversCollar"],"picked":"Sozu"}],"items_purged_floors":[48],"is_endless":false,"potions_floor_spawned":[1,4,5,7,13,14,16,18,22,23,24,25,27,30,31,33,35,36,37,38,39,41,44,46,47,54],"ascension_level":0}}