{"host":"mvhzznpw3ffw85pv","time":1613911617,"event":{"mods":["AchievementEnabler","BaseMod","Bestiary","Block Reminder","Colored Map","Highlight Path","Minty Spire (QoL Compilation)","Relic Stats"],"gold_per_floor":[116,131,145,115,133,133,151,151,197,226,246,273,273,20,20,117,117,130,156,255,305,322,322,333,333,333,348,348,364,21,48,48,48,48],"floor_reached":33,"language":"ENG","playtime":1846,"items_purged":["Strike_R","Strike_R"],"score":440,"play_id":"f9eaeee6-b24e-42bb-b53b-3bd598d07620","local_time":"20210221074657","is_ascension_mode":true,"campfire_choices":[{"data":"Immolate","floor":6,"key":"SMITH"},{"data":"Bash","floor":8,"key":"SMITH"},{"data":"Flame Barrier","floor":13,"key":"SMITH"},{"data":"True Grit","floor":15,"key":"SMITH"},{"data":"Ghostly Armor","floor":23,"key":"SMITH"},{"data":"Headbutt","floor":25,"key":"SMITH"},{"data":"Pommel Strike","floor":28,"key":"SMITH"},{"data":"Power Through","floor":32,"key":"SMITH"}],"circlet_count":0,"master_deck":["AscendersBane","Strike_R","Defend_R","Defend_R","Defend_R","Bash+1","Immolate+1","Headbutt+1","Pommel Strike+1","Flame Barrier+1","Burning Pact","True Grit+1","Rampage+1","Double Tap+1","Dropkick+1","Ghostly Armor+1","Power Through+1"],"relics":["Burning Blood","Bag of Preparation","Blue Candle","Odd Mushroom","Smiling Mask","Anchor","Astrolabe","Red Mask","StrikeDummy","Thread and Needle","Happy Flower"],"acts_visited":["TheCity"],"potions_floor_usage":[12,33,33],"damage_taken":[{"damage":0,"enemies":"Small Slimes","floor":1,"turns":3},{"damage":6,"enemies":"Cultist","floor":2,"turns":3},{"damage":7,"enemies":"Jaw Worm","floor":3,"turns":2},{"damage":7,"enemies":"2 Fungi Beasts","floor":5,"turns":2},{"damage":2,"enemies":"Looter","floor":7,"turns":3},{"damage":24,"enemies":"Gremlin Nob","floor":10,"turns":4},{"damage":0,"enemies":"The Mushroom Lair","floor":11,"turns":1},{"damage":30,"enemies":"Lagavulin","floor":12,"turns":4},{"damage":49,"enemies":"Hexaghost","floor":16,"turns":13},{"damage":2,"enemies":"Chosen","floor":18,"turns":3},{"damage":43,"enemies":"Masked Bandits","floor":19,"turns":4},{"damage":11,"enemies":"2 Thieves","floor":22,"turns":4},{"damage":0,"enemies":"Chosen and Byrds","floor":24,"turns":4},{"damage":8,"enemies":"Cultist and Chosen","floor":27,"turns":5},{"damage":0,"enemies":"3 Cultists","floor":29,"turns":2},{"damage":20,"enemies":"Book of Stabbing","floor":31,"turns":7},{"damage":22,"enemies":"Collector","floor":33,"turns":7}],"seed_played":"-3895988117224385695","potions_obtained":[{"floor":4,"key":"Regen Potion"},{"floor":4,"key":"FairyPotion"},{"floor":16,"key":"SpeedPotion"},{"floor":19,"key":"Ancient Potion"}],"is_trial":false,"path_per_floor":["M","M","M","?","M","R","M","R","T","E","?","E","R","$","R","B",null,"M","?","?","?","M","R","M","R","T","M","R","M","$","E","R","B"],"character_chosen":"IRONCLAD","items_purchased":["True Grit","Anchor","Thread and Needle"],"campfire_rested":0,"item_purchase_floors":[14,14,30],"current_hp_per_floor":[57,57,56,56,55,55,59,59,59,41,47,32,32,32,32,17,64,68,31,31,31,26,26,32,32,32,30,30,36,36,22,22,0,0],"gold":48,"neow_bonus":"THREE_RARE_CARDS","is_daily":false,"chose_seed":false,"campfire_upgraded":8,"win_rate":0.0,"timestamp":1613911617,"path_taken":["M","M","M","?","?","R","M","R","T","E","?","E","R","$","R","BOSS","M","?","?","?","M","R","M","R","T","?","R","?","$","E","R","BOSS"],"items_purchased_type":["Card","Relic","Relic"],"build_version":"2020-12-22","purchased_purges":2,"victory":false,"max_hp_per_floor":[80,80,80,80,80,80,80,80,80,80,80,80,80,80,80,80,80,80,80,80,80,80,80,80,80,80,80,80,80,80,80,80,80,80],"relic_stats":{"Happy Flower":[2],"counters":[17,71],"Blue Candle":[0],"Astrolabe":["Rampage","Double Tap","Dropkick"],"Bag of Preparation":[24],"Smiling Mask":75,"obtain_stats":[{"Anchor":14,"Happy Flower":31,"Blue Candle":10,"Astrolabe":17,"Thread and Needle":30,"Bag of Preparation":9,"Red Mask":19,"Odd Mushroom":11,"Smiling Mask":12,"StrikeDummy":26,"Burning Blood":0},{"Anchor":8,"Happy Flower":16,"Blue Candle":6,"Astrolabe":9,"Thread and Needle":15,"Bag of Preparation":5,"Red Mask":11,"Odd Mushroom":7,"Smiling Mask":8,"StrikeDummy":13,"Burning Blood":0},{"Anchor":22,"Happy Flower":64,"Blue Candle":17,"Astrolabe":35,"Thread and Needle":57,"Bag of Preparation":13,"Red Mask":42,"Odd Mushroom":18,"Smiling Mask":22,"StrikeDummy":50,"Burning Blood":0}],"Burning Blood":96},"card_choices":[{"not_picked":["Double Tap","Exhume"],"picked":"Immolate","floor":0},{"not_picked":["Armaments","Clothesline"],"picked":"Headbutt","floor":1},{"not_picked":["Anger","Dropkick","Intimidate"],"picked":"SKIP","floor":2},{"not_picked":["Rampage","Havoc","Thunderclap"],"picked":"SKIP","floor":3},{"not_picked":["Warcry","Infernal Blade"],"picked":"Pommel Strike","floor":5},{"not_picked":["Thunderclap","Warcry","Rampage"],"picked":"SKIP","floor":7},{"not_picked":["Uppercut","Searing Blow"],"picked":"Flame Barrier","floor":10},{"not_picked":["Rampage","Spot Weakness"],"picked":"Burning Pact","floor":11},{"not_picked":["Body Slam","Offering","Headbutt"],"picked":"SKIP","floor":12},{"not_picked":["Pommel Strike+1","Headbutt"],"picked":"Ghostly Armor","floor":18},{"not_picked":["Carnage","Headbutt","Sword Boomerang"],"picked":"SKIP","floor":22},{"not_picked":["Twin Strike","Armaments","Flame Barrier"],"picked":"SKIP","floor":24},{"not_picked":["Armaments","Pommel Strike","Impervious"],"picked":"SKIP","floor":27},{"not_picked":["Clash","Thunderclap","Hemokinesis+1"],"picked":"SKIP","floor":29},{"not_picked":["Clothesline","Clash"],"picked":"Power Through","floor":31}],"player_experience":636291,"relics_obtained":[{"floor":9,"key":"Bag of Preparation"},{"floor":10,"key":"Blue Candle"},{"floor":11,"key":"Odd Mushroom"},{"floor":12,"key":"Smiling Mask"},{"floor":19,"key":"Red Mask"},{"floor":26,"key":"StrikeDummy"},{"floor":31,"key":"Happy Flower"}],"event_choices":[{"damage_healed":0,"gold_gain":0,"player_choice":"Bought 2 Potions","damage_taken":0,"max_hp_gain":0,"max_hp_loss":0,"event_name":"The Woman in Blue","floor":4,"gold_loss":0},{"damage_healed":0,"gold_gain":0,"player_choice":"Fought Mushrooms","damage_taken":0,"max_hp_gain":0,"max_hp_loss":0,"event_name":"Mushrooms","floor":11,"gold_loss":0},{"damage_healed":0,"gold_gain":0,"player_choice":"Fought Bandits","damage_taken":0,"max_hp_gain":0,"max_hp_loss":0,"event_name":"Masked Bandits","floor":19,"gold_loss":0},{"damage_healed":0,"gold_gain":99,"player_choice":"Stole From Cult","damage_taken":0,"max_hp_gain":0,"max_hp_loss":0,"event_name":"Nest","floor":20,"gold_loss":0},{"damage_healed":0,"gold_gain":100,"player_choice":"Bet on Murderer","damage_taken":0,"max_hp_gain":0,"max_hp_loss":0,"event_name":"The Joust","floor":21,"gold_loss":50}],"is_beta":false,"boss_relics":[{"not_picked":["Black Star","SlaversCollar"],"picked":"Astrolabe"}],"items_purged_floors":[14,30],"is_endless":false,"potions_floor_spawned":[7,11,16,19,27,29,31],"killed_by":"Collector","ascension_level":12}}