{"host":"9rqxlbwknj581inl","time":1613945784,"event":{"mods":["AchievementEnabler","BaseMod","Colored Map","Colored Powertips","Dark Map","Highlight Path","Minty Spire (QoL Compilation)","Quick Restart","Random Character Button","Random Character Mod"],"gold_per_floor":[109,109,128,146,156,181,181,181,181],"floor_reached":8,"language":"ENG","playtime":2728,"items_purged":[],"score":58,"play_id":"070fc365-8260-48d9-b7f7-52827f1ea2d4","local_time":"20210221151624","is_ascension_mode":false,"campfire_choices":[{"data":"Eruption","floor":7,"key":"SMITH"}],"circlet_count":0,"master_deck":["Strike_P","Strike_P","Strike_P","Strike_P","Defend_P","Defend_P","Defend_P","Defend_P","Eruption+1","Vigilance","Dramatic Entrance","JustLucky","CutThroughFate","Wireheading","FearNoEvil"],"relics":["PureWater","Orichalcum"],"acts_visited":["Exordium"],"potions_floor_usage":[],"damage_taken":[{"damage":0,"enemies":"2 Louse","floor":1,"turns":2},{"damage":0,"enemies":"Small Slimes","floor":3,"turns":3},{"damage":0,"enemies":"Cultist","floor":4,"turns":3},{"damage":9,"enemies":"Gremlin Gang","floor":5,"turns":2},{"damage":37,"enemies":"Lagavulin","floor":6,"turns":7},{"damage":34,"enemies":"3 Sentries","floor":8,"turns":3}],"seed_played":"-6992296197437839636","potions_obtained":[{"floor":6,"key":"BottledMiracle"}],"is_trial":false,"path_per_floor":["M","?","M","M","M","E","R","E"],"character_chosen":"WATCHER","items_purchased":[],"campfire_rested":0,"item_purchase_floors":[],"current_hp_per_floor":[72,77,77,77,68,31,31,0,0],"gold":181,"neow_bonus":"RANDOM_COLORLESS","is_daily":false,"chose_seed":false,"campfire_upgraded":1,"win_rate":0.0,"timestamp":1613945784,"path_taken":["M","?","M","M","M","E","R","E"],"items_purchased_type":[],"build_version":"2020-12-22","purchased_purges":0,"victory":false,"max_hp_per_floor":[72,77,77,77,77,77,77,77,77],"card_choices":[{"not_picked":["Madness","Bandage Up"],"picked":"Dramatic Entrance","floor":0},{"not_picked":["Collect","Nirvana"],"picked":"JustLucky","floor":1},{"not_picked":["Protect","ThirdEye"],"picked":"CutThroughFate","floor":3},{"not_picked":["SandsOfTime","Conclude"],"picked":"Wireheading","floor":4},{"not_picked":["FlyingSleeves","InnerPeace"],"picked":"FearNoEvil","floor":5},{"not_picked":["Crescendo","Wireheading","JustLucky"],"picked":"SKIP","floor":6}],"player_experience":190998,"relics_obtained":[{"floor":6,"key":"Orichalcum"}],"event_choices":[{"damage_healed":0,"gold_gain":0,"player_choice":"Donut","damage_taken":0,"max_hp_gain":5,"max_hp_loss":0,"event_name":"Big Fish","floor":2,"gold_loss":0}],"is_beta":false,"boss_relics":[],"items_purged_floors":[],"is_endless":false,"potions_floor_spawned":[6],"killed_by":"3 Sentries","ascension_level":0}}