{"host":"xnjcin1g6gswdgtt","time":1613867981,"event":{"mods":["2.2 Compatiblity","Act Like it!","BaseMod","Beaked The Cultist","Better Altar","Better Match","Better Note","Better Sensory Stone","Better Skull","Better Third Choice","BetterRewards","Card Forge","ChefMod","Conspire","Downfall","Duelist Mod","Elementarium","Gremlin Mod","GungeonMod","Hermit","Hero for Fun","Hubris","Jedi Mod","JesterMod","Marked Mod","Menagerie","Minty Spire (QoL Compilation)","QueenMod","Quick Restart","Relic Stats","Reliquary","Robot Space Explorer","Shade Mod","Shop Mod","Spicy Shops","StSLib","The Blue Laboratory","The Construct","The Cursed","The Death Knight","The Disciple","The Dragon Tamer","The Forsaken","The Hierophant","The Marked","The Poker Player","The Runesmith","The Servant 0.9.4","TheVacant","Yuri Mod"],"gold_per_floor":[369,369,381,401,114,140,140,205,205,262,282,323,323,26,26,151,151,161,47,47,66,84,116,142,170,170,170,184,196,236,254,269,269,299,427,427,438,438,438,455,380,428,58,119,119,129,187,187,187,202,202,232],"floor_reached":53,"language":"ENG","playtime":10614,"items_purged":[],"score":669,"play_id":"0c590765-24fd-442a-9c27-a0a3e0a90535","local_time":"20210220183940","is_ascension_mode":false,"campfire_choices":[{"floor":7,"key":"REST"},{"floor":13,"key":"REST"},{"floor":15,"key":"REST"},{"floor":27,"key":"REST"},{"floor":33,"key":"REST"},{"data":"theMarked:Standoff","floor":49,"key":"SMITH"}],"circlet_count":0,"master_deck":["theMarked:Strike+1","theMarked:Strike+1","theMarked:Defend+1","theMarked:Defend+1","theMarked:Defend+1","theMarked:SoldierOfQuellstein+1","theMarked:Parkour+1","theMarked:Standoff+1","theMarked:BiggerThanFate+1","theMarked:BanishingWave+1","DemoMod:Deposit+1","theMarked:ComboAttacks+1","theMarked:ChainLightning+1","theMarked:Memento+1","theMarked:BanishingStrike+1","theMarked:BiggerThanFate+1","theMarked:WardOff+1","theMarked:FavorableWinds+1","theMarked:Seal+1","DemoMod:Elimentaler+1","theMarked:Standoff+1"],"relics":["theMarked:ArtifactOfAir","Hammer of Thor","Seething Fire","Anvil of the Gods","reliquary:QuartzCube","reliquary:Buckler","HornCleat","jedi:matchstick","Membership Card","DemoMod:MonsterBlood","reliquary:Knoch","Runic Dome","Ice Cream","jesterMod:MirrorMask","reliquary:Stiletto","theMarked:DemonDagger","Whetstone","DemoMod:RatBoots","DemoMod:ResourcefulSack","DemoMod:PartiallyEatenCheese","jesterMod:MachoBrace","bronze:MakeshiftBattery","Bronze Scales","Gambling Chip","reliquary:FingerTrap","Strange Spoon","hubris:FunFungus","Runesmith:AutoHammer","hubris:DeckOfHolding","Mercury Hourglass","StoneCalendar","reliquary:BallBearing"],"acts_visited":["Exordium","TheCity","DemoMod:Maze","TheBeyond"],"potions_floor_usage":[10,16,16,34,35,50],"damage_taken":[{"damage":0,"enemies":"Small Slimes","floor":1,"turns":3},{"damage":0,"enemies":"2 Louse","floor":3,"turns":2},{"damage":0,"enemies":"conspire:RoseBush","floor":4,"turns":4},{"damage":13,"enemies":"Gremlin Nob","floor":6,"turns":4},{"damage":0,"enemies":"conspire:MimicChest","floor":8,"turns":6},{"damage":10,"enemies":"Lagavulin","floor":10,"turns":6},{"damage":0,"enemies":"Looter","floor":11,"turns":3},{"damage":7,"enemies":"Exordium Wildlife","floor":12,"turns":4},{"damage":27,"enemies":"Hexaghost","floor":16,"turns":5},{"damage":4,"enemies":"Shell Parasite","floor":18,"turns":3},{"damage":0,"enemies":"conspire:FuzzyDice","floor":21,"turns":4},{"damage":3,"enemies":"Sentry and Sphere","floor":22,"turns":5},{"damage":3,"enemies":"conspire:Head Lice","floor":23,"turns":4},{"damage":8,"enemies":"Book of Stabbing","floor":25,"turns":4},{"damage":0,"enemies":"DemoMod:4_Bullet_Kins","floor":28,"turns":3},{"damage":0,"enemies":"DemoMod:2_Veteran_bullet_kins_and_red_shotgun_kin","floor":29,"turns":3},{"damage":6,"enemies":"DemoMod:Red_and_blue_shotgun_kin_with_gunsinger","floor":30,"turns":4},{"damage":0,"enemies":"DemoMod:Veteran_shot_gun_kin_and_red_shotgun_kin_with_gunsinger","floor":31,"turns":3},{"damage":0,"enemies":"DemoMod:2_Mousers","floor":32,"turns":4},{"damage":8,"enemies":"DemoMod:ResourcefulRat","floor":34,"turns":9},{"damage":32,"enemies":"DemoMod:ResourcefulRat","floor":35,"turns":7},{"damage":0,"enemies":"3 Shapes","floor":37,"turns":3},{"damage":6,"enemies":"3 Darklings","floor":40,"turns":3},{"damage":0,"enemies":"2 Orb Walkers","floor":42,"turns":3},{"damage":33,"enemies":"Nemesis","floor":44,"turns":6},{"damage":0,"enemies":"4 Shapes","floor":46,"turns":3},{"damage":0,"enemies":"beaked:SuperParasite","floor":47,"turns":5},{"damage":2,"enemies":"Maw","floor":50,"turns":5},{"damage":16,"enemies":"hubris:GrandSnecko","floor":52,"turns":7}],"seed_played":"-4572665678551081478","potions_obtained":[{"floor":1,"key":"champ:CounterPotion"},{"floor":6,"key":"PowerPotion"},{"floor":8,"key":"blueLaboratory:BottleOfVodka"},{"floor":10,"key":"hexamod:SoulburnPotion"},{"floor":12,"key":"Swift Potion"},{"floor":18,"key":"DuplicationPotion"},{"floor":35,"key":"Block Potion"},{"floor":42,"key":"blueLaboratory:StoneskinPotion"},{"floor":50,"key":"jedi:mysterypotion"}],"is_trial":false,"path_per_floor":["M","?","M","M","$","E","R","?","T","E","M","M","R","$","R","B",null,"M","$","?","M","M","E","T","E","T","R","M","M","M","M","M","R","B","B",null,"M","?","?","M","$","?","$","E","T","M","E","?","R","M","T","B",null],"character_chosen":"THE_DEFAULT","items_purchased":["DemoMod:Deposit","DemoMod:GnawedKey","Membership Card","theMarked:Improvise","theMarked:MuscleMemory","DemoMod:MonsterBlood","reliquary:Knoch","Ice Cream","theMarked:FavorableWinds","jesterMod:MirrorMask","Bronze Scales","reliquary:FingerTrap","Strange Spoon","hubris:FunFungus","Runesmith:AutoHammer"],"campfire_rested":5,"item_purchase_floors":[5,5,14,14,14,14,14,19,19,19,41,43,43,43,43],"current_hp_per_floor":[65,65,65,65,65,52,65,65,65,55,55,48,65,72,72,45,72,68,68,68,68,65,62,62,54,72,72,72,72,66,66,66,72,64,32,72,72,72,72,66,66,66,66,56,56,61,72,72,72,72,72,68],"gold":232,"neow_bonus":"TWO_FIFTY_GOLD","is_daily":false,"chose_seed":false,"campfire_upgraded":1,"win_rate":0.0,"timestamp":1613867980,"path_taken":["M","?","M","M","$","E","R","?","T","E","M","M","R","$","R","BOSS","M","$","?","M","?","E","?","E","T","R","M","M","M","M","M","R","BOSS","BOSS","M","?","?","?","$","?","$","E","T","M","E","?","R","M","?","BOSS"],"items_purchased_type":["Card","Relic","Relic","Card","Card","Relic","Relic","Relic","Card","Relic","Relic","Relic","Relic","Relic","Relic"],"build_version":"2020-12-22","purchased_purges":0,"victory":true,"max_hp_per_floor":[65,65,65,65,65,65,65,65,65,65,65,65,65,72,72,72,72,72,72,72,72,72,72,72,72,72,72,72,72,72,72,72,72,72,72,72,72,72,72,72,72,72,72,72,72,72,72,72,72,72,72,72],"relic_stats":{"Strange Spoon":[9],"counters":[29,125],"Bronze Scales":[58],"Gambling Chip":[7],"StoneCalendar":[29],"Whetstone":[],"obtain_stats":[{"Ice Cream":19,"StoneCalendar":47,"Hammer of Thor":0,"DemoMod:GlassGuonStoneRelic":1,"Whetstone":25,"reliquary:QuartzCube":6,"jesterMod:MirrorMask":19,"HornCleat":9,"DemoMod:MonsterBlood":14,"Gambling Chip":42,"reliquary:Buckler":8,"jedi:matchstick":10,"hubris:DeckOfHolding":44,"hubris:FunFungus":43,"DemoMod:GnawedKey":5,"reliquary:FingerTrap":43,"theMarked:DemonDagger":24,"jesterMod:MachoBrace":36,"DemoMod:PartiallyEatenCheese":36,"DemoMod:RatBoots":36,"Seething Fire":0,"Mercury Hourglass":45,"theMarked:ArtifactOfAir":0,"Runic Dome":17,"Strange Spoon":43,"Anvil of the Gods":0,"Bronze Scales":41,"reliquary:Stiletto":23,"reliquary:BallBearing":51,"Membership Card":14,"reliquary:Knoch":14,"DemoMod:ResourcefulSack":36,"Runesmith:AutoHammer":43,"bronze:MakeshiftBattery":36},{"Ice Cream":10,"StoneCalendar":27,"Hammer of Thor":0,"DemoMod:GlassGuonStoneRelic":1,"Whetstone":14,"reliquary:QuartzCube":4,"jesterMod:MirrorMask":10,"HornCleat":5,"DemoMod:MonsterBlood":8,"Gambling Chip":24,"reliquary:Buckler":5,"jedi:matchstick":6,"hubris:DeckOfHolding":25,"hubris:FunFungus":24,"DemoMod:GnawedKey":3,"reliquary:FingerTrap":24,"theMarked:DemonDagger":13,"jesterMod:MachoBrace":21,"DemoMod:PartiallyEatenCheese":21,"DemoMod:RatBoots":21,"Seething Fire":0,"Mercury Hourglass":25,"theMarked:ArtifactOfAir":0,"Runic Dome":9,"Strange Spoon":24,"Anvil of the Gods":0,"Bronze Scales":23,"reliquary:Stiletto":13,"reliquary:BallBearing":28,"Membership Card":8,"reliquary:Knoch":8,"DemoMod:ResourcefulSack":21,"Runesmith:AutoHammer":24,"bronze:MakeshiftBattery":21},{"Ice Cream":40,"StoneCalendar":113,"Hammer of Thor":0,"DemoMod:GlassGuonStoneRelic":3,"Whetstone":57,"reliquary:QuartzCube":13,"jesterMod:MirrorMask":40,"HornCleat":19,"DemoMod:MonsterBlood":32,"Gambling Chip":99,"reliquary:Buckler":19,"jedi:matchstick":25,"hubris:DeckOfHolding":105,"hubris:FunFungus":99,"DemoMod:GnawedKey":9,"reliquary:FingerTrap":99,"theMarked:DemonDagger":53,"jesterMod:MachoBrace":90,"DemoMod:PartiallyEatenCheese":90,"DemoMod:RatBoots":90,"Seething Fire":0,"Mercury Hourglass":105,"theMarked:ArtifactOfAir":0,"Runic Dome":37,"Strange Spoon":99,"Anvil of the Gods":0,"Bronze Scales":96,"reliquary:Stiletto":53,"reliquary:BallBearing":118,"Membership Card":32,"reliquary:Knoch":32,"DemoMod:ResourcefulSack":90,"Runesmith:AutoHammer":99,"bronze:MakeshiftBattery":90}],"Mercury Hourglass":[63]},"card_choices":[{"not_picked":["theMarked:TwofoldDefense","theMarked:Pokerface"],"picked":"theMarked:Parkour","floor":1},{"not_picked":["theMarked:RogueSparks","theMarked:AttractMetal"],"picked":"theMarked:BiggerThanFate","floor":3},{"not_picked":["theMarked:Improvise","theMarked:GodGivenPower"],"picked":"theMarked:BanishingWave","floor":4},{"not_picked":["theMarked:Electrocute","theMarked:TurnInvisible"],"picked":"theMarked:ComboAttacks","floor":6},{"not_picked":["theMarked:Heritage","theMarked:ElectricStrings"],"picked":"theMarked:ChainLightning","floor":8},{"not_picked":["theMarked:Parkour","theMarked:SelfDefenseTraining"],"picked":"theMarked:Memento","floor":10},{"not_picked":["theMarked:ChainLightning","theMarked:ElectricStrings","theMarked:HeightenedSenses"],"picked":"SKIP","floor":11},{"not_picked":["theMarked:ChainLightning","theMarked:MuscleMemory"],"picked":"theMarked:BanishingStrike","floor":12},{"not_picked":["theMarked:Snap","theMarked:Challenge"],"picked":"theMarked:BiggerThanFate","floor":16},{"not_picked":["theMarked:Parry","theMarked:TakeCover"],"picked":"theMarked:WardOff","floor":18},{"not_picked":["theMarked:SwordAndMagic+1","theMarked:WastefulAttack","theMarked:OneWithTheBlade"],"picked":"SKIP","floor":21},{"not_picked":["theMarked:Overcharge","theMarked:Aftermath+1"],"picked":"theMarked:Seal","floor":22},{"not_picked":["theMarked:EmpowerWeapon","theMarked:ThrowWeapon"],"picked":"theMarked:Frustration","floor":23},{"not_picked":["theMarked:ChainLightning","theMarked:SwordAndMagic+1","theMarked:StartUp"],"picked":"SKIP","floor":25},{"not_picked":["theMarked:WastefulAttack","theMarked:HeightenedSenses+1","theMarked:SelfDefenseTraining+1"],"picked":"SKIP","floor":28},{"not_picked":["theMarked:Electrify","theMarked:TakeCover+1","theMarked:EmpowerWeapon+1"],"picked":"SKIP","floor":29},{"not_picked":["theMarked:HeightenedSenses","theMarked:FavorableWinds","theMarked:Overcharge+1"],"picked":"SKIP","floor":30},{"not_picked":["theMarked:Polarize","theMarked:Pokerface","theMarked:ElectricStrings+1"],"picked":"SKIP","floor":31},{"not_picked":["theMarked:SwordAndMagic+1","theMarked:BanishingStrike+1","theMarked:RepellingDischarge+1"],"picked":"SKIP","floor":32},{"not_picked":[],"picked":"DemoMod:Elimentaler","floor":35},{"not_picked":["theMarked:Abjuration","theMarked:Opportunist+1","theMarked:ResourceFulStrike+1"],"picked":"SKIP","floor":37},{"not_picked":["theMarked:Memento","theMarked:Parkour+1","theMarked:ElectricStrings+1"],"picked":"SKIP","floor":40},{"not_picked":["theMarked:Improvise+1","theMarked:KeepCalmAndFight","theMarked:Electrify"],"picked":"SKIP","floor":44},{"not_picked":["theMarked:RepellingDischarge","theMarked:WastefulAttack","theMarked:Vacuum"],"picked":"SKIP","floor":46},{"not_picked":["theMarked:SelfDefenseTraining","theMarked:Electrocute+1"],"picked":"theMarked:Standoff","floor":47},{"not_picked":["theMarked:TakeCover+1","theMarked:Frustration+1","theMarked:SwordAndMagic+1"],"picked":"SKIP","floor":50}],"player_experience":152256,"relics_obtained":[{"floor":6,"key":"reliquary:QuartzCube"},{"floor":8,"key":"reliquary:Buckler"},{"floor":9,"key":"HornCleat"},{"floor":10,"key":"jedi:matchstick"},{"floor":23,"key":"reliquary:Stiletto"},{"floor":24,"key":"theMarked:DemonDagger"},{"floor":25,"key":"Whetstone"},{"floor":36,"key":"DemoMod:RatBoots"},{"floor":36,"key":"DemoMod:ResourcefulSack"},{"floor":36,"key":"DemoMod:PartiallyEatenCheese"},{"floor":36,"key":"jesterMod:MachoBrace"},{"floor":36,"key":"bronze:MakeshiftBattery"},{"floor":42,"key":"Gambling Chip"},{"floor":44,"key":"hubris:DeckOfHolding"},{"floor":45,"key":"Mercury Hourglass"},{"floor":47,"key":"StoneCalendar"},{"floor":51,"key":"reliquary:BallBearing"}],"event_choices":[{"damage_healed":0,"gold_gain":0,"cards_transformed":["theMarked:Strike"],"player_choice":"Change","damage_taken":0,"max_hp_gain":0,"max_hp_loss":0,"event_name":"Living Wall","floor":2,"gold_loss":0,"cards_obtained":["theMarked:Standoff"]},{"cards_removed":["theMarked:Defend"],"damage_healed":0,"gold_gain":0,"player_choice":"Give","damage_taken":0,"max_hp_gain":0,"max_hp_loss":0,"event_name":"betterNote:BetterNote","floor":20,"gold_loss":0,"cards_obtained":["None"]},{"cards_removed":["theMarked:Aftermath"],"damage_healed":0,"gold_gain":0,"player_choice":"Purged","damage_taken":0,"max_hp_gain":0,"max_hp_loss":0,"event_name":"Purifier","floor":39,"gold_loss":0},{"damage_healed":0,"gold_gain":0,"player_choice":"Fight","damage_taken":0,"max_hp_gain":0,"max_hp_loss":0,"event_name":"Mysterious Sphere","floor":42,"gold_loss":0},{"damage_healed":0,"gold_gain":0,"player_choice":"Ignored","damage_taken":0,"max_hp_gain":0,"max_hp_loss":0,"event_name":"Falling","floor":48,"gold_loss":0}],"is_beta":false,"boss_relics":[{"not_picked":["Coffee Dripper","hubris:VirtuousBlindfold"],"picked":"Runic Dome"},{"not_picked":[]}],"items_purged_floors":[],"is_endless":false,"potions_floor_spawned":[1,6,8,10,12,18,30,32,35,42,44,46,50],"ascension_level":0}}