{"host":"nwjx7hbomubpmo86","time":1613946258,"event":{"mods":["AchievementEnabler","BaseMod","Better Note","Downfall","Hubris","Minty Spire (QoL Compilation)","Replay The Spire","StSLib","The Death Knight","slay the spire mod where everything is the same but ironclad has a cowboy hat"],"gold_per_floor":[111,16,16,16,27,54,54,54,107,119,119,156,181,181,181,294,294,318,208,217,217,239,273,273,295,295,304,304,304],"floor_reached":28,"language":"ENG","playtime":892,"items_purged":[],"score":256,"play_id":"92d270cd-75b3-4c72-98be-0b0b6575fa36","local_time":"20210221232418","is_ascension_mode":true,"campfire_choices":[{"data":"DeathKnight:FrosPresence","floor":7,"key":"SMITH"},{"data":"DeathKnight:DeathStrike","floor":11,"key":"SMITH"},{"data":"DeathKnight:FesteringStrike","floor":15,"key":"SMITH"},{"data":"DeathKnight:RuneTap","floor":24,"key":"SMITH"}],"circlet_count":0,"master_deck":["DeathKnight:Strike_DeathKnight","DeathKnight:Strike_DeathKnight","DeathKnight:Strike_DeathKnight+1","DeathKnight:Strike_DeathKnight","DeathKnight:Defend_DeathKnight","DeathKnight:Defend_DeathKnight","DeathKnight:Defend_DeathKnight","DeathKnight:Defend_DeathKnight+1","DeathKnight:Defend_DeathKnight","DeathKnight:RuneTap+1","DeathKnight:RuneStrike","DeathKnight:DarkSuccor+1","Swift Strike","DeathKnight:FesteringStrike+1","DeathKnight:FrosPresence+1","DeathKnight:SindragosasBreath","DeathKnight:DeathStrike+1","DeathKnight:FrostStrike","DeathKnight:BloodStrike","DeathKnight:VampiricBlood","DeathKnight:Ossuary+1","DeathKnight:DeathStrike","Discovery","J.A.X.","DeathKnight:DeathStrike","DeathKnight:HowlingBlast","DeathKnight:Pestilence","Decay"],"relics":["DeathKnight:BrokenRuneblade","hubris:TenFootPole","hubris:Icosahedron","Ring of Fury","Ring of Panic","DeathKnight:LightbringersTabard","Ancient Tea Set","CeramicFish","ChewingGum","Dream Catcher","Simple Rune"],"acts_visited":["Exordium","TheCity"],"potions_floor_usage":[16,28],"damage_taken":[{"damage":10,"enemies":"Jaw Worm","floor":1,"turns":4},{"damage":11,"enemies":"Small Slimes","floor":5,"turns":4},{"damage":23,"enemies":"Replay:BlueRogue","floor":6,"turns":6},{"damage":0,"enemies":"Cultist","floor":10,"turns":2},{"damage":5,"enemies":"3 Sentries","floor":12,"turns":4},{"damage":0,"enemies":"3 Louse","floor":13,"turns":1},{"damage":36,"enemies":"Hexaghost","floor":16,"turns":8},{"damage":21,"enemies":"3 Byrds","floor":18,"turns":5},{"damage":14,"enemies":"2 Thieves","floor":22,"turns":3},{"damage":12,"enemies":"Gremlin Leader","floor":23,"turns":6},{"damage":47,"enemies":"Snecko","floor":25,"turns":5},{"damage":17,"enemies":"Shelled Parasite and Fungi","floor":28,"turns":2}],"seed_played":"2317916014090020854","potions_obtained":[{"floor":5,"key":"DeathKnight:RunicPotion"},{"floor":6,"key":"SmokeBomb"},{"floor":12,"key":"Milkshake"},{"floor":16,"key":"Ancient Potion"},{"floor":22,"key":"champ:CounterPotion"}],"is_trial":false,"path_per_floor":["M","$","?","?","M","E","R","?","T","M","R","E","M","?","R","B",null,"M","$","?","?","M","E","R","M","T","?","M"],"character_chosen":"DEATH_KNIGHT","items_purchased":["Swift Strike","DeathKnight:DeathStrike","Discovery"],"campfire_rested":0,"item_purchase_floors":[2,19,19],"current_hp_per_floor":[65,65,65,65,54,31,31,31,31,31,31,37,37,37,37,12,75,54,54,54,54,51,46,46,17,17,17,0,0],"gold":304,"neow_bonus":"RANDOM_COMMON_RELIC","is_daily":false,"chose_seed":false,"campfire_upgraded":4,"win_rate":0.0,"timestamp":1613946258,"path_taken":["M","$","?","?","?","E","R","?","T","?","R","E","M","?","R","BOSS","M","$","?","?","M","E","R","?","T","?","M"],"items_purchased_type":["Card","Card","Card"],"build_version":"2020-12-22","purchased_purges":0,"victory":false,"max_hp_per_floor":[75,75,75,75,75,75,75,75,75,75,75,75,75,75,75,75,75,75,75,75,75,75,75,75,75,75,75,75,75],"card_choices":[{"not_picked":["DeathKnight:BludPresence","DeathKnight:Hysteria"],"picked":"DeathKnight:DarkSuccor","floor":1},{"not_picked":["DeathKnight:MindFreeze","DeathKnight:RaiseAlly"],"picked":"DeathKnight:FesteringStrike","floor":5},{"not_picked":["DeathKnight:DeathRune","DeathKnight:HowlingBlast"],"picked":"DeathKnight:FrosPresence","floor":6},{"not_picked":["DeathKnight:MindFreeze","DeathKnight:DeathsAdvance"],"picked":"DeathKnight:DeathStrike","floor":10},{"not_picked":["DeathKnight:Runeguard","DeathKnight:BloodPact"],"picked":"DeathKnight:FrostStrike","floor":12},{"not_picked":["DeathKnight:Lichborne","DeathKnight:BludPresence"],"picked":"DeathKnight:BloodStrike","floor":13},{"not_picked":["DeathKnight:ArmyOfTheDead","DeathKnight:UnholyExperiment"],"picked":"DeathKnight:VampiricBlood","floor":16},{"not_picked":["DeathKnight:BludPresence","DeathKnight:DeathGrip"],"picked":"DeathKnight:Ossuary+1","floor":18},{"not_picked":["DeathKnight:Rot","DeathKnight:Pestilence+1"],"picked":"DeathKnight:DeathStrike","floor":22},{"not_picked":["DeathKnight:RaiseAlly","DeathKnight:DeathCoil+1"],"picked":"DeathKnight:HowlingBlast","floor":23},{"not_picked":["DeathKnight:BladedArmor","DeathKnight:HowlingBlast"],"picked":"DeathKnight:Pestilence","floor":25}],"player_experience":571833,"relics_obtained":[{"floor":4,"key":"Ring of Fury"},{"floor":4,"key":"Ring of Panic"},{"floor":6,"key":"DeathKnight:LightbringersTabard"},{"floor":9,"key":"Ancient Tea Set"},{"floor":12,"key":"CeramicFish"},{"floor":23,"key":"Dream Catcher"},{"floor":26,"key":"Simple Rune"}],"event_choices":[{"damage_healed":0,"gold_gain":0,"cards_transformed":["DeathKnight:Strike_DeathKnight"],"player_choice":"Transformed","damage_taken":0,"max_hp_gain":0,"max_hp_loss":0,"event_name":"Transmorgrifier","floor":8,"gold_loss":0,"cards_obtained":["DeathKnight:SindragosasBreath"]},{"damage_healed":0,"gold_gain":0,"player_choice":"Upgraded","damage_taken":0,"max_hp_gain":0,"max_hp_loss":0,"event_name":"Upgrade Shrine","floor":14,"gold_loss":0,"cards_upgraded":["DeathKnight:DarkSuccor"]},{"damage_healed":0,"gold_gain":0,"player_choice":"Obtain J.A.X.","damage_taken":0,"max_hp_gain":0,"max_hp_loss":0,"event_name":"Drug Dealer","floor":20,"gold_loss":0,"cards_obtained":["J.A.X."]},{"damage_healed":0,"gold_gain":0,"player_choice":"Smashed Altar","damage_taken":0,"max_hp_gain":0,"max_hp_loss":0,"event_name":"Forgotten Altar","floor":27,"gold_loss":0,"cards_obtained":["Decay"]}],"is_beta":false,"boss_relics":[{"not_picked":["Replay:Bronze Core","hubris:BlackHole"],"picked":"ChewingGum"}],"items_purged_floors":[],"is_endless":false,"potions_floor_spawned":[5,6,12,16,22,23,25],"killed_by":"Shelled Parasite and Fungi","ascension_level":1}}