{"host":"cr9rpoy6dx9riis3","time":1613950449,"event":{"mods":["AchievementEnabler","BaseMod","Better Altar","Better Note","Better Sensory Stone","Better Skull","Better Third Choice","Better-Laid Plans","BetterRewards","Block Reminder","Curses Come First","Displayed Cursed Tome","Emptier Cage","Marked Mod","Minty Spire (QoL Compilation)","Permanent Neow","Relic Sorter","StSLib","The Blue Laboratory","Transform Curses"],"gold_per_floor":[109,124,144,19,30,65,65,76,76,76,90,120,151,176,188,301,313,341,353,382,407,143,143,143],"floor_reached":23,"language":"ENG","playtime":1174,"items_purged":["Defend_G","Strike_G","Strike_G"],"score":399,"play_id":"5080bee2-bfc3-4443-bad0-522c1d46f47a","local_time":"20210222003409","is_ascension_mode":true,"campfire_choices":[{"floor":7,"key":"REST"},{"data":"Eviscerate","floor":10,"key":"SMITH"},{"floor":15,"key":"REST"}],"circlet_count":0,"master_deck":["Strike_G","Strike_G","Strike_G","Defend_G","Defend_G","Defend_G","Defend_G","Survivor","Neutralize","Unload","Eviscerate+1","Reflex","Flash of Steel","Masterful Stab","Deflect","Backflip","Underhanded Strike","Underhanded Strike","Die Die Die+1","Phantasmal Killer","Masterful Stab+1","Reflex","Eviscerate+1","Dagger Throw+1","Terror","Deflect"],"relics":["Ring of the Snake","Molten Egg 2","HoveringKite"],"acts_visited":["Exordium","TheCity"],"potions_floor_usage":[5,11,16,16,18,20],"damage_taken":[{"damage":3,"enemies":"Small Slimes","floor":1,"turns":3},{"damage":0,"enemies":"Cultist","floor":2,"turns":1},{"damage":4,"enemies":"Jaw Worm","floor":3,"turns":2},{"damage":11,"enemies":"Exordium Thugs","floor":5,"turns":3},{"damage":8,"enemies":"Lagavulin","floor":6,"turns":8},{"damage":0,"enemies":"3 Louse","floor":8,"turns":1},{"damage":1,"enemies":"Lots of Slimes","floor":11,"turns":3},{"damage":13,"enemies":"3 Sentries","floor":12,"turns":6},{"damage":0,"enemies":"Exordium Thugs","floor":13,"turns":2},{"damage":0,"enemies":"Looter","floor":14,"turns":3},{"damage":18,"enemies":"Slime Boss","floor":16,"turns":7},{"damage":3,"enemies":"Shell Parasite","floor":18,"turns":3},{"damage":2,"enemies":"3 Byrds","floor":20,"turns":4},{"damage":1,"enemies":"Sentry and Sphere","floor":21,"turns":3},{"damage":57,"enemies":"Gremlin Leader","floor":23,"turns":7}],"seed_played":"-7706398193616948571","potions_obtained":[{"floor":3,"key":"blueLaboratory:FruitPunch"},{"floor":6,"key":"blueLaboratory:BottleOfRum"},{"floor":12,"key":"AttackPotion"},{"floor":13,"key":"blueLaboratory:NullPotion"},{"floor":16,"key":"CunningPotion"},{"floor":18,"key":"blueLaboratory:FruitPunch"}],"is_trial":false,"path_per_floor":["M","M","M","$","M","E","R","M","T","R","M","E","M","M","R","B",null,"M","?","M","M","$","E"],"character_chosen":"THE_SILENT","items_purchased":["Unload","Eviscerate","Reflex","Flash of Steel","Masterful Stab","Deflect","Orrery"],"campfire_rested":2,"item_purchase_floors":[0,0,0,0,0,4,22],"current_hp_per_floor":[26,26,22,22,13,5,26,26,26,26,25,12,12,12,33,15,58,55,55,55,54,54,0,0],"gold":143,"neow_bonus":"","is_daily":false,"chose_seed":false,"campfire_upgraded":1,"win_rate":0.0,"timestamp":1613950449,"path_taken":["M","M","M","$","M","E","R","M","T","R","M","E","M","M","R","BOSS","M","?","M","M","?","E"],"items_purchased_type":["Card","Card","Card","Card","Card","Card","Relic"],"build_version":"2020-12-22","purchased_purges":3,"victory":false,"max_hp_per_floor":[70,70,70,70,72,72,72,72,72,72,72,72,72,72,72,72,72,72,72,74,74,74,74,74],"card_choices":[{"not_picked":["Flechettes","Setup","Dodge and Roll"],"picked":"SKIP","floor":1},{"not_picked":["PiercingWail","Slice","Outmaneuver"],"picked":"SKIP","floor":2},{"not_picked":["Choke","Poisoned Stab","Bullet Time"],"picked":"SKIP","floor":3},{"not_picked":["Poisoned Stab","Underhanded Strike"],"picked":"Backflip","floor":5},{"not_picked":["Bouncing Flask","Burst"],"picked":"Underhanded Strike","floor":6},{"not_picked":["Outmaneuver","Caltrops"],"picked":"Underhanded Strike","floor":8},{"not_picked":["Dodge and Roll","Cloak And Dagger","Outmaneuver"],"picked":"SKIP","floor":11},{"not_picked":["Setup","Sucker Punch+1","Footwork"],"picked":"SKIP","floor":12},{"not_picked":["Poisoned Stab+1","Backflip","Dodge and Roll"],"picked":"SKIP","floor":13},{"not_picked":["Dash+1","Accuracy"],"picked":"Die Die Die+1","floor":14},{"not_picked":["Adrenaline","Bullet Time"],"picked":"Phantasmal Killer","floor":16},{"not_picked":["PiercingWail","Footwork","Underhanded Strike+1"],"picked":"SKIP","floor":18},{"not_picked":["Dash+1","Sucker Punch+1"],"picked":"Reflex","floor":20},{"not_picked":["Sucker Punch+1","Deadly Poison"],"picked":"Eviscerate+1","floor":21},{"not_picked":["Choke+1","Deadly Poison"],"picked":"Dagger Throw+1","floor":22},{"not_picked":["Flying Knee+1","Poisoned Stab+1"],"picked":"Terror","floor":22},{"not_picked":["Cloak And Dagger+1","Quick Slash+1"],"picked":"Deflect","floor":22}],"player_experience":780322,"relics_obtained":[{"floor":9,"key":"Molten Egg 2"},{"floor":12,"key":"MawBank"}],"event_choices":[{"cards_removed":["Unload"],"damage_healed":0,"gold_gain":0,"player_choice":"Take \u0026 Give","damage_taken":0,"max_hp_gain":0,"max_hp_loss":0,"event_name":"betterNote:BetterNote","floor":19,"gold_loss":0,"cards_obtained":["Masterful Stab"]}],"is_beta":false,"boss_relics":[{"not_picked":["Snecko Eye","SacredBark"],"picked":"HoveringKite"}],"items_purged_floors":[0,4,22],"is_endless":false,"potions_floor_spawned":[3,6,12,13,16,18],"killed_by":"Gremlin Leader","ascension_level":6}}