{"host":"8ic9nxmy47xzlkcl","time":1613937053,"event":{"mods":["BaseMod","Colored Map","Jorbs\u0027s Wanderer Trilogy","Minty Spire (QoL Compilation)","StSLib","The Cursed","The Hierophant","The Jungle"],"gold_per_floor":[110,113,133,150,164,187,187,101,127,109,83,13,0,10,10,10,10],"floor_reached":16,"language":"ENG","playtime":1017,"items_purged":[],"score":106,"play_id":"7582aaa9-6ee8-4af0-bba1-9b275a88601d","local_time":"20210221205053","is_ascension_mode":false,"campfire_choices":[{"floor":15,"key":"REST"}],"circlet_count":0,"master_deck":["hierophant:Strike_Hierophant","hierophant:Strike_Hierophant","hierophant:Strike_Hierophant","hierophant:Strike_Hierophant","hierophant:Punish","hierophant:Defend_Hierophant","hierophant:Defend_Hierophant","hierophant:Defend_Hierophant","hierophant:Defend_Hierophant","hierophant:ChurchCoffers","hierophant:Sermon","hierophant:ThreeLashes","hierophant:Glossolalia","Finesse","hierophant:FlamingChariot","hierophant:FieryStrike","hierophant:Glossolalia"],"relics":["hierophant:PropheticMaskRelic","Nunchaku","Art of War"],"acts_visited":["Exordium"],"potions_floor_usage":[4,6,10,16],"damage_taken":[{"damage":1,"enemies":"Cultist","floor":1,"turns":4},{"damage":8,"enemies":"Jaw Worm","floor":2,"turns":6},{"damage":0,"enemies":"Small Slimes","floor":3,"turns":3},{"damage":16,"enemies":"Exordium Wildlife","floor":4,"turns":9},{"damage":7,"enemies":"3 Louse","floor":5,"turns":4},{"damage":30,"enemies":"3 Sentries","floor":6,"turns":11},{"damage":0,"enemies":"Looter","floor":10,"turns":3},{"damage":4,"enemies":"Large Slime","floor":11,"turns":7},{"damage":2,"enemies":"2 Fungi Beasts","floor":14,"turns":2},{"damage":31,"enemies":"The Guardian","floor":16,"turns":12}],"seed_played":"6354794683008131848","potions_obtained":[{"floor":2,"key":"SteroidPotion"},{"floor":3,"key":"SkillPotion"},{"floor":6,"key":"Block Potion"},{"floor":10,"key":"SpeedPotion"}],"is_trial":false,"path_per_floor":["M","M","M","M","M","E","?","$","T","M","M","$","?","M","R","B"],"character_chosen":"HIEROPHANT","items_purchased":["Finesse","hierophant:Glossolalia"],"campfire_rested":1,"item_purchase_floors":[8,12],"current_hp_per_floor":[74,66,66,50,43,13,13,13,13,13,9,9,9,7,29,0,0],"gold":10,"neow_bonus":"THREE_CARDS","is_daily":false,"chose_seed":false,"campfire_upgraded":0,"win_rate":0.0,"timestamp":1613937053,"path_taken":["M","M","M","?","?","E","?","?","T","M","M","$","?","M","R","BOSS"],"items_purchased_type":["Card","Card"],"build_version":"2020-12-22","purchased_purges":0,"victory":false,"max_hp_per_floor":[75,75,75,75,75,75,75,75,75,75,75,75,75,75,75,75,75],"card_choices":[{"not_picked":["hierophant:Bribe","hierophant:Purify"],"picked":"hierophant:Sermon","floor":0},{"not_picked":["hierophant:Sermon","hierophant:Upheaval","hierophant:HammerAndAnvil"],"picked":"SKIP","floor":1},{"not_picked":["hierophant:Purify","hierophant:Flagellation","hierophant:SolarFlare"],"picked":"SKIP","floor":2},{"not_picked":["hierophant:SealAway","hierophant:Smite"],"picked":"hierophant:ThreeLashes","floor":3},{"not_picked":["hierophant:PassingBell","hierophant:ThreeLashes"],"picked":"hierophant:Glossolalia","floor":4},{"not_picked":["hierophant:ThreeLashes","hierophant:RustyCrate","hierophant:Doubloon"],"picked":"SKIP","floor":5},{"not_picked":["hierophant:Cornucopia","hierophant:RustyCrate","hierophant:Smite"],"picked":"SKIP","floor":6},{"not_picked":["hierophant:RepressedViolence","hierophant:Sermon"],"picked":"hierophant:FlamingChariot","floor":10},{"not_picked":["hierophant:MintersHammer","hierophant:ThreeLashes"],"picked":"hierophant:FieryStrike","floor":11},{"not_picked":["hierophant:HammerAndAnvil","hierophant:Encroach","hierophant:Purify"],"picked":"SKIP","floor":14}],"player_experience":186765,"relics_obtained":[{"floor":6,"key":"Nunchaku"},{"floor":9,"key":"Art of War"}],"event_choices":[{"damage_healed":0,"gold_gain":0,"player_choice":"Ignored","damage_taken":0,"max_hp_gain":0,"max_hp_loss":0,"event_name":"Golden Wing","floor":7,"gold_loss":0},{"damage_healed":0,"gold_gain":0,"player_choice":"Left Gold","damage_taken":0,"max_hp_gain":0,"max_hp_loss":0,"event_name":"World of Goop","floor":13,"gold_loss":13}],"is_beta":false,"boss_relics":[],"items_purged_floors":[],"is_endless":false,"potions_floor_spawned":[2,3,6,10],"killed_by":"The Guardian","ascension_level":0}}