{"host":"2d926qfvvz477zl6","time":1613877370,"event":{"mods":["Aspiration","BaseMod","Challenge The Spire","Conspire","Downfall","GifTheSpireLib","GungeonMod","Halation","Hermit","Hubris","Infinite Spire","Minty Spire (QoL Compilation)","Morshu Shopkeeper","Permanent Neow","Quick Restart","Rare Cards Sparkle","Reliquary","Replay The Spire","Shedinja","Somnambulant","Spicy Shops","StSLib","Stuff the Spire","Td1madao Mod","The Blue Laboratory","The Bug Knight","The Construct","The Cursed","The Disciple","The Forsaken","The Hierophant","TheFirefly","Wandering Minibosses","Wide Potions","everything is the same but u backflip on backflip","slay the spire mod where everything is the same but ironclad has a cowboy hat"],"gold_per_floor":[99,119,294,309,325,600,623,623,523,523,423,443,2,2,15,117,117,117,129,39,39,57,57,104,124,224,224,224,236,336,346,360,457,457,457,470,485,539,614,614,641,17,17,47,47,47,47,392,408,408],"floor_reached":51,"language":"ENG","playtime":2359,"items_purged":["StuffTheSpire:CuriosityCurse","hubris:Lust"],"score":915,"play_id":"2d030f41-07de-44e7-8a15-25887784fcd2","local_time":"20210220221610","is_ascension_mode":false,"campfire_choices":[{"floor":9.0,"key":"RECALL"},{"floor":18.0,"key":"DIG"},{"data":"expansioncontent:AwakenDeath","floor":47.0,"key":"SMITH"}],"circlet_count":0,"master_deck":["Shedinja:Scratch","Shedinja:Scratch","Shedinja:Endure","Shedinja:Endure","Shedinja:Endure","Shedinja:Endure","Shedinja:Endure","Shedinja:FocusSash","Shedinja:FocusSash","Pain","Shedinja:ShadowClaw","Shedinja:SuckerPunch","Shedinja:StruggleBug","Shedinja:ShadowBall","Doubt","Shedinja:NightSlash","Shedinja:GigaDrain","Regret","Shedinja:ShadowSneak","Shedinja:Round","Shedinja:DoubleTeam+1","Shedinja:XScissor","Shedinja:Ether","Shedinja:Substitute","Pain","TheCursedMod:Dregs","Shedinja:ShadowSneak","Shedinja:PowerBelt+1","Spreading Infection","Shedinja:FurySwipes","Shedinja:Facade","Shedinja:ShadowSneak","infinitespire:Gouge+1","Shedinja:NightSlash","Shedinja:StringShot","Shedinja:ShadowSneak","Shedinja:HYPERBEAM+1","Normality","Shedinja:Round+1","Shedinja:Protect","Shedinja:ShadowClaw","Shedinja:NightSlash","Shedinja:Round","expansioncontent:AwakenDeath+1","Shedinja:StruggleBug","Shedinja:BugBuzz","Shedinja:ShadowBall+1"],"relics":["Shedinja:WonderGuard","DemoMod:GlassGuonStoneRelic","downfall:HeartBlessingBlue","aspiration:SeaSaltIceCream","aspiration:ArtOfWarUpgrade","downfall:HeartBlessingRed","Juzu Bracelet","Replay:Ancient Bell","Oddly Smooth Stone","hubris:Metronome","Shedinja:WonderGuardNSRare","Bag of Marbles","Ring of Hypnosis","Ring of Fangs","reliquary:TatteredRug","halation:BlackBeret","infinitespire:Bottled Soul","Replay:Bottled Snecko","construct:WeddingRing","theForsaken:ScaryMask","Toy Ornithopter","Philosopher\u0027s Stone","Pocketwatch","reliquary:FerryPass","StuffTheSpire:OldFever","aspiration:Nostalgia","Iron Core","reliquary:WeakTea"],"acts_visited":["Exordium","TheCity","TheBeyond"],"potions_floor_usage":[],"damage_taken":[{"damage":0.0,"enemies":"2 Louse","floor":2.0,"turns":5.0},{"damage":0.0,"enemies":"Small Slimes","floor":4.0,"turns":5.0},{"damage":0.0,"enemies":"Cultist","floor":5.0,"turns":6.0},{"damage":0.0,"enemies":"Exordium Wildlife","floor":8.0,"turns":6.0},{"damage":0.0,"enemies":"Blue Slaver","floor":12.0,"turns":5.0},{"damage":0.0,"enemies":"downfall:FleeingMerchant","floor":13.0,"turns":4.0},{"damage":0.0,"enemies":"3 Louse","floor":15.0,"turns":6.0},{"damage":0.0,"enemies":"WA_ARCHETYPE_RETAIN","floor":16.0,"turns":14.0},{"damage":0.0,"enemies":"3 Byrds","floor":19.0,"turns":7.0},{"damage":0.0,"enemies":"downfall:FleeingMerchant","floor":20.0,"turns":4.0},{"damage":0.0,"enemies":"Snecko","floor":22.0,"turns":7.0},{"damage":0.0,"enemies":"3 Cultists","floor":25.0,"turns":9.0},{"damage":0.0,"enemies":"DF_ARCHETYPE_STREAMLINE","floor":26.0,"turns":8.0},{"damage":0.0,"enemies":"Chosen and Byrds","floor":29.0,"turns":6.0},{"damage":0.0,"enemies":"downfall:LadyInBlue","floor":30.0,"turns":9.0},{"damage":0.0,"enemies":"Snecko","floor":31.0,"turns":5.0},{"damage":0.0,"enemies":"Snake Plant","floor":32.0,"turns":4.0},{"damage":0.0,"enemies":"SI_MIRROR_ARCHETYPE","floor":33.0,"turns":12.0},{"damage":0.0,"enemies":"Orb Walker","floor":36.0,"turns":3.0},{"damage":0.0,"enemies":"3 Darklings","floor":37.0,"turns":9.0},{"damage":0.0,"enemies":"2 Orb Walkers","floor":38.0,"turns":6.0},{"damage":0.0,"enemies":"downfall:FleeingMerchant","floor":42.0,"turns":4.0},{"damage":0.0,"enemies":"Nightmare","floor":44.0,"turns":8.0},{"damage":0.0,"enemies":"downfall:FleeingMerchant","floor":48.0,"turns":1.0},{"damage":0,"enemies":"Transient","floor":49,"turns":5},{"damage":0,"enemies":"DF_ARCHETYPE_ORBS","floor":50,"turns":1}],"seed_played":"-1067153478045314603","potions_obtained":[{"floor":2.0,"key":"construct:ShiftPotion"},{"floor":4.0,"key":"SmokeBomb"},{"floor":15.0,"key":"BlessingOfTheForge"},{"floor":19.0,"key":"blueLaboratory:FrostheartPotion"},{"floor":22.0,"key":"SteroidPotion"},{"floor":26.0,"key":"blueLaboratory:HorrorPotion"},{"floor":30.0,"key":"LifebloodPotion"},{"floor":30.0,"key":"blueLaboratory:LouseDecoction"},{"floor":33.0,"key":"blueLaboratory:StoneskinPotion"},{"floor":37.0,"key":"Cursed Concoction"},{"floor":39.0,"key":"downfall:CursedFountainPotion"}],"is_trial":false,"path_per_floor":["R","M","?","M","M","?","T","M","R","?","R","M","$","?","M","B",null,"R","M","$","?","M","R","T","M","?","T","AVR","M","?","M","M","B",null,"R","M","M","?","?","?","T","$","?","NM","AVR","?","R","$","M","B",null],"character_chosen":"THE_DEFAULT","items_purchased":["Juzu Bracelet","Shedinja:DoubleTeam","Shedinja:XScissor","Shedinja:NightSlash","Shedinja:Round","StuffTheSpire:OldFever","aspiration:Nostalgia","blueLaboratory:AbyssPotion","ColorlessPotion","PowerPotion"],"campfire_rested":0,"item_purchase_floors":[13,13,13,42,42,42,42,42,42,42],"current_hp_per_floor":[1,1,1,1,1,1,1,1,1,1,1,1,1,1,1,1,1,1,1,1,1,1,1,1,1,1,1,1,1,1,1,1,1,1,1,1,1,1,1,1,1,1,1,1,1,1,1,1,1,1],"gold":408,"neow_bonus":"TRANSFORM_TWO_CARDS","is_daily":false,"chose_seed":false,"campfire_upgraded":1,"win_rate":0.0,"timestamp":1613877370,"path_taken":["R","M","?","M","M","?","T","?","R","?","R","M","$","?","M","BOSS","R","M","$","?","M","R","T","M","?","?","AVR","M","?","M","M","BOSS","R","M","M","?","?","?","T","$","?","NM","AVR","?","R","?","M","BOSS"],"items_purchased_type":["Relic","Card","Card","Card","Card","Relic","Relic","Potion","Potion","Potion"],"build_version":"2020-12-22","purchased_purges":2,"victory":true,"max_hp_per_floor":[1,1,1,1,1,1,1,1,1,1,1,1,1,1,1,1,1,1,1,1,1,1,1,1,1,1,1,1,1,1,1,1,1,1,1,1,1,1,1,1,1,1,1,1,1,1,1,1,1,1],"card_choices":[{"not_picked":["Shedinja:Mimic","Shedinja:Agility"],"picked":"Shedinja:ShadowBall","floor":2.0},{"not_picked":["Shedinja:MetalClaw","Shedinja:Mimic"],"picked":"Shedinja:NightSlash","floor":4.0},{"not_picked":["Shedinja:Mimic","Shedinja:Absorb"],"picked":"Shedinja:GigaDrain","floor":5.0},{"not_picked":["Shedinja:SuckerPunch","Shedinja:Elixir"],"picked":"Shedinja:ShadowSneak","floor":12.0},{"not_picked":["Shedinja:SafetyGoggles","Shedinja:RockyHelmet"],"picked":"Shedinja:Round","floor":13.0},{"not_picked":["Shedinja:Mimic","Shedinja:Trick"],"picked":"Shedinja:Ether","floor":15.0},{"not_picked":["Shedinja:FinalGambit","Shedinja:LumBerry"],"picked":"Shedinja:Substitute","floor":16.0},{"not_picked":["conspire:NecroticWound","CurseOfTheBell"],"picked":"Pain","floor":17.0},{"not_picked":["conspire:Blindness","StuffTheSpire:GnomedCurse"],"picked":"hubris:Lust","floor":17.0},{"not_picked":["conspire:NecroticWound","Parasite"],"picked":"TheCursedMod:Dregs","floor":17.0},{"not_picked":["Shedinja:Rest","Shedinja:SuckerPunch"],"picked":"Shedinja:ShadowSneak","floor":19.0},{"not_picked":["Shedinja:Facade","Shedinja:ConfuseRay"],"picked":"Shedinja:PowerBelt+1","floor":20.0},{"not_picked":["Shedinja:FurySwipes","Shedinja:Ether","Shedinja:MindReader"],"picked":"SKIP","floor":22.0},{"not_picked":["Shedinja:Ether","Shedinja:MindReader"],"picked":"Shedinja:FurySwipes","floor":22.0},{"not_picked":["Shedinja:Rest","Shedinja:WillOWisp+1"],"picked":"Shedinja:Facade","floor":25.0},{"not_picked":["Shedinja:ShadowClaw+1","Shedinja:RockyHelmet"],"picked":"Shedinja:ShadowSneak","floor":26.0},{"not_picked":["Shedinja:WillOWisp","Shedinja:Elixir","Shedinja:Trick+1"],"picked":"SKIP","floor":29.0},{"not_picked":["Shedinja:Harden","Shedinja:HoneClaws"],"picked":"Shedinja:NightSlash","floor":30.0},{"not_picked":["Shedinja:MindReader","Shedinja:Thief"],"picked":"Shedinja:StringShot","floor":31.0},{"not_picked":["Shedinja:Mimic","Shedinja:Round"],"picked":"Shedinja:ShadowSneak","floor":32.0},{"not_picked":["Shedinja:PhantomForce","Shedinja:XScissor"],"picked":"Shedinja:HYPERBEAM","floor":33.0},{"not_picked":["Shedinja:BugBuzz+1","Shedinja:Mimic"],"picked":"Shedinja:Round+1","floor":36.0},{"not_picked":["Shedinja:PowerBelt+1","Shedinja:WillOWisp+1"],"picked":"Shedinja:Protect","floor":37.0},{"not_picked":["Shedinja:ShadowBall+1","Shedinja:RockyHelmet"],"picked":"Shedinja:ShadowClaw","floor":38.0},{"not_picked":["Shedinja:ConfuseRay","Shedinja:WillOWisp+1","Shedinja:Mimic+1"],"picked":"SKIP","floor":42.0},{"not_picked":["expansioncontent:InvincibleStrength","expansioncontent:HyperBeam"],"picked":"expansioncontent:AwakenDeath","floor":43.0},{"not_picked":["Shedinja:Absorb+1","Barricade"],"picked":"Shedinja:StruggleBug","floor":44.0},{"not_picked":["Shedinja:Trick","Shedinja:Rest"],"picked":"Shedinja:BugBuzz","floor":48},{"not_picked":["Shedinja:PowerBracer","Shedinja:MetalClaw+1"],"picked":"Shedinja:ShadowBall+1","floor":49}],"player_experience":496672,"relics_obtained":[{"floor":18.0,"key":"Bag of Marbles"},{"floor":21.0,"key":"Ring of Hypnosis"},{"floor":21.0,"key":"Ring of Fangs"},{"floor":24.0,"key":"reliquary:TatteredRug"},{"floor":26.0,"key":"halation:BlackBeret"},{"floor":26.0,"key":"infinitespire:Bottled Soul"},{"floor":27.0,"key":"Replay:Bottled Snecko"},{"floor":30.0,"key":"Toy Ornithopter"},{"floor":38.0,"key":"Pocketwatch"},{"floor":41.0,"key":"reliquary:FerryPass"},{"floor":44.0,"key":"reliquary:WeakTea"}],"event_choices":[{"damage_healed":0.0,"max_hp_gain":0.0,"max_hp_loss":0.0,"gold_gain":0.0,"event_name":"Mysterious Sphere","player_choice":"Fight","floor":38.0,"gold_loss":0.0,"damage_taken":0.0}],"is_beta":false,"boss_relics":[{"not_picked":["Replay:Drink Me","Black Star"],"picked":"Replay:Ancient Bell"},{"not_picked":["reliquary:Stiletto","reliquary:RoseTintedGlasses"],"picked":"Oddly Smooth Stone"},{"not_picked":["Question Card","infinitespire:FocusingShard"],"picked":"hubris:Metronome"},{"not_picked":["hubris:Zylophone","DemoMod:AgedBell"],"picked":"Shedinja:WonderGuardNSRare"},{"not_picked":["halation:CatFaceCupcake","Runic Dome"],"picked":"Philosopher\u0027s Stone"}],"items_purged_floors":[20,28],"is_endless":false,"potions_floor_spawned":[2,4,15,19,22,26,29,33,37,44,49],"ascension_level":0}}