{"host":"k5dhp0bkccqfauyu","time":1613902569,"event":{"mods":["BaseMod","Better Note","Better Skull","Better Vampires","Colored Map","Colored Powertips","DeckTracker","Minty Spire (QoL Compilation)","Permanent Neow","StSLib","SuperFastMode"],"gold_per_floor":[115,115,133,143,160,186,15,40,40,40,40,53,86,100,100,198,198,214,231,244,244,257,287,287,316,343,370,370,370,401,401,401,498,498,508,508,433,433,182,202,202,202,202,231,231,277,302,313,313,313,313,313,43,76,76],"floor_reached":56,"language":"ENG","playtime":3152,"items_purged":["Twin Strike","Whirlwind","Bash"],"score":1502,"play_id":"df1d0e7b-c7a3-4295-b1da-25d1393ad41e","local_time":"20210221211609","is_ascension_mode":true,"campfire_choices":[{"data":"Armaments","floor":10,"key":"SMITH"},{"data":"Armaments","floor":15,"key":"SMITH"},{"data":"Corruption","floor":24,"key":"SMITH"},{"data":"Barricade","floor":29,"key":"SMITH"},{"data":"1","floor":32,"key":"LIFT"},{"floor":41,"key":"RECALL"},{"data":"2","floor":45,"key":"LIFT"},{"data":"3","floor":49,"key":"LIFT"},{"data":"Offering","floor":52,"key":"SMITH"}],"circlet_count":0,"master_deck":["Corruption+1","Armaments+1","Fiend Fire","Ghostly Armor+1","Feed","Seeing Red","Power Through","Warcry","Armaments+1","Barricade+1","Ghostly Armor","True Grit","Body Slam","Impervious","Second Wind+1","Disarm+1","Thunderclap+1","Exhume","True Grit","Flame Barrier","Ghostly Armor","Impervious","Shrug It Off","Impervious","Feed","Body Slam+1","True Grit+1","Offering+1","Body Slam+1"],"relics":["Runic Pyramid","War Paint","Question Card","Girya","FossilizedHelix","Velvet Choker","Juzu Bracelet","Red Skull","Bag of Marbles","Oddly Smooth Stone","Ancient Tea Set","Lantern","Pandora\u0027s Box","PreservedInsect","Medical Kit","Happy Flower","Ice Cream","Art of War","Bronze Scales","Toy Ornithopter"],"acts_visited":["Exordium","TheCity","TheBeyond","TheEnding"],"potions_floor_usage":[6,19,23,30,55,55,55],"damage_taken":[{"damage":3,"enemies":"Jaw Worm","floor":1,"turns":4},{"damage":1,"enemies":"Cultist","floor":3,"turns":4},{"damage":1,"enemies":"2 Louse","floor":4,"turns":3},{"damage":6,"enemies":"Large Slime","floor":5,"turns":4},{"damage":5,"enemies":"3 Sentries","floor":6,"turns":8},{"damage":22,"enemies":"Gremlin Nob","floor":8,"turns":5},{"damage":0,"enemies":"Looter","floor":12,"turns":4},{"damage":0,"enemies":"Lagavulin","floor":13,"turns":6},{"damage":0,"enemies":"2 Fungi Beasts","floor":14,"turns":4},{"damage":18,"enemies":"Hexaghost","floor":16,"turns":8},{"damage":0,"enemies":"Shell Parasite","floor":18,"turns":7},{"damage":16,"enemies":"2 Thieves","floor":19,"turns":5},{"damage":5,"enemies":"Chosen and Byrds","floor":20,"turns":8},{"damage":13,"enemies":"Centurion and Healer","floor":22,"turns":6},{"damage":7,"enemies":"Slavers","floor":23,"turns":4},{"damage":0,"enemies":"Book of Stabbing","floor":25,"turns":7},{"damage":32,"enemies":"Slavers","floor":27,"turns":5},{"damage":6,"enemies":"Gremlin Leader","floor":30,"turns":8},{"damage":0,"enemies":"Champ","floor":33,"turns":12},{"damage":0,"enemies":"3 Darklings","floor":35,"turns":8},{"damage":0,"enemies":"Orb Walker","floor":40,"turns":2},{"damage":0,"enemies":"Reptomancer","floor":44,"turns":9},{"damage":0,"enemies":"2 Orb Walkers","floor":46,"turns":5},{"damage":0,"enemies":"4 Shapes","floor":48,"turns":7},{"damage":12,"enemies":"Time Eater","floor":50,"turns":13},{"damage":6,"enemies":"Shield and Spear","floor":54,"turns":12},{"damage":2,"enemies":"The Heart","floor":55,"turns":9}],"seed_played":"-434404721074465233","potions_obtained":[{"floor":1,"key":"EssenceOfSteel"},{"floor":6,"key":"Dexterity Potion"},{"floor":8,"key":"BloodPotion"},{"floor":13,"key":"Dexterity Potion"},{"floor":16,"key":"AttackPotion"},{"floor":20,"key":"Fire Potion"},{"floor":27,"key":"BlessingOfTheForge"},{"floor":30,"key":"CultistPotion"},{"floor":33,"key":"Strength Potion"},{"floor":44,"key":"CultistPotion"},{"floor":48,"key":"LiquidMemories"}],"is_trial":false,"path_per_floor":["M","?","M","M","M","E","$","E","T","R","?","M","E","M","R","B",null,"M","M","M","T","M","E","R","E","T","E","?","R","E","?","R","B",null,"M","?","$","?","$","M","R","?","T","E","R","?","T","M","R","B",null,"R","$","E","B",null],"character_chosen":"IRONCLAD","items_purchased":["Feed","Seeing Red","Medical Kit","Bronze Scales"],"campfire_rested":0,"item_purchase_floors":[7,7,39,53],"current_hp_per_floor":[77,77,76,75,69,64,64,45,45,45,49,52,56,60,60,46,98,102,89,88,88,79,76,76,80,80,51,124,124,128,128,128,132,132,136,136,136,136,136,140,140,140,140,144,144,148,148,156,156,148,160,160,160,158,168],"gold":76,"neow_bonus":"BOSS_RELIC","is_daily":false,"chose_seed":false,"campfire_upgraded":5,"win_rate":0.0,"timestamp":1613902569,"path_taken":["M","?","M","?","M","E","$","E","T","R","?","M","E","M","R","BOSS","M","?","?","?","M","E","R","E","T","E","?","R","E","?","R","BOSS","M","?","$","?","$","M","R","?","T","E","R","?","?","M","R","BOSS","R","$","E","BOSS"],"items_purchased_type":["Card","Card","Relic","Relic"],"build_version":"2020-12-22","purchased_purges":3,"victory":true,"max_hp_per_floor":[80,80,80,80,80,80,80,83,83,83,83,86,90,94,94,98,98,102,105,109,109,113,117,117,121,121,124,124,124,128,128,128,132,132,136,136,136,136,136,140,140,140,140,144,144,148,148,156,156,160,160,160,160,164,168],"card_choices":[{"not_picked":["Heavy Blade","Rupture"],"picked":"Blood for Blood","floor":1},{"not_picked":["Flex","Inflame"],"picked":"Armaments","floor":3},{"not_picked":["Disarm","Perfected Strike"],"picked":"Fiend Fire","floor":4},{"not_picked":["Dual Wield","Perfected Strike"],"picked":"Ghostly Armor","floor":5},{"not_picked":["Headbutt","Infernal Blade"],"picked":"Whirlwind","floor":6},{"not_picked":["Armaments","Cleave","Pummel"],"picked":"SKIP","floor":8},{"not_picked":["Evolve","Dropkick","Thunderclap"],"picked":"Power Through","floor":12},{"not_picked":["Perfected Strike","Cleave","Thunderclap"],"picked":"Warcry","floor":13},{"not_picked":["Iron Wave","Havoc","Infernal Blade"],"picked":"Armaments","floor":14},{"not_picked":["Fiend Fire","Demon Form","Limit Break"],"picked":"Barricade","floor":16},{"not_picked":["Thunderclap","Searing Blow+1","Anger"],"picked":"Ghostly Armor","floor":18},{"not_picked":["Blood for Blood","Flex+1","Fire Breathing"],"picked":"True Grit","floor":19},{"not_picked":["Heavy Blade","Anger+1","Pommel Strike","Reckless Charge+1"],"picked":"SKIP","floor":20},{"not_picked":["Thunderclap+1","Clothesline","Heavy Blade"],"picked":"Body Slam","floor":22},{"not_picked":["Body Slam+1","Bloodletting","Twin Strike"],"picked":"Impervious","floor":23},{"not_picked":["Anger","Burning Pact","Sword Boomerang"],"picked":"Second Wind+1","floor":25},{"not_picked":["Havoc","True Grit","Body Slam"],"picked":"Disarm+1","floor":27},{"not_picked":["Wild Strike","Perfected Strike+1","Brutality"],"picked":"Thunderclap+1","floor":30},{"not_picked":["Immolate","Limit Break","Reaper"],"picked":"Exhume","floor":33},{"not_picked":["Searing Blow+1","Rage+1","Warcry"],"picked":"Body Slam+1","floor":35},{"not_picked":["Heavy Blade+1","Flex","Sever Soul"],"picked":"True Grit+1","floor":40},{"not_picked":["Reckless Charge+1","Wild Strike+1","Headbutt+1"],"picked":"Offering","floor":44},{"not_picked":["Sword Boomerang+1","Clothesline","Infernal Blade"],"picked":"Body Slam+1","floor":48},{"not_picked":["Headbutt+1","Combust+1","Pommel Strike","Dropkick"],"picked":"SKIP","floor":54}],"player_experience":1874878,"relics_obtained":[{"floor":6,"key":"War Paint"},{"floor":8,"key":"Question Card"},{"floor":9,"key":"Girya"},{"floor":13,"key":"FossilizedHelix"},{"floor":21,"key":"Juzu Bracelet"},{"floor":23,"key":"Red Skull"},{"floor":25,"key":"Bag of Marbles"},{"floor":26,"key":"Oddly Smooth Stone"},{"floor":27,"key":"Ancient Tea Set"},{"floor":30,"key":"Lantern"},{"floor":44,"key":"Happy Flower"},{"floor":46,"key":"Ice Cream"},{"floor":47,"key":"Art of War"},{"floor":54,"key":"Toy Ornithopter"}],"event_choices":[{"damage_healed":0,"gold_gain":0,"player_choice":"1 cards matched","damage_taken":0,"max_hp_gain":0,"max_hp_loss":0,"event_name":"Match and Keep!","floor":2,"gold_loss":0,"cards_obtained":["Corruption"]},{"damage_healed":4,"gold_gain":0,"player_choice":"LEAVE ","damage_taken":0,"relics_obtained":[],"max_hp_gain":0,"max_hp_loss":0,"event_name":"betterSkull:BetterSkull","floor":11,"gold_loss":0,"cards_upgraded":[]},{"cards_removed":["Whirlwind"],"damage_healed":73,"gold_gain":0,"player_choice":"Offered Uncommon","damage_taken":0,"max_hp_gain":0,"max_hp_loss":0,"event_name":"Bonfire Elementals","floor":28,"gold_loss":0},{"damage_healed":0,"gold_gain":0,"player_choice":"0 cards matched","damage_taken":0,"max_hp_gain":0,"max_hp_loss":0,"event_name":"Match and Keep!","floor":31,"gold_loss":0,"cards_obtained":[]},{"damage_healed":0,"gold_gain":0,"player_choice":"Gave Potion","damage_taken":0,"relics_obtained":["PreservedInsect"],"max_hp_gain":0,"max_hp_loss":0,"event_name":"WeMeetAgain","floor":36,"gold_loss":0},{"cards_removed":["Blood for Blood"],"damage_healed":0,"gold_gain":0,"player_choice":"Removed Attack","damage_taken":0,"max_hp_gain":0,"max_hp_loss":0,"event_name":"Falling","floor":38,"gold_loss":0},{"damage_healed":0,"gold_gain":0,"player_choice":"Ignored","damage_taken":0,"max_hp_gain":0,"max_hp_loss":0,"event_name":"Tomb of Lord Red Mask","floor":42,"gold_loss":0},{"damage_healed":0,"gold_gain":0,"player_choice":"Fight","damage_taken":0,"max_hp_gain":0,"max_hp_loss":0,"event_name":"Mysterious Sphere","floor":46,"gold_loss":0}],"is_beta":false,"boss_relics":[{"not_picked":["Fusion Hammer","Snecko Eye"],"picked":"Velvet Choker"},{"not_picked":["Runic Cube","SlaversCollar"],"picked":"Pandora\u0027s Box"}],"items_purged_floors":[37,39,53],"is_endless":false,"potions_floor_spawned":[1,6,8,13,16,20,27,30,33,44,48],"ascension_level":1}}