{"host":"64ub6hloe4gtkym4","time":1613908332,"event":{"mods":["AchievementEnabler","BaseMod","Colored Map","Colored Powertips","Googly Eyes","Hermit","Highlight Path","Hubris","Minty Spire (QoL Compilation)","Reliquary","Shop Mod","StSLib","The Construct","The Runesmith","The Servant 0.9.4"],"gold_per_floor":[109,109,109,126,46,46,46,46,71,88,88,108,128,142,142,147,147],"floor_reached":16,"language":"ENG","playtime":1022,"items_purged":[],"score":92,"play_id":"617560cc-d359-4f94-be2c-1e3edb3015fe","local_time":"20210221115212","is_ascension_mode":false,"campfire_choices":[{"data":"hermit:Ricochet","floor":6,"key":"SMITH"},{"data":"hermit:GoldenBullet","floor":8,"key":"SMITH"},{"data":"hermit:Feint","floor":11,"key":"SMITH"},{"floor":15,"key":"REST"}],"circlet_count":0,"master_deck":["hermit:Strike_Hermit","hermit:Strike_Hermit","hermit:Strike_Hermit","hermit:Strike_Hermit","hermit:Defend_Hermit","hermit:Defend_Hermit","hermit:Defend_Hermit","hermit:Defend_Hermit","hermit:Snapshot","hermit:Covet","hermit:Ricochet+1","hermit:BigShot","hermit:GoldenBullet+1","hermit:Feint+1","hermit:FlashPowder","hermit:TakeCover","hermit:Scavenge"],"relics":["hermit:Momento","NeowsBlessing","hubris:Icosahedron","reliquary:TatteredRug"],"acts_visited":["Exordium"],"potions_floor_usage":[14,14,16],"damage_taken":[{"damage":0,"enemies":"Small Slimes","floor":1,"turns":2},{"damage":0,"enemies":"2 Louse","floor":4,"turns":1},{"damage":0,"enemies":"Jaw Worm","floor":10,"turns":1},{"damage":2,"enemies":"Blue Slaver","floor":12,"turns":3},{"damage":7,"enemies":"2 Fungi Beasts","floor":13,"turns":4},{"damage":36,"enemies":"Gremlin Gang","floor":14,"turns":4},{"damage":52,"enemies":"Hexaghost","floor":16,"turns":14}],"seed_played":"-6736169864043669981","potions_obtained":[{"floor":10,"key":"LiquidBronze"},{"floor":12,"key":"FearPotion"},{"floor":14,"key":"ColorlessPotion"}],"is_trial":false,"path_per_floor":["M","?","?","M","$","R","?","R","T","M","R","M","M","M","R","B"],"character_chosen":"HERMIT","items_purchased":["hermit:GoldenBullet"],"campfire_rested":1,"item_purchase_floors":[5],"current_hp_per_floor":[75,75,75,75,75,75,75,75,75,75,75,73,66,30,52,0,0],"gold":147,"neow_bonus":"THREE_ENEMY_KILL","is_daily":false,"chose_seed":false,"campfire_upgraded":3,"win_rate":0.0,"timestamp":1613908332,"path_taken":["M","?","?","M","$","R","?","R","T","M","R","M","M","M","R","BOSS"],"items_purchased_type":["Card"],"build_version":"2020-12-22","purchased_purges":0,"victory":false,"max_hp_per_floor":[75,75,75,75,75,75,75,75,75,75,75,75,75,75,75,75,75],"card_choices":[{"not_picked":["hermit:CalledShot","hermit:DeadMansHand"],"picked":"hermit:Ricochet","floor":1},{"not_picked":["hermit:Manifest","hermit:Maintenance"],"picked":"hermit:BigShot","floor":4},{"not_picked":["hermit:Headshot","hermit:HoleUp"],"picked":"hermit:Feint","floor":10},{"not_picked":["hermit:DeadMansHand","hermit:Ricochet"],"picked":"hermit:FlashPowder","floor":12},{"not_picked":["hermit:Showdown","hermit:WideOpen"],"picked":"hermit:TakeCover","floor":13},{"not_picked":["hermit:Gestalt","hermit:Feint"],"picked":"hermit:Scavenge","floor":14}],"player_experience":40117,"relics_obtained":[{"floor":9,"key":"reliquary:TatteredRug"}],"event_choices":[{"damage_healed":0,"gold_gain":0,"player_choice":"Ignored","damage_taken":0,"max_hp_gain":0,"max_hp_loss":0,"event_name":"Shining Light","floor":2,"gold_loss":0},{"damage_healed":0,"gold_gain":0,"player_choice":"Leave","damage_taken":0,"max_hp_gain":0,"max_hp_loss":0,"event_name":"The Cleric","floor":3,"gold_loss":0}],"is_beta":false,"boss_relics":[],"items_purged_floors":[],"is_endless":false,"potions_floor_spawned":[10,12,14],"killed_by":"Hexaghost","ascension_level":0}}