{"host":"8akdrwfmzu5ai7mr","time":1613931585,"event":{"mods":["BaseMod","Colored Powertips","Decade(Õı–°√˜)","Downfall","Marisa£®ÏF”Í°°ƒß¿Ì…≥£©","Minty Spire (QoL Compilation)","Quick Restart","Reimu£®≤©¿ˆ¡È√Œ£©","Replay The Spire","StSLib","The Administrix","The Runesmith","The Servant 0.9.4","°æ“≈ŒÔø®≈∆°øREMEMod"],"gold_per_floor":[120,144,158,170,189,189,224,224,304,304,373,40,40,59,59,158,158,158,158],"floor_reached":18,"language":"ZHS","playtime":1587,"items_purged":[],"score":162,"play_id":"9fc814b3-982d-44dd-b58b-e7a536b7fc96","local_time":"20210222021945","is_ascension_mode":false,"campfire_choices":[{"data":"AdministrixMod:ImmortalGrace","floor":6,"key":"SMITH"},{"data":"AdministrixMod:SyncreticSurge","floor":10,"key":"SMITH"},{"data":"AdministrixMod:FiendishCrimson","floor":13,"key":"SMITH"},{"data":"AdministrixMod:SealAway","floor":15,"key":"SMITH"}],"circlet_count":0,"master_deck":["AdministrixMod:Strike_Administrix","AdministrixMod:Strike_Administrix","AdministrixMod:Strike_Administrix","AdministrixMod:Strike_Administrix","AdministrixMod:RedCloak","AdministrixMod:Defend_Administrix","AdministrixMod:Defend_Administrix","AdministrixMod:Defend_Administrix","AdministrixMod:Defend_Administrix","AdministrixMod:BlueCloak","Searing Blow","AdministrixMod:RisingSunPrince","AdministrixMod:CenturiesAscent","AdministrixMod:ImmortalGrace+1","AdministrixMod:SyncreticSurge+1","AdministrixMod:CenturiesAscent","AdministrixMod:SealAway+1","AdministrixMod:FiendishCrimson+1","AdministrixMod:FalseDeath","AdministrixMod:WifeLightning"],"relics":["AdministrixMod:ConductorRitualBaton","REME_ComplimentaryCards","NeowsBlessing","RuthlessExorcism:ReiMu","Centennial Puzzle","SsserpentHead","Question Card","TheAbacus","Lantern","Ectoplasm"],"acts_visited":["Exordium","TheCity"],"potions_floor_usage":[7,16],"damage_taken":[{"damage":0,"enemies":"Cultist","floor":1,"turns":1},{"damage":0,"enemies":"2 Louse","floor":3,"turns":1},{"damage":0,"enemies":"Small Slimes","floor":4,"turns":1},{"damage":0,"enemies":"Gremlin Gang","floor":5,"turns":3},{"damage":18,"enemies":"Replay:BlueRogue","floor":7,"turns":5},{"damage":0,"enemies":"2 Fungi Beasts","floor":11,"turns":2},{"damage":0,"enemies":"Blue Slaver","floor":14,"turns":2},{"damage":51,"enemies":"The Guardian","floor":16,"turns":10},{"damage":0,"enemies":"3 Byrds","floor":18,"turns":1}],"seed_played":"-2927911642298922432","potions_obtained":[{"floor":1,"key":"Dexterity Potion"},{"floor":3,"key":"FearPotion"},{"floor":5,"key":"DistilledChaos"},{"floor":7,"key":"Energy Potion"}],"is_trial":false,"path_per_floor":["M","T","M","M","M","R","E","?","T","R","M","$","R","M","R","B",null,"M"],"character_chosen":"TheAdministrix","items_purchased":["TheAbacus","Lantern","AdministrixMod:FiendishCrimson"],"campfire_rested":0,"item_purchase_floors":[12,12,12],"current_hp_per_floor":[65,65,65,65,65,65,47,47,47,47,47,47,47,54,54,10,65,65,65],"gold":158,"neow_bonus":"THREE_ENEMY_KILL","is_daily":false,"chose_seed":false,"campfire_upgraded":4,"win_rate":0.0,"timestamp":1613931585,"path_taken":["M","?","M","M","M","R","E","?","T","R","?","$","R","M","R","BOSS","M"],"items_purchased_type":["Relic","Relic","Card"],"build_version":"2020-12-22","purchased_purges":0,"victory":false,"max_hp_per_floor":[65,65,65,65,65,65,65,65,65,65,65,65,65,65,65,65,65,65,65],"card_choices":[{"not_picked":["AdministrixMod:ShadowPlay","AdministrixMod:HiddenPower"],"picked":"AdministrixMod:RisingSunPrince","floor":1},{"not_picked":["AdministrixMod:SealAway","AdministrixMod:BloodBargain"],"picked":"AdministrixMod:CenturiesAscent","floor":3},{"not_picked":["AdministrixMod:NoblePath","AdministrixMod:DiversionaryTactic"],"picked":"AdministrixMod:ImmortalGrace","floor":4},{"not_picked":["AdministrixMod:Katabasis","AdministrixMod:FuneraryRites"],"picked":"AdministrixMod:SyncreticSurge","floor":5},{"not_picked":["AdministrixMod:ReachToHeaven","AdministrixMod:TrickOfTheLight"],"picked":"AdministrixMod:CenturiesAscent","floor":7},{"not_picked":["AdministrixMod:DiversionaryTactic","AdministrixMod:WickedPunishment","AdministrixMod:Transition"],"picked":"AdministrixMod:SealAway","floor":11},{"not_picked":["AdministrixMod:CrackingPangu","AdministrixMod:CastOffRegrets","AdministrixMod:SealAway"],"picked":"AdministrixMod:FalseDeath","floor":14},{"not_picked":["AdministrixMod:Schism","AdministrixMod:TenDesires","AdministrixMod:LifeforceNet"],"picked":"AdministrixMod:WifeLightning","floor":16}],"player_experience":113879,"relics_obtained":[{"floor":2,"key":"RuthlessExorcism:ReiMu"},{"floor":7,"key":"Centennial Puzzle"},{"floor":9,"key":"Question Card"}],"event_choices":[{"damage_healed":0,"gold_gain":0,"player_choice":"Trade","damage_taken":0,"relics_obtained":["SsserpentHead"],"max_hp_gain":0,"max_hp_loss":0,"event_name":"FaceTrader","floor":8,"gold_loss":0}],"is_beta":false,"boss_relics":[{"not_picked":["Cursed Key","ReplayTheSpireMod:DimensionalGlitch"],"picked":"Ectoplasm"}],"items_purged_floors":[],"is_endless":false,"potions_floor_spawned":[1,3,5,7],"killed_by":"3 Byrds","ascension_level":0}}