{"host":"lnfs5t5iydkm2lft","time":1613886335,"event":{"mods":["AchievementEnabler","Aspiration","BaseMod","Better Third Choice","BetterRewards","Colored Powertips","Downfall","Hermit","Hubris","Infinite Spire","Marisa????????","Minty Spire (QoL Compilation)","Quick Restart","Reliquary","Replay The Spire","StSLib","The Runesmith","TheBandit","everything is the same but u backflip on backflip"],"gold_per_floor":[113,113,131,131,143,143,175,233,258,304,304,323,354,354,354,456,456,474,474,489,69,87,118,118,118,118],"floor_reached":25,"language":"ENG","playtime":937,"items_purged":["Strike_P"],"score":240,"play_id":"9ecdbeb9-04c3-41e4-aa6c-fcca742e2d9b","local_time":"20210220234535","is_ascension_mode":true,"campfire_choices":[{"data":"Vigilance","floor":6,"key":"SMITH"},{"floor":15,"key":"REST"},{"floor":24,"key":"REST"}],"circlet_count":0,"master_deck":["Strike_P","Strike_P","Strike_P","Defend_P","Defend_P","Defend_P","Defend_P","Eruption+1","Vigilance+1","Replay:BluntJabs+1","TalkToTheHand+1","DeusExMachina+1","CrushJoints+1","EmptyBody+1","Chrysalis","Replay:DivineShield+1"],"relics":["PureWater","NeowsBlessing","Regal Pillow","Replay:Kaleidoscope","Bronze Scales","Pantograph","reliquary:ThirdArm","Guide Book","reliquary:RosewoodLute"],"acts_visited":["Exordium","TheCity"],"potions_floor_usage":[7,13,13,16,16,16,23],"damage_taken":[{"damage":0,"enemies":"2 Louse","floor":1,"turns":1},{"damage":0,"enemies":"Small Slimes","floor":3,"turns":1},{"damage":0,"enemies":"Cultist","floor":5,"turns":2},{"damage":28,"enemies":"Gremlin Nob","floor":7,"turns":3},{"damage":24,"enemies":"Gremlin Nob","floor":8,"turns":3},{"damage":0,"enemies":"Looter","floor":12,"turns":2},{"damage":7,"enemies":"Lagavulin","floor":13,"turns":4},{"damage":37,"enemies":"Slime Boss","floor":16,"turns":13},{"damage":29,"enemies":"Shell Parasite","floor":18,"turns":7},{"damage":10,"enemies":"3 Byrds","floor":20,"turns":3},{"damage":10,"enemies":"Centurion and Healer","floor":22,"turns":9},{"damage":36,"enemies":"Replay:Snechameleon","floor":23,"turns":6},{"damage":64,"enemies":"Slavers","floor":25,"turns":4}],"seed_played":"-4957080284810914201","potions_obtained":[{"floor":1,"key":"LiquidMemories"},{"floor":5,"key":"Elixir"},{"floor":11,"key":"LiquidMemories"},{"floor":11,"key":"Block Potion"},{"floor":11,"key":"Venom Potion"},{"floor":13,"key":"Adrenaline Potion"},{"floor":18,"key":"Block Potion"}],"is_trial":false,"path_per_floor":["M","?","M","?","M","R","E","?","T","T","?","M","E","?","R","B",null,"M","?","M","$","M","E","R","E"],"character_chosen":"WATCHER","items_purchased":["Guide Book","Chrysalis"],"campfire_rested":2,"item_purchase_floors":[21,21],"current_hp_per_floor":[72,72,72,72,72,72,44,20,20,20,20,20,13,13,49,35,72,43,67,57,57,47,11,47,0,0],"gold":118,"neow_bonus":"THREE_ENEMY_KILL","is_daily":false,"chose_seed":false,"campfire_upgraded":1,"win_rate":0.0,"timestamp":1613886335,"path_taken":["M","?","M","?","M","R","E","?","T","?","?","?","E","?","R","BOSS","M","?","M","$","?","E","R","E"],"items_purchased_type":["Relic","Card"],"build_version":"2020-12-22","purchased_purges":1,"victory":false,"max_hp_per_floor":[72,72,72,72,72,72,72,72,72,72,72,72,72,72,72,72,72,72,72,72,72,72,72,72,72,72],"card_choices":[{"not_picked":["FollowUp","Crescendo"],"picked":"Replay:BluntJabs","floor":1},{"not_picked":["Pray","JustLucky","BattleHymn"],"picked":"SKIP","floor":3},{"not_picked":["FlyingSleeves","Fasting2","SashWhip"],"picked":"SKIP","floor":5},{"not_picked":["BattleHymn","Brilliance"],"picked":"TalkToTheHand","floor":7},{"not_picked":["Replay:Cycle","ThirdEye","Study"],"picked":"SKIP","floor":12},{"not_picked":["EmptyMind","Weave","Crescendo"],"picked":"SKIP","floor":13},{"not_picked":["SpiritShield","Establishment"],"picked":"DeusExMachina","floor":16},{"not_picked":["FlurryOfBlows+1","Replay:Hum+1"],"picked":"CrushJoints+1","floor":18},{"not_picked":["PathToVictory","FlyingSleeves+1"],"picked":"EmptyBody+1","floor":20},{"not_picked":["PathToVictory","CrushJoints","Adaptation"],"picked":"SKIP","floor":22},{"not_picked":["Adaptation","FearNoEvil"],"picked":"Replay:DivineShield+1","floor":23}],"player_experience":406730,"relics_obtained":[{"floor":7,"key":"Regal Pillow"},{"floor":10,"key":"Bronze Scales"},{"floor":13,"key":"Pantograph"},{"floor":23,"key":"reliquary:RosewoodLute"}],"event_choices":[{"damage_healed":0,"gold_gain":0,"player_choice":"Grow","damage_taken":0,"max_hp_gain":0,"max_hp_loss":0,"event_name":"Living Wall","floor":2,"gold_loss":0,"cards_upgraded":["Eruption"]},{"damage_healed":0,"gold_gain":0,"player_choice":"Searched \u00272\u0027 times","damage_taken":0,"relics_obtained":["Replay:Kaleidoscope"],"max_hp_gain":0,"max_hp_loss":0,"event_name":"Dead Adventurer","floor":8,"gold_loss":0},{"damage_healed":0,"gold_gain":0,"player_choice":"Got Potions","damage_taken":0,"max_hp_gain":0,"max_hp_loss":0,"event_name":"Lab","floor":11,"gold_loss":0},{"damage_healed":13,"gold_gain":0,"player_choice":"Leave","damage_taken":0,"max_hp_gain":0,"max_hp_loss":72,"event_name":"betterThird:BetterShining","floor":14,"gold_loss":0},{"damage_healed":24,"gold_gain":0,"player_choice":"Heal","damage_taken":0,"max_hp_gain":0,"max_hp_loss":0,"event_name":"The Library","floor":19,"gold_loss":0}],"is_beta":false,"boss_relics":[{"not_picked":["reliquary:Ember","aspiration:RunicSpoon"],"picked":"reliquary:ThirdArm"}],"items_purged_floors":[21],"is_endless":false,"potions_floor_spawned":[1,5,13,18],"killed_by":"Slavers","ascension_level":1}}