{"host":"2c84cb4cp1emursg","time":1613928288,"event":{"mods":["Act Like it!","BaseMod","Better Third Choice","Bossed Relics","Downfall","Hermit","Mimic Mod","Minty Spire (QoL Compilation)","Permanent Neow","Shapeshifter Mod","StSLib"],"gold_per_floor":[114,114,126,141,141,141,175,198,198,223,223,223,236,270,270,270,270],"floor_reached":16,"language":"ENG","playtime":816,"items_purged":[],"score":133,"play_id":"4053c32f-eb57-4410-ae03-ec8ed6cae7fd","local_time":"20210221102448","is_ascension_mode":false,"campfire_choices":[{"data":"StSShapeShifter:Flourish","floor":6,"key":"SMITH"},{"data":"StSShapeShifter:Lynx_Form","floor":11,"key":"SMITH"},{"data":"StSShapeShifter:WolfForm","floor":15,"key":"SMITH"}],"circlet_count":0,"master_deck":["StSShapeShifter:ShapeShifter_Strike","StSShapeShifter:ShapeShifter_Strike","StSShapeShifter:ShapeShifter_Strike","StSShapeShifter:ShapeShifter_Strike","StSShapeShifter:ShapeShifter_Defend","StSShapeShifter:ShapeShifter_Defend","StSShapeShifter:ShapeShifter_Defend","StSShapeShifter:ShapeShifter_Defend+1","StSShapeShifter:ShapeShifter_Defend","StSShapeShifter:Tortoise_Form","StSShapeShifter:Lynx_Form+1","Dramatic Entrance","StSShapeShifter:Flourish+1","StSShapeShifter:PoisonIvy+1","StSShapeShifter:Maul","StSShapeShifter:Rest","StSShapeShifter:BulwarkOfDiscovery","StSShapeShifter:WolfForm+1","StSShapeShifter:FruitBasket"],"relics":["StSShapeShifter:AnimalHeart","StSShapeShifter:TheShapeShiftersMagnolia","War Paint","Potion Belt","Vajra","Odd Mushroom","Bottled Lightning","PreservedInsect","Toy Ornithopter"],"acts_visited":["Exordium"],"potions_floor_usage":[7,16],"damage_taken":[{"damage":1,"enemies":"Jaw Worm","floor":1,"turns":3},{"damage":6,"enemies":"Cultist","floor":3,"turns":3},{"damage":0,"enemies":"2 Louse","floor":4,"turns":1},{"damage":2,"enemies":"Gremlin Nob","floor":7,"turns":3},{"damage":0,"enemies":"The Mushroom Lair","floor":8,"turns":3},{"damage":0,"enemies":"Looter","floor":13,"turns":1},{"damage":0,"enemies":"3 Sentries","floor":14,"turns":3},{"damage":59,"enemies":"Hexaghost","floor":16,"turns":12}],"seed_played":"-7437176739718661680","potions_obtained":[{"floor":1,"key":"Energy Potion"},{"floor":3,"key":"Fire Potion"}],"is_trial":false,"path_per_floor":["M","?","M","M","?","R","E","?","T","T","R","?","M","E","R","B"],"character_chosen":"SHAPESHIFTER","items_purchased":[],"campfire_rested":0,"item_purchase_floors":[],"current_hp_per_floor":[77,77,71,71,48,48,46,46,46,46,46,39,39,39,39,0,0],"gold":270,"neow_bonus":"RANDOM_COLORLESS","is_daily":false,"chose_seed":false,"campfire_upgraded":3,"win_rate":0.0,"timestamp":1613928288,"path_taken":["M","?","M","?","?","R","E","?","T","?","R","?","M","E","R","BOSS"],"items_purchased_type":[],"build_version":"2020-12-22","purchased_purges":0,"victory":false,"max_hp_per_floor":[78,78,78,78,78,78,78,78,78,78,78,78,78,78,78,78,78],"card_choices":[{"not_picked":["Deep Breath","Forethought"],"picked":"Dramatic Entrance","floor":0},{"not_picked":["StSShapeShifter:SquirrelForm","StSShapeShifter:HummingbirdForm"],"picked":"StSShapeShifter:Flourish","floor":1},{"not_picked":["StSShapeShifter:RatForm","StSShapeShifter:FlowerShield"],"picked":"StSShapeShifter:PoisonIvy","floor":3},{"not_picked":["StSShapeShifter:RatForm","StSShapeShifter:FallingLeaves"],"picked":"StSShapeShifter:Maul","floor":4},{"not_picked":["StSShapeShifter:MonkeyForm","StSShapeShifter:VineHandcuffs"],"picked":"StSShapeShifter:Rest","floor":7},{"not_picked":["StSShapeShifter:ThrashAbout","StSShapeShifter:SunflowerShuriken"],"picked":"StSShapeShifter:BulwarkOfDiscovery","floor":8},{"not_picked":["StSShapeShifter:SquirrelForm","StSShapeShifter:RockSlide"],"picked":"StSShapeShifter:WolfForm","floor":13},{"not_picked":["StSShapeShifter:TopazSkin","StSShapeShifter:BearForm"],"picked":"StSShapeShifter:FruitBasket","floor":14}],"player_experience":683771,"relics_obtained":[{"floor":7,"key":"Vajra"},{"floor":8,"key":"Odd Mushroom"},{"floor":9,"key":"Bottled Lightning"},{"floor":10,"key":"PreservedInsect"},{"floor":14,"key":"Toy Ornithopter"}],"event_choices":[{"damage_healed":0,"gold_gain":0,"player_choice":"Ignored","damage_taken":0,"max_hp_gain":0,"max_hp_loss":0,"event_name":"NoteForYourself","floor":2,"gold_loss":0},{"damage_healed":0,"gold_gain":1,"player_choice":"Relic Relic ","damage_taken":23,"max_hp_gain":0,"max_hp_loss":0,"event_name":"betterThird:BetterScrap","floor":5,"gold_loss":0,"cards_obtained":["Grand Finale"]},{"damage_healed":0,"gold_gain":0,"player_choice":"Fought Mushrooms","damage_taken":0,"max_hp_gain":0,"max_hp_loss":0,"event_name":"Mushrooms","floor":8,"gold_loss":0},{"cards_removed":["StSShapeShifter:ShapeShifter_Strike"],"damage_healed":0,"gold_gain":0,"player_choice":"Card Removal","damage_taken":7,"max_hp_gain":0,"max_hp_loss":0,"event_name":"Golden Wing","floor":12,"gold_loss":0}],"is_beta":false,"boss_relics":[],"items_purged_floors":[],"is_endless":false,"potions_floor_spawned":[1,3],"killed_by":"Hexaghost","ascension_level":0}}