{"host":"qp7xs8nuzfsyommi","time":1613949250,"event":{"mods":["2.2 Compatiblity","BaseMod","Colored Powertips","DeckTracker","Highlight Path","Minty Spire (QoL Compilation)","Permanent Neow","Quick Restart","StSLib","Weighted Paths"],"gold_per_floor":[113,125,203,203,215,215,215,49,127,127,157,170,184,195,195,273,273,244,263,75,90,90,90,106,156,180,180,180,180],"floor_reached":28,"language":"ENG","playtime":1440,"items_purged":[],"score":440,"play_id":"4f41335f-1572-496a-a8aa-fbd5ddd4ddd0","local_time":"20210221181410","is_ascension_mode":true,"campfire_choices":[{"data":"Fission","floor":6,"key":"SMITH"},{"data":"Conserve Battery","floor":10,"key":"SMITH"},{"data":"Self Repair","floor":15,"key":"SMITH"},{"floor":23,"key":"RECALL"},{"floor":27,"key":"REST"}],"circlet_count":0,"master_deck":["AscendersBane","Zap","Dualcast","Conserve Battery","Consume+1","Fission+1","Doom and Gloom","Gash","Reprogram","Rip and Tear","Skim","Conserve Battery+1","White Noise","Auto Shields","Glacier","Compile Driver","Self Repair+1","Chill","Creative AI","Defragment","Turbo+1","Fission+1","Hologram","Self Repair+1"],"relics":["Pandora\u0027s Box","Bag of Preparation","Strange Spoon","Symbiotic Virus","Bottled Lightning","Black Star","DollysMirror"],"acts_visited":["Exordium","TheCity"],"potions_floor_usage":[11,16,16,24],"damage_taken":[{"damage":5,"enemies":"Jaw Worm","floor":1,"turns":3},{"damage":0,"enemies":"Small Slimes","floor":2,"turns":2},{"damage":0,"enemies":"Cultist","floor":5,"turns":4},{"damage":12,"enemies":"3 Sentries","floor":11,"turns":5},{"damage":6,"enemies":"Large Slime","floor":12,"turns":4},{"damage":0,"enemies":"Red Slaver","floor":13,"turns":3},{"damage":13,"enemies":"Lots of Slimes","floor":14,"turns":3},{"damage":17,"enemies":"Slime Boss","floor":16,"turns":12},{"damage":5,"enemies":"2 Thieves","floor":18,"turns":4},{"damage":9,"enemies":"3 Byrds","floor":19,"turns":5},{"damage":27,"enemies":"3 Cultists","floor":21,"turns":5},{"damage":31,"enemies":"Snake Plant","floor":24,"turns":7},{"damage":64,"enemies":"Book of Stabbing","floor":28,"turns":7}],"seed_played":"-6337637401504963665","potions_obtained":[{"floor":5,"key":"LiquidMemories"},{"floor":12,"key":"SkillPotion"},{"floor":13,"key":"ColorlessPotion"},{"floor":21,"key":"SkillPotion"},{"floor":24,"key":"CultistPotion"}],"is_trial":false,"path_per_floor":["M","M","?","?","M","R","?","$","T","R","E","M","M","M","R","B",null,"M","M","$","M","?","R","M","?","T","R","E"],"character_chosen":"DEFECT","items_purchased":["Strange Spoon","DollysMirror","Hologram"],"campfire_rested":1,"item_purchase_floors":[8,20,20],"current_hp_per_floor":[59,59,59,59,59,59,59,59,59,59,47,41,41,35,35,28,60,71,71,71,54,54,54,43,43,43,64,0,0],"gold":180,"neow_bonus":"BOSS_RELIC","is_daily":false,"chose_seed":false,"campfire_upgraded":3,"win_rate":0.0,"timestamp":1613949250,"path_taken":["M","M","?","?","?","R","?","$","T","R","E","?","M","M","R","BOSS","M","M","$","M","?","R","?","?","T","R","E"],"items_purchased_type":["Relic","Relic","Card"],"build_version":"2020-12-22","purchased_purges":0,"victory":false,"max_hp_per_floor":[71,71,71,71,71,71,71,71,71,71,71,71,71,71,71,71,71,71,71,71,71,71,71,71,71,71,71,71,71],"card_choices":[{"not_picked":["Steam","Double Energy"],"picked":"Conserve Battery","floor":1},{"not_picked":["Static Discharge","Ball Lightning"],"picked":"White Noise","floor":2},{"not_picked":["Scrape","Tempest"],"picked":"Auto Shields","floor":5},{"not_picked":["Fission","Capacitor"],"picked":"Glacier","floor":11},{"not_picked":["Cold Snap","Stack"],"picked":"Compile Driver","floor":12},{"not_picked":["White Noise","Turbo"],"picked":"Self Repair","floor":13},{"not_picked":["Beam Cell","Go for the Eyes"],"picked":"Chill","floor":14},{"not_picked":["Amplify","Thunder Strike"],"picked":"Creative AI","floor":16},{"not_picked":["Scrape","Rip and Tear+1"],"picked":"Defragment","floor":18},{"not_picked":["Double Energy","Rebound"],"picked":"Turbo+1","floor":19},{"not_picked":["Reinforced Body","Barrage+1","Double Energy"],"picked":"SKIP","floor":21},{"not_picked":["Coolheaded","Compile Driver","Redo"],"picked":"SKIP","floor":24}],"player_experience":1468943,"relics_obtained":[{"floor":4,"key":"Bag of Preparation"},{"floor":9,"key":"Symbiotic Virus"},{"floor":11,"key":"Bottled Lightning"}],"event_choices":[{"damage_healed":0,"gold_gain":78,"player_choice":"Gained Gold","damage_taken":0,"max_hp_gain":0,"max_hp_loss":0,"event_name":"Golden Wing","floor":3,"gold_loss":0},{"damage_healed":0,"gold_gain":0,"player_choice":"Relic","damage_taken":0,"max_hp_gain":0,"max_hp_loss":0,"event_name":"Wheel of Change","floor":4,"gold_loss":0},{"damage_healed":0,"gold_gain":0,"player_choice":"Upgraded","damage_taken":0,"max_hp_gain":0,"max_hp_loss":0,"event_name":"Upgrade Shrine","floor":7,"gold_loss":0,"cards_upgraded":["Consume"]},{"damage_healed":0,"gold_gain":0,"player_choice":"Copied","damage_taken":0,"max_hp_gain":0,"max_hp_loss":0,"event_name":"Duplicator","floor":22,"gold_loss":0,"cards_obtained":["Self Repair"]},{"damage_healed":0,"gold_gain":50,"player_choice":"Pray","damage_taken":0,"max_hp_gain":0,"max_hp_loss":0,"event_name":"Golden Shrine","floor":25,"gold_loss":0}],"is_beta":false,"boss_relics":[{"not_picked":["Runic Dome","Velvet Choker"],"picked":"Black Star"}],"items_purged_floors":[],"is_endless":false,"potions_floor_spawned":[5,12,13,21,24],"killed_by":"Book of Stabbing","ascension_level":20}}