{"host":"arn2jcql7xd3a3xg","time":1613897459,"event":{"mods":["AchievementEnabler","Act Like it!","AlwaysNeverKeys","BaseMod","Better Third Choice","Colored Map","Colored Powertips","Downfall","GifTheSpireLib","Highlight Path","Infinite Spire","Minty Spire (QoL Compilation)","Permanent Neow","Quick Restart","Rare Cards Sparkle","Replay The Spire","Ruina","StSLib","SuperFastMode"],"gold_per_floor":[99,114,129,144,144,144,144,174,189,204,234,234,234,272,291,416,416,316,335,354,354,354,392,467,505,505,505,543,562,562,562,581,706,706,506,525,544,563,419,438,438,457,495,514,514,552,571,609,609,609,609,647,96,96,96,96],"floor_reached":57,"language":"ENG","playtime":3012,"items_purged":[],"score":1576,"play_id":"66bdb437-7a26-4089-9a90-1acbb48bd094","local_time":"20210221005059","daily_mods":["Heirloom","Hoarder","Elite Swarm"],"is_ascension_mode":false,"campfire_choices":[{"data":"champ:Taunt","floor":1.0,"key":"SMITH"},{"data":"champ:StanceDance","floor":6.0,"key":"SMITH"},{"data":"champ:Improvising","floor":18.0,"key":"SMITH"},{"data":"champ:Improvising","floor":27.0,"key":"SMITH"},{"data":"champ:Improvising","floor":35.0,"key":"SMITH"},{"floor":54.0,"key":"REST"}],"circlet_count":0,"master_deck":["champ:Strike","champ:Strike","champ:Strike","champ:Strike","champ:Defend","champ:Defend","champ:Defend","champ:Defend","champ:Execute","champ:Taunt+1","champ:StanceDance","champ:StanceDance","champ:StanceDance+1","champ:TornadoPunch","champ:TornadoPunch","champ:TornadoPunch","champ:Lariat","champ:Lariat","champ:Lariat","champ:EnGarde+1","champ:EnGarde","champ:EnGarde","champ:BringItOn","champ:BringItOn","champ:BringItOn","champ:TripleStrike","champ:TripleStrike","champ:TripleStrike","champ:VampiricStrike","champ:VampiricStrike","champ:VampiricStrike","champ:Improvising+1","champ:Improvising+1","champ:Improvising+1","AbeCurse","AbeCurse","AbeCurse","champ:RapidStrikes","champ:RapidStrikes","champ:RapidStrikes","champ:StrikeOfGenius","champ:StrikeOfGenius","champ:StrikeOfGenius","champ:StrikeOfGenius","champ:StrikeOfGenius","champ:StrikeOfGenius","champ:HoldFirm","champ:HoldFirm","champ:HoldFirm","champ:Circumvent","champ:Circumvent","champ:Circumvent","champ:DefensiveShout+1","champ:DefensiveShout+1","champ:DefensiveShout+1","champ:DefensiveStyle+1","champ:DefensiveStyle+1","champ:DefensiveStyle+1","champ:DefensiveStyle","champ:DefensiveStyle","champ:DefensiveStyle","champ:TornadoPunch","champ:TornadoPunch","champ:TornadoPunch","champ:ShieldWall","champ:ShieldWall","champ:ShieldWall","champ:ShieldThrow","champ:ShieldThrow","champ:ShieldThrow","champ:EnGarde","champ:EnGarde","champ:EnGarde+1","champ:HoldFirm","champ:HoldFirm","champ:HoldFirm","champ:IgnorePain","champ:IgnorePain","champ:IgnorePain","expansioncontent:Chronoboost","expansioncontent:Chronoboost","expansioncontent:Chronoboost","expansioncontent:DashGenerateEvil","expansioncontent:DashGenerateEvil","expansioncontent:DashGenerateEvil"],"relics":["champ:ChampionCrown","Torii","StrikeDummy","StoneCalendar","sneckomod:BlankCard","Golden Idol","Blue Candle","Turnip","Abe\u0027s Treasure","downfall:HeartBlessingGreen","ruina:PrescriptsGrace","infinitespire:Broken Mirror","Pantograph","infinitespire:Beetle Shell","Meat on the Bone","sneckomod:SneckoTalon","downfall:HeartBlessingRed","downfall:HeartBlessingBlue","Ornamental Fan","White Beast Statue","Lizard Tail","Garlic","War Paint"],"acts_visited":["Exordium","Exordium","TheBeyond","TheEnding"],"potions_floor_usage":[56,56],"damage_taken":[{"damage":11.0,"enemies":"Small Slimes","floor":2.0,"turns":3.0},{"damage":1.0,"enemies":"2 Louse","floor":3.0,"turns":3.0},{"damage":18.0,"enemies":"infinitespire:Voidling","floor":4.0,"turns":4.0},{"damage":22.0,"enemies":"Gremlin Nob","floor":8.0,"turns":5.0},{"damage":1.0,"enemies":"3 Louse","floor":9.0,"turns":3.0},{"damage":10.0,"enemies":"Gremlin Gang","floor":10.0,"turns":4.0},{"damage":2.0,"enemies":"Lagavulin","floor":11.0,"turns":7.0},{"damage":0.0,"enemies":"Gremlin Nob","floor":14.0,"turns":2.0},{"damage":0.0,"enemies":"downfall:LooterAlt","floor":15.0,"turns":1.0},{"damage":30.0,"enemies":"IC_STATUS_ARCHETYPE","floor":16.0,"turns":6.0},{"damage":0.0,"enemies":"ruina:2_Scarecrows","floor":19.0,"turns":2.0},{"damage":1.0,"enemies":"ruina:Nosferatu","floor":20.0,"turns":4.0},{"damage":21.0,"enemies":"ruina:Mountain","floor":23.0,"turns":5.0},{"damage":2.0,"enemies":"ruina:RoadHome","floor":25.0,"turns":3.0},{"damage":17.0,"enemies":"ruina:ServantOfWrath","floor":28.0,"turns":4.0},{"damage":0.0,"enemies":"ruina:KnightOfDespair","floor":29.0,"turns":3.0},{"damage":0.0,"enemies":"ruina:Woodsman","floor":32.0,"turns":2.0},{"damage":1.0,"enemies":"SI_MIRROR_ARCHETYPE","floor":33.0,"turns":8.0},{"damage":12.0,"enemies":"3 Shapes","floor":36.0,"turns":2.0},{"damage":0.0,"enemies":"Orb Walker","floor":37.0,"turns":2.0},{"damage":8.0,"enemies":"Transient","floor":38.0,"turns":5.0},{"damage":35.0,"enemies":"downfall:FleeingMerchant","floor":39.0,"turns":4.0},{"damage":1.0,"enemies":"Writhing Mass","floor":40.0,"turns":3.0},{"damage":10.0,"enemies":"Sphere and 2 Shapes","floor":42.0,"turns":4.0},{"damage":1.0,"enemies":"Reptomancer","floor":43.0,"turns":5.0},{"damage":7.0,"enemies":"Maw","floor":44.0,"turns":7.0},{"damage":7.0,"enemies":"Nightmare","floor":46.0,"turns":7.0},{"damage":0.0,"enemies":"4 Shapes","floor":47.0,"turns":2.0},{"damage":0.0,"enemies":"Giant Head","floor":48.0,"turns":5.0},{"damage":1.0,"enemies":"Spire Growth","floor":49.0,"turns":4.0},{"damage":46.0,"enemies":"DF_ARCHETYPE_ORBS","floor":50.0,"turns":9.0},{"damage":47.0,"enemies":"downfall:CharBossMerchant","floor":52.0,"turns":7.0},{"damage":47.0,"enemies":"downfall:NeowBoss","floor":55.0,"turns":14.0},{"damage":102,"enemies":"downfall:NeowBossFinal","floor":56,"turns":8}],"seed_played":"-7397021786818157212","potions_obtained":[{"floor":8.0,"key":"PowerPotion"},{"floor":9.0,"key":"Toxic Potion"},{"floor":10.0,"key":"PowerPotion"},{"floor":25.0,"key":"AttackPotion"},{"floor":29.0,"key":"Cursed Concoction"},{"floor":52.0,"key":"hexamod:SoulburnPotion"}],"is_trial":false,"path_per_floor":["R","M","M","M","?","R","T","E","M","M","E","?","?","E","M","B",null,"R","M","M","?","?","E","T","E","AVR","R","E","M","?","?","M","B",null,"R","M","M","M","$","M","T","M","E","M","?","NM","M","E","M","B",null,"E","$","R","B","B",null],"character_chosen":"THE_CHAMP","items_purchased":["champ:DefensiveStyle","champ:TornadoPunch","champ:IgnorePain","expansioncontent:Chronoboost","War Paint","expansioncontent:DashGenerateEvil"],"campfire_rested":1,"item_purchase_floors":[39,39,53,53,53,53],"current_hp_per_floor":[90,89,88,80,80,80,80,58,57,57,55,55,50,50,50,30,83,83,83,82,90,90,79,79,77,77,77,60,60,60,49,49,73,91,101,89,89,81,93,92,92,92,91,84,84,77,77,77,76,55,101,54,54,84,54,44],"gold":96,"neow_bonus":"","is_daily":true,"chose_seed":false,"campfire_upgraded":5,"win_rate":0.0,"timestamp":1613897459,"path_taken":["R","M","M","M","?","R","T","E","M","M","E","?","?","E","M","BOSS","R","M","M","?","?","E","T","E","AVR","R","E","M","?","?","M","BOSS","R","M","M","M","$","M","T","M","E","?","?","NM","M","E","M","BOSS","E","$","R","BOSS","BOSS"],"items_purchased_type":["Card","Card","Card","Card","Relic","Card"],"build_version":"2020-12-22","purchased_purges":0,"victory":true,"max_hp_per_floor":[90,90,90,90,90,90,90,90,90,90,90,83,83,83,83,83,83,83,83,83,91,91,91,91,91,91,91,91,91,91,91,91,91,91,101,101,101,101,101,101,101,101,101,101,101,101,101,101,101,101,101,101,101,101,101,101],"card_choices":[{"not_picked":["champ:GutPunch","champ:Haymaker"],"picked":"champ:StanceDance","floor":2.0},{"not_picked":["champ:EnchantCrown","champ:Endure"],"picked":"champ:TornadoPunch","floor":3.0},{"not_picked":["champ:BringItOn","champ:PreemptiveStrike"],"picked":"champ:Lariat","floor":4.0},{"not_picked":["champ:DancingMaster","champ:Devastate","champ:SteelEdge"],"picked":"SKIP","floor":8.0},{"not_picked":["champ:StanceDance","champ:GutPunch"],"picked":"champ:EnGarde","floor":9.0},{"not_picked":["champ:Duel","champ:ShieldSigil"],"picked":"champ:BringItOn","floor":10.0},{"not_picked":["champ:SwordThrow","champ:ShieldThrow"],"picked":"champ:TripleStrike","floor":11.0},{"not_picked":["champ:LastStand","champ:SteelEdge"],"picked":"champ:VampiricStrike","floor":14.0},{"not_picked":["champ:EnragedBash","champ:PreemptiveStrike","champ:CalledShot"],"picked":"SKIP","floor":15.0},{"not_picked":["champ:ShieldThrow","champ:LastStand"],"picked":"champ:Improvising","floor":16.0},{"not_picked":["champ:RageSigil+1","champ:BerserkerStyle+1","champ:Backstep+1"],"picked":"SKIP","floor":19.0},{"not_picked":["champ:BladeFlurry","champ:Circumvent+1"],"picked":"champ:RapidStrikes","floor":20.0},{"not_picked":["champ:Improvising","champ:EnchantCrown"],"picked":"champ:StrikeOfGenius","floor":23.0},{"not_picked":["champ:LastStand","champ:SwordThrow"],"picked":"champ:StrikeOfGenius","floor":25.0},{"not_picked":["champ:SteelEdge","champ:UltimateStance"],"picked":"champ:HoldFirm","floor":28.0},{"not_picked":["champ:FalseCounter+1","champ:FanOfKnives","champ:Haymaker"],"picked":"SKIP","floor":29.0},{"not_picked":["champ:Backstep","champ:BerserkerStyle+1"],"picked":"champ:Circumvent","floor":32.0},{"not_picked":["champ:BerserkersShout+1","champ:Shatter"],"picked":"champ:DefensiveShout+1","floor":36.0},{"not_picked":["champ:Encircle","champ:Backstep","champ:FancyFootwork+1"],"picked":"SKIP","floor":37.0},{"not_picked":["champ:Endure+1","champ:CrownThrow","champ:Circumvent"],"picked":"SKIP","floor":38.0},{"not_picked":["champ:SkillfulDodge","champ:ShieldSigil+1"],"picked":"champ:DefensiveStyle+1","floor":39.0},{"not_picked":["champ:StanceDance+1","champ:AdrenalArmor+1","champ:BerserkersShout"],"picked":"SKIP","floor":40.0},{"not_picked":["champ:CalledShot+1","champ:VampiricStrike","champ:ShieldSigil+1"],"picked":"SKIP","floor":42.0},{"not_picked":["champ:EnchantShield","champ:EnchantSword","champ:IgnorePain"],"picked":"SKIP","floor":43.0},{"not_picked":["champ:BladeFlurry+1","champ:AdrenalArmor+1"],"picked":"champ:ShieldWall","floor":44.0},{"not_picked":["champ:StrikeOfGenius","champ:HeavySlash"],"picked":"champ:ShieldThrow","floor":46.0},{"not_picked":["champ:ArenaPreparation","champ:BladeFlurry+1"],"picked":"champ:EnGarde","floor":47.0},{"not_picked":["champ:UltimateStance","champ:IgnorePain","champ:SteelEdge"],"picked":"SKIP","floor":48.0},{"not_picked":["champ:EnragedBash+1","champ:CalledShot+1","champ:HeartStrike+1"],"picked":"SKIP","floor":49.0},{"not_picked":["champ:DancingMaster","champ:HeavySlash"],"picked":"champ:HoldFirm","floor":52.0}],"player_experience":97245,"relics_obtained":[{"floor":7.0,"key":"StrikeDummy"},{"floor":8.0,"key":"StoneCalendar"},{"floor":11.0,"key":"sneckomod:BlankCard"},{"floor":14.0,"key":"Turnip"},{"floor":23.0,"key":"infinitespire:Broken Mirror"},{"floor":24.0,"key":"Pantograph"},{"floor":25.0,"key":"infinitespire:Beetle Shell"},{"floor":28.0,"key":"Meat on the Bone"},{"floor":41.0,"key":"Ornamental Fan"},{"floor":43.0,"key":"White Beast Statue"},{"floor":48.0,"key":"Lizard Tail"},{"floor":52.0,"key":"Garlic"}],"event_choices":[{"damage_healed":0.0,"max_hp_gain":0.0,"max_hp_loss":0.0,"gold_gain":0.0,"event_name":"betterThird:BetterSerpent","player_choice":"Ignored","floor":5.0,"gold_loss":0.0,"damage_taken":144.0},{"damage_healed":0.0,"max_hp_gain":0.0,"max_hp_loss":7.0,"gold_gain":0.0,"event_name":"Golden Idol","player_choice":"Lose Max HP","floor":12.0,"gold_loss":0.0,"damage_taken":0.0,"relics_obtained":["Golden Idol"]}],"is_beta":false,"boss_relics":[{"not_picked":["ChewingGum","Philosopher\u0027s Stone"],"picked":"Abe\u0027s Treasure"},{"not_picked":["ReplayTheSpireMod:DimensionalGlitch","infinitespire:Cupcake"],"picked":"sneckomod:SneckoTalon"}],"items_purged_floors":[],"is_endless":false,"potions_floor_spawned":[8,9,10,15,16,25,29,33,38,40,42,43,44,46,47,48,49,52],"ascension_level":0}}