{"host":"5wilga4482d891pp","time":1613888200,"event":{"mods":["100% Spire Juice","2.2 Compatiblity","AchievementEnabler","Act Like it!","Arknights","BaseMod","Better Note","Better Third Choice","CapriCore","Chen","Conspire","Downfall","Elementarium","Energized Spire","Gensokyo","GungeonMod","Hallownest","Hermit","Hubris","Jorbs\u0027s Wanderer Trilogy","KinomotoSakuraMod(木之本?)","Koishi","Lobotomy","LobotomyExtend","Luminous","Marisa（霧雨　魔理沙）","Marked Mod","Minty Spire (QoL Compilation)","Pale of the Ancients","Railgun Mod","Reimu（博??梦）","Reliquary","Ruina","RumiaBox-露米?的神秘盒子","Shade Mod","Shapeshifter Mod","StSLib","The Administrix","The Alterego","The Animator","The Construct","The Cursed","The Gatherer","The Immortal","The Wild Card","TheBandit","TheFirefly","TheSwordswoman","TheVacant","Uncapped","UnlockEverythingMod","WarShipGirlsR/??少女R mod","Yakumo Yukari mod","Yuyuko"],"gold_per_floor":[110,129,147,47,69,69,74,74],"floor_reached":7,"language":"ENG","playtime":573,"items_purged":[],"score":43,"play_id":"906ea326-b382-4946-930c-4aeb2e0eb182","local_time":"20210221001640","is_ascension_mode":false,"campfire_choices":[{"data":"animator:HighElfArcher","floor":6,"key":"SMITH"}],"circlet_count":0,"master_deck":["animator:Strike_GoblinSlayer","animator:Defend_GoblinSlayer","animator:LizardPriest","animator:DwarfShaman","WallGazer","animator:Viivi","MHz","animator:Kuribayashi","animator:MamiTomoe","animator:Strike_Kancolle","animator:Strike_Fate","animator:Strike_FullmetalAlchemist","animator:Defend_MadokaMagica","animator:Defend_Elsword","animator:Defend_Katanagatari","CrumblingArmor","animator:HighElfArcher+1"],"relics":["animator:LivingPicture","animator:TheMissingPiece","animator:PurgingStone","CogitoBucket","LetterFromLob"],"acts_visited":["Exordium"],"potions_floor_usage":[7],"damage_taken":[{"damage":10.0,"enemies":"Jaw Worm","floor":1.0,"turns":5.0},{"damage":6.0,"enemies":"Small Slimes","floor":2.0,"turns":3.0},{"damage":12.0,"enemies":"2 Louse","floor":3.0,"turns":3.0},{"damage":16,"enemies":"Looter","floor":5,"turns":3},{"damage":30,"enemies":"Lagavulin","floor":7,"turns":3}],"seed_played":"1346776","potions_obtained":[{"floor":1.0,"key":"SkillPotion"},{"floor":3,"key":"Energy Potion"}],"is_trial":false,"path_per_floor":["M","M","M","?","M","R","E"],"character_chosen":"THE_ANIMATOR","items_purchased":[],"campfire_rested":0,"item_purchase_floors":[],"current_hp_per_floor":[56,50,38,38,22,22,0,0],"gold":74,"neow_bonus":"","is_daily":false,"chose_seed":true,"campfire_upgraded":1,"win_rate":0.0,"timestamp":1613888200,"path_taken":["M","M","M","?","M","R","E"],"items_purchased_type":[],"build_version":"2020-12-22","purchased_purges":0,"victory":false,"max_hp_per_floor":[66,66,66,66,66,66,66,66],"card_choices":[{"not_picked":["LittlePrince","Murderer"],"picked":"WallGazer","floor":1.0},{"not_picked":["animator:LizardPriest","animator:Hakurou"],"picked":"animator:Viivi","floor":1.0},{"not_picked":["DreamingCurrent","MeatLantern"],"picked":"MHz","floor":2.0},{"not_picked":["animator:Arpeggio","animator:Sonic"],"picked":"animator:Kuribayashi","floor":2.0},{"not_picked":["animator:Jibril","animator:Yoichi"],"picked":"animator:MamiTomoe","floor":3},{"not_picked":["BeautyBeast","DreamingCurrent"],"picked":"CrumblingArmor","floor":5},{"not_picked":["animator:Spearman","animator:LizardPriest"],"picked":"animator:HighElfArcher","floor":5}],"player_experience":43627,"relics_obtained":[{"floor":1.0,"key":"LetterFromLob"}],"event_choices":[],"is_beta":false,"boss_relics":[],"items_purged_floors":[],"is_endless":false,"potions_floor_spawned":[1,3],"killed_by":"Lagavulin","ascension_level":0}}