{"host":"yp2ga117svxnbcen","time":1613868682,"event":{"mods":["Act Like it!","Aspiration","BaseMod","BetterRewards","ChefMod","Colored Map","Conspire","Custom Start","Downfall","Elementarium","Gensokyo","GifTheSpireLib","Gold Saver","GungeonMod","Halation","Hallownest","Hermit","HornydragonMod","Hubris","Menagerie","Minty Spire (QoL Compilation)","Quick Restart","Remove Card Discount Mod","Replay The Spire","Shop Mod","Spicy Shops","StSLib","Stuff the Spire","The Blue Laboratory","The IronCluck","egg","slay the spire mod where everything is the same but ironclad has a cowboy hat","??????REMEMod"],"gold_per_floor":[872,872,872,761,787,903,903,915,915,915,926,943,943,1083,1083,1181,1181,1195,1212,1212,697,697,833,833,961,961,961,961,1061,1061,1165,1165,1165,1165],"floor_reached":33,"language":"ENG","playtime":762,"items_purged":["Strike_B","Strike_B","Strike_B","Strike_B"],"score":592,"play_id":"a4bf282c-b49e-4e2f-b0d1-0bfd30e3f2c5","local_time":"20210220165122","is_ascension_mode":true,"campfire_choices":[{"data":"White Noise","floor":7,"key":"SMITH"},{"data":"REME_SelfUpgrade","floor":13,"key":"SMITH"},{"data":"hubris:PowerSurge","floor":15,"key":"SMITH"},{"data":"Creative AI","floor":24,"key":"SMITH"},{"data":"StuffTheSpire:LoadUp","floor":28,"key":"SMITH"},{"floor":32,"key":"REST"}],"circlet_count":0,"master_deck":["Defend_B+1","Defend_B","Defend_B+1","Defend_B","Zap","Dualcast","Storm+1","Sunder+1","hubris:PowerSurge+1","Leap","Capacitor","White Noise+1","Capacitor","REME_SelfUpgrade+1","Glacier","Heatsinks","Creative AI+1","Gensokyo:HAARP","Force Field","StuffTheSpire:LoadUp+1","Writhe","Self Repair"],"relics":["Cracked Core","REME_ComplimentaryCards","Membership Card","DataDisk","StuffTheSpire:TintedRock","Guide Book","Akabeko","Simple Rune","DemoMod:ResourcefulSack","Vajra","conspire:SpecialSausage","hubris:EmptyBottle","halation:Komachan","Replay:Multitool","hexamod:BolsterEngine","Gremlin Horn","Emotion Chip","DemoMod:GreenGuonStone","hubris:Reverence","HornCleat"],"acts_visited":["Exordium","Gensokyo:Gensokyo"],"potions_floor_usage":[16,16,23,25,25,29,33,33],"damage_taken":[{"damage":0,"enemies":"Gensokyo:Python","floor":1,"turns":2},{"damage":11,"enemies":"Gensokyo:Aya","floor":6,"turns":3},{"damage":7,"enemies":"Gensokyo:2_Kodama","floor":8,"turns":2},{"damage":0,"enemies":"Gensokyo:Gryphon","floor":11,"turns":2},{"damage":0,"enemies":"Gensokyo:Kitsune","floor":12,"turns":3},{"damage":0,"enemies":"Gensokyo:Cirno","floor":14,"turns":5},{"damage":0,"enemies":"Gensokyo:Kokoro","floor":16,"turns":5},{"damage":6,"enemies":"Gensokyo:3_Dogs","floor":18,"turns":3},{"damage":14,"enemies":"Gensokyo:AngelMirror","floor":19,"turns":2},{"damage":31,"enemies":"Gensokyo:Tenshi","floor":23,"turns":3},{"damage":0,"enemies":"Gensokyo:Reisen","floor":25,"turns":4},{"damage":2,"enemies":"Gensokyo:Reisen","floor":29,"turns":5},{"damage":25,"enemies":"Gensokyo:Tenshi","floor":31,"turns":3},{"damage":40,"enemies":"Gensokyo:Kaguya","floor":33,"turns":5}],"seed_played":"-7928907808554523209","potions_obtained":[{"floor":1,"key":"Dexterity Potion"},{"floor":16,"key":"Explosive Potion"},{"floor":18,"key":"Energy Potion"},{"floor":25,"key":"EssenceOfSteel"}],"is_trial":false,"path_per_floor":["M","?","?","$","T","E","R","M","T","?","M","M","R","E","R","B",null,"M","M","?","COS","?","E","R","E","T","?","R","?","T","E","R","B"],"character_chosen":"DEFECT","items_purchased":["Storm","Sunder","Membership Card","DataDisk","hubris:PowerSurge","StuffTheSpire:TintedRock","Leap","Guide Book","DuplicationPotion","White Noise","Capacitor","Ball Lightning"],"campfire_rested":1,"item_purchase_floors":[0,0,0,0,0,0,0,0,0,4,4,4],"current_hp_per_floor":[75,75,75,75,75,64,64,57,57,57,57,57,57,57,57,57,75,69,55,55,55,55,24,24,24,24,24,24,22,22,10,32,0,0],"gold":1165,"neow_bonus":"","is_daily":false,"chose_seed":false,"campfire_upgraded":5,"win_rate":0.0,"timestamp":1613868682,"path_taken":["M","?","?","$","?","E","R","M","T","?","M","M","R","E","R","BOSS","M","M","?","COS","?","E","R","E","T","?","R","?","?","E","R","BOSS"],"items_purchased_type":["Card","Card","Relic","Relic","Card","Relic","Card","Relic","Potion","Card","Card","Card"],"build_version":"2020-12-22","purchased_purges":4,"victory":false,"max_hp_per_floor":[75,75,75,75,75,75,75,75,75,75,75,75,75,75,75,75,75,75,75,75,75,75,75,75,75,75,75,75,75,75,75,75,75,75],"card_choices":[{"not_picked":["ReplayTheSpireMod:Reroute Power","Beam Cell"],"picked":"Capacitor","floor":1},{"not_picked":["Compile Driver","Sweeping Beam","REME_DataAnalysis"],"picked":"SKIP","floor":6},{"not_picked":["Panic Button","Rip and Tear"],"picked":"REME_SelfUpgrade","floor":8},{"not_picked":["Gash","Rebound","Cold Snap","Glacier"],"picked":"SKIP","floor":11},{"not_picked":["Gash","Rebound","Cold Snap"],"picked":"Glacier","floor":11},{"not_picked":["StuffTheSpire:CleanHardDrive","Darkness"],"picked":"Heatsinks","floor":12},{"not_picked":["Glacier","All For One","ReplayTheSpireMod:Repulse","Beam Cell","StuffTheSpire:Plugnplay"],"picked":"SKIP","floor":14},{"not_picked":["REME_ForAll","ReplayTheSpireMod:Fabricate Wheel","Mirror Shield","REME_Shoggoth"],"picked":"Creative AI","floor":16},{"not_picked":["Turbo","REME_Whirling","Go for the Eyes+1","Ball Lightning","Undo"],"picked":"SKIP","floor":18},{"not_picked":["Hologram+1","StuffTheSpire:NuclearReactor","Turbo","StuffTheSpire:Plugnplay","StuffTheSpire:ShieldGenerator"],"picked":"SKIP","floor":19},{"not_picked":["StuffTheSpire:Plugnplay","ReplaySolidLightProjector"],"picked":"Force Field","floor":23},{"not_picked":["ReplayTheSpireMod:System Scan+1","Panic Button","ReplayTheSpireMod:GoodbyeWorld","Go for the Eyes"],"picked":"StuffTheSpire:LoadUp","floor":25},{"not_picked":["Beam Cell","StuffTheSpire:Plugnplay","Stack","ReplayTheSpireMod:Omega Cannon"],"picked":"Self Repair","floor":31}],"player_experience":1186295,"relics_obtained":[{"floor":5,"key":"Akabeko"},{"floor":6,"key":"Simple Rune"},{"floor":9,"key":"DemoMod:ResourcefulSack"},{"floor":14,"key":"Vajra"},{"floor":23,"key":"Replay:Multitool"},{"floor":25,"key":"hexamod:BolsterEngine"},{"floor":26,"key":"Gremlin Horn"},{"floor":29,"key":"Emotion Chip"},{"floor":29,"key":"DemoMod:GreenGuonStone"},{"floor":30,"key":"hubris:Reverence"},{"floor":31,"key":"HornCleat"}],"event_choices":[{"damage_healed":0,"gold_gain":0,"player_choice":"Leave","damage_taken":0,"max_hp_gain":0,"max_hp_loss":0,"event_name":"conspire:Investor","floor":3,"gold_loss":0}],"is_beta":false,"boss_relics":[{"not_picked":["REME_ChargedStone","hubris:ScarierMask"],"picked":"conspire:SpecialSausage"}],"items_purged_floors":[0,0,0,0],"is_endless":false,"potions_floor_spawned":[1,8,16,18,25,31],"killed_by":"Gensokyo:Kaguya","ascension_level":4}}