{"host":"xvy3lvo1k6zw37b4","time":1613947805,"event":{"mods":["Always Whale","BaseMod","Colored Map","Minty Spire (QoL Compilation)","Relic Stats","StSLib","everything is the same but u backflip on backflip"],"gold_per_floor":[115,115,130,146,159,187,187,215,215,215,231,231,260,260,260,335,335,347,358,47,47,47,76,76,76,76],"floor_reached":25,"language":"ENG","playtime":1060,"items_purged":[],"score":431,"play_id":"cd53dc50-ea88-4e64-a56a-0892d45d731a","local_time":"20210221225005","is_ascension_mode":true,"campfire_choices":[{"data":"Bash","floor":7,"key":"SMITH"},{"data":"Demon Form","floor":10,"key":"SMITH"},{"floor":12,"key":"REST"},{"floor":15,"key":"REST"}],"circlet_count":0,"master_deck":["AscendersBane","Strike_R","Strike_R","Strike_R","Strike_R","Strike_R","Defend_R","Defend_R","Defend_R","Bash+1","Pommel Strike","Anger","Dropkick","Perfected Strike","Wild Strike","Demon Form+1","Evolve","Limit Break","Twin Strike","Armaments","Inflame","Disarm","Warcry","J.A.X.","Ghostly","Ghostly","Ghostly","Ghostly","Ghostly","Perfected Strike"],"relics":["Burning Blood","NeowsBlessing","Smiling Mask","Peace Pipe","Mango","Bottled Tornado","SlaversCollar","Vajra","Regal Pillow","Bag of Preparation"],"acts_visited":["Exordium","TheCity"],"potions_floor_usage":[5,16,18,19],"damage_taken":[{"damage":0,"enemies":"Small Slimes","floor":1,"turns":1},{"damage":0,"enemies":"Cultist","floor":3,"turns":1},{"damage":0,"enemies":"Jaw Worm","floor":4,"turns":1},{"damage":19,"enemies":"3 Louse","floor":5,"turns":4},{"damage":25,"enemies":"3 Sentries","floor":6,"turns":8},{"damage":24,"enemies":"Gremlin Nob","floor":8,"turns":4},{"damage":22,"enemies":"Exordium Thugs","floor":11,"turns":5},{"damage":40,"enemies":"3 Sentries","floor":13,"turns":6},{"damage":25,"enemies":"The Guardian","floor":16,"turns":7},{"damage":26,"enemies":"3 Byrds","floor":18,"turns":5},{"damage":12,"enemies":"Chosen","floor":19,"turns":4},{"damage":18,"enemies":"Slavers","floor":23,"turns":7},{"damage":33,"enemies":"Snake Plant","floor":25,"turns":2}],"seed_played":"-156037540753252984","potions_obtained":[{"floor":3,"key":"SkillPotion"},{"floor":5,"key":"AttackPotion"},{"floor":6,"key":"EssenceOfSteel"},{"floor":16,"key":"GamblersBrew"},{"floor":19,"key":"SteroidPotion"}],"is_trial":false,"path_per_floor":["M","?","M","M","M","E","R","E","T","R","M","R","E","?","R","B",null,"M","M","$","?","?","E","?","M"],"character_chosen":"IRONCLAD","items_purchased":["Inflame","Vajra","Disarm","Warcry"],"campfire_rested":2,"item_purchase_floors":[20,20,20,20],"current_hp_per_floor":[74,74,75,75,62,43,43,25,39,39,23,49,15,15,41,22,72,52,46,46,46,44,32,32,0,0],"gold":76,"neow_bonus":"THREE_ENEMY_KILL","is_daily":false,"chose_seed":false,"campfire_upgraded":2,"win_rate":0.0,"timestamp":1613947805,"path_taken":["M","?","?","M","M","E","R","E","T","R","M","R","E","?","R","BOSS","M","M","$","?","?","E","?","?"],"items_purchased_type":["Card","Relic","Card","Card"],"build_version":"2020-12-22","purchased_purges":0,"victory":false,"max_hp_per_floor":[75,75,75,75,75,75,75,75,89,89,89,89,89,89,89,89,89,89,89,89,89,44,44,44,44,44],"relic_stats":{"Peace Pipe":1,"Regal Pillow":0,"counters":[13,55],"Bag of Preparation":[2],"Smiling Mask":0,"obtain_stats":[{"Peace Pipe":8,"SlaversCollar":17,"Regal Pillow":23,"NeowsBlessing":0,"Vajra":20,"Mango":9,"Bag of Preparation":24,"Bottled Tornado":13,"Smiling Mask":6,"Burning Blood":0},{"Peace Pipe":6,"SlaversCollar":9,"Regal Pillow":12,"NeowsBlessing":0,"Vajra":11,"Mango":6,"Bag of Preparation":12,"Bottled Tornado":8,"Smiling Mask":5,"Burning Blood":0},{"Peace Pipe":19,"SlaversCollar":37,"Regal Pillow":53,"NeowsBlessing":0,"Vajra":46,"Mango":19,"Bag of Preparation":53,"Bottled Tornado":30,"Smiling Mask":15,"Burning Blood":0}],"Burning Blood":61},"card_choices":[{"not_picked":["Warcry","Intimidate"],"picked":"Pommel Strike","floor":1},{"not_picked":["Ghostly Armor","Sentinel"],"picked":"Anger","floor":3},{"not_picked":["Dual Wield","Infernal Blade"],"picked":"Dropkick","floor":4},{"not_picked":["Sword Boomerang","Seeing Red"],"picked":"Perfected Strike","floor":5},{"not_picked":["Rage","Warcry"],"picked":"Wild Strike","floor":6},{"not_picked":["Havoc","Shrug It Off"],"picked":"Demon Form","floor":8},{"not_picked":["Seeing Red","Havoc"],"picked":"Rupture","floor":11},{"not_picked":["Iron Wave","Burning Pact"],"picked":"Evolve","floor":13},{"not_picked":["Reaper","Brutality"],"picked":"Limit Break","floor":16},{"not_picked":["Warcry","Body Slam+1"],"picked":"Twin Strike","floor":18},{"not_picked":["Combust","Seeing Red"],"picked":"Armaments","floor":19},{"not_picked":["Second Wind","Anger"],"picked":"Perfected Strike","floor":23}],"player_experience":2119927,"relics_obtained":[{"floor":6,"key":"Smiling Mask"},{"floor":8,"key":"Peace Pipe"},{"floor":9,"key":"Mango"},{"floor":13,"key":"Bottled Tornado"},{"floor":23,"key":"Regal Pillow"}],"event_choices":[{"cards_removed":["Defend_R"],"damage_healed":0,"gold_gain":0,"player_choice":"Offered Basic","damage_taken":0,"max_hp_gain":0,"max_hp_loss":0,"event_name":"Bonfire Elementals","floor":2,"gold_loss":0},{"cards_removed":["Rupture"],"damage_healed":0,"gold_gain":0,"player_choice":"Purged","damage_taken":0,"max_hp_gain":0,"max_hp_loss":0,"event_name":"Purifier","floor":14,"gold_loss":0},{"damage_healed":0,"gold_gain":0,"player_choice":"Obtain J.A.X.","damage_taken":0,"max_hp_gain":0,"max_hp_loss":0,"event_name":"Drug Dealer","floor":21,"gold_loss":0,"cards_obtained":["J.A.X."]},{"damage_healed":0,"gold_gain":0,"player_choice":"Became a Ghost","damage_taken":0,"max_hp_gain":0,"max_hp_loss":45,"event_name":"Ghosts","floor":22,"gold_loss":0,"cards_obtained":["Ghostly","Ghostly","Ghostly","Ghostly","Ghostly"]},{"damage_healed":0,"gold_gain":0,"player_choice":"Gave Potion","damage_taken":0,"relics_obtained":["Bag of Preparation"],"max_hp_gain":0,"max_hp_loss":0,"event_name":"WeMeetAgain","floor":24,"gold_loss":0}],"is_beta":false,"boss_relics":[{"not_picked":["Velvet Choker","SacredBark"],"picked":"SlaversCollar"}],"items_purged_floors":[],"is_endless":false,"potions_floor_spawned":[3,5,6,8,16,19],"killed_by":"Snake Plant","ascension_level":14}}