{"host":"06x7ibqulglyn97c","time":1613950229,"event":{"mods":["AchievementEnabler","BaseMod","Minty Spire (QoL Compilation)","Rare Cards Sparkle","Relic Sorter","Relic Stats","StSLib","The Awakened One except there are too many feathers"],"gold_per_floor":[114,189,32,42,52,52,17,52,52,65,65,65,76,93,93,194,194,182,182,182,193,39,73,73,73,127,52,62,62,62,62,62,62,62],"floor_reached":33,"language":"ENG","playtime":1648,"items_purged":["Strike_B+1"],"score":381,"play_id":"62ea32df-dfca-48c2-813d-aa1fe3f6875a","local_time":"20210221233029","is_ascension_mode":true,"campfire_choices":[{"floor":6.0,"key":"REST"},{"floor":11.0,"key":"REST"},{"floor":15.0,"key":"REST"},{"floor":24,"key":"REST"},{"floor":30,"key":"REST"},{"data":"Zap","floor":32,"key":"SMITH"}],"circlet_count":0,"master_deck":["Strike_B+1","Strike_B+1","Strike_B+1","Defend_B+1","Defend_B+1","Defend_B+1","Defend_B+1","Zap+1","Dualcast","Thunder Strike","Gash","Loop","Barrage","Lockon","Conserve Battery","Core Surge","CurseOfTheBell","Ball Lightning+1","Ball Lightning+1"],"relics":["Cracked Core","Runic Capacitor","FossilizedHelix","Girya","HornCleat","Calling Bell","Omamori","Question Card","Thread and Needle","HandDrill","StoneCalendar","Toxic Egg 2","Strawberry","Centennial Puzzle"],"acts_visited":["Exordium","TheCity"],"potions_floor_usage":[16,16,16,23],"damage_taken":[{"damage":6.0,"enemies":"Cultist","floor":1.0,"turns":3.0},{"damage":7.0,"enemies":"Jaw Worm","floor":4.0,"turns":3.0},{"damage":0.0,"enemies":"Small Slimes","floor":5.0,"turns":2.0},{"damage":60.0,"enemies":"Lagavulin","floor":8.0,"turns":7.0},{"damage":0.0,"enemies":"Blue Slaver","floor":10.0,"turns":3.0},{"damage":0.0,"enemies":"Large Slime","floor":13.0,"turns":3.0},{"damage":0.0,"enemies":"Looter","floor":14.0,"turns":3.0},{"damage":31,"enemies":"Slime Boss","floor":16,"turns":9},{"damage":0,"enemies":"2 Thieves","floor":18,"turns":4},{"damage":0,"enemies":"Shell Parasite","floor":21,"turns":5},{"damage":21,"enemies":"Slavers","floor":23,"turns":4},{"damage":29,"enemies":"Shelled Parasite and Fungi","floor":28,"turns":6},{"damage":78,"enemies":"Champ","floor":33,"turns":8}],"seed_played":"-6367970653284285539","potions_obtained":[{"floor":4.0,"key":"DistilledChaos"},{"floor":8.0,"key":"Swift Potion"},{"floor":13.0,"key":"EntropicBrew"},{"floor":21,"key":"PowerPotion"}],"is_trial":false,"path_per_floor":["M","?","$","M","M","R","?","E","T","M","R","T","M","M","R","B",null,"M","?","$","M","$","E","R","?","T","$","M","T","R","?","R","B"],"character_chosen":"DEFECT","items_purchased":["Runic Capacitor","HandDrill"],"campfire_rested":5,"item_purchase_floors":[3,22],"current_hp_per_floor":[62,51,51,44,44,66,75,15,15,15,37,37,37,37,59,28,63,63,63,63,63,63,42,64,64,71,71,42,42,66,66,66,0,0],"gold":62,"neow_bonus":"ONE_RANDOM_RARE_CARD","is_daily":false,"chose_seed":false,"campfire_upgraded":1,"win_rate":0.0,"timestamp":1613950229,"path_taken":["M","?","$","M","M","R","?","E","T","M","R","?","M","M","R","BOSS","M","?","$","M","$","E","R","?","T","$","M","?","R","?","R","BOSS"],"items_purchased_type":["Relic","Relic"],"build_version":"2020-12-22","purchased_purges":1,"victory":false,"max_hp_per_floor":[75,75,75,75,75,75,75,75,75,75,75,75,75,75,75,75,75,75,75,75,75,75,75,75,75,82,82,82,82,82,82,82,82,82],"relic_stats":{"Centennial Puzzle":[3],"counters":[13,60],"StoneCalendar":[52],"HandDrill":[8],"Question Card":4,"obtain_stats":[{"Girya":9,"Thread and Needle":17,"StoneCalendar":23,"Runic Capacitor":3,"Omamori":17,"Question Card":17,"Calling Bell":17,"Centennial Puzzle":29,"HornCleat":12,"Strawberry":26,"HandDrill":22,"Toxic Egg 2":25,"Cracked Core":0,"FossilizedHelix":8},{"Girya":4,"Thread and Needle":8,"StoneCalendar":11,"Runic Capacitor":1,"Omamori":8,"Question Card":8,"Calling Bell":8,"Centennial Puzzle":12,"HornCleat":5,"Strawberry":11,"HandDrill":10,"Toxic Egg 2":11,"Cracked Core":0,"FossilizedHelix":4},{"Girya":15,"Thread and Needle":33,"StoneCalendar":46,"Runic Capacitor":3,"Omamori":33,"Question Card":33,"Calling Bell":33,"Centennial Puzzle":52,"HornCleat":18,"Strawberry":46,"HandDrill":42,"Toxic Egg 2":46,"Cracked Core":0,"FossilizedHelix":15}]},"card_choices":[{"not_picked":["Barrage","Hologram"],"picked":"Gash","floor":1.0},{"not_picked":["Beam Cell","Sunder"],"picked":"Loop","floor":4.0},{"not_picked":["Rebound","Hologram","FTL"],"picked":"SKIP","floor":5.0},{"not_picked":["Streamline","Buffer"],"picked":"Barrage","floor":8.0},{"not_picked":["Streamline","Compile Driver"],"picked":"Lockon","floor":10.0},{"not_picked":["Reinforced Body","Reprogram","Steam Power"],"picked":"SKIP","floor":13.0},{"not_picked":["Steam","Coolheaded"],"picked":"Conserve Battery","floor":14.0},{"not_picked":["Hyperbeam","Thunder Strike"],"picked":"Core Surge","floor":16},{"not_picked":["Turbo","Chaos","Conserve Battery"],"picked":"Ball Lightning+1","floor":18},{"not_picked":["Steam","Compile Driver","Chaos","Undo"],"picked":"SKIP","floor":21},{"not_picked":["Streamline","Beam Cell","Skim","Heatsinks+1"],"picked":"SKIP","floor":23},{"not_picked":["Redo+1","Rebound","Turbo+1"],"picked":"Ball Lightning+1","floor":28}],"player_experience":691001,"relics_obtained":[{"floor":8.0,"key":"FossilizedHelix"},{"floor":9.0,"key":"Girya"},{"floor":12.0,"key":"HornCleat"},{"floor":17,"key":"Omamori"},{"floor":17,"key":"Question Card"},{"floor":17,"key":"Thread and Needle"},{"floor":23,"key":"StoneCalendar"},{"floor":26,"key":"Strawberry"},{"floor":29,"key":"Centennial Puzzle"}],"event_choices":[{"damage_healed":0.0,"max_hp_gain":0.0,"max_hp_loss":0.0,"gold_gain":75.0,"event_name":"World of Goop","player_choice":"Gather Gold","floor":2.0,"gold_loss":0.0,"damage_taken":11.0},{"damage_healed":18.0,"max_hp_gain":0.0,"max_hp_loss":0.0,"gold_gain":0.0,"event_name":"The Cleric","player_choice":"Healed","floor":7.0,"gold_loss":35.0,"damage_taken":0.0},{"damage_healed":0,"gold_gain":0,"player_choice":"Simplicity","damage_taken":0,"max_hp_gain":0,"max_hp_loss":0,"event_name":"Back to Basics","floor":19,"gold_loss":0,"cards_upgraded":["Strike_B","Strike_B","Strike_B","Strike_B","Defend_B","Defend_B","Defend_B","Defend_B"]},{"damage_healed":0,"gold_gain":0,"player_choice":"Opened","damage_taken":0,"relics_obtained":["Toxic Egg 2"],"max_hp_gain":0,"max_hp_loss":0,"event_name":"The Mausoleum","floor":25,"gold_loss":0,"cards_obtained":["Writhe"]},{"damage_healed":0,"gold_gain":0,"player_choice":"Ignored","damage_taken":0,"max_hp_gain":0,"max_hp_loss":0,"event_name":"Cursed Tome","floor":31,"gold_loss":0}],"is_beta":false,"boss_relics":[{"not_picked":["SlaversCollar","Philosopher\u0027s Stone"],"picked":"Calling Bell"}],"items_purged_floors":[27],"is_endless":false,"potions_floor_spawned":[4,8,13,14,21],"killed_by":"Champ","ascension_level":9}}