{"host":"5zhjtp2pgwgfdund","time":1613887568,"event":{"mods":["2.2 Compatiblity","AchievementEnabler","Act Like it!","BaseMod","Colored Map","Colored Powertips","Downfall","Gensokyo","Infinite Spire","Minty Spire (QoL Compilation)","Replay The Spire","Shop Mod","StSLib","The Bug Knight","The Jungle"],"gold_per_floor":[0,16,16,1,1,15,15,15,15,35,35,51,51,13,29,29,42,68,80,182,182,182,198,208,228,241,241,241,53,53,72,84,84,107,107,127,222,272,272,291,315,315,315,315,315,315,332,347,367,367,382,397,408,408,408,422,422,422,422],"floor_reached":51,"language":"ENG","playtime":4110,"items_purged":[],"score":534,"play_id":"9e489266-c536-4b00-9875-0c988b78caf7","local_time":"20210221010608","is_ascension_mode":false,"campfire_choices":[{"data":"bronze:Replicate","floor":1,"key":"SMITH"},{"data":"bronze:DigitalCarnage","floor":14,"key":"SMITH"},{"data":"bronze:Repair","floor":20,"key":"SMITH"},{"data":"bronze:AlphaBuild","floor":25,"key":"SMITH"},{"floor":31,"key":"DIG"},{"floor":37,"key":"DIG"},{"data":"sneckomod:DiceBoulder+1","floor":42,"key":"SMITH"},{"floor":46,"key":"REST"},{"floor":46,"key":"DIG"},{"floor":48,"key":"REST"},{"floor":48,"key":"DIG"}],"circlet_count":0,"master_deck":["bronze:Strike+1","bronze:Strike","bronze:Defend","bronze:Defend","bronze:Separator","bronze:ChosenStrike","Amnesia","bronze:Constructor","bronze:Constructor","bronze:ItsAFeature","bronze:Repair+1","bronze:AlphaBuild+1","bronze:Library+1","bronze:Branch+1","bronze:FunctionCard","bronze:Repair","bronze:Deprecate","bronze:DelayedSlice+1","bronze:Flail+1","bronze:FineTuning","bronze:NullPointer","sneckomod:DiceBoulder+2","bronze:Boost","bronze:Return","bronze:Shield+1","bronze:ShipIt","bronze:Turbo+1","bronze:WildBeam","bronze:BronzeArmor","bronze:Separator","bronze:Repair+1","bronze:Break","bronze:Overheat+1","bronze:Flail+1","bronze:Separator+1","bronze:InfiniteLoop","bronze:Overheat"],"relics":["bronze:BronzeCore","Gensokyo:PortableGap","Bag of Marbles","Gensokyo:Mercy","infinitespire:FocusingShard","Meat on the Bone","Blue Doll","Astrolabe","Shovel","HandDrill","Matryoshka","Tiny Chest","Potion Belt","Regal Pillow","Tiny House","Art of War","Replay:Wax Seal","infinitespire:Magic Flask","Mummified Hand","Dream Catcher","Mercury Hourglass","infinitespire:Bottled Soul"],"acts_visited":["Gensokyo:Gensokyo","Gensokyo:Gensokyoer","Gensokyo:Gensokyoest"],"potions_floor_usage":[44,48],"damage_taken":[{"damage":5,"enemies":"Gensokyo:Python","floor":2,"turns":5},{"damage":5,"enemies":"downfall:FleeingMerchant","floor":4,"turns":4},{"damage":4,"enemies":"Gensokyo:2_Kodama","floor":6,"turns":3},{"damage":0,"enemies":"Gensokyo:3_Fairies","floor":8,"turns":3},{"damage":0,"enemies":"Gensokyo:VengefulSpirit","floor":10,"turns":2},{"damage":0,"enemies":"Gensokyo:LivingMonolith","floor":13,"turns":2},{"damage":6,"enemies":"Gensokyo:5_Fairies","floor":15,"turns":5},{"damage":0,"enemies":"Gensokyo:Aya","floor":16,"turns":2},{"damage":0,"enemies":"Gensokyo:3_Kodama","floor":17,"turns":1},{"damage":3,"enemies":"SI_SHIV_ARCHETYPE","floor":18,"turns":5},{"damage":29,"enemies":"Gensokyo:3_Dogs","floor":21,"turns":8},{"damage":0,"enemies":"Gensokyo:CosmicMonolith","floor":22,"turns":3},{"damage":20,"enemies":"Gensokyo:Wraith","floor":23,"turns":3},{"damage":12,"enemies":"Gensokyo:Slime_Group","floor":24,"turns":3},{"damage":0,"enemies":"downfall:FleeingMerchant","floor":27,"turns":4},{"damage":9,"enemies":"Gensokyo:3_Gloops","floor":29,"turns":4},{"damage":20,"enemies":"Gensokyo:Wraith","floor":30,"turns":2},{"damage":20,"enemies":"Gensokyo:Slime_Group","floor":34,"turns":4},{"damage":30,"enemies":"WA_ARCHETYPE_CALM","floor":35,"turns":11},{"damage":6,"enemies":"Gensokyo:3_Bats","floor":38,"turns":3},{"damage":14,"enemies":"Gensokyo:3_Boulders","floor":43,"turns":4},{"damage":57,"enemies":"Gensokyo:Rafflesia","floor":44,"turns":11},{"damage":0,"enemies":"Gensokyo:4_Bats","floor":45,"turns":5},{"damage":0,"enemies":"Gensokyo:3_Boulders","floor":47,"turns":5},{"damage":70,"enemies":"Gensokyo:Rafflesia","floor":48,"turns":8},{"damage":45,"enemies":"Gensokyo:Sharpion","floor":49,"turns":5},{"damage":40,"enemies":"Gensokyo:3_Boulders","floor":50,"turns":5},{"damage":64,"enemies":"DF_ARCHETYPE_ORBS","floor":51,"turns":3}],"seed_played":"-1348156358096290670","potions_obtained":[{"floor":6,"key":"Elixir"},{"floor":8,"key":"Reflective Coating"},{"floor":10,"key":"bronze:BurnAndBuffPotion"},{"floor":22,"key":"bronze:BurnAndBuffPotion"},{"floor":29,"key":"Fire Potion"},{"floor":36,"key":"Cursed Concoction"},{"floor":38,"key":"DistilledChaos"},{"floor":45,"key":"sneckomod:MuddlingPotion"}],"is_trial":false,"path_per_floor":["R","M","?","$","?","M","T","?","?","M","T","M","?","COS","M","R","M","E","M","B",null,"R","M","M","M","M","R","T","$","?","M","M","R","T","?","M","B",null,"R","M","T","?","T","R","T","T","M","M","M","R","M","M","M","R","M","M","B"],"character_chosen":"THE_AUTOMATON","items_purchased":["bronze:NullPointer","HandDrill"],"campfire_rested":2,"item_purchase_floors":[27,27],"current_hp_per_floor":[84,79,76,71,71,67,67,67,67,67,67,67,67,67,67,67,61,61,61,65,73,73,56,73,63,68,68,68,73,73,73,53,53,53,53,43,46,78,78,72,72,72,72,72,72,72,68,32,42,75,75,47,34,70,70,50,0,0,0],"gold":422,"neow_bonus":"TWENTY_PERCENT_HP_BONUS","is_daily":false,"chose_seed":false,"campfire_upgraded":5,"win_rate":0.0,"timestamp":1613887568,"path_taken":["R","M","?","?","?","M","T","?","?","M","T","?","?","COS","M","R","M","E","M","BOSS","R","M","?","M","?","R","T","?","?","M","M","R","?","?","M","BOSS","R","M","?","?","?","R","T","T","M","M","M","R","M","M","M","R","M","M","BOSS"],"items_purchased_type":["Card","Relic"],"build_version":"2020-12-22","purchased_purges":0,"victory":false,"max_hp_per_floor":[84,84,76,76,76,76,73,73,73,73,73,73,73,73,73,73,73,73,73,73,73,73,73,73,73,73,73,73,73,73,73,73,73,73,73,73,73,78,78,78,78,78,78,78,75,75,75,75,75,75,75,75,72,72,72,72,72,72,72],"card_choices":[{"not_picked":["bronze:DelayedGuard","bronze:ForceShield"],"picked":"bronze:DarkDash","floor":2},{"not_picked":["bronze:Shield","bronze:Deprecate"],"picked":"bronze:Separator","floor":4},{"not_picked":["bronze:Iterate","bronze:Terminator"],"picked":"bronze:ChosenStrike","floor":6},{"not_picked":["bronze:BitShift","bronze:CloningBeam"],"picked":"bronze:DigitalCarnage","floor":8},{"not_picked":["bronze:Hardcode","bronze:FollowUp"],"picked":"bronze:Constructor","floor":10},{"not_picked":["bronze:Shell","bronze:FineTuning"],"picked":"bronze:Constructor","floor":13},{"not_picked":["bronze:Deprecate","bronze:ChildClass"],"picked":"bronze:WhirlingStrike","floor":15},{"not_picked":["bronze:Repulsor","bronze:Fortify"],"picked":"bronze:ItsAFeature","floor":16},{"not_picked":["bronze:Backtrace","bronze:DarkDash"],"picked":"bronze:Repair","floor":17},{"not_picked":["bronze:Format","bronze:Break"],"picked":"bronze:AlphaBuild","floor":18},{"not_picked":["bronze:DarkDash","bronze:Optimize"],"picked":"bronze:Repair","floor":21},{"not_picked":["bronze:ItsAFeature","bronze:BronzeArmor"],"picked":"bronze:Deprecate","floor":22},{"not_picked":["bronze:CutThrough","bronze:ChildClass"],"picked":"bronze:DelayedSlice+1","floor":23},{"not_picked":["bronze:Frontload+1","bronze:Safeguard"],"picked":"bronze:Flail+1","floor":24},{"not_picked":["bronze:Repulsor","bronze:Deprecate"],"picked":"bronze:FineTuning","floor":27},{"not_picked":["bronze:Repulsor","bronze:Refactor"],"picked":"bronze:Boost","floor":29},{"not_picked":["bronze:Philosophize","bronze:Verify"],"picked":"bronze:Return","floor":30},{"not_picked":["bronze:DelayedGuard","bronze:Deprecate"],"picked":"bronze:Shield+1","floor":34},{"not_picked":["bronze:ThunderWave","bronze:BurnOut"],"picked":"bronze:ShipIt","floor":35},{"not_picked":["bronze:Separator","bronze:WhirlingStrike"],"picked":"bronze:Turbo+1","floor":36},{"not_picked":["bronze:Constructor","bronze:ForLoop+1"],"picked":"bronze:WildBeam","floor":38},{"not_picked":["bronze:FineTuning+1","bronze:Deprecate"],"picked":"bronze:Separator","floor":43},{"not_picked":["bronze:Turbo","bronze:DigitalCarnage"],"picked":"bronze:Repair+1","floor":44},{"not_picked":["bronze:OilSpill+1","bronze:BronzeArmor+1"],"picked":"bronze:Break","floor":45},{"not_picked":["bronze:DelayedSlice+1","bronze:OilSpill"],"picked":"bronze:Overheat+1","floor":46},{"not_picked":["bronze:Deprecate+1","bronze:BronzeArmor"],"picked":"bronze:Flail+1","floor":47},{"not_picked":["bronze:OilSpill","bronze:FineTuning"],"picked":"bronze:Separator+1","floor":48},{"not_picked":["bronze:Shield","bronze:Deprecate+1"],"picked":"bronze:InfiniteLoop","floor":49},{"not_picked":["bronze:FineTuning","bronze:Shield+1"],"picked":"bronze:Overheat","floor":50}],"player_experience":178956,"relics_obtained":[{"floor":7,"key":"Bag of Marbles"},{"floor":9,"key":"infinitespire:FocusingShard"},{"floor":16,"key":"Meat on the Bone"},{"floor":26,"key":"Shovel"},{"floor":31,"key":"Matryoshka"},{"floor":32,"key":"Tiny Chest"},{"floor":32,"key":"Potion Belt"},{"floor":37,"key":"Art of War"},{"floor":39,"key":"Replay:Wax Seal"},{"floor":41,"key":"infinitespire:Magic Flask"},{"floor":43,"key":"Mummified Hand"},{"floor":42,"key":"Dream Catcher"},{"floor":46,"key":"Mercury Hourglass"},{"floor":48,"key":"infinitespire:Bottled Soul"}],"event_choices":[],"is_beta":false,"boss_relics":[{"not_picked":["SacredBark","Busted Crown"],"picked":"Astrolabe"},{"not_picked":["Replay:Fungal Core","Kintsugi"],"picked":"Tiny House"}],"items_purged_floors":[],"is_endless":false,"potions_floor_spawned":[6,8,10,15,18,22,24,29,38,43,45,47],"killed_by":"DF_ARCHETYPE_ORBS","ascension_level":0}}