{"host":"z37g2hkgkh2zjyzk","time":1613866018,"event":{"mods":["2.2 Compatiblity","AchievementEnabler","BaseMod","Bestiary","Colored Map","Colored Powertips","Curses Come First","Highlight Path","Keyboard Shortcuts","Minty Spire (QoL Compilation)","Relic Stats","StSLib","SuperFastMode"],"gold_per_floor":[111,123,70,85,100,100,126,9,9,9,36,96,96,109,109,229,229,245,99,118,138,152,170,201,201,224,30,30,30,30,40,40,143,143,158,177,82,82,82,108,118,118,118,143,143,175,175,209,209,209,209,209,86,86,86],"floor_reached":54,"language":"ENG","playtime":9055,"items_purged":["Strike_B","Strike_B","Strike_B","Strike_B","Defend_B"],"score":970,"play_id":"04d718db-9c62-44c5-b1eb-f01971516c0f","local_time":"20210221010658","is_ascension_mode":true,"campfire_choices":[{"data":"Chill","floor":6.0,"key":"SMITH"},{"data":"Fusion","floor":10.0,"key":"SMITH"},{"data":"Machine Learning","floor":15.0,"key":"SMITH"},{"data":"Defragment","floor":25.0,"key":"SMITH"},{"floor":32.0,"key":"REST"},{"floor":42.0,"key":"RECALL"},{"data":"Consume","floor":47.0,"key":"SMITH"},{"data":"Dualcast","floor":49.0,"key":"SMITH"},{"data":"Coolheaded","floor":52.0,"key":"SMITH"}],"circlet_count":0,"master_deck":["Defend_B","Defend_B","Zap","Dualcast+1","Undo","Cold Snap","Coolheaded+1","Ball Lightning","Chill+1","Machine Learning+1","Fusion+1","Skim","Conserve Battery","Hologram","Electrodynamics","Glacier+1","Self Repair","Compile Driver","Auto Shields+1","Defragment+1","Sweeping Beam","Coolheaded+1","Barrage+1","Amplify","Ball Lightning","Madness","Madness","Consume+1","Loop"],"relics":["Inserter","Smiling Mask","Calipers","Bag of Preparation","Bloody Idol","Nuclear Battery","Dream Catcher","Juzu Bracelet","Frozen Eye","Nilry\u0027s Codex","Black Star","Letter Opener","Strawberry","Centennial Puzzle","Oddly Smooth Stone","Symbiotic Virus","Shuriken","Pocketwatch","Potion Belt","Toy Ornithopter"],"acts_visited":["Exordium","TheCity","TheBeyond","TheEnding"],"potions_floor_usage":[],"damage_taken":[{"damage":1.0,"enemies":"Cultist","floor":1.0,"turns":4.0},{"damage":3.0,"enemies":"Small Slimes","floor":2.0,"turns":6.0},{"damage":0.0,"enemies":"2 Louse","floor":4.0,"turns":4.0},{"damage":5.0,"enemies":"Exordium Wildlife","floor":5.0,"turns":4.0},{"damage":16.0,"enemies":"Gremlin Nob","floor":7.0,"turns":5.0},{"damage":11.0,"enemies":"Lagavulin","floor":11.0,"turns":7.0},{"damage":6.0,"enemies":"3 Sentries","floor":12.0,"turns":8.0},{"damage":0.0,"enemies":"Lots of Slimes","floor":14.0,"turns":3.0},{"damage":9.0,"enemies":"Hexaghost","floor":16.0,"turns":11.0},{"damage":1.0,"enemies":"Shell Parasite","floor":18.0,"turns":7.0},{"damage":16.0,"enemies":"Chosen","floor":20.0,"turns":7.0},{"damage":5.0,"enemies":"Shelled Parasite and Fungi","floor":21.0,"turns":7.0},{"damage":0.0,"enemies":"Snake Plant","floor":22.0,"turns":6.0},{"damage":5.0,"enemies":"Centurion and Healer","floor":23.0,"turns":7.0},{"damage":44.0,"enemies":"Slavers","floor":24.0,"turns":5.0},{"damage":4.0,"enemies":"Chosen and Byrds","floor":31.0,"turns":5.0},{"damage":0.0,"enemies":"Collector","floor":33.0,"turns":12.0},{"damage":0.0,"enemies":"3 Darklings","floor":35.0,"turns":6.0},{"damage":0.0,"enemies":"Orb Walker","floor":36.0,"turns":4.0},{"damage":31.0,"enemies":"Nemesis","floor":40.0,"turns":7.0},{"damage":0.0,"enemies":"4 Shapes","floor":41.0,"turns":4.0},{"damage":36.0,"enemies":"Giant Head","floor":44.0,"turns":10.0},{"damage":14.0,"enemies":"Nemesis","floor":46.0,"turns":9.0},{"damage":19.0,"enemies":"Giant Head","floor":48.0,"turns":13.0},{"damage":33.0,"enemies":"Donu and Deca","floor":50.0,"turns":11.0},{"damage":77,"enemies":"Shield and Spear","floor":54,"turns":5}],"seed_played":"-2665511440561415213","potions_obtained":[{"floor":1.0,"key":"LiquidMemories"},{"floor":4.0,"key":"FearPotion"},{"floor":5.0,"key":"Dexterity Potion"},{"floor":12.0,"key":"Explosive Potion"},{"floor":20.0,"key":"SpeedPotion"},{"floor":21.0,"key":"EssenceOfDarkness"},{"floor":23.0,"key":"Dexterity Potion"},{"floor":33.0,"key":"PowerPotion"},{"floor":35.0,"key":"Swift Potion"},{"floor":40.0,"key":"Swift Potion"},{"floor":44.0,"key":"BlessingOfTheForge"},{"floor":46.0,"key":"SneckoOil"}],"is_trial":false,"path_per_floor":["M","M","$","M","M","R","E","$","T","R","E","?","?","M","R","B",null,"M","$","M","M","M","M","E","R","T","$","?","?","?","M","R","B",null,"M","M","$","?","?","E","M","R","T","E","?","E","R","E","R","B",null,"R","$","E"],"character_chosen":"DEFECT","items_purchased":["Coolheaded","Fusion","Self Repair","Compile Driver","Frozen Eye","Ball Lightning","Loop"],"campfire_rested":1,"item_purchase_floors":[3,8,19,19,27,37,53],"current_hp_per_floor":[74,71,71,71,66,66,50,50,50,50,39,33,33,33,33,24,69,68,68,59,61,68,69,32,32,32,32,32,16,16,24,44,56,69,69,69,69,60,60,55,74,74,74,50,50,55,55,48,48,22,76,76,76,0,0],"gold":86,"neow_bonus":"BOSS_RELIC","is_daily":false,"chose_seed":false,"campfire_upgraded":7,"win_rate":0.0,"timestamp":1613866018,"path_taken":["M","?","?","M","?","R","E","$","T","R","E","?","?","?","R","BOSS","M","$","M","M","M","M","E","R","T","$","?","?","?","M","R","BOSS","M","M","$","?","?","E","M","R","T","E","?","E","R","E","R","BOSS","R","$","E"],"items_purchased_type":["Card","Card","Card","Card","Relic","Card","Card"],"build_version":"2020-12-22","purchased_purges":5,"victory":false,"max_hp_per_floor":[75,75,75,75,75,75,75,75,75,75,75,75,69,69,69,69,69,69,69,69,69,69,69,69,69,69,69,69,69,69,69,69,69,69,69,69,69,69,69,76,76,76,76,76,76,76,76,76,76,76,76,76,76,76,76],"relic_stats":{"Inserter":[88],"counters":[26,177],"Bag of Preparation":[40],"Juzu Bracelet":2,"Letter Opener":[164],"Smiling Mask":375,"Dream Catcher":1,"Centennial Puzzle":[15],"Shuriken":[1],"Bloody Idol":35,"Black Star":4,"obtain_stats":[{"Potion Belt":48,"Inserter":0,"Calipers":11,"Golden Idol":13,"Nilry\u0027s Codex":29,"Oddly Smooth Stone":44,"Bag of Preparation":12,"Juzu Bracelet":26,"Letter Opener":40,"Smiling Mask":7,"Nuclear Battery":17,"Frozen Eye":27,"Dream Catcher":24,"Centennial Puzzle":43,"Shuriken":46,"Bloody Idol":30,"Strawberry":40,"Black Star":34,"Cracked Core":0,"Symbiotic Virus":44,"Toy Ornithopter":48,"Pocketwatch":46},{"Potion Belt":24,"Inserter":0,"Calipers":6,"Golden Idol":7,"Nilry\u0027s Codex":15,"Oddly Smooth Stone":22,"Bag of Preparation":6,"Juzu Bracelet":15,"Letter Opener":20,"Smiling Mask":5,"Nuclear Battery":9,"Frozen Eye":15,"Dream Catcher":15,"Centennial Puzzle":21,"Shuriken":23,"Bloody Idol":15,"Strawberry":20,"Black Star":17,"Cracked Core":0,"Symbiotic Virus":22,"Toy Ornithopter":24,"Pocketwatch":23},{"Potion Belt":161,"Inserter":0,"Calipers":30,"Golden Idol":38,"Nilry\u0027s Codex":91,"Oddly Smooth Stone":139,"Bag of Preparation":30,"Juzu Bracelet":91,"Letter Opener":125,"Smiling Mask":23,"Nuclear Battery":52,"Frozen Eye":91,"Dream Catcher":91,"Centennial Puzzle":129,"Shuriken":148,"Bloody Idol":91,"Strawberry":125,"Black Star":108,"Cracked Core":0,"Symbiotic Virus":139,"Toy Ornithopter":161,"Pocketwatch":148}],"Toy Ornithopter":0,"Pocketwatch":[19]},"card_choices":[{"not_picked":["Stack","Gash"],"picked":"Undo","floor":1.0},{"not_picked":["Barrage","Turbo"],"picked":"Cold Snap","floor":2.0},{"not_picked":["Aggregate","Skim"],"picked":"Ball Lightning","floor":4.0},{"not_picked":["Reinforced Body","Doom and Gloom"],"picked":"Chill","floor":5.0},{"not_picked":["Turbo","Steam"],"picked":"Machine Learning","floor":7.0},{"not_picked":["Leap","Lockon"],"picked":"Skim","floor":11.0},{"not_picked":["Force Field","Beam Cell"],"picked":"Conserve Battery","floor":12.0},{"not_picked":["Aggregate","Sweeping Beam"],"picked":"Hologram","floor":14.0},{"not_picked":["Seek","Thunder Strike"],"picked":"Electrodynamics","floor":16.0},{"not_picked":["Coolheaded","Chaos"],"picked":"Glacier+1","floor":18.0},{"not_picked":["Rebound","Hologram"],"picked":"Auto Shields+1","floor":20.0},{"not_picked":["Ball Lightning","Coolheaded+1"],"picked":"Defragment","floor":21.0},{"not_picked":["Rebound","Gash","Recycle"],"picked":"SKIP","floor":22.0},{"not_picked":["Rebound","Leap+1"],"picked":"Sweeping Beam","floor":23.0},{"not_picked":["Chaos","Go for the Eyes","Conserve Battery"],"picked":"SKIP","floor":24.0},{"not_picked":["Undo","Buffer"],"picked":"Coolheaded+1","floor":31.0},{"not_picked":["Stack+1","BootSequence+1"],"picked":"Barrage+1","floor":32.0},{"not_picked":["Rainbow","Reboot"],"picked":"Amplify","floor":33.0},{"not_picked":["Coolheaded+1","Tempest","Sunder"],"picked":"SKIP","floor":35.0},{"not_picked":["Conserve Battery","Hologram","Gash"],"picked":"SKIP","floor":36.0},{"not_picked":["Recycle","Cold Snap","FTL+1"],"picked":"SKIP","floor":40.0},{"not_picked":["Recycle","Cold Snap","FTL+1"],"picked":"SKIP","floor":40.0},{"not_picked":["Redo","Cold Snap+1","Barrage"],"picked":"SKIP","floor":41.0},{"not_picked":["Leap+1","White Noise+1"],"picked":"Consume","floor":44.0},{"not_picked":["Electrodynamics","Beam Cell","Chill+1"],"picked":"SKIP","floor":46.0},{"not_picked":["Steam Power","Tempest+1","Turbo"],"picked":"SKIP","floor":48.0}],"player_experience":154282,"relics_obtained":[{"floor":7.0,"key":"Smiling Mask"},{"floor":11.0,"key":"Calipers"},{"floor":24.0,"key":"Dream Catcher"},{"floor":26.0,"key":"Juzu Bracelet"},{"floor":29.0,"key":"Nilry\u0027s Codex"},{"floor":40.0,"key":"Letter Opener"},{"floor":40.0,"key":"Strawberry"},{"floor":43.0,"key":"Centennial Puzzle"},{"floor":44.0,"key":"Oddly Smooth Stone"},{"floor":44.0,"key":"Symbiotic Virus"},{"floor":46.0,"key":"Shuriken"},{"floor":46.0,"key":"Pocketwatch"},{"floor":48.0,"key":"Potion Belt"},{"floor":48.0,"key":"Toy Ornithopter"}],"event_choices":[{"damage_healed":0.0,"max_hp_gain":0.0,"max_hp_loss":0.0,"gold_gain":30.0,"event_name":"Dead Adventurer","player_choice":"Searched \u00273\u0027 times","floor":12.0,"gold_loss":0.0,"damage_taken":0.0,"relics_obtained":["Bag of Preparation"]},{"damage_healed":0.0,"max_hp_gain":0.0,"max_hp_loss":6.0,"gold_gain":0.0,"event_name":"Golden Idol","player_choice":"Lose Max HP","floor":13.0,"gold_loss":0.0,"damage_taken":0.0,"relics_obtained":["Golden Idol"]},{"damage_healed":0.0,"max_hp_gain":0.0,"max_hp_loss":0.0,"gold_gain":0.0,"event_name":"Ghosts","player_choice":"Ignored","floor":28.0,"gold_loss":0.0,"damage_taken":0.0},{"damage_healed":0.0,"max_hp_gain":0.0,"max_hp_loss":0.0,"gold_gain":0.0,"event_name":"Cursed Tome","player_choice":"Obtained Book","floor":29.0,"gold_loss":0.0,"damage_taken":16.0},{"damage_healed":0.0,"max_hp_gain":0.0,"max_hp_loss":0.0,"gold_gain":0.0,"event_name":"Forgotten Altar","player_choice":"Gave Idol","floor":30.0,"relics_lost":["Golden Idol"],"gold_loss":0.0,"damage_taken":0.0,"relics_obtained":["Bloody Idol"]},{"damage_healed":0.0,"max_hp_gain":0.0,"max_hp_loss":0.0,"gold_gain":0.0,"event_name":"Winding Halls","player_choice":"Embrace Madness","floor":38.0,"gold_loss":0.0,"damage_taken":9.0,"cards_obtained":["Madness","Madness"]},{"damage_healed":0.0,"max_hp_gain":0.0,"max_hp_loss":0.0,"gold_gain":0.0,"cards_transformed":["Defend_B"],"event_name":"Transmorgrifier","player_choice":"Transformed","floor":39.0,"gold_loss":0.0,"damage_taken":0.0,"cards_obtained":["Core Surge"]},{"cards_removed":["Core Surge"],"damage_healed":0.0,"max_hp_gain":0.0,"max_hp_loss":0.0,"gold_gain":0.0,"event_name":"Falling","player_choice":"Removed Attack","floor":45.0,"gold_loss":0.0,"damage_taken":0.0}],"is_beta":false,"boss_relics":[{"not_picked":["Snecko Eye","SlaversCollar"],"picked":"Nuclear Battery"},{"not_picked":["Velvet Choker","SacredBark"],"picked":"Black Star"}],"items_purged_floors":[8,19,27,37,53],"is_endless":false,"potions_floor_spawned":[1,4,5,12,20,21,23,33,35,40,44,46],"killed_by":"Shield and Spear","ascension_level":4}}