{"host":"ppqll9nf92xyjrj9","time":1613883496,"event":{"mods":["Act Like it!","Arknights","BaseMod","Bestiary","Better Third Choice","Bossed Relics","Curses Come First","Ekko","Evolution","Hermit","Jorbs\u0027s Wanderer Trilogy","Keyboard Shortcuts","Marked Mod","Minty Spire (QoL Compilation)","Relic Stats","Shapeshifter Mod","Spicy Shops","StS++","StSLib","The Marked","The Runesmith","Weighted Paths","【遗物卡牌】REMEMod"],"gold_per_floor":[110,129,145,20,20,49,49,49,49,49,81,121,121,148,148,261,261,307,307,222,222,0,30,30,58,58,103,129,109,155,186,186,302,302,334,364,364,389,419,419,34,60,122,122,32,32,96,96,96],"floor_reached":48,"language":"ENG","playtime":5124,"items_purged":["ats:Soul Rend","ats:Blood Oath"],"score":505,"play_id":"36de2095-a96d-434f-9934-4cf899158832","local_time":"20210220205815","is_ascension_mode":false,"campfire_choices":[{"data":"ats:Calcification","floor":8,"key":"SMITH"},{"data":"ats:Automatic Cover","floor":13,"key":"SMITH"},{"data":"ats:Very Hot Blade","floor":15,"key":"SMITH"},{"data":"ats:Burning Ground","floor":24,"key":"SMITH"},{"data":"ats:Support Order","floor":32,"key":"SMITH"},{"data":"ats:Guardian Obelisk","floor":40,"key":"SMITH"},{"floor":46,"key":"REST"}],"circlet_count":0,"master_deck":["ats:Hammer On+1","ats:Ignite+1","ats:Leaping Hammer+1","ats:Armor Crushing Shot+1","ats:Defend","ats:Defend","ats:Defend","ats:Defend+1","ats:Emotion Absorption","LessonLearned","ats:Calcification+1","ats:Echo Reverb+1","ats:Roar Of Ursus","ats:True Silver Slash+1","ats:Disruption Kick+1","ats:Fractured Body+1","ats:Nebulous Foxfire","ats:Ambush","ats:Rat Pack+1","ats:Volcano+1","ats:Wolf Pack+1","ats:Shadow Assault","ats:Sunburst","ats:Very Hot Blade+1","ats:Support Order+1","ats:Automatic Cover+1","ats:Volcano","ats:Demon Strength","ats:Charging Defense","ats:Shell Defense","J.A.X.","ats:Burning Ground+1","ats:Apocalypse","ats:Roar Of Ursus","ats:Guardian Obelisk+1","Parasite","ats:Part Time Job+1","ats:Thorns","ats:Revitalization+1"],"relics":["EVO:Axolotl","REME_ComplimentaryCards","StSpp:CrystalBall","ats:Originium","ats:Gyao","REME_HandOfSuture","Ornamental Fan","War Paint","Happy Flower","Astrolabe","Lantern","Whetstone","Shuriken","Question Card","Nunchaku","Busted Crown","Unceasing Top","Regal Pillow","Gambling Chip","ats:Spiritual Recovery"],"acts_visited":["Exordium","TheCity","TheBeyond"],"potions_floor_usage":[30,30,33,36],"damage_taken":[{"damage":11,"enemies":"2 Louse","floor":1,"turns":7},{"damage":0,"enemies":"Small Slimes","floor":2,"turns":4},{"damage":19,"enemies":"Cultist","floor":3,"turns":7},{"damage":15,"enemies":"Lagavulin","floor":6,"turns":10},{"damage":6,"enemies":"3 Louse","floor":11,"turns":3},{"damage":8,"enemies":"Gremlin Nob","floor":12,"turns":6},{"damage":9,"enemies":"2 Fungi Beasts","floor":14,"turns":10},{"damage":79,"enemies":"Hexaghost","floor":16,"turns":15},{"damage":28,"enemies":"2 Thieves","floor":18,"turns":4},{"damage":0,"enemies":"Spheric Guardian","floor":23,"turns":4},{"damage":17,"enemies":"Snake Plant","floor":25,"turns":6},{"damage":17,"enemies":"Gremlin Leader","floor":27,"turns":9},{"damage":17,"enemies":"Centurion and Healer","floor":28,"turns":9},{"damage":18,"enemies":"Slavers","floor":30,"turns":12},{"damage":29,"enemies":"Chosen and Byrds","floor":31,"turns":9},{"damage":31,"enemies":"Collector","floor":33,"turns":10},{"damage":11,"enemies":"Orb Walker","floor":35,"turns":5},{"damage":40,"enemies":"3 Darklings","floor":36,"turns":6},{"damage":30,"enemies":"Writhing Mass","floor":38,"turns":9},{"damage":16,"enemies":"Transient","floor":39,"turns":5},{"damage":59,"enemies":"Spire Growth","floor":42,"turns":8},{"damage":70,"enemies":"4 Shapes","floor":48,"turns":3}],"seed_played":"-337780306165775664","potions_obtained":[{"floor":6,"key":"AttackPotion"},{"floor":11,"key":"ats:Emergency Sanity Potion"},{"floor":14,"key":"ats:Emergency Sanity Potion"},{"floor":16,"key":"ats:Burn Small Potion"},{"floor":23,"key":"Block Potion"},{"floor":28,"key":"Energy Potion"},{"floor":30,"key":"Explosive Potion"},{"floor":38,"key":"Energy Potion"}],"is_trial":false,"path_per_floor":["M","M","M","$","?","E","?","R","T","?","M","E","R","M","R","B",null,"M","?","?","?","$","M","R","M","T","E","M","?","E","M","R","B",null,"M","M","?","M","M","R","$","M","T","?","$","R","T","M"],"character_chosen":"DOCTOR_CLASS","items_purchased":["ats:Automatic Cover","Whetstone","Unceasing Top","Gambling Chip"],"campfire_rested":1,"item_purchase_floors":[4,22,41,45],"current_hp_per_floor":[61,67,54,54,59,65,58,58,58,58,53,52,52,59,59,26,77,55,55,55,55,55,62,62,49,49,59,71,71,61,42,42,37,77,70,54,54,48,45,45,45,16,16,16,16,54,54,0,0],"gold":96,"neow_bonus":"BOSS_RELIC","is_daily":false,"chose_seed":false,"campfire_upgraded":6,"win_rate":0.0,"timestamp":1613883495,"path_taken":["M","M","M","$","?","E","?","R","T","?","?","E","R","M","R","BOSS","M","?","?","?","$","M","R","M","T","E","M","?","E","M","R","BOSS","M","?","?","M","M","R","$","M","T","?","$","R","?","?"],"items_purchased_type":["Card","Relic","Relic","Relic"],"build_version":"2020-12-22","purchased_purges":2,"victory":false,"max_hp_per_floor":[72,72,72,72,77,77,77,77,77,77,77,77,77,77,77,77,77,77,77,77,77,77,77,77,77,77,77,77,77,77,77,77,77,77,77,77,77,77,77,77,77,77,77,77,77,77,77,77,77],"relic_stats":{"Regal Pillow":15,"Happy Flower":[41],"counters":[22,160],"Astrolabe":[],"Whetstone":["ats:Wolf Pack","ats:Leaping Hammer"],"War Paint":["ats:Echo Reverb","ats:Rat Pack"],"Question Card":9,"Nunchaku":[7],"Busted Crown":10,"Ornamental Fan":[36],"Shuriken":[7],"Gambling Chip":[0],"obtain_stats":[{"ats:Spiritual Recovery":47,"Lantern":20,"Regal Pillow":43,"Happy Flower":12,"Astrolabe":17,"EVO:Axolotl":0,"Whetstone":22,"War Paint":10,"Question Card":27,"StSpp:CrystalBall":0,"ats:Gyao":6,"Nunchaku":30,"Busted Crown":34,"ats:Originium":6,"Ornamental Fan":9,"Shuriken":26,"Gambling Chip":45,"REME_HandOfSuture":7,"ats:Sanity":0,"Unceasing Top":41,"REME_ComplimentaryCards":0},{"ats:Spiritual Recovery":21,"Lantern":9,"Regal Pillow":21,"Happy Flower":6,"Astrolabe":8,"EVO:Axolotl":0,"Whetstone":9,"War Paint":4,"Question Card":12,"StSpp:CrystalBall":0,"ats:Gyao":4,"Nunchaku":14,"Busted Crown":16,"ats:Originium":4,"Ornamental Fan":4,"Shuriken":11,"Gambling Chip":21,"REME_HandOfSuture":4,"ats:Sanity":0,"Unceasing Top":20,"REME_ComplimentaryCards":0},{"ats:Spiritual Recovery":157,"Lantern":65,"Regal Pillow":157,"Happy Flower":36,"Astrolabe":61,"EVO:Axolotl":0,"Whetstone":65,"War Paint":28,"Question Card":84,"StSpp:CrystalBall":0,"ats:Gyao":28,"Nunchaku":105,"Busted Crown":124,"ats:Originium":28,"Ornamental Fan":28,"Shuriken":75,"Gambling Chip":157,"REME_HandOfSuture":28,"ats:Sanity":0,"Unceasing Top":149,"REME_ComplimentaryCards":0}],"Unceasing Top":[0]},"card_choices":[{"not_picked":["ats:Blood Oath","ats:Consecutive Shot Auto"],"picked":"ats:Sunburst","floor":1},{"not_picked":["ats:Explosion Area Strengthen","ats:Revitalization"],"picked":"ats:Very Hot Blade","floor":2},{"not_picked":["ats:Curse Doll","ats:Assault Order"],"picked":"ats:Support Order","floor":3},{"not_picked":["ats:Steam Pump","ats:Poison Spread"],"picked":"ats:Volcano","floor":6},{"not_picked":["ats:Assault Order","ats:Hammer On"],"picked":"ats:Demon Strength","floor":11},{"not_picked":["ats:Powerful Strike","ats:Encircling Forest"],"picked":"ats:Charging Defense","floor":12},{"not_picked":["ats:Leaping Hammer","ats:Powerful Strike"],"picked":"ats:Shell Defense","floor":14},{"not_picked":["ats:Durian","ats:Shadow Assault"],"picked":"ats:Soul Rend","floor":16},{"not_picked":["ats:Directed Diagnosis","ats:Closed Bolt Burst Fire","ats:Charging Defense"],"picked":"SKIP","floor":18},{"not_picked":["ats:Curse Doll+1","ats:Cat Scratch"],"picked":"ats:Burning Ground","floor":23},{"not_picked":["ats:Powerful Strike","ats:Poison Spread","ats:Closed Bolt Burst Fire"],"picked":"SKIP","floor":25},{"not_picked":["ats:Literary Storm","ats:Serious Mode","ats:Sashimi Platter"],"picked":"SKIP","floor":27},{"not_picked":["ats:Absolute Focus","ats:Overload+1","ats:Hammer On","ats:Chain Hook"],"picked":"SKIP","floor":28},{"not_picked":["ats:Explosion Area Strengthen+1","ats:Fractured Body","ats:Assault Order","ats:Curse Doll"],"picked":"SKIP","floor":30},{"not_picked":["ats:Closed Bolt Burst Fire","ats:Literary Storm+1","ats:Shadow Assault"],"picked":"ats:Apocalypse","floor":31},{"not_picked":["ats:Durian","ats:Volcano","ats:Ambush"],"picked":"ats:Roar Of Ursus","floor":33},{"not_picked":["ats:Poison Spread"],"picked":"ats:Guardian Obelisk","floor":35},{"not_picked":["ats:Serious Mode","ats:Very Hot Blade"],"picked":"SKIP","floor":36},{"not_picked":["ats:Magnetic Hammer","ats:Flexible Camouflage"],"picked":"SKIP","floor":38},{"not_picked":["ats:Apocalypse+1"],"picked":"ats:Part Time Job+1","floor":39},{"not_picked":["ats:Blood Oath+1"],"picked":"ats:Revitalization+1","floor":42}],"player_experience":150847,"relics_obtained":[{"floor":6,"key":"ats:Originium"},{"floor":6,"key":"ats:Gyao"},{"floor":9,"key":"Ornamental Fan"},{"floor":12,"key":"ats:Originium"},{"floor":12,"key":"Happy Flower"},{"floor":26,"key":"Shuriken"},{"floor":27,"key":"ats:Originium"},{"floor":27,"key":"Question Card"},{"floor":30,"key":"ats:Originium"},{"floor":30,"key":"Nunchaku"},{"floor":43,"key":"Regal Pillow"},{"floor":47,"key":"ats:Spiritual Recovery"}],"event_choices":[{"damage_healed":0,"gold_gain":0,"player_choice":"Donut","damage_taken":0,"max_hp_gain":5,"max_hp_loss":0,"event_name":"Big Fish","floor":5,"gold_loss":0},{"damage_healed":0,"gold_gain":0,"player_choice":"Relic ","damage_taken":7,"max_hp_gain":0,"max_hp_loss":0,"event_name":"betterThird:BetterScrap","floor":7,"gold_loss":0,"cards_obtained":["Brutality"]},{"damage_healed":0,"gold_gain":0,"player_choice":"Gave Potion","damage_taken":0,"relics_obtained":["War Paint"],"max_hp_gain":0,"max_hp_loss":0,"event_name":"WeMeetAgain","floor":10,"gold_loss":0},{"cards_removed":["ats:Durian"],"damage_healed":0,"gold_gain":0,"player_choice":"Elegance","damage_taken":0,"max_hp_gain":0,"max_hp_loss":0,"event_name":"betterThird:BetterWriting","floor":19,"gold_loss":0},{"damage_healed":0,"gold_gain":0,"player_choice":"Obtained Relic","damage_taken":0,"relics_obtained":["Lantern"],"max_hp_gain":0,"max_hp_loss":0,"event_name":"Addict","floor":20,"gold_loss":85},{"damage_healed":0,"gold_gain":0,"player_choice":"Obtain J.A.X.","damage_taken":0,"max_hp_gain":0,"max_hp_loss":0,"event_name":"Drug Dealer","floor":21,"gold_loss":0,"cards_obtained":["J.A.X."]},{"damage_healed":0,"gold_gain":0,"player_choice":"Bought 1 Potion","damage_taken":0,"max_hp_gain":0,"max_hp_loss":0,"event_name":"The Woman in Blue","floor":29,"gold_loss":0},{"cards_removed":["ats:Dogmatic Field"],"damage_healed":0,"gold_gain":0,"player_choice":"Removed Power","damage_taken":0,"max_hp_gain":0,"max_hp_loss":0,"event_name":"Falling","floor":37,"gold_loss":0},{"damage_healed":0,"gold_gain":0,"player_choice":"Ignored","damage_taken":0,"max_hp_gain":0,"max_hp_loss":0,"event_name":"Tomb of Lord Red Mask","floor":44,"gold_loss":0}],"is_beta":false,"boss_relics":[{"not_picked":["Tiny House","REME_DemonsWealth"],"picked":"Astrolabe"},{"not_picked":["Cursed Key","StSpp:FireArrow"],"picked":"Busted Crown"}],"items_purged_floors":[22,41],"is_endless":false,"potions_floor_spawned":[6,11,14,16,23,28,30,38],"killed_by":"4 Shapes","ascension_level":0}}