{"host":"szp1d6dso4pv7ddl","time":1613948001,"event":{"mods":["AchievementEnabler","Alarm Clock","BaseMod","Bestiary","Block Reminder","Colored Map","Colored Powertips","Curses Come First","Dark Map","Displayed Cursed Tome","Highlight Path","Minty Spire (QoL Compilation)","Permanent Neow","Quick Restart","Relic Sorter","Relic Stats","StSLib","Synergy Search"],"gold_per_floor":[109,109,120,45,45,73,84,84,109,159,169,169,179,193,193,265,265,277,296,211,211,225,225,225],"floor_reached":23,"language":"ENG","playtime":890,"items_purged":[],"score":357,"play_id":"756a2acb-9ecd-4d4f-9b55-4ed392da8abf","local_time":"20210221145321","is_ascension_mode":true,"campfire_choices":[{"floor":8,"key":"REST"},{"floor":12,"key":"REST"},{"data":"Zap","floor":15,"key":"SMITH"}],"circlet_count":0,"master_deck":["AscendersBane","Strike_B","Strike_B","Strike_B","Defend_B","Defend_B","Defend_B","Defend_B","Zap+1","Dualcast","Ball Lightning","Chill","Go for the Eyes","Doom and Gloom","Double Energy","Electrodynamics","Ball Lightning","Zap+1"],"relics":["Cracked Core","Boot","InkBottle","StoneCalendar","Akabeko","Blood Vial","Philosopher\u0027s Stone","Potion Belt"],"acts_visited":["Exordium","TheCity"],"potions_floor_usage":[16,16],"damage_taken":[{"damage":1,"enemies":"Cultist","floor":1,"turns":3},{"damage":7,"enemies":"Jaw Worm","floor":3,"turns":2},{"damage":35,"enemies":"Lagavulin","floor":6,"turns":5},{"damage":0,"enemies":"2 Louse","floor":7,"turns":2},{"damage":0,"enemies":"Looter","floor":11,"turns":2},{"damage":0,"enemies":"Exordium Thugs","floor":13,"turns":3},{"damage":5,"enemies":"Red Slaver","floor":14,"turns":2},{"damage":24,"enemies":"Hexaghost","floor":16,"turns":7},{"damage":0,"enemies":"Chosen","floor":18,"turns":3},{"damage":16,"enemies":"3 Byrds","floor":19,"turns":2},{"damage":11,"enemies":"Centurion and Healer","floor":22,"turns":7},{"damage":44,"enemies":"Book of Stabbing","floor":23,"turns":4}],"seed_played":"5097760581392756117","potions_obtained":[{"floor":7,"key":"AttackPotion"},{"floor":11,"key":"ColorlessPotion"},{"floor":14,"key":"Strength Potion"},{"floor":19,"key":"BlessingOfTheForge"},{"floor":22,"key":"SpeedPotion"}],"is_trial":false,"path_per_floor":["M","T","M","?","?","E","M","R","T","?","M","R","M","M","R","B",null,"M","M","?","?","M","E"],"character_chosen":"DEFECT","items_purchased":[],"campfire_rested":2,"item_purchase_floors":[],"current_hp_per_floor":[63,63,56,56,38,3,3,24,24,24,26,47,49,46,46,24,59,61,47,47,47,38,0,0],"gold":225,"neow_bonus":"RANDOM_COMMON_RELIC","is_daily":false,"chose_seed":false,"campfire_upgraded":1,"win_rate":0.0,"timestamp":1613948001,"path_taken":["M","?","M","?","?","E","M","R","T","?","M","R","?","M","R","BOSS","M","M","?","?","?","E"],"items_purchased_type":[],"build_version":"2020-12-22","purchased_purges":0,"victory":false,"max_hp_per_floor":[71,71,71,71,71,71,71,71,71,71,71,71,71,71,71,71,71,71,71,71,71,71,71,71],"relic_stats":{"Blood Vial":16,"counters":[12,42],"StoneCalendar":[1],"Boot":[8],"obtain_stats":[{"Blood Vial":9,"Potion Belt":20,"StoneCalendar":5,"Philosopher\u0027s Stone":17,"Cracked Core":0,"Boot":0,"InkBottle":2,"Akabeko":6},{"Blood Vial":4,"Potion Belt":10,"StoneCalendar":2,"Philosopher\u0027s Stone":8,"Cracked Core":0,"Boot":0,"InkBottle":1,"Akabeko":3},{"Blood Vial":12,"Potion Belt":31,"StoneCalendar":5,"Philosopher\u0027s Stone":26,"Cracked Core":0,"Boot":0,"InkBottle":3,"Akabeko":10}],"InkBottle":[11]},"card_choices":[{"not_picked":["Sweeping Beam","Leap"],"picked":"Ball Lightning","floor":1},{"not_picked":["Go for the Eyes","Turbo","Chill"],"picked":"SKIP","floor":3},{"not_picked":["FTL","Reprogram"],"picked":"Chill","floor":6},{"not_picked":["Hello World","Beam Cell"],"picked":"Go for the Eyes","floor":7},{"not_picked":["Hologram","Ball Lightning"],"picked":"Doom and Gloom","floor":11},{"not_picked":["Stack","Conserve Battery"],"picked":"Double Energy","floor":13},{"not_picked":["Turbo","Steam Power","Hello World"],"picked":"SKIP","floor":14},{"not_picked":["Reboot","Rainbow"],"picked":"Electrodynamics","floor":16},{"not_picked":["Scrape","Stack"],"picked":"Ball Lightning","floor":18},{"not_picked":["Consume","Conserve Battery","Stack"],"picked":"SKIP","floor":19},{"not_picked":["Chaos","Cold Snap","Barrage"],"picked":"SKIP","floor":22}],"player_experience":1623784,"relics_obtained":[{"floor":2,"key":"InkBottle"},{"floor":6,"key":"Akabeko"},{"floor":9,"key":"Blood Vial"}],"event_choices":[{"cards_removed":["Strike_B"],"damage_healed":0,"gold_gain":0,"player_choice":"Card Removal","damage_taken":0,"max_hp_gain":0,"max_hp_loss":0,"event_name":"The Cleric","floor":4,"gold_loss":75},{"damage_healed":0,"gold_gain":0,"player_choice":"Success","damage_taken":18,"relics_obtained":["StoneCalendar"],"max_hp_gain":0,"max_hp_loss":0,"event_name":"Scrap Ooze","floor":5,"gold_loss":0},{"damage_healed":0,"gold_gain":50,"player_choice":"Pray","damage_taken":0,"max_hp_gain":0,"max_hp_loss":0,"event_name":"Golden Shrine","floor":10,"gold_loss":0},{"damage_healed":0,"gold_gain":0,"player_choice":"Obtained Relic","damage_taken":0,"relics_obtained":["Potion Belt"],"max_hp_gain":0,"max_hp_loss":0,"event_name":"Addict","floor":20,"gold_loss":85},{"damage_healed":0,"gold_gain":0,"player_choice":"Copied","damage_taken":0,"max_hp_gain":0,"max_hp_loss":0,"event_name":"Duplicator","floor":21,"gold_loss":0,"cards_obtained":["Zap"]}],"is_beta":false,"boss_relics":[{"not_picked":["Busted Crown","SlaversCollar"],"picked":"Philosopher\u0027s Stone"}],"items_purged_floors":[],"is_endless":false,"potions_floor_spawned":[7,11,14,19,22],"killed_by":"Book of Stabbing","ascension_level":17}}