{"host":"rb2p2z6v6vieend5","time":1613934046,"event":{"mods":["BaseMod","Block Reminder","Colored Map","DeckTracker","Highlight Path","Minty Spire (QoL Compilation)","Random Character Button","Relic Stats"],"gold_per_floor":[115,39,39,39,58,58,68,92,92,92,119,119,149,213,213,290,290,300,225,225,236,248,280,280,280],"floor_reached":24,"language":"ENG","playtime":1464,"items_purged":[],"score":366,"play_id":"81445e0d-90e0-4c55-b1b0-f3a90955c946","local_time":"20210221200046","is_ascension_mode":true,"campfire_choices":[{"data":"Dagger Spray","floor":6,"key":"SMITH"},{"data":"Metamorphosis","floor":10,"key":"SMITH"},{"data":"Footwork","floor":12,"key":"SMITH"},{"data":"Footwork","floor":15,"key":"SMITH"}],"circlet_count":0,"master_deck":["AscendersBane","Strike_G","Strike_G","Strike_G","Strike_G","Defend_G","Defend_G","Defend_G","Defend_G","Defend_G","Survivor","Neutralize","Metamorphosis+1","Dagger Spray+1","Footwork+1","Footwork+1","Well Laid Plans","Footwork+1","Envenom","Masterful Stab","Crippling Poison","Backstab"],"relics":["Ring of the Snake","Odd Mushroom","Bird Faced Urn","Art of War","Mummified Hand","Strawberry","SlaversCollar","Torii"],"acts_visited":["Exordium","TheCity"],"potions_floor_usage":[16,23],"damage_taken":[{"damage":2,"enemies":"2 Louse","floor":1,"turns":3},{"damage":0,"enemies":"Small Slimes","floor":5,"turns":3},{"damage":0,"enemies":"Cultist","floor":7,"turns":3},{"damage":7,"enemies":"The Mushroom Lair","floor":8,"turns":4},{"damage":10,"enemies":"Lagavulin","floor":11,"turns":8},{"damage":9,"enemies":"3 Sentries","floor":13,"turns":4},{"damage":6,"enemies":"3 Sentries","floor":14,"turns":5},{"damage":31,"enemies":"Hexaghost","floor":16,"turns":16},{"damage":18,"enemies":"Spheric Guardian","floor":18,"turns":5},{"damage":28,"enemies":"Chosen","floor":21,"turns":6},{"damage":11,"enemies":"Snake Plant","floor":22,"turns":6},{"damage":37,"enemies":"Book of Stabbing","floor":23,"turns":6},{"damage":10,"enemies":"Sentry and Sphere","floor":24,"turns":2}],"seed_played":"4700880560749222451","potions_obtained":[{"floor":7,"key":"Swift Potion"},{"floor":8,"key":"GhostInAJar"},{"floor":16,"key":"Dexterity Potion"},{"floor":23,"key":"Poison Potion"}],"is_trial":false,"path_per_floor":["M","$","?","?","M","R","M","?","T","R","E","R","E","?","R","B",null,"M","?","?","M","M","E","M"],"character_chosen":"THE_SILENT","items_purchased":["Footwork"],"campfire_rested":0,"item_purchase_floors":[2],"current_hp_per_floor":[61,61,61,61,61,61,61,54,54,54,46,46,41,48,48,25,59,49,49,49,29,28,1,0,0],"gold":280,"neow_bonus":"RANDOM_COLORLESS_2","is_daily":false,"chose_seed":false,"campfire_upgraded":4,"win_rate":0.0,"timestamp":1613934046,"path_taken":["M","$","?","?","?","R","M","?","T","R","E","R","E","?","R","BOSS","M","?","?","?","M","E","M"],"items_purchased_type":["Card"],"build_version":"2020-12-22","purchased_purges":0,"victory":false,"max_hp_per_floor":[63,63,63,63,63,63,63,63,63,63,63,63,63,70,70,70,70,70,70,70,70,70,70,70,70],"relic_stats":{"Torii":0,"counters":[13,71],"Mummified Hand":[30],"Bird Faced Urn":[62],"Art of War":[3],"obtain_stats":[{"SlaversCollar":17,"Torii":23,"Mummified Hand":13,"Bird Faced Urn":9,"Strawberry":14,"Art of War":11,"Odd Mushroom":8,"Ring of the Snake":0},{"SlaversCollar":8,"Torii":12,"Mummified Hand":6,"Bird Faced Urn":4,"Strawberry":6,"Art of War":5,"Odd Mushroom":4,"Ring of the Snake":0},{"SlaversCollar":46,"Torii":69,"Mummified Hand":25,"Bird Faced Urn":13,"Strawberry":25,"Art of War":21,"Odd Mushroom":13,"Ring of the Snake":0}],"Ring of the Snake":[26]},"card_choices":[{"not_picked":["Magnetism","Violence"],"picked":"Metamorphosis","floor":0},{"not_picked":["Dodge and Roll","Leg Sweep"],"picked":"Dagger Spray","floor":1},{"not_picked":["Slice","Flying Knee","Catalyst"],"picked":"SKIP","floor":5},{"not_picked":["Deflect","Tactician","Dagger Throw"],"picked":"SKIP","floor":7},{"not_picked":["Deflect","Flying Knee"],"picked":"Footwork","floor":11},{"not_picked":["Distraction","Burst"],"picked":"Well Laid Plans","floor":13},{"not_picked":["Setup","Blade Dance"],"picked":"Footwork","floor":14},{"not_picked":["Bullet Time","Doppelganger"],"picked":"Envenom","floor":16},{"not_picked":["Prepared","Acrobatics"],"picked":"Masterful Stab","floor":18},{"not_picked":["Tactician","Quick Slash"],"picked":"Crippling Poison","floor":21},{"not_picked":["All Out Attack","Deadly Poison","Flying Knee"],"picked":"SKIP","floor":22},{"not_picked":["Accuracy","Eviscerate"],"picked":"Backstab","floor":23}],"player_experience":790471,"relics_obtained":[{"floor":8,"key":"Odd Mushroom"},{"floor":9,"key":"Bird Faced Urn"},{"floor":11,"key":"Art of War"},{"floor":13,"key":"Mummified Hand"},{"floor":23,"key":"Torii"}],"event_choices":[{"damage_healed":0,"gold_gain":0,"player_choice":"Ignored","damage_taken":0,"max_hp_gain":0,"max_hp_loss":0,"event_name":"Liars Game","floor":3,"gold_loss":0},{"damage_healed":0,"gold_gain":0,"player_choice":"Upgraded","damage_taken":0,"max_hp_gain":0,"max_hp_loss":0,"event_name":"Upgrade Shrine","floor":4,"gold_loss":0,"cards_upgraded":["Footwork"]},{"damage_healed":0,"gold_gain":0,"player_choice":"Fought Mushrooms","damage_taken":0,"max_hp_gain":0,"max_hp_loss":0,"event_name":"Mushrooms","floor":8,"gold_loss":0},{"damage_healed":0,"gold_gain":0,"player_choice":"Searched \u00272\u0027 times","damage_taken":0,"relics_obtained":["Strawberry"],"max_hp_gain":0,"max_hp_loss":0,"event_name":"Dead Adventurer","floor":14,"gold_loss":0},{"cards_removed":["Strike_G"],"damage_healed":0,"gold_gain":0,"player_choice":"Gave Gold","damage_taken":0,"max_hp_gain":0,"max_hp_loss":0,"event_name":"Beggar","floor":19,"gold_loss":75},{"damage_healed":0,"gold_gain":0,"player_choice":"Bought 0 Potions","damage_taken":0,"max_hp_gain":0,"max_hp_loss":0,"event_name":"The Woman in Blue","floor":20,"gold_loss":0}],"is_beta":false,"boss_relics":[{"not_picked":["Fusion Hammer","Coffee Dripper"],"picked":"SlaversCollar"}],"items_purged_floors":[],"is_endless":false,"potions_floor_spawned":[7,8,13,16,22,23],"killed_by":"Sentry and Sphere","ascension_level":13}}