{"host":"wbn3xdfsa5pc2kse","time":1613879990,"event":{"mods":["AchievementEnabler","BaseMod","Bestiary","Colored Map","Colored Powertips","Curses Come First","Highlight Path","Minty Spire (QoL Compilation)","Permanent Neow","Rare Cards Sparkle","Relic Stats","StSLib"],"gold_per_floor":[116,132,144,156,176,176,208,263,263,298,312,11,11,35,35,107,107,119,130,130,130,144,144,144],"floor_reached":23,"language":"ZHT","playtime":726,"items_purged":["Strike_R"],"score":365,"play_id":"47cf4c1e-ee13-495b-821c-809ac1fe7d55","local_time":"20210221115950","is_ascension_mode":true,"campfire_choices":[{"data":"Wild Strike","floor":6,"key":"SMITH"},{"data":"Fiend Fire","floor":13,"key":"SMITH"},{"floor":15,"key":"REST"}],"circlet_count":0,"master_deck":["AscendersBane","Strike_R+1","Strike_R","Strike_R+1","Strike_R","Defend_R","Defend_R","Defend_R","Defend_R","Bash+1","Wild Strike+1","Spot Weakness","Flame Barrier","Headbutt","Shrug It Off","Fiend Fire+1","Armaments","Shrug It Off","Corruption","Shrug It Off","Pommel Strike","Shockwave"],"relics":["Burning Blood","Tiny Chest","Lantern","Whetstone","Bottled Flame","Blood Vial","Odd Mushroom","Coffee Dripper","Frozen Egg 2"],"acts_visited":["Exordium","TheCity"],"potions_floor_usage":[7,8,14,16,18],"damage_taken":[{"damage":10,"enemies":"Cultist","floor":1,"turns":5},{"damage":5,"enemies":"Small Slimes","floor":2,"turns":3},{"damage":7,"enemies":"Jaw Worm","floor":3,"turns":3},{"damage":8,"enemies":"3 Louse","floor":4,"turns":3},{"damage":5,"enemies":"Exordium Wildlife","floor":5,"turns":3},{"damage":18,"enemies":"3 Sentries","floor":7,"turns":8},{"damage":32,"enemies":"Lagavulin Event","floor":8,"turns":7},{"damage":15,"enemies":"Lagavulin","floor":10,"turns":6},{"damage":8,"enemies":"Blue Slaver","floor":11,"turns":3},{"damage":15,"enemies":"The Mushroom Lair","floor":14,"turns":7},{"damage":18,"enemies":"Slime Boss","floor":16,"turns":7},{"damage":14,"enemies":"2 Thieves","floor":18,"turns":3},{"damage":7,"enemies":"3 Byrds","floor":19,"turns":7},{"damage":19,"enemies":"Snake Plant","floor":22,"turns":3},{"damage":83,"enemies":"Slavers","floor":23,"turns":5}],"seed_played":"-5839104517046171601","potions_obtained":[{"floor":3,"key":"BlessingOfTheForge"},{"floor":4,"key":"Weak Potion"},{"floor":5,"key":"Block Potion"},{"floor":10,"key":"GamblersBrew"},{"floor":14,"key":"DistilledChaos"},{"floor":22,"key":"FairyPotion"}],"is_trial":false,"path_per_floor":["M","M","M","M","M","R","E","?","T","E","M","$","R","?","R","B",null,"M","M","?","T","M","E"],"character_chosen":"IRONCLAD","items_purchased":["Blood Vial","Weak Potion"],"campfire_rested":1,"item_purchase_floors":[12,12],"current_hp_per_floor":[64,65,64,62,63,63,51,25,25,16,14,14,14,7,29,19,61,55,56,56,56,45,0,0],"gold":144,"neow_bonus":"UPGRADE_CARD","is_daily":false,"chose_seed":false,"campfire_upgraded":2,"win_rate":0.0,"timestamp":1613879990,"path_taken":["M","M","M","M","?","R","E","?","T","E","M","$","R","?","R","BOSS","M","M","?","?","?","E"],"items_purchased_type":["Relic","Potion"],"build_version":"2020-12-22","purchased_purges":1,"victory":false,"max_hp_per_floor":[75,75,75,75,75,75,75,75,75,75,75,75,75,75,75,75,75,75,75,75,75,75,75,75],"relic_stats":{"Blood Vial":12,"counters":[15,73],"Tiny Chest":1,"Whetstone":["Strike_R","Strike_R"],"obtain_stats":[{"Blood Vial":12,"Lantern":8,"Bottled Flame":10,"Tiny Chest":7,"Coffee Dripper":17,"Whetstone":9,"Odd Mushroom":14,"Frozen Egg 2":21,"Burning Blood":0},{"Blood Vial":9,"Lantern":7,"Bottled Flame":8,"Tiny Chest":6,"Coffee Dripper":11,"Whetstone":7,"Odd Mushroom":10,"Frozen Egg 2":13,"Burning Blood":0},{"Blood Vial":41,"Lantern":32,"Bottled Flame":38,"Tiny Chest":25,"Coffee Dripper":55,"Whetstone":32,"Odd Mushroom":48,"Frozen Egg 2":65,"Burning Blood":0}],"Burning Blood":84},"card_choices":[{"not_picked":["Inflame","Body Slam"],"picked":"Wild Strike","floor":1},{"not_picked":["Searing Blow","Iron Wave"],"picked":"Spot Weakness","floor":2},{"not_picked":["Anger","Flex"],"picked":"Flame Barrier","floor":3},{"not_picked":["Thunderclap","Warcry"],"picked":"Headbutt","floor":4},{"not_picked":["Thunderclap","Power Through"],"picked":"Shrug It Off","floor":5},{"not_picked":["Inflame","Perfected Strike"],"picked":"Fiend Fire","floor":7},{"not_picked":["Uppercut","Perfected Strike"],"picked":"Armaments","floor":8},{"not_picked":["Clothesline","Wild Strike"],"picked":"Shrug It Off","floor":10},{"not_picked":["Armaments","Cleave","Sword Boomerang"],"picked":"SKIP","floor":11},{"not_picked":["Fiend Fire","Berserk"],"picked":"Corruption","floor":16},{"not_picked":["Havoc","Clothesline"],"picked":"Shrug It Off","floor":18},{"not_picked":["Warcry","Anger"],"picked":"Pommel Strike","floor":19},{"not_picked":["Shockwave","Clash","Entrench"],"picked":"SKIP","floor":22}],"player_experience":848872,"relics_obtained":[{"floor":7,"key":"Tiny Chest"},{"floor":8,"key":"Lantern"},{"floor":9,"key":"Whetstone"},{"floor":10,"key":"Bottled Flame"},{"floor":14,"key":"Odd Mushroom"},{"floor":21,"key":"Frozen Egg 2"}],"event_choices":[{"damage_healed":0,"gold_gain":0,"player_choice":"Searched \u00272\u0027 times","damage_taken":0,"max_hp_gain":0,"max_hp_loss":0,"event_name":"Dead Adventurer","floor":8,"gold_loss":0},{"damage_healed":0,"gold_gain":0,"player_choice":"Fought Mushrooms","damage_taken":0,"max_hp_gain":0,"max_hp_loss":0,"event_name":"Mushrooms","floor":14,"gold_loss":0},{"damage_healed":0,"gold_gain":0,"player_choice":"Read","damage_taken":0,"max_hp_gain":0,"max_hp_loss":0,"event_name":"The Library","floor":20,"gold_loss":0,"cards_obtained":["Shockwave"]}],"is_beta":false,"boss_relics":[{"not_picked":["Empty Cage","SacredBark"],"picked":"Coffee Dripper"}],"items_purged_floors":[12],"is_endless":false,"potions_floor_spawned":[3,4,5,10,14,22],"killed_by":"Slavers","ascension_level":16}}