{"host":"dxw0slwvk2p0izr3","time":1613922250,"event":{"mods":["BaseMod","Downfall","Minty Spire (QoL Compilation)","Replay The Spire","Shop Mod","StSLib"],"gold_per_floor":[99,99,99,99,99,99,99,109,137,148,148,181,181,331,345,345,345,345],"floor_reached":16,"language":"ZHS","playtime":409,"items_purged":[],"score":127,"play_id":"1ebb280d-eefd-48e3-921c-ea857ead7506","local_time":"20210221234410","is_ascension_mode":true,"campfire_choices":[{"data":"bronze:Replicate","floor":1.0,"key":"SMITH"},{"data":"bronze:ChosenStrike","floor":11,"key":"SMITH"},{"data":"bronze:Goto","floor":13,"key":"SMITH"}],"circlet_count":0,"master_deck":["bronze:Strike","bronze:Strike","bronze:Strike","bronze:Strike","bronze:Defend+1","bronze:Defend","bronze:Defend","bronze:Replicate+1","bronze:Goto+1","bronze:Branch","bronze:Hardcode","bronze:FineTuning+1","bronze:ChosenStrike+1","bronze:Optimize","downfall:Icky","bronze:Repulsor"],"relics":["bronze:BronzeCore","downfall:HeartsMalice","Gremlin Horn","War Paint","Ginger"],"acts_visited":["Exordium"],"potions_floor_usage":[],"damage_taken":[{"damage":0.0,"enemies":"Jaw Worm","floor":2.0,"turns":1.0},{"damage":0.0,"enemies":"Small Slimes","floor":3.0,"turns":1.0},{"damage":0.0,"enemies":"Cultist","floor":4.0,"turns":1.0},{"damage":6,"enemies":"Blue Slaver","floor":8,"turns":4},{"damage":25,"enemies":"Gremlin Nob","floor":9,"turns":4},{"damage":2,"enemies":"Exordium Wildlife","floor":10,"turns":3},{"damage":25,"enemies":"Lagavulin","floor":12,"turns":6},{"damage":3,"enemies":"downfall:LooterAlt","floor":15,"turns":2},{"damage":26,"enemies":"IC_STATUS_ARCHETYPE","floor":16,"turns":2}],"seed_played":"-2100551055240661473","potions_obtained":[{"floor":8,"key":"SpeedPotion"},{"floor":12,"key":"Guardian:BlockOnCardUsePotion"},{"floor":15,"key":"champ:CounterPotion"}],"is_trial":false,"path_per_floor":["R","M","M","M","?","?","T","M","E","M","R","E","R","?","M","B"],"character_chosen":"THE_AUTOMATON","items_purchased":[],"campfire_rested":0,"item_purchase_floors":[],"current_hp_per_floor":[70,70,70,70,70,70,70,64,39,37,37,12,12,12,9,0,0,0],"gold":345,"neow_bonus":"THREE_ENEMY_KILL","is_daily":false,"chose_seed":false,"campfire_upgraded":3,"win_rate":0.0,"timestamp":1613922250,"path_taken":["R","M","M","M","?","?","T","?","E","M","R","E","R","?","M","BOSS"],"items_purchased_type":[],"build_version":"2020-12-22","purchased_purges":0,"victory":false,"max_hp_per_floor":[70,70,70,70,70,70,70,70,70,70,70,70,70,70,70,70,70,70],"card_choices":[{"not_picked":["bronze:DelayedSlice","bronze:Constructor","bronze:WildBeam"],"picked":"SKIP","floor":2.0},{"not_picked":["bronze:BronzeArmor","bronze:Frontload"],"picked":"bronze:Branch","floor":3.0},{"not_picked":["bronze:Boost","bronze:Frontload"],"picked":"bronze:Hardcode","floor":4},{"not_picked":["bronze:CutThrough","bronze:DelayedSlice"],"picked":"bronze:FineTuning","floor":8},{"not_picked":["bronze:Refactor","bronze:Shell"],"picked":"bronze:ChosenStrike","floor":9},{"not_picked":["bronze:Backtrace","bronze:FollowUp","bronze:Deprecate"],"picked":"SKIP","floor":10},{"not_picked":["bronze:Constructor","bronze:DigitalCarnage"],"picked":"bronze:Optimize","floor":12},{"not_picked":["bronze:DelayedSlice","bronze:ForceShield"],"picked":"bronze:Repulsor","floor":15}],"player_experience":124027,"relics_obtained":[{"floor":7,"key":"Gremlin Horn"},{"floor":9,"key":"War Paint"},{"floor":12,"key":"Ginger"}],"event_choices":[{"cards_removed":["bronze:Defend"],"damage_healed":0,"gold_gain":0,"player_choice":"Offered Basic","damage_taken":0,"max_hp_gain":0,"max_hp_loss":0,"event_name":"Bonfire Elementals","floor":6,"gold_loss":0}],"is_beta":false,"boss_relics":[],"items_purged_floors":[],"is_endless":false,"potions_floor_spawned":[8,12,15],"killed_by":"IC_STATUS_ARCHETYPE","ascension_level":4}}