{"host":"test","time":1613898031,"event":{"mods":["BaseMod","Colored Map","Colored Powertips","Minty Spire (QoL Compilation)","Relic Stats","SpireBot","StSLib","Twitch Utils","ojb\u0027s Better Paths Mod","ojb\u0027s Info Mod"],"gold_per_floor":[119,133,58,21,38,38,53,81,104,104,104,136,148,167,167,238,238,252,252,252,270,11,11,11],"floor_reached":23,"language":"JPN","playtime":967,"items_purged":["Strike_G"],"score":402,"play_id":"37a0f46b-2b29-4084-b0a1-08bfc9a39756","local_time":"20210221180031","is_ascension_mode":true,"campfire_choices":[{"data":"Bane","floor":6,"key":"SMITH"},{"data":"Skewer","floor":11,"key":"SMITH"},{"data":"Neutralize","floor":15,"key":"SMITH"}],"circlet_count":0,"master_deck":["AscendersBane","Strike_G","Strike_G","Strike_G","Defend_G","Defend_G","Defend_G","Defend_G","Defend_G","Survivor","Neutralize+1","Bane+1","Skewer+1","Poisoned Stab","Masterful Stab","PiercingWail","Prepared","Acrobatics","Glass Knife","Underhanded Strike","Burst"],"relics":["Busted Crown","Bronze Scales","Art of War","Anchor","Snecko Eye","The Courier"],"acts_visited":["Exordium","TheCity"],"potions_floor_usage":[8,16,16,23,23],"damage_taken":[{"damage":1,"enemies":"Cultist","floor":1,"turns":5},{"damage":0,"enemies":"2 Louse","floor":2,"turns":4},{"damage":6,"enemies":"Small Slimes","floor":5,"turns":4},{"damage":1,"enemies":"2 Fungi Beasts","floor":7,"turns":4},{"damage":12,"enemies":"3 Sentries","floor":8,"turns":9},{"damage":16,"enemies":"Lagavulin","floor":12,"turns":4},{"damage":0,"enemies":"Exordium Wildlife","floor":13,"turns":3},{"damage":1,"enemies":"Exordium Thugs","floor":14,"turns":4},{"damage":21,"enemies":"Slime Boss","floor":16,"turns":7},{"damage":10,"enemies":"Shell Parasite","floor":18,"turns":4},{"damage":9,"enemies":"Chosen","floor":21,"turns":3},{"damage":36,"enemies":"Gremlin Leader","floor":23,"turns":5}],"seed_played":"1397544486090036602","potions_obtained":[{"floor":1,"key":"Fire Potion"},{"floor":5,"key":"Ancient Potion"},{"floor":12,"key":"SkillPotion"},{"floor":14,"key":"CunningPotion"}],"is_trial":false,"path_per_floor":["M","M","?","$","M","R","M","E","T","?","R","E","M","M","R","B",null,"M","?","T","M","$","E"],"character_chosen":"THE_SILENT","items_purchased":["Skewer","Underhanded Strike","SteroidPotion","AttackPotion","Burst"],"campfire_rested":0,"item_purchase_floors":[4,22,22,22,22],"current_hp_per_floor":[58,58,58,58,52,52,51,39,39,39,39,23,23,22,22,1,50,40,40,40,31,31,0,0],"gold":11,"neow_bonus":"BOSS_RELIC","is_daily":false,"chose_seed":true,"campfire_upgraded":3,"win_rate":0.0,"timestamp":1613898031,"path_taken":["M","?","?","$","M","R","M","E","T","?","R","E","M","M","R","BOSS","M","?","?","?","$","E"],"items_purchased_type":["Card","Card","Potion","Potion","Card"],"build_version":"2020-12-18","purchased_purges":1,"victory":false,"max_hp_per_floor":[66,66,66,66,66,66,66,66,66,66,66,66,66,66,66,66,66,66,66,66,66,66,66,66],"relic_stats":{"Busted Crown":22,"counters":[12,56],"Bronze Scales":[69],"Snecko Eye":[20,23,23,13],"Art of War":[2],"obtain_stats":[{"Anchor":12,"Busted Crown":0,"Bronze Scales":8,"Snecko Eye":17,"The Courier":20,"Art of War":9,"Ring of the Snake":0},{"Anchor":6,"Busted Crown":0,"Bronze Scales":5,"Snecko Eye":9,"The Courier":10,"Art of War":5,"Ring of the Snake":0},{"Anchor":30,"Busted Crown":0,"Bronze Scales":26,"Snecko Eye":44,"The Courier":48,"Art of War":26,"Ring of the Snake":0}]},"card_choices":[{"not_picked":["Expertise"],"picked":"SKIP","floor":1},{"not_picked":[],"picked":"Bane","floor":2},{"not_picked":[],"picked":"Poisoned Stab","floor":5},{"not_picked":[],"picked":"Masterful Stab","floor":7},{"not_picked":[],"picked":"PiercingWail","floor":8},{"not_picked":["Reflex"],"picked":"SKIP","floor":12},{"not_picked":[],"picked":"Prepared","floor":13},{"not_picked":[],"picked":"Acrobatics","floor":14},{"not_picked":[],"picked":"Glass Knife","floor":16},{"not_picked":["Expertise"],"picked":"SKIP","floor":18},{"not_picked":["Acrobatics"],"picked":"SKIP","floor":21}],"player_experience":2097888,"relics_obtained":[{"floor":8,"key":"Bronze Scales"},{"floor":9,"key":"Art of War"},{"floor":12,"key":"Anchor"},{"floor":20,"key":"The Courier"}],"event_choices":[{"cards_removed":["Strike_G"],"damage_healed":0,"gold_gain":0,"player_choice":"Card Removal","damage_taken":0,"max_hp_gain":0,"max_hp_loss":0,"event_name":"The Cleric","floor":3,"gold_loss":75},{"damage_healed":0,"gold_gain":0,"player_choice":"Ignored","damage_taken":0,"max_hp_gain":0,"max_hp_loss":0,"event_name":"Liars Game","floor":10,"gold_loss":0},{"damage_healed":0,"gold_gain":0,"player_choice":"Ignored","damage_taken":0,"max_hp_gain":0,"max_hp_loss":0,"event_name":"Vampires","floor":19,"gold_loss":0}],"is_beta":true,"boss_relics":[{"not_picked":["Velvet Choker","SacredBark"],"picked":"Snecko Eye"}],"items_purged_floors":[22],"is_endless":false,"potions_floor_spawned":[1,5,12,14],"killed_by":"Gremlin Leader","ascension_level":20}}