{"host":"agga6lej02o7kt08","time":1613920963,"event":{"mods":["Act Like it!","Arknights","Aspiration","BaseMod","Better Third Choice","BetterRewards","Colored Map","Colored Powertips","Hubris","Minty Spire (QoL Compilation)","Spicy Shops","StSLib","¡¼?Úª?ø«¡½REMEMod"],"gold_per_floor":[117,117,127,127,146,176,187,217,217,236,248,266,166,201,201,201,201],"floor_reached":16,"language":"KOR","playtime":691,"items_purged":["ats:Strike V","ats:Defend"],"score":235,"play_id":"0bdead02-bb43-4708-ab1a-df9d0f658228","local_time":"20210222002243","is_ascension_mode":true,"campfire_choices":[{"floor":15,"key":"REST"}],"circlet_count":0,"master_deck":["ats:Strike C","ats:Strike G","ats:Strike S","ats:Armor Crushing Shot","ats:Defend","ats:Defend","ats:Defend","ats:Emotion Absorption","REME_Flogging","ats:Serious Mode","ats:Dogmatic Field"],"relics":["ats:Sanity","REME_ComplimentaryCards","Turnip","ats:Emergency Defibrillator","aspiration:DSix","hubris:MedicalManual","hubris:Metronome","Centennial Puzzle","ats:Hidden Killer","ats:Originium","hubris:SphereOfDissonance","Tiny Chest","Bronze Scales"],"acts_visited":["Exordium"],"potions_floor_usage":[6,14,16],"damage_taken":[{"damage":0,"enemies":"ats:Genji","floor":1,"turns":3},{"damage":1,"enemies":"Jaw Worm","floor":3,"turns":2},{"damage":0,"enemies":"2 Louse","floor":5,"turns":2},{"damage":8,"enemies":"Gremlin Nob","floor":6,"turns":3},{"damage":10,"enemies":"2 Fungi Beasts","floor":7,"turns":4},{"damage":40,"enemies":"3 Sentries","floor":8,"turns":9},{"damage":1,"enemies":"Exordium Wildlife","floor":10,"turns":3},{"damage":0,"enemies":"Red Slaver","floor":11,"turns":2},{"damage":0,"enemies":"2 Fungi Beasts","floor":12,"turns":1},{"damage":0,"enemies":"Gremlin Nob","floor":14,"turns":2},{"damage":35,"enemies":"The Guardian","floor":16,"turns":5}],"seed_played":"-8307495118277441153","potions_obtained":[{"floor":1,"key":"LiquidMemories"},{"floor":6,"key":"ats:Emergency Sanity Potion"},{"floor":8,"key":"ats:Burn Small Potion"},{"floor":12,"key":"GamblersBrew"},{"floor":14,"key":"SkillPotion"}],"is_trial":false,"path_per_floor":["M","?","M","?","M","E","M","E","T","M","M","M","$","E","R","B"],"character_chosen":"DOCTOR_CLASS","items_purchased":["hubris:Metronome","SteroidPotion"],"campfire_rested":1,"item_purchase_floors":[0,0],"current_hp_per_floor":[30,30,29,26,26,54,44,4,4,3,3,3,3,3,24,0,0],"gold":201,"neow_bonus":"","is_daily":false,"chose_seed":false,"campfire_upgraded":0,"win_rate":0.0,"timestamp":1613920963,"path_taken":["M","?","?","?","M","E","M","E","T","M","M","M","$","E","R","BOSS"],"items_purchased_type":["Relic","Potion"],"build_version":"2020-12-22","purchased_purges":2,"victory":false,"max_hp_per_floor":[72,72,72,72,72,72,72,72,72,72,72,72,72,72,72,72,72],"card_choices":[{"not_picked":["ats:Cat Scratch","ats:Thermite Blade","ats:Ignite"],"picked":"SKIP","floor":1},{"not_picked":["ats:Counter Healing Mode","ats:Rapid Magazine","ats:Assault Order"],"picked":"SKIP","floor":3},{"not_picked":["ats:Consecutive Shot Auto","ats:Sunburst","ats:Closed Bolt Burst Fire"],"picked":"SKIP","floor":5},{"not_picked":["ats:Sashimi Platter","ats:Leaping Hammer"],"picked":"ats:Soul Absorption","floor":6},{"not_picked":["ats:Flexible Camouflage","ats:Hook Shot","ats:Curse Doll"],"picked":"SKIP","floor":7},{"not_picked":["ats:Overload","ats:Poison Spread"],"picked":"ats:Serious Mode","floor":8},{"not_picked":["ats:Magnetic Hammer","ats:Counter Healing Mode","ats:Curse Doll"],"picked":"SKIP","floor":10},{"not_picked":["ats:Sword Rain","ats:Flexible Camouflage"],"picked":"ats:Dogmatic Field","floor":11},{"not_picked":["ats:Defend Order","ats:Powerful Strike","ats:Absolute Focus"],"picked":"SKIP","floor":12},{"not_picked":["ats:Flame Of Heaven","ats:Poison Spread","ats:Assault Order"],"picked":"SKIP","floor":14}],"player_experience":883433,"relics_obtained":[{"floor":6,"key":"ats:Originium"},{"floor":6,"key":"hubris:SphereOfDissonance"},{"floor":8,"key":"ats:Originium"},{"floor":8,"key":"Tiny Chest"},{"floor":14,"key":"ats:Originium"},{"floor":14,"key":"Bronze Scales"}],"event_choices":[{"damage_healed":0,"gold_gain":0,"player_choice":"Gave Potion","damage_taken":0,"relics_obtained":["Centennial Puzzle"],"max_hp_gain":0,"max_hp_loss":0,"event_name":"WeMeetAgain","floor":2,"gold_loss":0},{"damage_healed":0,"gold_gain":0,"player_choice":"Relic ","damage_taken":3,"max_hp_gain":0,"max_hp_loss":0,"event_name":"betterThird:BetterScrap","floor":4,"gold_loss":0,"cards_obtained":["Self Repair"]}],"is_beta":false,"boss_relics":[],"items_purged_floors":[0,13],"is_endless":false,"potions_floor_spawned":[1,6,8,12,14],"killed_by":"The Guardian","ascension_level":1}}