{"host":"wby4rs3xnry3zy6c","time":1613878773,"event":{"mods":["AchievementEnabler","BaseMod","BetterRewards","Colored Map","Colored Powertips","Downfall","Hubris","Infinite Spire","Minty Spire (QoL Compilation)","Replay The Spire","Shop Mod","StSLib","The Cursed","The Necromancer"],"gold_per_floor":[99,117,127,143,155,155,182,210,232,232,232,255,283,309,333,438,438,438,457,484,179,205,227,281,281,301,301,321,339,436,436,436,436],"floor_reached":31,"language":"ENG","playtime":2027,"items_purged":["champ:Strike"],"score":239,"play_id":"265ef34f-9a1b-46d5-9996-a86da9ba7111","local_time":"20210220213933","is_ascension_mode":false,"campfire_choices":[{"data":"champ:PreciseThrust","floor":1.0,"key":"SMITH"},{"data":"champ:Strike","floor":18.0,"key":"PURGE"},{"data":"champ:Circumvent","floor":25.0,"key":"SMITH"}],"circlet_count":0,"master_deck":["champ:Strike","champ:Strike","champ:Defend","champ:Defend","champ:Defend","champ:Defend","champ:Execute","champ:Taunt","champ:PreciseThrust+1","champ:FlashCut","champ:FocusedDefense","champ:DefensiveStyle+1","champ:DefensiveShout","champ:DefensiveShout","champ:BringItOn","champ:ShieldWall","champ:IronFortress","champ:BringItOn","champ:StanceDance+1","champ:Circumvent+1","champ:Circumvent+1","champ:DefensiveStyle","ReplayTheSpireMod:Splinters"],"relics":["champ:ChampionCrown","Replay:Bandana","hubris:Icosahedron","Philosopher\u0027s Stone","TheAbacus","hubris:SlimyHat","Gremlin Food"],"acts_visited":["Exordium","TheCity"],"potions_floor_usage":[],"damage_taken":[{"damage":15.0,"enemies":"Jaw Worm","floor":2.0,"turns":5.0},{"damage":0.0,"enemies":"Small Slimes","floor":3.0,"turns":3.0},{"damage":5.0,"enemies":"2 Louse","floor":4.0,"turns":3.0},{"damage":24.0,"enemies":"Large Slime","floor":5.0,"turns":6.0},{"damage":6.0,"enemies":"2 Fungi Beasts","floor":8.0,"turns":4.0},{"damage":16.0,"enemies":"Exordium Wildlife","floor":9.0,"turns":4.0},{"damage":5.0,"enemies":"downfall:LooterAlt","floor":12.0,"turns":3.0},{"damage":0.0,"enemies":"3 Louse","floor":13.0,"turns":4.0},{"damage":0.0,"enemies":"Red Slaver","floor":14.0,"turns":3.0},{"damage":7.0,"enemies":"Blue Slaver","floor":15.0,"turns":4.0},{"damage":20.0,"enemies":"IC_STATUS_ARCHETYPE","floor":16.0,"turns":9.0},{"damage":28.0,"enemies":"downfall:LooterAlt2","floor":19.0,"turns":5.0},{"damage":12.0,"enemies":"Chosen","floor":20.0,"turns":4.0},{"damage":10.0,"enemies":"downfall:FleeingMerchant","floor":21.0,"turns":4.0},{"damage":16.0,"enemies":"Shelled Parasite and Fungi","floor":22.0,"turns":5.0},{"damage":22.0,"enemies":"Cultist and Chosen","floor":23.0,"turns":7.0},{"damage":29.0,"enemies":"Snake Plant","floor":26.0,"turns":4.0},{"damage":0.0,"enemies":"3 Cultists","floor":28.0,"turns":1.0},{"damage":14.0,"enemies":"Sentry and Sphere","floor":29.0,"turns":5.0},{"damage":0,"enemies":"Slavers","floor":31,"turns":1}],"seed_played":"-5685959736500257602","potions_obtained":[{"floor":2.0,"key":"LiquidBronze"},{"floor":3.0,"key":"SteroidPotion"},{"floor":5.0,"key":"Elixir"},{"floor":9.0,"key":"champ:OpenerPotion"},{"floor":20.0,"key":"DistilledChaos"},{"floor":23.0,"key":"infinitespire:BlackPotion"},{"floor":29.0,"key":"SkillPotion"}],"is_trial":false,"path_per_floor":["R","M","M","M","M","?","T","M","M","?","?","M","M","M","M","B",null,"R_BF","M","M","$","M","M","T","R","M","AVR","M","M","?","E"],"character_chosen":"THE_CHAMP","items_purchased":["champ:DefensiveStyle","TheAbacus"],"campfire_rested":0,"item_purchase_floors":[21,21],"current_hp_per_floor":[90,90,90,90,71,71,71,70,54,54,54,54,54,54,47,37,90,90,72,70,70,54,42,42,42,33,33,33,19,19,19,19,19],"gold":436,"neow_bonus":"THREE_CARDS","is_daily":false,"chose_seed":false,"campfire_upgraded":2,"win_rate":0.0,"timestamp":1613878773,"path_taken":["R","M","M","M","M","?","T","M","M","?","?","M","M","M","M","BOSS","R_BF","M","M","$","M","M","T","R","M","AVR","M","M","?","E"],"items_purchased_type":["Card","Relic"],"build_version":"2020-12-22","purchased_purges":1,"victory":false,"max_hp_per_floor":[90,90,90,90,90,90,90,90,90,90,90,90,90,90,90,90,90,90,90,90,90,90,90,90,90,90,90,90,90,90,90,90,90],"card_choices":[{"not_picked":["champ:RapidStrikes","champ:FlashCut"],"picked":"champ:PreciseThrust","floor":0.0},{"not_picked":["champ:FalseCounter","champ:Circumvent"],"picked":"champ:FlashCut","floor":2.0},{"not_picked":["champ:DeathBlow","champ:PerfectedStrike"],"picked":"champ:FocusedDefense","floor":3.0},{"not_picked":["champ:CrownThrow","champ:Haymaker"],"picked":"champ:DefensiveStyle","floor":4.0},{"not_picked":["champ:AdrenalArmor","champ:StrikeOfGenius"],"picked":"champ:DefensiveShout","floor":5.0},{"not_picked":["champ:Haymaker","champ:FancyFootwork"],"picked":"champ:DefensiveShout","floor":8.0},{"not_picked":["champ:BerserkersShout","champ:CrookedStrike","champ:FocusedDefense"],"picked":"SKIP","floor":9.0},{"not_picked":["champ:DeathBlow","champ:CrownThrow"],"picked":"champ:BringItOn","floor":12.0},{"not_picked":["champ:StanceDance","champ:SkillfulDodge"],"picked":"champ:ShieldWall","floor":13.0},{"not_picked":["champ:PreciseThrust","champ:EnGarde"],"picked":"champ:IronFortress","floor":14.0},{"not_picked":["champ:DefensiveShout","champ:SkillfulDodge"],"picked":"champ:BringItOn","floor":15.0},{"not_picked":["champ:FlashCut","champ:BerserkersShout+1"],"picked":"champ:StanceDance+1","floor":19.0},{"not_picked":["champ:StanceDance+1","champ:ViciousMockery"],"picked":"champ:Circumvent+1","floor":20.0},{"not_picked":["champ:Backstep","champ:EnGarde+1"],"picked":"champ:Circumvent","floor":21.0},{"not_picked":["champ:ViciousMockery","champ:EndlessRage+1","champ:MurderStrike"],"picked":"SKIP","floor":22.0},{"not_picked":["champ:TornadoPunch","champ:RisingSlash","champ:BerserkerStyle+1"],"picked":"SKIP","floor":23.0},{"not_picked":["champ:FanOfKnives","champ:FocusedDefense+1","champ:Parry"],"picked":"SKIP","floor":26.0},{"not_picked":["champ:CalledShot","champ:PerfectedStrike","champ:EnGarde"],"picked":"SKIP","floor":28.0},{"not_picked":["champ:GutPunch","champ:PerfectedStrike","champ:Backstep"],"picked":"SKIP","floor":29.0}],"player_experience":117482,"relics_obtained":[{"floor":7.0,"key":"Replay:Bandana"},{"floor":24.0,"key":"hubris:SlimyHat"},{"floor":30.0,"key":"Gremlin Food"}],"event_choices":[],"is_beta":false,"boss_relics":[{"not_picked":["Honey Jar","Painkiller Herb"],"picked":"Philosopher\u0027s Stone"}],"items_purged_floors":[21],"is_endless":false,"potions_floor_spawned":[2,3,5,9,15,20,23,29],"killed_by":"Slavers","ascension_level":0}}