{"host":"hszimsrtxxc2k25w","time":1613932021,"event":{"mods":["AchievementEnabler","BaseMod","Colored Map","DeckTracker","Minty Spire (QoL Compilation)","Rare Cards Sparkle","SuperFastMode"],"gold_per_floor":[114,39,39,53,67,67,92,92,116,166,182,220,220,120,120,120,120],"floor_reached":16,"language":"KOR","playtime":329,"items_purged":["Strike_R","Strike_R"],"score":216,"play_id":"43944c54-0cf6-4a24-8a6c-02b8a5345084","local_time":"20210222032701","is_ascension_mode":true,"campfire_choices":[{"floor":6.0,"key":"REST"},{"floor":13,"key":"REST"},{"data":"Carnage","floor":15,"key":"SMITH"}],"circlet_count":0,"master_deck":["AscendersBane","Strike_R","Defend_R","Defend_R","Defend_R","Defend_R","Bash","Battle Trance","Carnage+1","Corruption","Shrug It Off"],"relics":["Burning Blood","Nunchaku","Golden Idol","Blood Vial","Mercury Hourglass"],"acts_visited":["Exordium"],"potions_floor_usage":[12,16,16],"damage_taken":[{"damage":12.0,"enemies":"Small Slimes","floor":1.0,"turns":5.0},{"damage":14.0,"enemies":"Jaw Worm","floor":4.0,"turns":4.0},{"damage":14.0,"enemies":"2 Louse","floor":5.0,"turns":4.0},{"damage":32.0,"enemies":"Gremlin Nob","floor":7.0,"turns":4.0},{"damage":6.0,"enemies":"Red Slaver","floor":11.0,"turns":5.0},{"damage":12,"enemies":"Lagavulin","floor":12,"turns":6},{"damage":52,"enemies":"Slime Boss","floor":16,"turns":9}],"seed_played":"4805115079067061048","potions_obtained":[{"floor":4.0,"key":"PowerPotion"},{"floor":5.0,"key":"EntropicBrew"}],"is_trial":false,"path_per_floor":["M","$","?","M","M","R","E","?","T","?","M","E","R","$","R","B"],"character_chosen":"IRONCLAD","items_purchased":[],"campfire_rested":2,"item_purchase_floors":[],"current_hp_per_floor":[44,44,44,36,28,50,24,24,24,24,26,22,42,42,42,0,0],"gold":120,"neow_bonus":"TRANSFORM_TWO_CARDS","is_daily":false,"chose_seed":false,"campfire_upgraded":1,"win_rate":0.0,"timestamp":1613932021,"path_taken":["M","$","?","M","M","R","E","?","T","?","M","E","R","$","R","BOSS"],"items_purchased_type":[],"build_version":"2020-12-22","purchased_purges":2,"victory":false,"max_hp_per_floor":[75,75,75,75,75,75,75,68,68,68,68,68,68,68,68,68,68],"card_choices":[{"not_picked":["Iron Wave","Entrench"],"picked":"Carnage","floor":1.0},{"not_picked":["Second Wind","Clothesline","Dual Wield"],"picked":"SKIP","floor":4.0},{"not_picked":["Rupture","Flex","Second Wind"],"picked":"SKIP","floor":5.0},{"not_picked":["Fire Breathing","Armaments"],"picked":"Shrug It Off","floor":7.0},{"not_picked":["Flame Barrier","Heavy Blade","Sword Boomerang"],"picked":"SKIP","floor":11.0},{"not_picked":["Blood for Blood","Infernal Blade","Anger"],"picked":"SKIP","floor":12}],"player_experience":688092,"relics_obtained":[{"floor":7.0,"key":"Nunchaku"},{"floor":9.0,"key":"Blood Vial"},{"floor":12,"key":"Mercury Hourglass"}],"event_choices":[{"damage_healed":0.0,"max_hp_gain":0.0,"max_hp_loss":0.0,"gold_gain":0.0,"cards_transformed":["Havoc"],"event_name":"Living Wall","player_choice":"Change","floor":3.0,"gold_loss":0.0,"damage_taken":0.0,"cards_obtained":["Corruption"]},{"damage_healed":0.0,"max_hp_gain":0.0,"max_hp_loss":7.0,"gold_gain":0.0,"event_name":"Golden Idol","player_choice":"Lose Max HP","floor":8.0,"gold_loss":0.0,"damage_taken":0.0,"relics_obtained":["Golden Idol"]},{"damage_healed":0.0,"max_hp_gain":0.0,"max_hp_loss":0.0,"gold_gain":50.0,"event_name":"Golden Shrine","player_choice":"Pray","floor":10.0,"gold_loss":0.0,"damage_taken":0.0}],"is_beta":false,"boss_relics":[],"items_purged_floors":[2,14],"is_endless":false,"potions_floor_spawned":[4,5],"killed_by":"Slime Boss","ascension_level":20}}