{"host":"f8krwbl1oysf3v6f","time":1613879280,"event":{"mods":["AchievementEnabler","BaseMod","Colored Map","DeckTracker","Minty Spire (QoL Compilation)","Permanent Neow","READ ME - Snecko Mod","StSLib","SuperFastMode","Td1madao Mod"],"gold_per_floor":[118,118,141,166,184,222,222,222,222,222,222,222,222,222,222,351,351,351,351,351,351,351,351,351,351,351,351,351,351,351,351,351,477,477,477,477,477,477,477,477,477,477,477,477,477,477,477,477,477,477],"floor_reached":51,"language":"KOR","playtime":1138,"items_purged":[],"score":1178,"play_id":"bc01b556-a064-45e5-a997-fdb208206081","local_time":"20210221124800","is_ascension_mode":false,"campfire_choices":[{"data":"Zap","floor":11.0,"key":"SMITH"},{"data":"Core Surge","floor":15.0,"key":"SMITH"},{"data":"Dualcast","floor":32,"key":"SMITH"},{"data":"Defend_B","floor":42,"key":"SMITH"},{"data":"Strike_B","floor":49,"key":"SMITH"}],"circlet_count":0,"master_deck":["Strike_B","Strike_B","Strike_B","Strike_B+1","Defend_B","Defend_B","Defend_B","Defend_B+1","Zap+1","Dualcast+1","Core Surge+1"],"relics":["FrozenCore","Golden Idol","Potion Belt","Strawberry","Snecko Eye"],"acts_visited":["Exordium","TheCity","TheBeyond"],"potions_floor_usage":[],"damage_taken":[{"damage":0.0,"enemies":"Small Slimes","floor":1.0,"turns":1.0},{"damage":0.0,"enemies":"Jaw Worm","floor":4.0,"turns":1.0},{"damage":0.0,"enemies":"Cultist","floor":5.0,"turns":1.0},{"damage":0.0,"enemies":"Gremlin Nob","floor":6.0,"turns":1.0},{"damage":0.0,"enemies":"Gremlin Gang","floor":7.0,"turns":1.0},{"damage":0.0,"enemies":"Red Slaver","floor":8.0,"turns":1.0},{"damage":0.0,"enemies":"Lots of Slimes","floor":10.0,"turns":1.0},{"damage":0.0,"enemies":"Looter","floor":12.0,"turns":1.0},{"damage":0.0,"enemies":"Exordium Wildlife","floor":14.0,"turns":1.0},{"damage":0.0,"enemies":"The Guardian","floor":16.0,"turns":1.0},{"damage":0.0,"enemies":"2 Thieves","floor":18.0,"turns":1.0},{"damage":0.0,"enemies":"3 Byrds","floor":19.0,"turns":1.0},{"damage":0.0,"enemies":"Centurion and Healer","floor":20.0,"turns":1.0},{"damage":0.0,"enemies":"3 Cultists","floor":21.0,"turns":1.0},{"damage":0.0,"enemies":"Snecko","floor":22.0,"turns":1.0},{"damage":0.0,"enemies":"Slavers","floor":23.0,"turns":1.0},{"damage":0.0,"enemies":"Chosen and Byrds","floor":24.0,"turns":1.0},{"damage":0.0,"enemies":"Centurion and Healer","floor":25.0,"turns":1.0},{"damage":0.0,"enemies":"Snake Plant","floor":27.0,"turns":1.0},{"damage":0.0,"enemies":"Shelled Parasite and Fungi","floor":28.0,"turns":1.0},{"damage":0.0,"enemies":"Centurion and Healer","floor":29.0,"turns":1.0},{"damage":0.0,"enemies":"Snake Plant","floor":30.0,"turns":1.0},{"damage":0.0,"enemies":"Snecko","floor":31.0,"turns":1.0},{"damage":0,"enemies":"Collector","floor":33,"turns":1},{"damage":0,"enemies":"3 Darklings","floor":35,"turns":1},{"damage":0,"enemies":"Orb Walker","floor":36,"turns":1},{"damage":0,"enemies":"Writhing Mass","floor":38,"turns":1},{"damage":0,"enemies":"Maw","floor":39,"turns":1},{"damage":0,"enemies":"Nemesis","floor":40,"turns":1},{"damage":0,"enemies":"Transient","floor":41,"turns":1},{"damage":0,"enemies":"Jaw Worm Horde","floor":44,"turns":1},{"damage":0,"enemies":"3 Darklings","floor":45,"turns":1},{"damage":0,"enemies":"Reptomancer","floor":46,"turns":1},{"damage":0,"enemies":"Spire Growth","floor":47,"turns":1},{"damage":0,"enemies":"Jaw Worm Horde","floor":48,"turns":1},{"damage":0,"enemies":"Donu and Deca","floor":50,"turns":1}],"seed_played":"-7950366507477003179","potions_obtained":[{"floor":4.0,"key":"Strength Potion"},{"floor":5.0,"key":"Swift Potion"},{"floor":6.0,"key":"AttackPotion"}],"is_trial":false,"path_per_floor":["M","?","T","M","M","E","M","M","T","M","R","M","?","M","R","B",null,"M","M","M","M","M","E","M","M","T","M","M","M","M","M","R","B",null,"M","M","?","M","M","E","M","R","T","M","M","E","M","M","R","B",null],"character_chosen":"DEFECT","items_purchased":[],"campfire_rested":0,"item_purchase_floors":[],"current_hp_per_floor":[75,57,57,57,57,64,64,64,64,64,64,64,64,64,64,64,82,82,82,82,82,82,82,82,82,82,82,82,82,82,82,82,82,82,82,82,82,82,82,82,82,82,82,82,82,82,82,82,82,82],"gold":477,"neow_bonus":"ONE_RANDOM_RARE_CARD","is_daily":false,"chose_seed":false,"campfire_upgraded":5,"win_rate":0.0,"timestamp":1613879280,"path_taken":["M","?","?","M","M","E","M","M","T","M","R","M","?","M","R","BOSS","M","M","M","M","M","E","M","M","T","?","M","?","M","M","R","BOSS","M","M","?","M","M","E","M","R","T","M","M","E","?","M","R","BOSS"],"items_purchased_type":[],"build_version":"2020-12-22","purchased_purges":0,"victory":true,"max_hp_per_floor":[75,75,75,75,75,82,82,82,82,82,82,82,82,82,82,82,82,82,82,82,82,82,82,82,82,82,82,82,82,82,82,82,82,82,82,82,82,82,82,82,82,82,82,82,82,82,82,82,82,82],"card_choices":[{"not_picked":["Go for the Eyes","Heatsinks","Force Field"],"picked":"SKIP","floor":1.0},{"not_picked":["Defragment","Skim","Tempest"],"picked":"SKIP","floor":4.0},{"not_picked":["Hologram","Ball Lightning","FTL"],"picked":"SKIP","floor":5.0},{"not_picked":["Sweeping Beam","Glacier","Go for the Eyes"],"picked":"SKIP","floor":6.0},{"not_picked":["Loop","Go for the Eyes","Steam"],"picked":"SKIP","floor":7.0},{"not_picked":["Stack","Ball Lightning","Reboot"],"picked":"SKIP","floor":8.0},{"not_picked":["Barrage","Steam","Go for the Eyes"],"picked":"SKIP","floor":10.0},{"not_picked":["Leap","Undo","Conserve Battery"],"picked":"SKIP","floor":12.0},{"not_picked":["Compile Driver","Gash","Redo"],"picked":"SKIP","floor":14.0},{"not_picked":["Skim","Go for the Eyes","Sweeping Beam"],"picked":"SKIP","floor":18.0},{"not_picked":["Chaos","Ball Lightning","Lockon"],"picked":"SKIP","floor":19.0},{"not_picked":["Coolheaded+1","Ball Lightning","Undo"],"picked":"SKIP","floor":20.0},{"not_picked":["Ball Lightning","Force Field","Go for the Eyes"],"picked":"SKIP","floor":21.0},{"not_picked":["Rip and Tear","Compile Driver","Coolheaded"],"picked":"SKIP","floor":22.0},{"not_picked":["Ball Lightning+1","Amplify","Beam Cell+1"],"picked":"SKIP","floor":23.0},{"not_picked":["Melter+1","Chill","Beam Cell"],"picked":"SKIP","floor":24.0},{"not_picked":["Rip and Tear","Hologram","Turbo"],"picked":"SKIP","floor":25.0},{"not_picked":["Barrage","Reprogram","Loop"],"picked":"SKIP","floor":27.0},{"not_picked":["Compile Driver","Coolheaded","Rebound"],"picked":"SKIP","floor":28.0},{"not_picked":["Conserve Battery","Streamline+1","Redo"],"picked":"SKIP","floor":29.0},{"not_picked":["Sweeping Beam","Fission","Stack"],"picked":"SKIP","floor":30.0},{"not_picked":["Ball Lightning","Leap","Gash+1"],"picked":"SKIP","floor":31.0},{"not_picked":["Hologram+1","Defragment+1","Darkness+1"],"picked":"SKIP","floor":35},{"not_picked":["Recycle+1","Turbo+1","Glacier"],"picked":"SKIP","floor":36},{"not_picked":["Undo","Beam Cell","Turbo+1"],"picked":"SKIP","floor":38},{"not_picked":["Beam Cell+1","Ball Lightning","Compile Driver+1"],"picked":"SKIP","floor":39},{"not_picked":["Electrodynamics","Rip and Tear","Compile Driver"],"picked":"SKIP","floor":40},{"not_picked":["Reinforced Body+1","Conserve Battery","Storm+1"],"picked":"SKIP","floor":41},{"not_picked":["Heatsinks","Steam+1","Cold Snap+1"],"picked":"SKIP","floor":44},{"not_picked":["Conserve Battery+1","Rebound+1","Barrage+1"],"picked":"SKIP","floor":45},{"not_picked":["Doom and Gloom+1","Steam Power","Beam Cell+1"],"picked":"SKIP","floor":46},{"not_picked":["Heatsinks","BootSequence+1","Fusion"],"picked":"SKIP","floor":47},{"not_picked":["Loop","Streamline+1","Blizzard+1"],"picked":"SKIP","floor":48}],"player_experience":239910,"relics_obtained":[{"floor":3.0,"key":"Potion Belt"},{"floor":6.0,"key":"Strawberry"}],"event_choices":[{"damage_healed":0.0,"max_hp_gain":0.0,"max_hp_loss":0.0,"gold_gain":0.0,"event_name":"Golden Idol","player_choice":"Take Damage","floor":2.0,"gold_loss":0.0,"damage_taken":18.0,"relics_obtained":["Golden Idol"]},{"damage_healed":0.0,"max_hp_gain":0.0,"max_hp_loss":0.0,"gold_gain":0.0,"event_name":"FaceTrader","player_choice":"Leave","floor":13.0,"gold_loss":0.0,"damage_taken":0.0},{"damage_healed":0,"gold_gain":0,"player_choice":"Ignored","damage_taken":0,"max_hp_gain":0,"max_hp_loss":0,"event_name":"WeMeetAgain","floor":37,"gold_loss":0}],"is_beta":false,"boss_relics":[{"not_picked":["Runic Pyramid","Ectoplasm"],"picked":"FrozenCore"},{"not_picked":["Coffee Dripper","Astrolabe"],"picked":"Snecko Eye"}],"items_purged_floors":[],"is_endless":false,"potions_floor_spawned":[4,5,6,8,20,21,22,25,28,36,41,44,46,47,48],"ascension_level":0}}