{"host":"sav7uxregyirlf69","time":1613897140,"event":{"mods":["AchievementEnabler","BaseMod","Colored Map","DeckTracker","Keyboard Shortcuts","Minty Spire (QoL Compilation)","READ ME - Guardian Mod","StSLib","SuperFastMode"],"gold_per_floor":[118,193,118,128,38,38,58,84,84,84,84,84,119,137,137,215,215,225,225,235,245,73,73,73,73,73,73,85,85,85,135,135,135,135],"floor_reached":33,"language":"KOR","playtime":356,"items_purged":["Strike_R"],"score":582,"play_id":"7d826524-89a7-4ac3-9d74-e01b4e24bc11","local_time":"20210221174540","is_ascension_mode":true,"campfire_choices":[{"data":"Carnage","floor":6.0,"key":"SMITH"},{"data":"Evolve","floor":12,"key":"SMITH"},{"floor":15,"key":"REST"},{"floor":23,"key":"REST"},{"data":"Dark Embrace","floor":25,"key":"SMITH"},{"data":"Offering","floor":30,"key":"SMITH"},{"data":"Offering","floor":32,"key":"SMITH"}],"circlet_count":0,"master_deck":["AscendersBane","Strike_R+1","Strike_R","Defend_R","Defend_R","Defend_R","Defend_R","Bash","Carnage+1","Wild Strike+1","Evolve+1","Reckless Charge","Feed","Offering+1","Dark Embrace+1","Shrug It Off","Offering+1"],"relics":["Burning Blood","Calipers","Bag of Marbles","Turnip","Whetstone","Sozu","The Courier"],"acts_visited":["Exordium","TheCity"],"potions_floor_usage":[16,21],"damage_taken":[{"damage":19.0,"enemies":"Jaw Worm","floor":1.0,"turns":6.0},{"damage":0.0,"enemies":"2 Louse","floor":4.0,"turns":2.0},{"damage":0.0,"enemies":"Small Slimes","floor":7.0,"turns":3.0},{"damage":15,"enemies":"Lagavulin","floor":13,"turns":5},{"damage":10,"enemies":"3 Louse","floor":14,"turns":2},{"damage":0,"enemies":"Slime Boss","floor":16,"turns":5},{"damage":23,"enemies":"Spheric Guardian","floor":18,"turns":4},{"damage":6,"enemies":"Chosen","floor":20,"turns":3},{"damage":34,"enemies":"Shelled Parasite and Fungi","floor":21,"turns":4},{"damage":17,"enemies":"Snecko","floor":28,"turns":3},{"damage":55,"enemies":"Champ","floor":33,"turns":7}],"seed_played":"-4709219758289057712","potions_obtained":[{"floor":1.0,"key":"Weak Potion"},{"floor":14,"key":"SteroidPotion"}],"is_trial":false,"path_per_floor":["M","?","?","M","$","R","M","T","T","?","?","R","E","M","R","B",null,"M","?","M","M","$","R","?","R","T","$","M","T","R","?","R","B"],"character_chosen":"IRONCLAD","items_purchased":["Evolve","Dark Embrace","Shrug It Off"],"campfire_rested":2,"item_purchase_floors":[5,22,22],"current_hp_per_floor":[37,26,26,32,32,32,38,38,38,31,31,31,22,18,40,46,68,51,51,51,26,26,49,49,49,49,49,38,38,38,38,38,0,0],"gold":135,"neow_bonus":"ONE_RARE_RELIC","is_daily":false,"chose_seed":false,"campfire_upgraded":5,"win_rate":0.0,"timestamp":1613897140,"path_taken":["M","?","?","M","$","R","M","?","T","?","?","R","E","M","R","BOSS","M","?","M","?","$","R","?","R","T","?","M","?","R","?","R","BOSS"],"items_purchased_type":["Card","Card","Card"],"build_version":"2020-12-22","purchased_purges":1,"victory":false,"max_hp_per_floor":[75,75,75,75,75,75,75,75,75,75,75,75,75,75,75,75,75,75,75,75,78,78,78,78,78,78,78,78,78,78,78,78,78,78],"card_choices":[{"not_picked":["Shockwave","Rage"],"picked":"Carnage","floor":1.0},{"not_picked":["Headbutt","Clash"],"picked":"Wild Strike","floor":4.0},{"not_picked":["Clash","Clothesline","Flex"],"picked":"SKIP","floor":7.0},{"not_picked":["Dual Wield","Fiend Fire"],"picked":"Reckless Charge","floor":13},{"not_picked":["Thunderclap","Body Slam","Perfected Strike"],"picked":"SKIP","floor":14},{"not_picked":["Bludgeon","Corruption"],"picked":"Feed","floor":16},{"not_picked":["True Grit","Headbutt+1","Flex"],"picked":"SKIP","floor":18},{"not_picked":["Iron Wave","Perfected Strike+1","Armaments"],"picked":"SKIP","floor":20},{"not_picked":["Body Slam","Cleave","Blood for Blood"],"picked":"SKIP","floor":21},{"not_picked":["Rage","Cleave","Perfected Strike"],"picked":"SKIP","floor":28}],"player_experience":1643158,"relics_obtained":[{"floor":8.0,"key":"Bag of Marbles"},{"floor":9.0,"key":"Turnip"},{"floor":13,"key":"Whetstone"},{"floor":29,"key":"The Courier"}],"event_choices":[{"damage_healed":0.0,"max_hp_gain":0.0,"max_hp_loss":0.0,"gold_gain":75.0,"event_name":"World of Goop","player_choice":"Gather Gold","floor":2.0,"gold_loss":0.0,"damage_taken":11.0},{"cards_removed":["Strike_R"],"damage_healed":0.0,"max_hp_gain":0.0,"max_hp_loss":0.0,"gold_gain":0.0,"event_name":"The Cleric","player_choice":"Card Removal","floor":3.0,"gold_loss":75.0,"damage_taken":0.0},{"cards_removed":["Strike_R"],"damage_healed":0.0,"max_hp_gain":0.0,"max_hp_loss":0.0,"gold_gain":0.0,"event_name":"Golden Wing","player_choice":"Card Removal","floor":10.0,"gold_loss":0.0,"damage_taken":7.0},{"damage_healed":0,"gold_gain":0,"player_choice":"Fled","damage_taken":0,"max_hp_gain":0,"max_hp_loss":0,"event_name":"Scrap Ooze","floor":11,"gold_loss":0},{"damage_healed":0,"gold_gain":0,"player_choice":"1 cards matched","damage_taken":0,"max_hp_gain":0,"max_hp_loss":0,"event_name":"Match and Keep!","floor":19,"gold_loss":0,"cards_obtained":["Offering"]},{"damage_healed":0,"gold_gain":0,"player_choice":"Copied","damage_taken":0,"max_hp_gain":0,"max_hp_loss":0,"event_name":"Duplicator","floor":24,"gold_loss":0,"cards_obtained":["Offering"]},{"damage_healed":0,"gold_gain":100,"player_choice":"Bet on Murderer","damage_taken":0,"max_hp_gain":0,"max_hp_loss":0,"event_name":"The Joust","floor":31,"gold_loss":50}],"is_beta":false,"boss_relics":[{"not_picked":["Calling Bell","Snecko Eye"],"picked":"Sozu"}],"items_purged_floors":[22],"is_endless":false,"potions_floor_spawned":[1,14,18,21],"killed_by":"Champ","ascension_level":20}}