{"host":"vdpaduzlq0qlaikq","time":1613887845,"event":{"mods":["AchievementEnabler","BaseMod","Better Third Choice","BetterRewards","Colored Map","Downfall","Gold Saver","Hermit","Jorbs\u0027s Wanderer Trilogy","Minty Spire (QoL Compilation)","Relic Filter","Spicy Shops","StSLib","The Necromancer"],"gold_per_floor":[829,845,115,127,127,127,146,146,146,159,10,27,48,73,73,171,171,191,191,191,202,44,44,143,175,227,273,273,291,309,339,339,443,443,462,381,393,393,393,393,412,412,412,425,454,470,470,503,503,503,503,503,350,380,380],"floor_reached":56,"language":"ENG","playtime":1419,"items_purged":[],"score":1745,"play_id":"e1e2c459-4c7e-4364-aa31-fef8652e39bc","local_time":"20210221031045","is_ascension_mode":false,"campfire_choices":[{"data":"Storm","floor":6,"key":"SMITH"},{"data":"Storm","floor":8,"key":"SMITH"},{"data":"Storm","floor":15,"key":"SMITH"},{"data":"Defragment","floor":23,"key":"SMITH"},{"data":"Capacitor","floor":28,"key":"SMITH"},{"floor":32,"key":"RECALL"},{"data":"Apotheosis","floor":40,"key":"SMITH"},{"data":"Consume","floor":42,"key":"SMITH"},{"data":"expansioncontent:InvincibleStrength","floor":49,"key":"SMITH"},{"data":"Defragment","floor":52,"key":"SMITH"}],"circlet_count":0,"master_deck":["Strike_B","Strike_B+1","Strike_B+1","Defend_B","Defend_B","Defend_B","Defend_B","Zap+1","Dualcast","Capacitor+1","Storm+1","Heatsinks","Storm+1","Storm+1","Hello World","Defragment+1","Stop_Heart+1","Defragment+1","Consume+1","White Noise","expansioncontent:InvincibleStrength+1","Apotheosis+1","stsjorbsmod:Haunt+1","Loop","Pain","Capacitor","Echo Form"],"relics":["Cracked Core","Runic Capacitor","PrismaticShard","MealTicket","Strawberry","DataDisk","Pantograph","Ancient Tea Set","Mummified Hand","Happy Flower","DollysMirror","FossilizedHelix","Oddly Smooth Stone","White Beast Statue","Bottled Tornado","Lantern","Singing Bowl","Potion Belt","Odd Mushroom","Eternal Feather","SacredBark","Thread and Needle","War Paint","Nunchaku","Pen Nib","Letter Opener","WarpedTongs","Symbiotic Virus","Orichalcum","Whetstone","Guardian:PocketSentry","Blood Vial"],"acts_visited":["Exordium","TheCity","TheBeyond","TheEnding"],"potions_floor_usage":[25,55,55,55,55,55,55],"damage_taken":[{"damage":0,"enemies":"Small Slimes","floor":1,"turns":2},{"damage":0,"enemies":"Cultist","floor":2,"turns":2},{"damage":0,"enemies":"2 Louse","floor":4,"turns":3},{"damage":0,"enemies":"Blue Slaver","floor":7,"turns":2},{"damage":0,"enemies":"2 Fungi Beasts","floor":10,"turns":1},{"damage":0,"enemies":"Looter","floor":12,"turns":2},{"damage":6,"enemies":"The Mushroom Lair","floor":13,"turns":2},{"damage":0,"enemies":"Gremlin Nob","floor":14,"turns":3},{"damage":0,"enemies":"Slime Boss","floor":16,"turns":3},{"damage":10,"enemies":"2 Thieves","floor":18,"turns":2},{"damage":0,"enemies":"Chosen","floor":21,"turns":2},{"damage":0,"enemies":"Slavers","floor":25,"turns":1},{"damage":0,"enemies":"Snecko","floor":29,"turns":2},{"damage":0,"enemies":"3 Cultists","floor":30,"turns":2},{"damage":6,"enemies":"Gremlin Leader","floor":31,"turns":3},{"damage":13,"enemies":"Champ","floor":33,"turns":4},{"damage":0,"enemies":"3 Shapes","floor":35,"turns":2},{"damage":0,"enemies":"3 Darklings","floor":37,"turns":2},{"damage":0,"enemies":"Sphere and 2 Shapes","floor":41,"turns":2},{"damage":0,"enemies":"Jaw Worm Horde","floor":44,"turns":2},{"damage":12,"enemies":"Nemesis","floor":45,"turns":3},{"damage":0,"enemies":"4 Shapes","floor":46,"turns":2},{"damage":2,"enemies":"Giant Head","floor":48,"turns":5},{"damage":4,"enemies":"Awakened One","floor":50,"turns":4},{"damage":18,"enemies":"Shield and Spear","floor":54,"turns":2},{"damage":54,"enemies":"The Heart","floor":55,"turns":4}],"seed_played":"-7781560182665335529","potions_obtained":[{"floor":1,"key":"BlessingOfTheForge"},{"floor":2,"key":"ColorlessPotion"},{"floor":4,"key":"Energy Potion"},{"floor":12,"key":"Strength Potion"},{"floor":13,"key":"Energy Potion"},{"floor":16,"key":"DistilledChaos"},{"floor":25,"key":"SpeedPotion"},{"floor":30,"key":"EntropicBrew"},{"floor":31,"key":"FocusPotion"},{"floor":37,"key":"PowerPotion"}],"is_trial":false,"path_per_floor":["M","M","$","M","?","R","M","R","T","M","$","M","?","E","R","B",null,"M","?","?","M","$","R","?","E","T","T","R","M","M","E","R","B",null,"M","$","M","?","?","R","M","R","T","M","E","M","?","E","R","B",null,"R","$","E","B",null],"character_chosen":"DEFECT","items_purchased":["Capacitor","Runic Capacitor","PrismaticShard","MealTicket","Strawberry","Storm","DataDisk","Pantograph","Ancient Tea Set","Heatsinks","Mummified Hand","Happy Flower","DollysMirror","FossilizedHelix","Oddly Smooth Stone","Storm","White Beast Statue","Defragment","Bottled Tornado","Lantern","Singing Bowl","Potion Belt","Consume","Thread and Needle","Loop","Guardian:PocketSentry"],"campfire_rested":0,"item_purchase_floors":[0,0,0,0,0,0,0,0,0,0,0,0,0,0,0,0,0,3,3,3,3,11,22,22,36,53],"current_hp_per_floor":[82,82,82,84,84,84,86,86,86,86,86,88,84,86,92,94,94,86,86,86,88,98,98,98,98,98,98,98,98,100,96,102,89,102,102,102,104,104,104,104,106,106,106,106,96,98,98,98,112,108,112,112,112,94,58],"gold":380,"neow_bonus":"","is_daily":false,"chose_seed":false,"campfire_upgraded":9,"win_rate":0.0,"timestamp":1613887845,"path_taken":["M","M","$","M","?","R","M","R","T","M","?","M","?","E","R","BOSS","M","?","?","M","$","R","?","E","T","?","R","M","M","E","R","BOSS","M","$","M","?","?","R","?","R","T","M","E","M","?","E","R","BOSS","R","$","E","BOSS"],"items_purchased_type":["Card","Relic","Relic","Relic","Relic","Card","Relic","Relic","Relic","Card","Relic","Relic","Relic","Relic","Relic","Card","Relic","Card","Relic","Relic","Relic","Relic","Card","Relic","Card","Relic"],"build_version":"2020-12-22","purchased_purges":0,"victory":true,"max_hp_per_floor":[82,82,82,84,84,84,86,86,86,86,86,88,90,92,92,94,94,96,96,96,98,98,98,98,98,98,98,98,98,100,102,102,102,102,102,102,104,104,104,104,106,106,106,106,108,110,110,112,112,112,112,112,112,112,112],"card_choices":[{"not_picked":["Sunder","Slimebound:ComboTackle"],"picked":"Hello World","floor":1},{"not_picked":["Guardian:Gem_Green","Negative_Energy_Sphere"],"picked":"hermit:EyeOfTheStorm","floor":2},{"not_picked":["Guardian:PiercingHide","stsjorbsmod:SilverStrike","stsjorbsmod:Damnation"],"picked":"Singing Bowl","floor":4},{"not_picked":["hexamod:RainOfEmbers","Gash","Guardian:Planning"],"picked":"Singing Bowl","floor":7},{"not_picked":["bronze:CloningBeam","Bouncing Flask"],"picked":"Stop_Heart","floor":10},{"not_picked":["WreathOfFlame","Coolheaded","Heavy Blade"],"picked":"Singing Bowl","floor":12},{"not_picked":["sneckomod:UnknownClassHEXA_GHOST_PURPLE","Thousand_Bone_Knives","hexamod:EtherealExpedition"],"picked":"Singing Bowl","floor":13},{"not_picked":["Bane","champ:FalseCounter","Slice"],"picked":"Singing Bowl","floor":14},{"not_picked":["stsjorbsmod:Intervention","Slimebound:DuplicatedForm","Slimebound:MassFeed"],"picked":"Singing Bowl","floor":16},{"not_picked":["Chill_Blood","hexamod:RetreatToShadows","Slimebound:SplitMire"],"picked":"Singing Bowl","floor":18},{"not_picked":["stsjorbsmod:Index+1","BowlingBash","Cleave"],"picked":"Singing Bowl","floor":21},{"not_picked":["champ:Circumvent","Endless Agony"],"picked":"White Noise","floor":25},{"not_picked":["stsjorbsmod:MagicMissiles","CutThroughFate"],"picked":"expansioncontent:InvincibleStrength","floor":29},{"not_picked":["Pommel Strike","Finger_Of_Death","Guardian:Reroute"],"picked":"Singing Bowl","floor":30},{"not_picked":["Life_Tap","Slimebound:Recollect+1","Guardian:RollAttack"],"picked":"Singing Bowl","floor":31},{"not_picked":["Barricade","champ:GladiatorForm"],"picked":"Apotheosis","floor":33},{"not_picked":["hexamod:PhantomFireball","stsjorbsmod:Materialize+1"],"picked":"stsjorbsmod:Haunt+1","floor":35},{"not_picked":["sneckomod:Nope+1","stsjorbsmod:Abjure+1","Cold Snap+1"],"picked":"Singing Bowl","floor":37},{"not_picked":["hermit:Dive","hermit:TrackingShot+1","hermit:LuckOfTheDraw"],"picked":"Singing Bowl","floor":41},{"not_picked":["sneckomod:UnknownClassSLIMEBOUND+1","expansioncontent:LastStand"],"picked":"Capacitor","floor":44},{"not_picked":["Poisoned Stab+1","Guardian:Gem_Lightblue","Guardian:ChargeCore"],"picked":"Singing Bowl","floor":45},{"not_picked":["sneckomod:UnknownClassRED","stsjorbsmod:TrueStrike","Sweeping Beam"],"picked":"Singing Bowl","floor":46},{"not_picked":["A Thousand Cuts","Guardian:Planning+1","bronze:Turbo+1"],"picked":"Singing Bowl","floor":48},{"not_picked":["Slimebound:ItLooksTasty+1","bronze:WhirlingStrike+1"],"picked":"Echo Form","floor":54}],"player_experience":764825,"relics_obtained":[{"floor":13,"key":"Odd Mushroom"},{"floor":14,"key":"Eternal Feather"},{"floor":25,"key":"War Paint"},{"floor":26,"key":"Nunchaku"},{"floor":27,"key":"Pen Nib"},{"floor":31,"key":"Letter Opener"},{"floor":43,"key":"Symbiotic Virus"},{"floor":45,"key":"Orichalcum"},{"floor":48,"key":"Whetstone"},{"floor":54,"key":"Blood Vial"}],"event_choices":[{"cards_removed":["hermit:EyeOfTheStorm"],"damage_healed":0,"gold_gain":0,"player_choice":"Offered Uncommon","damage_taken":0,"max_hp_gain":0,"max_hp_loss":0,"event_name":"Bonfire Elementals","floor":5,"gold_loss":0},{"damage_healed":0,"gold_gain":0,"player_choice":"Fought Mushrooms","damage_taken":0,"max_hp_gain":0,"max_hp_loss":0,"event_name":"Mushrooms","floor":13,"gold_loss":0},{"damage_healed":0,"gold_gain":0,"player_choice":"Ignored","damage_taken":0,"max_hp_gain":0,"max_hp_loss":0,"event_name":"Vampires","floor":19,"gold_loss":0},{"damage_healed":0,"gold_gain":0,"player_choice":"Read","damage_taken":0,"max_hp_gain":0,"max_hp_loss":0,"event_name":"The Library","floor":20,"gold_loss":0,"cards_obtained":["Defragment"]},{"damage_healed":0,"gold_gain":99,"player_choice":"Steal","damage_taken":0,"max_hp_gain":0,"max_hp_loss":0,"event_name":"betterThird:BetterNest","floor":24,"gold_loss":0},{"damage_healed":0,"gold_gain":0,"player_choice":"Ignored","damage_taken":0,"max_hp_gain":0,"max_hp_loss":0,"event_name":"Tomb of Lord Red Mask","floor":38,"gold_loss":0},{"damage_healed":0,"gold_gain":0,"player_choice":"Rummage","damage_taken":0,"relics_obtained":["WarpedTongs"],"max_hp_gain":0,"max_hp_loss":0,"event_name":"Accursed Blacksmith","floor":39,"gold_loss":0,"cards_obtained":["Pain"]},{"cards_removed":["Strike_B"],"damage_healed":0,"gold_gain":0,"player_choice":"Removed Attack","damage_taken":0,"max_hp_gain":0,"max_hp_loss":0,"event_name":"Falling","floor":47,"gold_loss":0}],"is_beta":false,"boss_relics":[{"not_picked":["Black Star","Ectoplasm"],"picked":"SacredBark"},{"not_picked":["Snecko Eye","Cursed Key","Philosopher\u0027s Stone"]}],"items_purged_floors":[],"is_endless":false,"potions_floor_spawned":[1,2,4,7,10,12,13,14,16,18,21,25,29,30,31,33,35,37,41,44,45,46,48,54],"ascension_level":0}}