{"host":"1avr1135to2copjv","time":1613905694,"event":{"mods":["BaseMod","Colored Map","Colored Powertips","Filter the Spire","Minty Spire (QoL Compilation)","Relic Stats","StSLib","The Servant 0.9.4"],"gold_per_floor":[110,122,122,133,8,34,34,34,34,34,64,79,79,89,89,190,190,201,201,201,220,233,233,233,233],"floor_reached":24,"language":"ENG","playtime":1092,"items_purged":[],"score":346,"play_id":"8e76c749-7535-46fe-a436-1fe9e8724278","local_time":"20210221140814","is_ascension_mode":true,"campfire_choices":[{"data":"Footwork","floor":7,"key":"SMITH"},{"data":"Crippling Poison","floor":10,"key":"SMITH"},{"data":"Noxious Fumes","floor":15,"key":"SMITH"},{"data":"J.A.X.","floor":23,"key":"SMITH"}],"circlet_count":0,"master_deck":["Survivor","Neutralize","Footwork+1","Reflex","A Thousand Cuts","Masterful Stab","Storm of Steel","Distraction","Crippling Poison+1","Venomology","Infinite Blades","Acrobatics","Deadly Poison","Flying Knee","Dagger Spray","Accuracy","Wraith Form v2","Poisoned Stab","Noxious Fumes+1","PiercingWail","After Image","Catalyst+1","J.A.X.+1","Catalyst+1","Acrobatics"],"relics":["Pandora\u0027s Box","White Beast Statue","FossilizedHelix","Meat on the Bone","Black Star"],"acts_visited":["Exordium","TheCity"],"potions_floor_usage":[1,6,8,11,16,18,18,22,24,24],"damage_taken":[{"damage":9,"enemies":"Jaw Worm","floor":1,"turns":4},{"damage":7,"enemies":"Cultist","floor":2,"turns":4},{"damage":0,"enemies":"Small Slimes","floor":4,"turns":2},{"damage":15,"enemies":"Lagavulin","floor":6,"turns":4},{"damage":0,"enemies":"Gremlin Nob","floor":8,"turns":1},{"damage":3,"enemies":"3 Sentries","floor":11,"turns":4},{"damage":11,"enemies":"Looter","floor":12,"turns":3},{"damage":0,"enemies":"Exordium Thugs","floor":14,"turns":3},{"damage":0,"enemies":"Slime Boss","floor":16,"turns":7},{"damage":21,"enemies":"Spheric Guardian","floor":18,"turns":6},{"damage":31,"enemies":"2 Thieves","floor":21,"turns":4},{"damage":7,"enemies":"3 Cultists","floor":22,"turns":4},{"damage":41,"enemies":"Slavers","floor":24,"turns":3}],"seed_played":"7208138178064528782","potions_obtained":[{"floor":6,"key":"GamblersBrew"},{"floor":11,"key":"Energy Potion"},{"floor":12,"key":"LiquidMemories"},{"floor":16,"key":"Dexterity Potion"},{"floor":18,"key":"Weak Potion"},{"floor":21,"key":"BlessingOfTheForge"}],"is_trial":false,"path_per_floor":["M","M","?","M","$","E","R","E","T","R","E","M","?","M","R","B",null,"M","?","?","M","M","R","E"],"character_chosen":"THE_SILENT","items_purchased":["Accuracy","AttackPotion"],"campfire_rested":0,"item_purchase_floors":[5,5],"current_hp_per_floor":[54,47,47,47,47,32,32,32,32,32,29,30,30,42,42,42,63,52,52,52,33,38,38,0,0],"gold":233,"neow_bonus":"BOSS_RELIC","is_daily":false,"chose_seed":false,"campfire_upgraded":4,"win_rate":0.0,"timestamp":1613905694,"path_taken":["M","M","?","M","?","E","R","E","T","R","E","?","?","M","R","BOSS","M","?","?","?","M","R","E"],"items_purchased_type":["Card","Potion"],"build_version":"2020-12-22","purchased_purges":0,"victory":false,"max_hp_per_floor":[70,70,70,70,70,70,70,70,70,70,70,70,70,70,70,70,70,70,70,70,70,70,70,70,70],"relic_stats":{"counters":[13,49],"Pandora\u0027s Box":["Footwork","Reflex","A Thousand Cuts","Masterful Stab","Storm of Steel","Distraction","Crippling Poison","Venomology","Infinite Blades","Acrobatics"],"Black Star":0,"obtain_stats":[{"Pandora\u0027s Box":0,"Black Star":17,"White Beast Statue":6,"FossilizedHelix":9,"Ring of the Snake":0,"Meat on the Bone":11},{"Pandora\u0027s Box":0,"Black Star":9,"White Beast Statue":4,"FossilizedHelix":5,"Ring of the Snake":0,"Meat on the Bone":6},{"Pandora\u0027s Box":0,"Black Star":32,"White Beast Statue":14,"FossilizedHelix":15,"Ring of the Snake":0,"Meat on the Bone":19}],"Meat on the Bone":48},"card_choices":[{"not_picked":["All Out Attack","Underhanded Strike"],"picked":"Prepared","floor":1},{"not_picked":["Acrobatics","Quick Slash"],"picked":"Deadly Poison","floor":2},{"not_picked":["Terror","Deadly Poison"],"picked":"Dagger Spray","floor":4},{"not_picked":["Deadly Poison","Sucker Punch"],"picked":"Wraith Form v2","floor":6},{"not_picked":["Acrobatics","Deadly Poison"],"picked":"Poisoned Stab","floor":11},{"not_picked":["Poisoned Stab","PiercingWail"],"picked":"Noxious Fumes","floor":12},{"not_picked":["Quick Slash","Acrobatics"],"picked":"PiercingWail","floor":14},{"not_picked":["Doppelganger","Die Die Die"],"picked":"After Image","floor":16},{"not_picked":["Poisoned Stab","Dash"],"picked":"Catalyst+1","floor":18},{"not_picked":["Dash","Slice"],"picked":"Catalyst+1","floor":21},{"not_picked":["All Out Attack","Slice"],"picked":"Acrobatics","floor":22}],"player_experience":1081471,"relics_obtained":[{"floor":6,"key":"White Beast Statue"},{"floor":9,"key":"FossilizedHelix"},{"floor":11,"key":"Meat on the Bone"}],"event_choices":[{"damage_healed":0,"gold_gain":0,"cards_transformed":["Prepared"],"player_choice":"Transformed","damage_taken":0,"max_hp_gain":0,"max_hp_loss":0,"event_name":"Transmorgrifier","floor":3,"gold_loss":0,"cards_obtained":["Flying Knee"]},{"damage_healed":0,"gold_gain":0,"player_choice":"Leave","damage_taken":0,"max_hp_gain":0,"max_hp_loss":0,"event_name":"The Cleric","floor":13,"gold_loss":0},{"damage_healed":0,"gold_gain":0,"player_choice":"Obtain J.A.X.","damage_taken":0,"max_hp_gain":0,"max_hp_loss":0,"event_name":"Drug Dealer","floor":19,"gold_loss":0,"cards_obtained":["J.A.X."]},{"damage_healed":0,"gold_gain":0,"player_choice":"Ignored","damage_taken":0,"max_hp_gain":0,"max_hp_loss":0,"event_name":"N\u0027loth","floor":20,"gold_loss":0}],"is_beta":false,"boss_relics":[{"not_picked":["Runic Dome","Cursed Key"],"picked":"Black Star"}],"items_purged_floors":[],"is_endless":false,"potions_floor_spawned":[6,8,11,12,14,16,18,21,22],"killed_by":"Slavers","ascension_level":6}}