{"host":"qgrlfjrqk9z96gfi","time":1613900677,"event":{"mods":["BaseMod","Block Reminder","Colored Map","Custom Start","DeckTracker","Minty Spire (QoL Compilation)"],"gold_per_floor":[110,121,271,271,346,373,390,390,390,406,426,458,458,471,471,550,550,568,226,226,226,226,226,253,253,278,278,311,311,311,331,331,406,406,424,434,434,434],"floor_reached":37,"language":"ENG","playtime":1266,"items_purged":["Doubt"],"score":930,"play_id":"ec1cb4db-16a7-4566-949e-4ec04af70d43","local_time":"20210220234437","is_ascension_mode":true,"campfire_choices":[{"floor":8,"key":"REST"},{"data":"Noxious Fumes","floor":13,"key":"SMITH"},{"data":"Leg Sweep","floor":15,"key":"SMITH"},{"data":"Footwork","floor":23,"key":"SMITH"},{"floor":25,"key":"REST"},{"data":"Acrobatics","floor":27,"key":"SMITH"},{"floor":30,"key":"REST"},{"data":"Well Laid Plans","floor":32,"key":"SMITH"}],"circlet_count":0,"master_deck":["AscendersBane","Strike_G+1","Strike_G","Defend_G","Defend_G","Defend_G+1","Defend_G","Defend_G","Survivor","Neutralize","Dagger Throw+1","Underhanded Strike","Die Die Die","Tactician+1","Blade Dance","Reflex","Noxious Fumes+1","Leg Sweep+1","Prepared+1","Grand Finale+1","Slice+1","Backstab","Footwork+1","Acrobatics+1","Deflect","Blade Dance","Well Laid Plans+1","Burst","Cloak And Dagger","Backflip+1"],"relics":["Ring of the Snake","NeowsBlessing","Mercury Hourglass","Oddly Smooth Stone","Bronze Scales","Astrolabe","Happy Flower","CaptainsWheel","War Paint","Kunai","HoveringKite"],"acts_visited":["Exordium","TheCity","TheBeyond"],"potions_floor_usage":[12,16,24,28,33,36],"damage_taken":[{"damage":0,"enemies":"Jaw Worm","floor":1,"turns":1},{"damage":0,"enemies":"Small Slimes","floor":2,"turns":1},{"damage":0,"enemies":"Lagavulin","floor":6,"turns":1},{"damage":0,"enemies":"2 Louse","floor":7,"turns":2},{"damage":2,"enemies":"Looter","floor":10,"turns":2},{"damage":0,"enemies":"3 Louse","floor":11,"turns":1},{"damage":0,"enemies":"3 Sentries","floor":12,"turns":4},{"damage":1,"enemies":"Blue Slaver","floor":14,"turns":3},{"damage":21,"enemies":"Hexaghost","floor":16,"turns":10},{"damage":12,"enemies":"3 Byrds","floor":18,"turns":3},{"damage":13,"enemies":"Book of Stabbing","floor":24,"turns":6},{"damage":16,"enemies":"Gremlin Leader","floor":28,"turns":6},{"damage":8,"enemies":"2 Thieves","floor":31,"turns":4},{"damage":8,"enemies":"Champ","floor":33,"turns":11},{"damage":31,"enemies":"3 Darklings","floor":35,"turns":5},{"damage":3,"enemies":"3 Shapes","floor":36,"turns":4},{"damage":27,"enemies":"Maw","floor":37,"turns":4}],"seed_played":"6140439780417427519","potions_obtained":[{"floor":2,"key":"LiquidBronze"},{"floor":10,"key":"CunningPotion"},{"floor":11,"key":"Block Potion"},{"floor":12,"key":"DuplicationPotion"},{"floor":18,"key":"PowerPotion"},{"floor":31,"key":"CunningPotion"},{"floor":33,"key":"PowerPotion"},{"floor":35,"key":"Fire Potion"}],"is_trial":false,"path_per_floor":["M","M","?","?","?","E","M","R","T","M","M","E","R","M","R","B",null,"M","$","?","?","?","R","E","R","T","R","E","?","R","M","R","B",null,"M","M","M"],"character_chosen":"THE_SILENT","items_purchased":["Happy Flower","Footwork","Acrobatics"],"campfire_rested":3,"item_purchase_floors":[19,19,19],"current_hp_per_floor":[59,59,59,39,28,28,28,47,47,45,45,45,45,44,44,23,55,43,43,43,43,43,43,30,49,49,49,33,33,52,44,44,36,59,28,25,0,0],"gold":434,"neow_bonus":"THREE_ENEMY_KILL","is_daily":false,"chose_seed":false,"campfire_upgraded":5,"win_rate":0.0,"timestamp":1613900677,"path_taken":["M","M","?","?","?","E","M","R","T","M","M","E","R","M","R","BOSS","M","$","?","?","?","R","E","R","T","R","E","?","R","M","R","BOSS","M","M","M"],"items_purchased_type":["Relic","Card","Card"],"build_version":"2020-12-22","purchased_purges":1,"victory":false,"max_hp_per_floor":[66,66,66,66,66,66,66,66,66,66,66,66,66,66,66,66,66,66,66,66,66,66,66,66,66,66,66,66,66,66,66,66,66,66,66,66,66,66],"card_choices":[{"not_picked":["Bane","Escape Plan"],"picked":"Dagger Throw","floor":1},{"not_picked":["Dagger Spray","Dagger Throw"],"picked":"Underhanded Strike","floor":2},{"not_picked":["Endless Agony","Leg Sweep"],"picked":"Die Die Die","floor":6},{"not_picked":["Sucker Punch","Escape Plan"],"picked":"Tactician","floor":7},{"not_picked":["Expertise","Sucker Punch"],"picked":"Blade Dance","floor":10},{"not_picked":["Sucker Punch","Bane"],"picked":"Reflex","floor":11},{"not_picked":["Calculated Gamble","Dodge and Roll"],"picked":"Noxious Fumes","floor":12},{"not_picked":["Dagger Throw","Acrobatics"],"picked":"Leg Sweep","floor":14},{"not_picked":["Deflect","Dodge and Roll"],"picked":"Backstab","floor":18},{"not_picked":["Underhanded Strike","Flechettes"],"picked":"Deflect","floor":24},{"not_picked":["Concentrate","Blur"],"picked":"Blade Dance","floor":28},{"not_picked":["Deflect+1","Slice"],"picked":"Well Laid Plans","floor":31},{"not_picked":["Doppelganger","Bullet Time"],"picked":"Burst","floor":33},{"not_picked":["Underhanded Strike","Deflect"],"picked":"Cloak And Dagger","floor":35},{"not_picked":["Bane","Dagger Spray"],"picked":"Backflip+1","floor":36}],"player_experience":1178316,"relics_obtained":[{"floor":6,"key":"Mercury Hourglass"},{"floor":9,"key":"Oddly Smooth Stone"},{"floor":12,"key":"Bronze Scales"},{"floor":24,"key":"CaptainsWheel"},{"floor":26,"key":"War Paint"},{"floor":28,"key":"Kunai"}],"event_choices":[{"damage_healed":0,"gold_gain":150,"player_choice":"AGREE","damage_taken":0,"max_hp_gain":0,"max_hp_loss":0,"event_name":"Liars Game","floor":3,"gold_loss":0,"cards_obtained":["Doubt"]},{"damage_healed":0,"gold_gain":0,"player_choice":"Entered Light","damage_taken":20,"max_hp_gain":0,"max_hp_loss":0,"event_name":"Shining Light","floor":4,"gold_loss":0,"cards_upgraded":["Dagger Throw","Strike_G"]},{"damage_healed":0,"gold_gain":75,"player_choice":"Gather Gold","damage_taken":11,"max_hp_gain":0,"max_hp_loss":0,"event_name":"World of Goop","floor":5,"gold_loss":0},{"damage_healed":0,"gold_gain":0,"player_choice":"Ignored","damage_taken":0,"max_hp_gain":0,"max_hp_loss":0,"event_name":"The Mausoleum","floor":20,"gold_loss":0},{"damage_healed":0,"gold_gain":0,"player_choice":"Ignored","damage_taken":0,"max_hp_gain":0,"max_hp_loss":0,"event_name":"Ghosts","floor":21,"gold_loss":0},{"damage_healed":0,"gold_gain":0,"player_choice":"Ignored","damage_taken":0,"max_hp_gain":0,"max_hp_loss":0,"event_name":"Vampires","floor":22,"gold_loss":0},{"damage_healed":0,"gold_gain":0,"player_choice":"Ignored","damage_taken":0,"max_hp_gain":0,"max_hp_loss":0,"event_name":"Cursed Tome","floor":29,"gold_loss":0}],"is_beta":false,"boss_relics":[{"not_picked":["Coffee Dripper","Fusion Hammer"],"picked":"Astrolabe"},{"not_picked":["WristBlade","Runic Pyramid"],"picked":"HoveringKite"}],"items_purged_floors":[19],"is_endless":false,"potions_floor_spawned":[2,10,11,12,18,31,33,35],"killed_by":"Maw","ascension_level":20}}