{"host":"hrvs05np4ys7itky","time":1613945042,"event":{"mods":["BaseMod","Colored Map","Colored Powertips","Downfall","Emptier Cage","Hermit","Highlight Path","Minty Spire (QoL Compilation)","Permanent Neow","Rare Cards Sparkle","Relic Stats","StSLib","everything is the same but u backflip on backflip"],"gold_per_floor":[113,133,148,162,175,175,210,210,210,236,236,246,260,273,273,351,351,369,383,383,383,398,398,408,408,408,423,423,423],"floor_reached":28,"language":"ENG","playtime":1906,"items_purged":[],"score":413,"play_id":"78beb52c-1894-4822-9108-da4c94b0e369","local_time":"20210221170402","is_ascension_mode":true,"campfire_choices":[{"data":"Coolheaded","floor":6,"key":"SMITH"},{"data":"Barrage","floor":8,"key":"SMITH"},{"floor":11,"key":"REST"},{"data":"Streamline","floor":15,"key":"SMITH"},{"data":"Zap","floor":23,"key":"SMITH"},{"floor":25,"key":"REST"}],"circlet_count":0,"master_deck":["AscendersBane","Defend_B+1","Defend_B+1","Defend_B+1","Defend_B+1","Zap+1","Dualcast","Rip and Tear","Doom and Gloom","Leap","Coolheaded+1","BootSequence","Glacier","Barrage+1","Streamline+1","Conserve Battery","Seek","Conserve Battery","Slimebound:Tackle+1","Slimebound:Tackle+1","Slimebound:Tackle+1","Reinforced Body","Echo Form"],"relics":["Cracked Core","Ice Cream","Singing Bowl","Smiling Mask","Runic Pyramid","Cables"],"acts_visited":["Exordium","TheCity"],"potions_floor_usage":[4,16,16,24,28],"damage_taken":[{"damage":1,"enemies":"Cultist","floor":1,"turns":3},{"damage":1,"enemies":"2 Louse","floor":2,"turns":2},{"damage":0,"enemies":"Jaw Worm","floor":3,"turns":3},{"damage":2,"enemies":"Large Slime","floor":4,"turns":4},{"damage":3,"enemies":"Blue Slaver","floor":5,"turns":4},{"damage":18,"enemies":"3 Sentries","floor":7,"turns":6},{"damage":15,"enemies":"Gremlin Nob","floor":10,"turns":4},{"damage":0,"enemies":"Looter","floor":12,"turns":2},{"damage":2,"enemies":"Large Slime","floor":13,"turns":3},{"damage":0,"enemies":"3 Louse","floor":14,"turns":2},{"damage":15,"enemies":"Hexaghost","floor":16,"turns":10},{"damage":5,"enemies":"Shell Parasite","floor":18,"turns":7},{"damage":24,"enemies":"2 Thieves","floor":19,"turns":4},{"damage":6,"enemies":"Snecko","floor":22,"turns":5},{"damage":14,"enemies":"Snake Plant","floor":24,"turns":5},{"damage":11,"enemies":"Centurion and Healer","floor":27,"turns":7},{"damage":0,"enemies":"Gremlin Leader","floor":28,"turns":6}],"seed_played":"-2974096665092735200","potions_obtained":[{"floor":1,"key":"BlessingOfTheForge"},{"floor":5,"key":"Guardian:BlockOnCardUsePotion"},{"floor":7,"key":"SkillPotion"},{"floor":18,"key":"Swift Potion"},{"floor":19,"key":"FocusPotion"}],"is_trial":false,"path_per_floor":["M","M","M","M","M","R","E","R","T","E","R","M","M","M","R","B",null,"M","M","?","?","M","R","M","R","T","M","E"],"character_chosen":"DEFECT","items_purchased":[],"campfire_rested":2,"item_purchase_floors":[],"current_hp_per_floor":[63,62,62,60,57,57,39,39,39,24,45,47,47,47,47,32,64,61,37,37,37,33,33,19,42,42,31,31,31],"gold":423,"neow_bonus":"THREE_CARDS","is_daily":false,"chose_seed":false,"campfire_upgraded":4,"win_rate":0.0,"timestamp":1613945042,"path_taken":["M","M","M","?","M","R","E","R","T","E","R","M","?","M","R","BOSS","M","M","?","?","M","R","M","R","T","M","E"],"items_purchased_type":[],"build_version":"2020-12-22","purchased_purges":0,"victory":false,"max_hp_per_floor":[71,71,71,71,71,71,71,71,71,71,71,73,75,75,75,75,75,77,77,77,77,79,79,79,79,79,79,79,79],"relic_stats":{"Singing Bowl":8,"counters":[17,77],"Smiling Mask":0,"obtain_stats":[{"Ice Cream":7,"Singing Bowl":9,"Cracked Core":0,"Smiling Mask":10,"Runic Pyramid":17,"Cables":26},{"Ice Cream":6,"Singing Bowl":6,"Cracked Core":0,"Smiling Mask":7,"Runic Pyramid":11,"Cables":15},{"Ice Cream":22,"Singing Bowl":22,"Cracked Core":0,"Smiling Mask":26,"Runic Pyramid":43,"Cables":64}],"Cables":[11,5,5,1,0]},"card_choices":[{"not_picked":["Cold Snap","Ball Lightning"],"picked":"Rip and Tear","floor":0},{"not_picked":["Steam Power","Sweeping Beam"],"picked":"Doom and Gloom","floor":1},{"not_picked":["Ball Lightning","Barrage"],"picked":"Leap","floor":2},{"not_picked":["Chill","Conserve Battery"],"picked":"Coolheaded","floor":3},{"not_picked":["Darkness","Barrage"],"picked":"BootSequence","floor":4},{"not_picked":["Gash","Biased Cognition"],"picked":"Glacier","floor":5},{"not_picked":["Glacier","Sweeping Beam"],"picked":"Barrage","floor":7},{"not_picked":["Meteor Strike","Turbo"],"picked":"Streamline","floor":10},{"not_picked":["Hello World","Turbo","Stack"],"picked":"Singing Bowl","floor":12},{"not_picked":["Chill","Hologram","Ball Lightning"],"picked":"Singing Bowl","floor":13},{"not_picked":["Stack","Chill"],"picked":"Conserve Battery","floor":14},{"not_picked":["Thunder Strike","Reboot"],"picked":"Seek","floor":16},{"not_picked":["Heatsinks","Beam Cell","Coolheaded"],"picked":"Singing Bowl","floor":18},{"not_picked":["Streamline+1","Aggregate"],"picked":"Conserve Battery","floor":19},{"not_picked":["Streamline","Rebound+1","Consume+1"],"picked":"Singing Bowl","floor":22},{"not_picked":["Sunder+1","Capacitor"],"picked":"Reinforced Body","floor":24},{"not_picked":["Redo","Gash+1"],"picked":"Echo Form","floor":27}],"player_experience":1114285,"relics_obtained":[{"floor":7,"key":"Ice Cream"},{"floor":9,"key":"Singing Bowl"},{"floor":10,"key":"Smiling Mask"},{"floor":26,"key":"Cables"}],"event_choices":[{"damage_healed":0,"gold_gain":0,"player_choice":"Simplicity","damage_taken":0,"max_hp_gain":0,"max_hp_loss":0,"event_name":"Back to Basics","floor":21,"gold_loss":0,"cards_upgraded":["Defend_B","Defend_B","Defend_B","Defend_B"]}],"is_beta":false,"boss_relics":[{"not_picked":["Runic Dome","Nuclear Battery"],"picked":"Runic Pyramid"}],"items_purged_floors":[],"is_endless":false,"potions_floor_spawned":[1,5,7,12,18,19],"killed_by":"Gremlin Leader","ascension_level":15}}