{"host":"nug5xkek4sujf8as","time":1613904926,"event":{"mods":["Act Like it!","Aspiration","BaseMod","Booster Modes","CapriCore","Colored Powertips","Conspire","Energized Spire","Gensokyo","Minty Spire (QoL Compilation)","Permanent Neow","Quick Restart","Reimu£®≤©¿ˆ¡È√Œ£©","Replay The Spire","Shop Mod","Spicy Shops","StSLib","°æπ¶ƒ‹Mod°øªÏ„Á÷Æª∑–ﬁ∏¥≤π∂°","°æ“≈ŒÔø®≈∆°øREMEMod","ÛÙª÷∏ƒœ"],"gold_per_floor":[113,126,56,241,254,254,289,307,333,343,371,35,529,846,85,315,315,699,66,393,39,75,75,75,75,75,141,174,174,199,635,156,1042,1042,1543,1562,1573,1166,1166,1277,1196,1196,1196,1213,1226,1236,1236,1851,309,789,798,798,798,47,103,270],"floor_reached":57,"language":"ZHS","playtime":3041,"items_purged":["Writhe","Strike_R"],"score":3013,"play_id":"1363b824-e610-4cfd-8a9f-7ded2ca3fedd","local_time":"20210221185526","is_ascension_mode":true,"campfire_choices":[{"data":"Flex","floor":6.0,"key":"SMITH"},{"floor":23.0,"key":"RECALL"},{"data":"Gensokyo:LochNessMonster","floor":25.0,"key":"SMITH"},{"data":"Defend_R+2","floor":53,"key":"SMITH"}],"circlet_count":0,"master_deck":["AscendersBane","Defend_R+3","Uppercut","Indignation","Battle Trance","Flex+1","Dark Embrace","Shrug It Off+1","Gensokyo:MonkeysPaw+1","Rage+1","Infernal Blade+1","Armaments+1","Feel No Pain","conspire:Purge+1","Shrug It Off+1","Gensokyo:LochNessMonster+1","conspire:DoublingDagger+1","Survivor+1","Expertise+1","Double Tap+1","Shrug It Off+1","Whirlwind","Thinking Ahead+1","REME_WheelOfFate+1","Barricade","Prostrate+1","Bandage Up+1","Feel No Pain+1","Tantrum","Shrug It Off+1","Thunderclap","ReplayUltimateDefense+1","REME_ProfessionalPlagiarism+1"],"relics":["Burning Blood","REME_ComplimentaryCards","Toxic Egg 2","Lantern","conspire:TopHat","aspiration:Nostalgia","Ring of the Snake","ReplayTheSpireMod:Ninjato","Toolbox","Pet Ghost","Chemical X","Vajra","energizedSpire:RedRose","energizedSpire:MagnifyingGlass","Snecko Heart","MerchantsRug","Mango","Eternal Feather","ReplayTheSpireMod:CursedCoin","Bag of Marbles","aspiration:StickyExplosives_weak","ReplayTheSpireMod:TigerMarble","Strawberry","PrismaticShard","ReplayTheSpireMod:ShopPack","energizedSpire:StickyHand","OrangePellets","ReplayTheSpireMod:Lightbulb","Simple Rune","aspiration:Lifesprig","StrikeDummy","Gensokyo:EmptyGrave","Potion Belt","REME_ArchaeologicalTools","conspire:DeflatedDodgeball","Golden Egg","Onion Ring","Mastiff:ReiMu","conspire:Dentures","Bottled Tornado","Shuriken","aspiration:HatOfInfinitePower","Another Sword"],"acts_visited":["Gensokyo:Gensokyo","Gensokyo:Gensokyoer","Gensokyo:Gensokyoest","TheEnding"],"potions_floor_usage":[56,56,56],"damage_taken":[{"damage":0.0,"enemies":"Gensokyo:3_Fairies","floor":1.0,"turns":4.0},{"damage":9.0,"enemies":"Gensokyo:Gryphon","floor":2.0,"turns":4.0},{"damage":0.0,"enemies":"Gensokyo:Python","floor":5.0,"turns":2.0},{"damage":0.0,"enemies":"Gensokyo:Aya","floor":7.0,"turns":2.0},{"damage":5.0,"enemies":"Gensokyo:Kitsune","floor":8.0,"turns":2.0},{"damage":0.0,"enemies":"Gensokyo:VengefulSpirit","floor":10.0,"turns":2.0},{"damage":0.0,"enemies":"Gensokyo:Mamizou","floor":11.0,"turns":5.0},{"damage":37.0,"enemies":"Gensokyo:2_Rabbits","floor":13.0,"turns":4.0},{"damage":25.0,"enemies":"Gensokyo:Cirno","floor":14.0,"turns":5.0},{"damage":12.0,"enemies":"Gensokyo:Yukari","floor":16.0,"turns":9.0},{"damage":33.0,"enemies":"Gensokyo:CosmicMonolith","floor":18.0,"turns":3.0},{"damage":32.0,"enemies":"Gensokyo:AngelMirror","floor":20.0,"turns":3.0},{"damage":6.0,"enemies":"Gensokyo:Chomper_and_Gloop","floor":22.0,"turns":3.0},{"damage":5.0,"enemies":"Gensokyo:Reisen","floor":28.0,"turns":3.0},{"damage":0.0,"enemies":"Gensokyo:Koishi","floor":30.0,"turns":2.0},{"damage":39.0,"enemies":"Gensokyo:Monolith_and_Dog","floor":31.0,"turns":3.0},{"damage":60.0,"enemies":"Gensokyo:Kaguya","floor":33.0,"turns":4.0},{"damage":38.0,"enemies":"Gensokyo:3_Boulders","floor":35.0,"turns":1.0},{"damage":6.0,"enemies":"Gensokyo:AncientGuardian","floor":36.0,"turns":1.0},{"damage":0.0,"enemies":"Gensokyo:3_Boulders","floor":37.0,"turns":2.0},{"damage":25.0,"enemies":"Gensokyo:Kasen","floor":40.0,"turns":5.0},{"damage":0.0,"enemies":"Gensokyo:SeedOfUnknown","floor":44.0,"turns":1.0},{"damage":0.0,"enemies":"Gensokyo:Dusk_and_Dawn","floor":45.0,"turns":2.0},{"damage":0.0,"enemies":"Gensokyo:3_Boulders","floor":46.0,"turns":1.0},{"damage":44,"enemies":"Gensokyo:AtlasGolem","floor":48,"turns":3},{"damage":61,"enemies":"Gensokyo:Scarlet_Devils","floor":50,"turns":3},{"damage":3,"enemies":"Gensokyo:Yuyuko","floor":51,"turns":1},{"damage":2,"enemies":"Shield and Spear","floor":55,"turns":2},{"damage":87,"enemies":"The Heart","floor":56,"turns":11}],"seed_played":"-159734519136925511","potions_obtained":[{"floor":1.0,"key":"HeartOfIron"},{"floor":7.0,"key":"Dexterity Potion"},{"floor":14.0,"key":"Block Potion"},{"floor":20.0,"key":"Adrenaline Potion"},{"floor":30.0,"key":"PowerPotion"},{"floor":36.0,"key":"PowerPotion"},{"floor":45.0,"key":"CultistPotion"},{"floor":46.0,"key":"LifebloodPotion"},{"floor":48,"key":"DuplicationPotion"}],"is_trial":false,"path_per_floor":["M","M","?","?","M","R","E","M","T","M","E","COS","M","E","R","B",null,"M","$","M","COS","M","R","?","R","T","$","E","?","E","M","R","B",null,"M","M","M","COS","?","E","$","?","T","M","M","M","?","M","R","B","B",null,"R","$","E","B",null],"character_chosen":"IRONCLAD","items_purchased":["Armaments+1","Toolbox","Pet Ghost","Feel No Pain","Chemical X","Vajra","MerchantsRug","Mango","Eternal Feather","ReplayTheSpireMod:CursedCoin","Bag of Marbles","PrismaticShard","Whirlwind","ReplayTheSpireMod:ShopPack","aspiration:Lifesprig","REME_ArchaeologicalTools","conspire:DeflatedDodgeball","Golden Egg","ReplayUltimateDefense","Onion Ring","Mastiff:ReiMu","Bottled Tornado","Shuriken","REME_ProfessionalPlagiarism+1"],"campfire_rested":0,"item_purchase_floors":[15,15,15,15,15,15,19,19,19,27,27,32,32,32,41,49,49,49,49,49,49,54,54,54],"current_hp_per_floor":[74,71,71,71,75,75,75,75,75,75,75,75,44,25,25,19,61,34,48,22,22,22,40,40,58,58,58,59,59,65,39,54,20,75,43,43,49,49,49,31,31,36,36,48,61,67,67,35,53,58,58,80,87,87,87,87],"gold":270,"neow_bonus":"THREE_CARDS","is_daily":false,"chose_seed":false,"campfire_upgraded":3,"win_rate":0.0,"timestamp":1613904926,"path_taken":["M","M","?","?","?","R","E","M","T","M","E","COS","M","E","R","BOSS","M","$","M","COS","M","R","?","R","T","?","E","?","E","M","R","BOSS","M","M","M","COS","?","E","$","?","T","M","M","?","?","M","R","BOSS","BOSS","R","$","E","BOSS"],"items_purchased_type":["Card","Relic","Relic","Card","Relic","Relic","Relic","Relic","Relic","Relic","Relic","Relic","Card","Relic","Relic","Relic","Relic","Relic","Card","Relic","Relic","Relic","Relic","Card"],"build_version":"2020-12-22","purchased_purges":2,"victory":true,"max_hp_per_floor":[75,75,75,75,75,75,75,75,75,75,75,75,75,75,75,75,75,75,89,89,89,89,89,89,89,89,89,89,86,86,93,93,93,93,93,93,93,93,93,94,94,94,94,94,95,95,86,86,86,87,87,87,87,87,87,87],"card_choices":[{"not_picked":["ReplayTheSpireMod:LeadingStrike","Abandon"],"picked":"Wild Strike","floor":0.0},{"not_picked":["Run Through","Headbutt"],"picked":"Uppercut","floor":1.0},{"not_picked":["True Grit","Rage"],"picked":"Battle Trance","floor":2.0},{"not_picked":["Perfected Strike","Massacre"],"picked":"Replay:Undeath\u0027s Touch","floor":4.0},{"not_picked":["Clothesline","Sword Boomerang"],"picked":"Flex","floor":5.0},{"not_picked":["Rupture","Headbutt","Flex+1"],"picked":"SKIP","floor":7.0},{"not_picked":["Massacre","Anger"],"picked":"Immolate","floor":8.0},{"not_picked":["Thunderclap","Headbutt"],"picked":"Dark Embrace","floor":10.0},{"not_picked":["Dropkick","Inflame"],"picked":"Shrug It Off+1","floor":11.0},{"not_picked":["Cleave","Wild Strike"],"picked":"Rage+1","floor":13.0},{"not_picked":["ReplayTheSpireMod:LeadingStrike","Run Through"],"picked":"Infernal Blade+1","floor":14.0},{"not_picked":["Feed","Offering+1"],"picked":"conspire:Purge+1","floor":16.0},{"not_picked":["Replay:Undeath\u0027s Touch","Havoc+1","Bloodletting+1"],"picked":"SKIP","floor":18.0},{"not_picked":["Flex+1","Infernal Blade+1"],"picked":"Shrug It Off+1","floor":20.0},{"not_picked":["Rampage","Twin Strike","Massacre"],"picked":"SKIP","floor":22.0},{"not_picked":["Iron Wave","Dark Embrace","Sword Boomerang"],"picked":"SKIP","floor":28.0},{"not_picked":["Iron Wave","Clash","Sword Boomerang"],"picked":"SKIP","floor":30.0},{"not_picked":["conspire:HitWhereItHurts","Demonic Infusion"],"picked":"Double Tap","floor":31.0},{"not_picked":["Fire Breathing","Sword Boomerang"],"picked":"Shrug It Off+1","floor":31.0},{"not_picked":["Replay:Bootleg Shield Generator","Replay:Sssssssssshield"],"picked":"Thinking Ahead","floor":32.0},{"not_picked":["REME_HeartOfCthun","Master of Strategy"],"picked":"REME_WheelOfFate","floor":32.0},{"not_picked":["REME_Shoggoth","Devotion"],"picked":"Barricade","floor":33.0},{"not_picked":["Beam Cell+1","Infinite Blades+1","Anger+1"],"picked":"SKIP","floor":35.0},{"not_picked":["Specialist","ReplayTheSpireMod:Strike From Hell","Bandage Up+1"],"picked":"SKIP","floor":36.0},{"not_picked":["PiercingWail+1","REME_FearOfPain","Riddle With Holes"],"picked":"SKIP","floor":37.0},{"not_picked":["Prostrate+1","Bandage Up+1"],"picked":"Feel No Pain+1","floor":40.0},{"not_picked":["Compile Driver","Doppelganger+1","REME_SelfUpgrade"],"picked":"SKIP","floor":44.0},{"not_picked":["Wild Strike","AirStrike:ReiMu","Mind Blast"],"picked":"SKIP","floor":45.0},{"not_picked":["Consume+1","Compile Driver","Wallop"],"picked":"SKIP","floor":46.0},{"not_picked":["Tantrum","Thunderclap"],"picked":"Shrug It Off+1","floor":48},{"not_picked":["JustLucky+1","Flying Knee+1","Deflect+1"],"picked":"SKIP","floor":55}],"player_experience":980749,"relics_obtained":[{"floor":7.0,"key":"Toxic Egg 2"},{"floor":9.0,"key":"Lantern"},{"floor":11.0,"key":"conspire:TopHat"},{"floor":14.0,"key":"ReplayTheSpireMod:Ninjato"},{"floor":28.0,"key":"aspiration:StickyExplosives_weak"},{"floor":30.0,"key":"ReplayTheSpireMod:TigerMarble"},{"floor":40.0,"key":"Simple Rune"},{"floor":43.0,"key":"StrikeDummy"},{"floor":55,"key":"Another Sword"}],"event_choices":[],"is_beta":false,"boss_relics":[{"not_picked":["energizedSpire:DecayingSkull","Philosopher\u0027s Stone"],"picked":"Replay:Grab Bag"},{"not_picked":["energizedSpire:EnergizedDie","Runic Dome"],"picked":"energizedSpire:RedRose"},{"not_picked":["Ooze Armor","energizedSpire:TabascoSauce"],"picked":"energizedSpire:MagnifyingGlass"},{"not_picked":["aspiration:SecretTechniqueScroll","aspiration:RunicSpoon"],"picked":"Snecko Heart"},{"not_picked":["conspire:RoyalGoblet","Electric Blood"],"picked":"energizedSpire:StickyHand"}],"items_purged_floors":[32,32],"is_endless":false,"potions_floor_spawned":[1,7,10,14,20,30,36,45,46,48],"ascension_level":20}}