{"host":"iv24d026eac8pm4e","time":1613900444,"event":{"mods":["BaseMod","Minty Spire (QoL Compilation)"],"gold_per_floor":[109,119,131,142,15,15,42,42,94,94,94],"floor_reached":10,"language":"ENG","playtime":413,"items_purged":["Strike_G"],"score":136,"play_id":"6462bef6-02b3-4ca7-8fb8-7fb5df2bc8db","local_time":"20210221014044","is_ascension_mode":true,"campfire_choices":[{"data":"Burst","floor":6,"key":"SMITH"},{"data":"Calculated Gamble","floor":8,"key":"SMITH"}],"circlet_count":0,"master_deck":["AscendersBane","Strike_G","Strike_G","Strike_G","Strike_G","Defend_G","Defend_G","Defend_G","Defend_G","Defend_G","Survivor","Neutralize","Burst+1","Calculated Gamble+1","Blade Dance","Accuracy","Cloak And Dagger","Underhanded Strike"],"relics":["Ring of the Snake","Bottled Lightning","Tiny Chest"],"acts_visited":["Exordium"],"potions_floor_usage":[7],"damage_taken":[{"damage":1,"enemies":"Cultist","floor":1,"turns":4},{"damage":0,"enemies":"2 Louse","floor":2,"turns":4},{"damage":1,"enemies":"Small Slimes","floor":3,"turns":4},{"damage":5,"enemies":"Exordium Thugs","floor":4,"turns":7},{"damage":14,"enemies":"3 Sentries","floor":7,"turns":10},{"damage":42,"enemies":"Gremlin Nob","floor":10,"turns":3}],"seed_played":"1942323919389696447","potions_obtained":[{"floor":3,"key":"CultistPotion"},{"floor":4,"key":"Swift Potion"}],"is_trial":false,"path_per_floor":["M","M","M","M","$","R","E","R","T","E"],"character_chosen":"THE_SILENT","items_purchased":["Cloak And Dagger"],"campfire_rested":0,"item_purchase_floors":[5],"current_hp_per_floor":[58,58,57,52,52,52,38,38,38,0,0],"gold":94,"neow_bonus":"THREE_RARE_CARDS","is_daily":false,"chose_seed":false,"campfire_upgraded":2,"win_rate":0.0,"timestamp":1613900444,"path_taken":["M","M","M","M","?","R","E","R","T","E"],"items_purchased_type":["Card"],"build_version":"2020-12-22","purchased_purges":1,"victory":false,"max_hp_per_floor":[60,60,60,60,60,60,60,60,60,60,60],"card_choices":[{"not_picked":["Storm of Steel","Unload"],"picked":"Burst","floor":0},{"not_picked":["Flying Knee","Outmaneuver"],"picked":"Calculated Gamble","floor":1},{"not_picked":["Deflect","Deadly Poison"],"picked":"Blade Dance","floor":2},{"not_picked":["All Out Attack","Outmaneuver"],"picked":"Accuracy","floor":3},{"not_picked":["Outmaneuver","Dash","Dodge and Roll"],"picked":"SKIP","floor":4},{"not_picked":["Deadly Poison","Flying Knee"],"picked":"Underhanded Strike","floor":7}],"player_experience":2546379,"relics_obtained":[{"floor":7,"key":"Bottled Lightning"},{"floor":9,"key":"Tiny Chest"}],"event_choices":[],"is_beta":false,"boss_relics":[],"items_purged_floors":[5],"is_endless":false,"potions_floor_spawned":[3,4],"killed_by":"Gremlin Nob","ascension_level":20}}