{"host":"as7albp2mcgkylj3","time":1613920180,"event":{"mods":["2.2 Compatiblity","AchievementEnabler","BaseMod","Colored Map","DeckTracker","Googly Eyes","Highlight Path","Minty Spire (QoL Compilation)","StSLib","SuperFastMode"],"gold_per_floor":[15,15,33,51,69,69,80,97,120,120,135,135,161,177,177,177,177],"floor_reached":16,"language":"ITA","playtime":238,"items_purged":[],"score":96,"play_id":"ab62934c-e8af-4c0b-a78e-77f09efe8312","local_time":"20210221160940","is_ascension_mode":false,"campfire_choices":[{"data":"Eruption","floor":6,"key":"SMITH"},{"floor":15,"key":"REST"}],"circlet_count":0,"master_deck":["Strike_P","Strike_P","Strike_P","Defend_P","Defend_P","Defend_P","Eruption+1","Vigilance","Consecrate"],"relics":["PureWater"],"acts_visited":["Exordium"],"potions_floor_usage":[],"damage_taken":[{"damage":0,"enemies":"2 Louse","floor":1,"turns":2},{"damage":15,"enemies":"Small Slimes","floor":3,"turns":3},{"damage":11,"enemies":"Jaw Worm","floor":4,"turns":5},{"damage":21,"enemies":"Lots of Slimes","floor":5,"turns":3},{"damage":0,"enemies":"Large Slime","floor":7,"turns":3},{"damage":0,"enemies":"Looter","floor":8,"turns":4},{"damage":7,"enemies":"Exordium Thugs","floor":11,"turns":3},{"damage":9,"enemies":"Blue Slaver","floor":14,"turns":4},{"damage":40,"enemies":"Hexaghost","floor":16,"turns":2}],"seed_played":"-5740245833826124623","potions_obtained":[{"floor":5,"key":"Weak Potion"},{"floor":7,"key":"LiquidMemories"},{"floor":11,"key":"Block Potion"}],"is_trial":false,"path_per_floor":["M","?","M","M","M","R","M","M","T","?","M","?","T","M","R","B"],"character_chosen":"WATCHER","items_purchased":[],"campfire_rested":1,"item_purchase_floors":[],"current_hp_per_floor":[72,72,57,46,25,25,25,25,25,43,36,29,29,20,40,0,0],"gold":177,"neow_bonus":"REMOVE_TWO","is_daily":false,"chose_seed":false,"campfire_upgraded":1,"win_rate":0.0,"timestamp":1613920180,"path_taken":["M","?","M","M","M","R","M","M","T","?","M","?","?","?","R","BOSS"],"items_purchased_type":[],"build_version":"2020-12-22","purchased_purges":0,"victory":false,"max_hp_per_floor":[72,72,72,72,72,72,72,72,72,72,72,69,69,69,69,69,69],"card_choices":[{"not_picked":["EmptyFist","FollowUp","CutThroughFate"],"picked":"SKIP","floor":1},{"not_picked":["Tantrum","Nirvana","TalkToTheHand"],"picked":"SKIP","floor":3},{"not_picked":["Evaluate","ReachHeaven","Prostrate"],"picked":"SKIP","floor":4},{"not_picked":["SashWhip","FollowUp"],"picked":"Consecrate","floor":5},{"not_picked":["Indignation","Wallop","CrushJoints"],"picked":"SKIP","floor":7},{"not_picked":["Blasphemy","Pray","CutThroughFate"],"picked":"SKIP","floor":8},{"not_picked":["MentalFortress","Consecrate","ThirdEye"],"picked":"SKIP","floor":11},{"not_picked":["Establishment","ClearTheMind","Adaptation"],"picked":"SKIP","floor":14}],"player_experience":483338,"relics_obtained":[],"event_choices":[{"damage_healed":0,"gold_gain":0,"player_choice":"Ignored","damage_taken":0,"max_hp_gain":0,"max_hp_loss":0,"event_name":"Golden Idol","floor":2,"gold_loss":0},{"damage_healed":18,"gold_gain":0,"player_choice":"Healed and dodged fight","damage_taken":0,"max_hp_gain":0,"max_hp_loss":0,"event_name":"Mushrooms","floor":10,"gold_loss":0,"cards_obtained":["Parasite"]},{"cards_removed":["Parasite"],"damage_healed":0,"gold_gain":0,"player_choice":"Card Removal","damage_taken":7,"max_hp_gain":0,"max_hp_loss":0,"event_name":"Golden Wing","floor":12,"gold_loss":0}],"is_beta":false,"boss_relics":[],"items_purged_floors":[],"is_endless":false,"potions_floor_spawned":[5,7,11,14],"killed_by":"Hexaghost","ascension_level":0}}