{"host":"5wwct7e0z3l0f094","time":1613885624,"event":{"mods":["AchievementEnabler","BaseMod","Downfall","Highlight Path","Minty Spire (QoL Compilation)","Quick Restart","StSLib","SuperFastMode"],"gold_per_floor":[116,134,153,167,185,212,212,239,239,272,272,272,272],"floor_reached":12,"language":"ENG","playtime":524,"items_purged":[],"score":160,"play_id":"50e82b51-292c-4fac-adac-7b7c353e0f89","local_time":"20210221003344","is_ascension_mode":true,"campfire_choices":[{"data":"Flex","floor":7,"key":"SMITH"},{"floor":11,"key":"REST"}],"circlet_count":0,"master_deck":["AscendersBane","Strike_R","Strike_R","Strike_R","Strike_R","Strike_R","Defend_R","Defend_R","Defend_R","Defend_R","Bash","Thunderclap","Armaments","Sword Boomerang","Pommel Strike","Flex+1","Demon Form","Regret","Sword Boomerang+1"],"relics":["Cursed Key","Question Card","Sundial","Molten Egg 2","Toy Ornithopter"],"acts_visited":["Exordium"],"potions_floor_usage":[6,6],"damage_taken":[{"damage":1,"enemies":"Cultist","floor":1,"turns":3},{"damage":0,"enemies":"2 Louse","floor":2,"turns":2},{"damage":1,"enemies":"Small Slimes","floor":3,"turns":3},{"damage":11,"enemies":"2 Fungi Beasts","floor":4,"turns":3},{"damage":1,"enemies":"Looter","floor":5,"turns":2},{"damage":10,"enemies":"3 Sentries","floor":6,"turns":5},{"damage":32,"enemies":"Gremlin Nob","floor":8,"turns":4},{"damage":20,"enemies":"Lagavulin","floor":10,"turns":6},{"damage":27,"enemies":"3 Sentries","floor":12,"turns":3}],"seed_played":"-6959173510690027628","potions_obtained":[{"floor":4,"key":"Fruit Juice"},{"floor":5,"key":"SkillPotion"}],"is_trial":false,"path_per_floor":["M","M","M","M","M","E","R","E","T","E","R","E"],"character_chosen":"IRONCLAD","items_purchased":[],"campfire_rested":1,"item_purchase_floors":[],"current_hp_per_floor":[71,71,70,59,58,53,53,21,21,1,26,0,0],"gold":272,"neow_bonus":"BOSS_RELIC","is_daily":false,"chose_seed":false,"campfire_upgraded":1,"win_rate":0.0,"timestamp":1613885624,"path_taken":["M","M","M","M","M","E","R","E","T","E","R","E"],"items_purchased_type":[],"build_version":"2020-12-22","purchased_purges":0,"victory":false,"max_hp_per_floor":[80,80,80,80,80,85,85,85,85,85,85,85,85],"card_choices":[{"not_picked":["Heavy Blade","Armaments"],"picked":"Thunderclap","floor":1},{"not_picked":["Iron Wave","Anger"],"picked":"Armaments","floor":2},{"not_picked":["Twin Strike","Barricade"],"picked":"Sword Boomerang","floor":3},{"not_picked":["Seeing Red","Shrug It Off"],"picked":"Pommel Strike","floor":4},{"not_picked":["Searing Blow","Shrug It Off"],"picked":"Flex","floor":5},{"not_picked":["Dual Wield","Perfected Strike","Twin Strike"],"picked":"SKIP","floor":6},{"not_picked":["Armaments","Carnage","Twin Strike"],"picked":"Demon Form","floor":8},{"not_picked":["Headbutt+1","Shrug It Off","Battle Trance"],"picked":"Sword Boomerang+1","floor":10}],"player_experience":350896,"relics_obtained":[{"floor":6,"key":"Question Card"},{"floor":8,"key":"Sundial"},{"floor":9,"key":"Molten Egg 2"},{"floor":10,"key":"Toy Ornithopter"}],"event_choices":[],"is_beta":false,"boss_relics":[],"items_purged_floors":[],"is_endless":false,"potions_floor_spawned":[4,5],"killed_by":"3 Sentries","ascension_level":12}}