{"host":"ur8591ivwt16uwtw","time":1613946832,"event":{"mods":["BaseMod","Hubris","Minty Spire (QoL Compilation)","Rare Cards Sparkle","Replay The Spire","StSLib","The Bug Knight","The Cursed","The Disciple","The Hierophant","The Runesmith"],"gold_per_floor":[113,38,38,38,50,50,50,83,108,125,158,158,193,213,213,313,313,324,234,184,184,197,197,222,239,264,298,319,319,15,31,31,155,155,186,217,17,43,76,76,76],"floor_reached":40,"language":"ENG","playtime":2809,"items_purged":["Replay:Hysterical Blindness","Strike_Br","Strike_Br","Defend_Br"],"score":496,"play_id":"20fb9145-fd41-4482-b4b8-28ebafc23b38","local_time":"20210221233352","is_ascension_mode":false,"campfire_choices":[{"data":"ExoVibe","floor":6.0,"key":"SMITH"},{"data":"Goo","floor":12.0,"key":"SMITH"},{"floor":15.0,"key":"DIG"},{"data":"Stagnate","floor":23.0,"key":"SMITH"},{"data":"FormalWear","floor":32.0,"key":"SMITH"}],"circlet_count":0,"master_deck":["Defend_Br+1","Defend_Br","SecondHand","PatternShift","Fragmentalize","OverTime","HandsUpC","ExoVibe+5","Goo+6","ReapSow","Accruing+1","Accruing","BlueShift","Stagnate+1","FormalWear+1","SlimeSpray","OldTimer+1","Pendulum","hubris:NaturalOne","LockedThread","HandsUpC+1"],"relics":["Chronometer","Juzu Bracelet","hubris:Icosahedron","Meat on the Bone","Smiling Mask","Bronze Scales","Art of War","Iron Hammer","Velvet Choker","Snack Pack","Blue Doll","Replay:Bandana","hubris:Towel","Blood Vial","Sozu","Strawberry"],"acts_visited":["Exordium","TheCity","TheBeyond"],"potions_floor_usage":[],"damage_taken":[{"damage":2.0,"enemies":"Small Slimes","floor":1.0,"turns":6.0},{"damage":0.0,"enemies":"2 Louse","floor":5.0,"turns":2.0},{"damage":12.0,"enemies":"3 Sentries","floor":8.0,"turns":8.0},{"damage":0.0,"enemies":"Cultist","floor":10.0,"turns":5.0},{"damage":19.0,"enemies":"Gremlin Nob","floor":11.0,"turns":8.0},{"damage":13.0,"enemies":"Lagavulin","floor":13.0,"turns":9.0},{"damage":0.0,"enemies":"Looter","floor":14.0,"turns":3.0},{"damage":18.0,"enemies":"Slime Boss","floor":16.0,"turns":12.0},{"damage":10.0,"enemies":"2 Thieves","floor":18.0,"turns":3.0},{"damage":0.0,"enemies":"Shell Parasite","floor":22.0,"turns":5.0},{"damage":24.0,"enemies":"Slavers","floor":24.0,"turns":7.0},{"damage":0.0,"enemies":"Snake Plant","floor":25.0,"turns":6.0},{"damage":0.0,"enemies":"Gremlin Leader","floor":27.0,"turns":8.0},{"damage":14.0,"enemies":"Centurion and Healer","floor":28.0,"turns":7.0},{"damage":0.0,"enemies":"Cultist and Chosen","floor":31.0,"turns":8.0},{"damage":40.0,"enemies":"Automaton","floor":33.0,"turns":11.0},{"damage":12.0,"enemies":"3 Shapes","floor":35.0,"turns":8.0},{"damage":8.0,"enemies":"Orb Walker","floor":36.0,"turns":3.0},{"damage":54.0,"enemies":"Jaw Worm Horde","floor":38.0,"turns":7.0},{"damage":21,"enemies":"3 Darklings","floor":39,"turns":5},{"damage":60,"enemies":"Giant Head","floor":40,"turns":9}],"seed_played":"-1298350004948443704","potions_obtained":[{"floor":1.0,"key":"Fire Potion"},{"floor":5.0,"key":"Elixir"},{"floor":14.0,"key":"Explosive Potion"},{"floor":16.0,"key":"Toxic Potion"},{"floor":18.0,"key":"BlessingOfTheForge"},{"floor":27.0,"key":"SpeedPotion"},{"floor":31.0,"key":"AttackPotion"}],"is_trial":false,"path_per_floor":["M","$","?","?","M","R","?","E","T","M","E","R","E","M","R","B",null,"M","?","$","?","M","R","E","M","T","E","M","?","$","M","R","B",null,"M","M","$","M","M","E"],"character_chosen":"CHRONO_CLASS","items_purchased":["OldTimer+1","Blood Vial","Strawberry"],"campfire_rested":0,"item_purchase_floors":[30,30,37],"current_hp_per_floor":[63,63,60,60,60,60,60,48,48,48,41,41,40,40,40,34,65,55,55,55,55,55,55,43,47,47,51,37,37,37,45,45,31,65,54,52,59,23,18,0,0],"gold":76,"neow_bonus":"TRANSFORM_TWO_CARDS","is_daily":false,"chose_seed":false,"campfire_upgraded":4,"win_rate":0.0,"timestamp":1613946832,"path_taken":["M","$","?","?","M","R","?","E","T","M","E","R","E","M","R","BOSS","M","?","?","?","M","R","E","M","T","E","M","?","$","M","R","BOSS","M","M","$","M","M","E"],"items_purchased_type":["Card","Relic","Relic"],"build_version":"2020-12-22","purchased_purges":4,"victory":false,"max_hp_per_floor":[65,65,65,65,65,65,65,65,65,65,65,65,65,65,65,65,65,65,65,65,65,65,65,65,65,65,65,65,65,65,65,65,65,65,65,65,72,72,72,72,72],"card_choices":[{"not_picked":["Engulf","Cuckoo"],"picked":"HandsUpC","floor":1.0},{"not_picked":["TickedOff","LockedMedicine"],"picked":"ExoVibe","floor":5.0},{"not_picked":["BiteCommand","Echoward"],"picked":"Goo","floor":8.0},{"not_picked":["Echoward","BeatsPerMinute","Parity"],"picked":"SKIP","floor":10.0},{"not_picked":["HandsUpB","LockedOrichalcum"],"picked":"ReapSow","floor":11.0},{"not_picked":["Engulf","LockedWarPaint"],"picked":"Accruing","floor":13.0},{"not_picked":["Parity","CrunchTime"],"picked":"Accruing","floor":14.0},{"not_picked":["LockedMedicine+1","LockedBlood"],"picked":"BlueShift","floor":18.0},{"not_picked":["WakeUpCall","LockedTornado"],"picked":"Stagnate","floor":22.0},{"not_picked":["WatchCommand","Engulf"],"picked":"FormalWear","floor":24.0},{"not_picked":["BiteCommand","Engulf","Echoward"],"picked":"SKIP","floor":25.0},{"not_picked":["BlueShift","BeatsPerMinute","PrimeTime"],"picked":"SKIP","floor":27.0},{"not_picked":["HandsUpB","Parity"],"picked":"SlimeSpray","floor":28.0},{"not_picked":["LockedAnchor","ReapSow"],"picked":"Pendulum","floor":31.0},{"not_picked":["HandsUpB+1","PrimeTime","LockedAnchor+1"],"picked":"SKIP","floor":35.0},{"not_picked":["BlueShift+1","Break+1"],"picked":"LockedThread","floor":36.0},{"not_picked":["LockedMedicine","Keepsakes+1"],"picked":"HandsUpC+1","floor":38.0},{"not_picked":["Engulf+1","AlternateTimeline+1","Tempo"],"picked":"SKIP","floor":39}],"player_experience":2443209,"relics_obtained":[{"floor":8.0,"key":"Smiling Mask"},{"floor":11.0,"key":"Bronze Scales"},{"floor":13.0,"key":"Art of War"},{"floor":15.0,"key":"Iron Hammer"},{"floor":24.0,"key":"Snack Pack"},{"floor":26.0,"key":"Blue Doll"},{"floor":27.0,"key":"Replay:Bandana"}],"event_choices":[{"damage_healed":0.0,"max_hp_gain":0.0,"max_hp_loss":0.0,"gold_gain":0.0,"event_name":"Scrap Ooze","player_choice":"Success","floor":3.0,"gold_loss":0.0,"damage_taken":3.0,"relics_obtained":["Juzu Bracelet"]},{"damage_healed":0.0,"max_hp_gain":0.0,"max_hp_loss":0.0,"gold_gain":0.0,"event_name":"Dead Adventurer","player_choice":"Searched \u00272\u0027 times","floor":7.0,"gold_loss":0.0,"damage_taken":0.0,"relics_obtained":["Meat on the Bone"]},{"cards_removed":["Strike_Br"],"damage_healed":0.0,"max_hp_gain":0.0,"max_hp_loss":0.0,"gold_gain":0.0,"event_name":"Designer","player_choice":"Upgrade and Remove","floor":19.0,"gold_loss":90.0,"damage_taken":0.0,"cards_upgraded":["Defend_Br"]}],"is_beta":false,"boss_relics":[{"not_picked":["Fusion Hammer","Chronograph"],"picked":"Velvet Choker"},{"not_picked":["SlaversCollar","Cursed Key"],"picked":"Sozu"}],"items_purged_floors":[2,20,30,37],"is_endless":false,"potions_floor_spawned":[1,5,14,16,18,27,31,35],"killed_by":"Giant Head","ascension_level":0}}