{"host":"xp5rvh2jwe2ejyfm","time":1613939355,"event":{"mods":["2.2 Compatiblity","Aspiration","Bard","BaseMod","Beaked The Cultist","Better Altar","Better Match","Better Note","Better Sensory Stone","Better Skull","BetterRewards","Colored Powertips","Conspire","Downfall","GifTheSpireLib","Gremlin Mod","GungeonMod","Hermit","Hubris","Jorbs\u0027s Wanderer Trilogy","Mad Scientist","Minty Spire (QoL Compilation)","Potionbrewer","Quick Restart","Replay The Spire","Robot Space Explorer","Shade Mod","Somnambulant","StSLib","The Bug Knight","The Clintock","The Construct","The Cursed","The Disciple","The Forsaken","The Hierophant","The Marked","The Mystic","The Necromancer","The Runesmith","The Servant 0.9.4","The Valiant","The Witch","TheFirefly","TheVacant","thorton"],"gold_per_floor":[116,116,18,35,45,75,75,75,75,75,93,112,146,92,92,192,192,207,26,40,40,40],"floor_reached":21,"language":"ENG","playtime":1019,"items_purged":[],"score":189,"play_id":"c5f4b705-c090-4896-8f0f-f74de88afa5d","local_time":"20210221152915","is_ascension_mode":false,"campfire_choices":[{"floor":7,"key":"RECALL"},{"floor":10,"key":"REST"},{"floor":15,"key":"REST"}],"circlet_count":0,"master_deck":["MadScienceMod:Strike_MadScience","MadScienceMod:Strike_MadScience","MadScienceMod:Strike_MadScience","MadScienceMod:Strike_MadScience","MadScienceMod:Defend_MadScience","MadScienceMod:Defend_MadScience","MadScienceMod:Defend_MadScience","MadScienceMod:PoweredStrike","MadScienceMod:HideBehindJunk","MadScienceMod:AssemblyLine","MadScienceMod:RecyclingStation","MadScienceMod:AutoStrike","MadScienceMod:AutoStrike","MadScienceMod:RecyclingStation","MadScienceMod:FragmentationGrenade","MadScienceMod:AntimatterBomb","MadScienceMod:JunkLaser","MadScienceMod:PowerArmor","MadScienceMod:PowerArmor","MadScienceMod:PowerArmor","MadScienceMod:Generator","MadScienceMod:NowOrNever","MadScienceMod:FlexibleSpear","MadScienceMod:FlameThrower+1"],"relics":["MadScienceMod:FuelTank","NeowsBlessing","aspiration:HummingbirdHeart","Replay:Towering Pillar of Hats","potionbrewer:BhaskarasWheel","potionbrewer:Keyblade"],"acts_visited":["Exordium","TheCity"],"potions_floor_usage":[6,11,13,16,21],"damage_taken":[{"damage":0,"enemies":"Cultist","floor":1,"turns":1},{"damage":0,"enemies":"Jaw Worm","floor":4,"turns":1},{"damage":0,"enemies":"2 Louse","floor":5,"turns":1},{"damage":28,"enemies":"Lagavulin","floor":6,"turns":9},{"damage":2,"enemies":"Exordium Thugs","floor":11,"turns":4},{"damage":7,"enemies":"Blue Slaver","floor":12,"turns":4},{"damage":13,"enemies":"3 Sentries","floor":13,"turns":6},{"damage":20,"enemies":"Fading Forest","floor":16,"turns":11},{"damage":32,"enemies":"Chosen","floor":18,"turns":7},{"damage":26,"enemies":"3 Byrds","floor":20,"turns":7},{"damage":19,"enemies":"Snecko","floor":21,"turns":4}],"seed_played":"-1012539731926186052","potions_obtained":[{"floor":4,"key":"DemoMod:LeadSkinPotion"},{"floor":5,"key":"potionbrewer:NoxiousPotion"},{"floor":11,"key":"Elixir"},{"floor":12,"key":"Strength Potion"},{"floor":13,"key":"Dexterity Potion"}],"is_trial":false,"path_per_floor":["M","?","$","M","M","E","R","?","T","R","M","M","E","$","R","B",null,"M","$","M","M"],"character_chosen":"MAD_SCIENTIST","items_purchased":["MadScienceMod:RecyclingStation","MadScienceMod:AutoStrike","MadScienceMod:PowerArmor","potionbrewer:Keyblade","MadScienceMod:FlexibleSpear"],"campfire_rested":2,"item_purchase_floors":[3,3,14,19,19],"current_hp_per_floor":[75,75,75,75,75,47,47,47,47,69,67,60,47,47,69,59,75,43,43,17,0,0],"gold":40,"neow_bonus":"THREE_ENEMY_KILL","is_daily":false,"chose_seed":false,"campfire_upgraded":0,"win_rate":0.0,"timestamp":1613939355,"path_taken":["M","?","$","?","M","E","R","?","T","R","M","M","E","$","R","BOSS","M","$","?","M"],"items_purchased_type":["Card","Card","Card","Relic","Card"],"build_version":"2020-12-22","purchased_purges":0,"victory":false,"max_hp_per_floor":[75,75,75,75,75,75,75,75,75,75,75,75,75,75,75,75,75,75,75,75,75,75],"card_choices":[{"not_picked":["MadScienceMod:OilDrum","MadScienceMod:RadioactiveSword"],"picked":"MadScienceMod:AssemblyLine","floor":1},{"not_picked":["MadScienceMod:ShrinkRay","MadScienceMod:GattlingGun"],"picked":"MadScienceMod:AutoStrike","floor":4},{"not_picked":["MadScienceMod:FlammableWall","MadScienceMod:NowOrNever"],"picked":"MadScienceMod:RecyclingStation","floor":5},{"not_picked":["MadScienceMod:MindControlBeam","MadScienceMod:FlexibleSpear"],"picked":"MadScienceMod:FragmentationGrenade","floor":6},{"not_picked":["MadScienceMod:ExtractOil","MadScienceMod:Sprocket"],"picked":"MadScienceMod:AntimatterBomb","floor":11},{"not_picked":["MadScienceMod:Lightbulb","MadScienceMod:FragmentationGrenade"],"picked":"MadScienceMod:JunkLaser","floor":12},{"not_picked":["MadScienceMod:AntimatterBomb","MadScienceMod:MechanicalClaw"],"picked":"MadScienceMod:PowerArmor","floor":13},{"not_picked":["MadScienceMod:Reconstitute","MadScienceMod:GlassCannon"],"picked":"MadScienceMod:Generator","floor":16},{"not_picked":["MadScienceMod:Inflate","MadScienceMod:Lightbulb"],"picked":"MadScienceMod:NowOrNever","floor":18},{"not_picked":["MadScienceMod:RadioactiveSword+1","MadScienceMod:LightOnFire+1"],"picked":"MadScienceMod:FlameThrower+1","floor":20}],"player_experience":552470,"relics_obtained":[{"floor":6,"key":"aspiration:HummingbirdHeart"},{"floor":13,"key":"Replay:Towering Pillar of Hats"}],"event_choices":[{"cards_removed":["MadScienceMod:Defend_MadScience"],"damage_healed":0,"gold_gain":0,"player_choice":"Offered Basic","damage_taken":0,"max_hp_gain":0,"max_hp_loss":0,"event_name":"Bonfire Elementals","floor":2,"gold_loss":0},{"damage_healed":0,"gold_gain":0,"player_choice":"Ignored","damage_taken":0,"max_hp_gain":0,"max_hp_loss":0,"event_name":"betterNote:BetterNote","floor":8,"gold_loss":0,"cards_obtained":["hermit:Headshot"]}],"is_beta":false,"boss_relics":[{"not_picked":["Runesmith:UraniumAnvil","Ectoplasm"],"picked":"potionbrewer:BhaskarasWheel"}],"items_purged_floors":[],"is_endless":false,"potions_floor_spawned":[4,5,11,12,13],"killed_by":"Snecko","ascension_level":0}}