{"host":"rantoq7h0pygex6x","time":1613885722,"event":{"mods":["AchievementEnabler","BaseMod","BetterRewards","Minty Spire (QoL Compilation)","SuperFastMode"],"gold_per_floor":[116,116,127,77,89,89,114,114,137,137,147,181,201,1,1,73,73,60,60,7,7,22,22,49,99,126,126,158,158,171,185,185,259,259,274,274,6,21,38,38,67,87,110,110,121,121,148,159,159,159,159],"floor_reached":50,"language":"ENG","playtime":1268,"items_purged":["Defend_R","Strike_R","Strike_R","Strike_R"],"score":1400,"play_id":"b53a3142-edf4-4ed4-9905-4e24f6e7b112","local_time":"20210221133522","is_ascension_mode":true,"campfire_choices":[{"data":"Uppercut","floor":6.0,"key":"SMITH"},{"data":"Armaments","floor":8.0,"key":"SMITH"},{"data":"Combust","floor":10.0,"key":"SMITH"},{"data":"Madness","floor":15.0,"key":"SMITH"},{"data":"Rage","floor":23.0,"key":"SMITH"},{"floor":27.0,"key":"REST"},{"floor":32.0,"key":"REST"},{"floor":40,"key":"REST"},{"data":"Body Slam","floor":46,"key":"SMITH"},{"floor":49,"key":"REST"}],"circlet_count":0,"master_deck":["AscendersBane","Defend_R","Defend_R","Bash","Armaments+1","Combust+1","Flame Barrier","Uppercut+1","Rage+1","Shrug It Off","Iron Wave","Reaper","Madness+1","Demon Form+1","Fire Breathing+1","Shame","Flash of Steel","Barricade+1","Fire Breathing+1","Iron Wave+1","Juggernaut+1","Heavy Blade+1","Anger","Juggernaut+1","Entrench","Body Slam+1","Parasite","Dropkick"],"relics":["Burning Blood","Membership Card","Vajra","Happy Flower","Frozen Egg 2","MealTicket","SacredBark","Gremlin Horn","MutagenicStrength","Red Skull","Oddly Smooth Stone","Bottled Tornado","Empty Cage","Dream Catcher","Lizard Tail","Mummified Hand","PreservedInsect","Boot"],"acts_visited":["Exordium","TheCity","TheBeyond"],"potions_floor_usage":[42,45,50],"damage_taken":[{"damage":7.0,"enemies":"Jaw Worm","floor":1.0,"turns":6.0},{"damage":9.0,"enemies":"Cultist","floor":3.0,"turns":4.0},{"damage":1.0,"enemies":"Small Slimes","floor":5.0,"turns":6.0},{"damage":16.0,"enemies":"Lagavulin","floor":7.0,"turns":8.0},{"damage":0.0,"enemies":"Looter","floor":11.0,"turns":4.0},{"damage":18.0,"enemies":"3 Sentries","floor":12.0,"turns":7.0},{"damage":4.0,"enemies":"Blue Slaver","floor":13.0,"turns":3.0},{"damage":41.0,"enemies":"The Guardian","floor":16.0,"turns":12.0},{"damage":14.0,"enemies":"2 Thieves","floor":18.0,"turns":4.0},{"damage":34.0,"enemies":"Shell Parasite","floor":22.0,"turns":5.0},{"damage":69.0,"enemies":"Slavers","floor":24.0,"turns":4.0},{"damage":10.0,"enemies":"Book of Stabbing","floor":28.0,"turns":7.0},{"damage":38.0,"enemies":"Chosen and Byrds","floor":30.0,"turns":6.0},{"damage":24.0,"enemies":"Snake Plant","floor":31.0,"turns":5.0},{"damage":22.0,"enemies":"Champ","floor":33.0,"turns":12.0},{"damage":28.0,"enemies":"Orb Walker","floor":35.0,"turns":4.0},{"damage":16.0,"enemies":"3 Shapes","floor":38.0,"turns":4.0},{"damage":81,"enemies":"Jaw Worm Horde","floor":39,"turns":5},{"damage":55,"enemies":"Nemesis","floor":41,"turns":9},{"damage":13,"enemies":"Maw","floor":42,"turns":7},{"damage":12,"enemies":"Writhing Mass","floor":45,"turns":6},{"damage":43,"enemies":"Giant Head","floor":47,"turns":6},{"damage":21,"enemies":"Sphere and 2 Shapes","floor":48,"turns":3},{"damage":94,"enemies":"Awakened One","floor":50,"turns":4}],"seed_played":"4913620123691602300","potions_obtained":[{"floor":1.0,"key":"AttackPotion"},{"floor":7.0,"key":"Strength Potion"},{"floor":12.0,"key":"Fire Potion"},{"floor":16.0,"key":"EssenceOfSteel"},{"floor":22.0,"key":"FearPotion"},{"floor":28.0,"key":"Swift Potion"},{"floor":30.0,"key":"DuplicationPotion"},{"floor":31.0,"key":"FairyPotion"},{"floor":33.0,"key":"ElixirPotion"},{"floor":39,"key":"Weak Potion"},{"floor":42,"key":"Block Potion"},{"floor":48,"key":"EssenceOfSteel"}],"is_trial":false,"path_per_floor":["M","?","M","$","M","R","E","R","T","R","M","E","M","$","R","B",null,"M","?","$","?","M","R","E","?","T","R","E","?","M","M","R","B",null,"M","T","$","M","M","R","E","M","T","?","M","R","E","M","R","B"],"character_chosen":"IRONCLAD","items_purchased":["Membership Card","Armaments","Combust","Flame Barrier","Madness","MealTicket","Flash of Steel","Lizard Tail","Anger"],"campfire_rested":4,"item_purchase_floors":[0,0,0,0,14,14,20,37,37],"current_hp_per_floor":[54,54,51,51,56,56,46,46,46,46,52,40,42,42,42,16,60,64,64,75,75,65,65,11,11,11,33,41,41,25,25,47,31,64,42,42,57,47,28,50,28,38,38,38,51,51,37,22,44,0,0],"gold":159,"neow_bonus":"","is_daily":false,"chose_seed":false,"campfire_upgraded":6,"win_rate":0.0,"timestamp":1613885722,"path_taken":["M","?","M","$","M","R","E","R","T","R","M","E","M","$","R","BOSS","M","?","$","?","M","R","E","?","T","R","E","?","M","?","R","BOSS","M","?","$","M","M","R","E","M","T","?","?","R","E","M","R","BOSS"],"items_purchased_type":["Relic","Card","Card","Card","Card","Relic","Card","Relic","Card"],"build_version":"2020-12-22","purchased_purges":4,"victory":false,"max_hp_per_floor":[75,75,75,75,75,75,75,75,75,75,75,75,75,75,75,75,75,75,75,75,75,75,75,75,75,75,75,75,75,75,75,75,75,75,75,75,75,75,75,75,75,75,75,75,75,75,75,75,75,75,75],"card_choices":[{"not_picked":["Anger","Thunderclap"],"picked":"Uppercut","floor":1.0},{"not_picked":["Armaments","Pommel Strike"],"picked":"Rage","floor":3.0},{"not_picked":["Twin Strike","Uppercut","Carnage"],"picked":"SKIP","floor":5.0},{"not_picked":["Clash","Havoc"],"picked":"Shrug It Off","floor":7.0},{"not_picked":["Body Slam","Infernal Blade"],"picked":"Iron Wave","floor":11.0},{"not_picked":["Heavy Blade","Entrench"],"picked":"Reaper","floor":12.0},{"not_picked":["Perfected Strike","Twin Strike","Warcry"],"picked":"SKIP","floor":13.0},{"not_picked":["Offering","Impervious"],"picked":"Demon Form+1","floor":16.0},{"not_picked":["Flex","Cleave"],"picked":"Fire Breathing+1","floor":18.0},{"not_picked":["Headbutt","Armaments","Clothesline"],"picked":"SKIP","floor":22.0},{"not_picked":["Carnage","Havoc","Armaments"],"picked":"SKIP","floor":24.0},{"not_picked":["Twin Strike","Reckless Charge"],"picked":"Barricade+1","floor":28.0},{"not_picked":["Pummel","Cleave"],"picked":"Fire Breathing+1","floor":30.0},{"not_picked":["Burning Pact","Warcry"],"picked":"Iron Wave+1","floor":31.0},{"not_picked":["Impervious","Berserk+1"],"picked":"Juggernaut+1","floor":33.0},{"not_picked":["Shrug It Off+1","Armaments"],"picked":"Heavy Blade+1","floor":35.0},{"not_picked":["Flex+1","Pommel Strike","Perfected Strike"],"picked":"SKIP","floor":38.0},{"not_picked":["Sword Boomerang","Sentinel+1"],"picked":"Juggernaut+1","floor":39},{"not_picked":["Searing Blow","Body Slam"],"picked":"Entrench","floor":40},{"not_picked":["Twin Strike+1","Flex","Perfected Strike+1"],"picked":"SKIP","floor":41},{"not_picked":["Headbutt","Twin Strike"],"picked":"Body Slam","floor":42},{"not_picked":["Clash","Iron Wave+1","Flex"],"picked":"SKIP","floor":45},{"not_picked":["Heavy Blade","Clash+1","Brutality+1"],"picked":"SKIP","floor":47},{"not_picked":["Wild Strike","Shrug It Off","Armaments"],"picked":"SKIP","floor":48},{"not_picked":["Havoc","Sword Boomerang"],"picked":"Dropkick","floor":49}],"player_experience":1010596,"relics_obtained":[{"floor":7.0,"key":"Vajra"},{"floor":9.0,"key":"Happy Flower"},{"floor":12.0,"key":"Frozen Egg 2"},{"floor":24.0,"key":"Red Skull"},{"floor":26.0,"key":"Oddly Smooth Stone"},{"floor":28.0,"key":"Bottled Tornado"},{"floor":36.0,"key":"Dream Catcher"},{"floor":41,"key":"Mummified Hand"},{"floor":43,"key":"PreservedInsect"},{"floor":47,"key":"Boot"}],"event_choices":[{"cards_removed":["Strike_R"],"damage_healed":0.0,"max_hp_gain":0.0,"max_hp_loss":0.0,"gold_gain":0.0,"event_name":"Purifier","player_choice":"Purged","floor":2.0,"gold_loss":0.0,"damage_taken":0.0},{"damage_healed":0.0,"max_hp_gain":0.0,"max_hp_loss":0.0,"gold_gain":0.0,"event_name":"Addict","player_choice":"Stole Relic","floor":19.0,"gold_loss":0.0,"damage_taken":0.0,"relics_obtained":["Gremlin Horn"],"cards_obtained":["Shame"]},{"damage_healed":0.0,"max_hp_gain":0.0,"max_hp_loss":0.0,"gold_gain":0.0,"event_name":"Drug Dealer","player_choice":"Inject Mutagens","floor":21.0,"gold_loss":0.0,"damage_taken":0.0,"relics_obtained":["MutagenicStrength"]},{"damage_healed":0.0,"max_hp_gain":0.0,"max_hp_loss":0.0,"gold_gain":50.0,"event_name":"Nest","player_choice":"Stole From Cult","floor":25.0,"gold_loss":0.0,"damage_taken":0.0},{"damage_healed":0.0,"max_hp_gain":0.0,"max_hp_loss":0.0,"gold_gain":0.0,"event_name":"Ghosts","player_choice":"Ignored","floor":29.0,"gold_loss":0.0,"damage_taken":0.0},{"damage_healed":0,"gold_gain":0,"player_choice":"Ignored","damage_taken":0,"max_hp_gain":0,"max_hp_loss":0,"event_name":"SecretPortal","floor":44,"gold_loss":0}],"is_beta":false,"boss_relics":[{"not_picked":["Runic Cube","Pandora\u0027s Box"],"picked":"SacredBark"},{"not_picked":["Sozu","Tiny House"],"picked":"Empty Cage"}],"items_purged_floors":[0,4,14,37],"is_endless":false,"potions_floor_spawned":[1,7,12,16,22,28,30,31,33,39,41,42,48],"killed_by":"Awakened One","ascension_level":20}}