{"host":"0kwl2uefibxd2nsv","time":1613942964,"event":{"mods":["Act Like it!","Aspiration","BaseMod","Better Note","BetterRewards","DeckTracker","Googly Eyes","Hubris","Jedi Mod","Minty Spire (QoL Compilation)","Reliquary","Ruina","Shop Mod","StS++","StSLib"],"gold_per_floor":[113,113,113,51,64,64,112,112,135,153,153,191,214,253,253,372,372,391,391,406,421,446,487,487,510,510,525,548,568,568,602,602,721,721,744,763,763,763,347,385,385,418,418,6,32,55,88,101,101,101],"floor_reached":51,"language":"ENG","playtime":2012,"items_purged":["Strike_G","Choke","Strike_G","Defend_G"],"score":1395,"play_id":"c74b7b4f-e16a-4ba6-b95f-7b3cbd14e2aa","local_time":"20210221222924","is_ascension_mode":true,"campfire_choices":[{"floor":6,"key":"REST"},{"data":"Panache","floor":8,"key":"SMITH"},{"floor":11,"key":"REST"},{"data":"Cloak And Dagger","floor":15,"key":"SMITH"},{"floor":24,"key":"REST"},{"floor":30,"key":"REST"},{"data":"After Image","floor":32,"key":"SMITH"},{"data":"Infinite Blades","floor":41,"key":"SMITH"},{"data":"Blade Dance","floor":49,"key":"SMITH"}],"circlet_count":0,"master_deck":["AscendersBane","Strike_G","Strike_G+1","Defend_G","Defend_G","Defend_G","Defend_G","Survivor","Neutralize+1","Noxious Fumes","Panache+1","Blade Dance+1","Good Instincts","Flash of Steel","Dodge and Roll","Backflip","Infinite Blades+1","Blade Dance+1","Backflip","Cloak And Dagger+1","Backflip","After Image+1","Deflect","Deflect","StSpp:Dive+1","Cloak And Dagger+1","Panache","Shrug It Off","Flash of Steel","StSpp:Dive+1"],"relics":["Ring of the Snake","Membership Card","hubris:CuriousFeather","Tiny Chest","hubris:TenFootPole","Golden Idol","reliquary:SilkGlove","Regal Pillow","hubris:ToyBattleship","reliquary:HotPoker","Black Star","Kunai","reliquary:ExpiredCoupon","StSpp:SailingBoat","Ancient Tea Set","StSpp:ChessPiece","Smiling Mask","aspiration:IroncladSkillbook","hubris:Icosahedron","Vajra","reliquary:Bookmark","jedi:cryingmask","Whetstone","jedi:ghostblades","reliquary:HotPoker","StSpp:Monolith","Paper Crane","Pear","aspiration:HummingbirdHeart","hubris:SlimyHat","jedi:rubbersling"],"acts_visited":["Exordium","Exordium","TheBeyond"],"potions_floor_usage":[12,18,22,23,29,42,42,47,47],"damage_taken":[{"damage":0,"enemies":"Small Slimes","floor":1,"turns":3},{"damage":0,"enemies":"2 Louse","floor":5,"turns":3},{"damage":0,"enemies":"Cultist","floor":10,"turns":3},{"damage":0,"enemies":"3 Sentries","floor":12,"turns":3},{"damage":0,"enemies":"2 Fungi Beasts","floor":13,"turns":1},{"damage":0,"enemies":"Lagavulin","floor":14,"turns":7},{"damage":27,"enemies":"Slime Boss","floor":16,"turns":5},{"damage":7,"enemies":"ruina:3_Bats","floor":18,"turns":3},{"damage":2,"enemies":"ruina:2_Scarecrows","floor":20,"turns":5},{"damage":4,"enemies":"ruina:Nos_and_Bat","floor":21,"turns":4},{"damage":0,"enemies":"ruina:3_Scarecrows","floor":22,"turns":5},{"damage":44,"enemies":"ruina:RoadHome","floor":23,"turns":5},{"damage":4,"enemies":"ruina:QueenOfHate","floor":25,"turns":4},{"damage":6,"enemies":"ruina:Nos_and_Bat","floor":27,"turns":3},{"damage":0,"enemies":"ruina:Woodsman","floor":29,"turns":3},{"damage":1,"enemies":"ruina:ServantOfWrath","floor":31,"turns":4},{"damage":0,"enemies":"ruina:Ozma","floor":33,"turns":6},{"damage":0,"enemies":"Orb Walker","floor":35,"turns":4},{"damage":0,"enemies":"3 Shapes","floor":36,"turns":4},{"damage":0,"enemies":"Reptomancer","floor":40,"turns":4},{"damage":0,"enemies":"Nemesis","floor":42,"turns":5},{"damage":0,"enemies":"Maw","floor":46,"turns":4},{"damage":0,"enemies":"Reptomancer","floor":47,"turns":5},{"damage":0,"enemies":"Spire Growth","floor":48,"turns":3},{"damage":1,"enemies":"Awakened One","floor":50,"turns":7}],"seed_played":"2841280321367694770","potions_obtained":[{"floor":1,"key":"SkillPotion"},{"floor":10,"key":"SteroidPotion"},{"floor":13,"key":"ColorlessPotion"},{"floor":20,"key":"PowerPotion"},{"floor":25,"key":"Block Potion"},{"floor":29,"key":"SpeedPotion"},{"floor":31,"key":"SkillPotion"},{"floor":35,"key":"SkillPotion"},{"floor":42,"key":"jedi:tentaclejuice"},{"floor":47,"key":"Swift Potion"}],"is_trial":false,"path_per_floor":["M","?","?","$","M","R","T","R","T","M","R","E","M","E","R","B",null,"M","?","M","M","M","E","R","M","T","M","T","M","R","E","R","B",null,"M","M","?","?","$","E","R","E","T","$","T","M","E","M","R","B",null],"character_chosen":"THE_SILENT","items_purchased":["Membership Card","Noxious Fumes","Panache","Blade Dance","Good Instincts","hubris:CuriousFeather","Flash of Steel","Tiny Chest","Dodge and Roll","hubris:TenFootPole","Backflip","Infinite Blades","Strength Potion","Backflip","Vajra","reliquary:Bookmark","jedi:cryingmask","Panache","Pear","Flash of Steel","aspiration:HummingbirdHeart","PowerPotion","LiquidMemories"],"campfire_rested":4,"item_purchase_floors":[0,0,0,0,0,0,0,0,0,0,0,0,0,4,39,39,39,39,44,44,44,44,44],"current_hp_per_floor":[21,13,13,13,13,34,34,34,34,34,70,70,70,70,70,43,63,56,56,54,50,50,6,42,38,38,32,32,32,68,67,67,67,69,70,70,70,70,75,75,75,75,75,85,85,85,85,85,85,85],"gold":101,"neow_bonus":"","is_daily":false,"chose_seed":false,"campfire_upgraded":5,"win_rate":0.0,"timestamp":1613942964,"path_taken":["M","?","?","$","?","R","?","R","T","M","R","E","M","E","R","BOSS","M","?","?","M","M","E","R","?","T","M","?","M","R","E","R","BOSS","M","M","?","?","$","E","R","E","T","?","?","M","E","M","R","BOSS"],"items_purchased_type":["Relic","Card","Card","Card","Card","Relic","Card","Relic","Card","Relic","Card","Card","Potion","Card","Relic","Relic","Relic","Card","Relic","Card","Relic","Potion","Potion"],"build_version":"2020-12-22","purchased_purges":4,"victory":true,"max_hp_per_floor":[70,70,70,70,70,70,70,70,70,70,70,70,70,70,70,70,70,70,70,70,70,70,70,70,70,70,70,70,70,70,70,70,70,70,70,70,70,70,75,75,75,75,75,85,85,85,85,85,85,85],"card_choices":[{"not_picked":["Prepared","Sucker Punch"],"picked":"Blade Dance","floor":1},{"not_picked":["hubris:SlightOfHand","Underhanded Strike","StSpp:PoisonousPunch"],"picked":"SKIP","floor":5},{"not_picked":["Skewer","Dagger Throw","Concentrate"],"picked":"SKIP","floor":10},{"not_picked":["Expertise","StSpp:Dive","Dagger Throw"],"picked":"SKIP","floor":12},{"not_picked":["Bane","Quick Slash"],"picked":"Cloak And Dagger","floor":13},{"not_picked":["Quick Slash","jedi:brewingpoison"],"picked":"Backflip","floor":14},{"not_picked":["Adrenaline","Night Terror"],"picked":"After Image","floor":16},{"not_picked":["Riddle With Holes","hubris:SlightOfHand"],"picked":"Deflect","floor":18},{"not_picked":["Dagger Spray+1","Dodge and Roll"],"picked":"Deflect","floor":20},{"not_picked":["Dagger Throw","PiercingWail","Endless Agony"],"picked":"SKIP","floor":21},{"not_picked":["Deflect","Prepared"],"picked":"StSpp:Dive+1","floor":22},{"not_picked":["Storm of Steel","Accuracy","StSpp:Lure"],"picked":"SKIP","floor":23},{"not_picked":["Storm of Steel","Accuracy","StSpp:Lure"],"picked":"SKIP","floor":23},{"not_picked":["Acrobatics","Masterful Stab","Slice+1"],"picked":"SKIP","floor":25},{"not_picked":["Deflect","Calculated Gamble+1","hubris:SlightOfHand+1"],"picked":"SKIP","floor":27},{"not_picked":["Flying Knee","Masterful Stab"],"picked":"Cloak And Dagger+1","floor":29},{"not_picked":["Bouncing Flask+1","Heel Hook+1","jedi:pocketpoison"],"picked":"SKIP","floor":31},{"not_picked":["hubris:SlightOfHand","Slice","Dodge and Roll","Warcry+1"],"picked":"SKIP","floor":35},{"not_picked":["Anger+1","True Grit","jedi:hate","jedi:pocketpoison"],"picked":"SKIP","floor":36},{"not_picked":["StSpp:PoisonousPunch","StSpp:Dive","Flex+1"],"picked":"Shrug It Off","floor":40},{"not_picked":["jedi:pocketpoison","jedi:studyshivs","Dagger Spray+1","hubris:ReadiedAction+1"],"picked":"SKIP","floor":42},{"not_picked":["Deadly Poison+1","Slice+1","Outmaneuver+1","Choke+1"],"picked":"SKIP","floor":46},{"not_picked":["Riddle With Holes+1","Flex+1","jedi:bloodyhammer","Heel Hook+1"],"picked":"SKIP","floor":47},{"not_picked":["Shrug It Off","Sword Boomerang+1","Power Through+1"],"picked":"StSpp:Dive+1","floor":48}],"player_experience":2048424,"relics_obtained":[{"floor":7,"key":"reliquary:SilkGlove"},{"floor":9,"key":"Regal Pillow"},{"floor":12,"key":"hubris:ToyBattleship"},{"floor":14,"key":"reliquary:HotPoker"},{"floor":23,"key":"reliquary:ExpiredCoupon"},{"floor":26,"key":"StSpp:SailingBoat"},{"floor":28,"key":"Ancient Tea Set"},{"floor":31,"key":"StSpp:ChessPiece"},{"floor":31,"key":"Smiling Mask"},{"floor":40,"key":"Whetstone"},{"floor":40,"key":"jedi:ghostblades"},{"floor":42,"key":"reliquary:SculptingSteel"},{"floor":42,"key":"StSpp:Monolith"},{"floor":43,"key":"Paper Crane"},{"floor":45,"key":"hubris:SlimyHat"},{"floor":47,"key":"jedi:rubbersling"}],"event_choices":[{"damage_healed":0,"gold_gain":0,"player_choice":"Take Damage","damage_taken":17,"relics_obtained":["Golden Idol"],"max_hp_gain":0,"max_hp_loss":0,"event_name":"Golden Idol","floor":2,"gold_loss":0},{"damage_healed":0,"gold_gain":0,"cards_transformed":["Strike_G"],"player_choice":"Transformed","damage_taken":0,"max_hp_gain":0,"max_hp_loss":0,"event_name":"Transmorgrifier","floor":3,"gold_loss":0,"cards_obtained":["Choke"]}],"is_beta":false,"boss_relics":[{"not_picked":["Tiny House","reliquary:RedCape"],"picked":"Black Star"},{"not_picked":["Snecko Eye","hubris:CrackedHourglass"],"picked":"aspiration:IroncladSkillbook"}],"items_purged_floors":[4,39,39,44],"is_endless":false,"potions_floor_spawned":[1,10,13,20,21,25,29,31,35,42,47],"ascension_level":10}}