{"host":"g3js2eermvvpeiqn","time":1613909167,"event":{"mods":["BaseMod","DeckTracker","Downfall","Minty Spire (QoL Compilation)","Quick Restart","StSLib"],"gold_per_floor":[115,115,115,132,132,132,165,165,244,60,80,80,80],"floor_reached":12,"language":"ENG","playtime":224,"items_purged":["Strike_G"],"score":202,"play_id":"535e7dc7-a8c9-4a70-8c4c-e82979a13b6c","local_time":"20210221060607","is_ascension_mode":true,"campfire_choices":[{"data":"Survivor","floor":6,"key":"SMITH"}],"circlet_count":0,"master_deck":["AscendersBane","Strike_G","Strike_G","Strike_G","Strike_G","Defend_G","Defend_G+1","Defend_G","Defend_G","Survivor+1","Neutralize+1","Bullet Time","Well Laid Plans+1","Dagger Spray"],"relics":["Ring of the Snake","NeowsBlessing","Prayer Wheel","Art of War","Frozen Egg 2"],"acts_visited":["Exordium"],"potions_floor_usage":[12],"damage_taken":[{"damage":0,"enemies":"Jaw Worm","floor":1,"turns":1},{"damage":0,"enemies":"2 Louse","floor":4,"turns":1},{"damage":0,"enemies":"3 Sentries","floor":7,"turns":2},{"damage":0,"enemies":"Cultist","floor":11,"turns":5},{"damage":47,"enemies":"Gremlin Nob","floor":12,"turns":4}],"seed_played":"-9116448190647377206","potions_obtained":[{"floor":1,"key":"DistilledChaos"},{"floor":11,"key":"Dexterity Potion"}],"is_trial":false,"path_per_floor":["M","?","?","M","$","R","E","T","T","$","M","E"],"character_chosen":"THE_SILENT","items_purchased":["Well Laid Plans+1","Dagger Spray"],"campfire_rested":0,"item_purchase_floors":[10,10],"current_hp_per_floor":[59,52,32,32,32,32,32,32,32,32,32,0,0],"gold":80,"neow_bonus":"THREE_ENEMY_KILL","is_daily":false,"chose_seed":false,"campfire_upgraded":1,"win_rate":0.0,"timestamp":1613909167,"path_taken":["M","?","?","M","$","R","E","?","T","$","M","E"],"items_purchased_type":["Card","Card"],"build_version":"2020-12-22","purchased_purges":1,"victory":false,"max_hp_per_floor":[66,66,66,66,66,66,66,66,66,66,66,66,66],"card_choices":[{"not_picked":["Finisher","Tactician","Dodge and Roll"],"picked":"SKIP","floor":1},{"not_picked":["Dodge and Roll","Sucker Punch","Cloak And Dagger"],"picked":"SKIP","floor":4},{"not_picked":["Blade Dance","Deadly Poison"],"picked":"Bullet Time","floor":7},{"not_picked":["Cloak And Dagger","Calculated Gamble","Concentrate"],"picked":"SKIP","floor":11},{"not_picked":["All Out Attack","Setup","Choke"],"picked":"SKIP","floor":11}],"player_experience":1548684,"relics_obtained":[{"floor":7,"key":"Prayer Wheel"},{"floor":8,"key":"Art of War"},{"floor":9,"key":"Frozen Egg 2"}],"event_choices":[{"cards_removed":["Defend_G"],"damage_healed":0,"gold_gain":0,"player_choice":"Card Removal","damage_taken":7,"max_hp_gain":0,"max_hp_loss":0,"event_name":"Golden Wing","floor":2,"gold_loss":0},{"damage_healed":0,"gold_gain":0,"player_choice":"Entered Light","damage_taken":20,"max_hp_gain":0,"max_hp_loss":0,"event_name":"Shining Light","floor":3,"gold_loss":0,"cards_upgraded":["Defend_G","Neutralize"]}],"is_beta":false,"boss_relics":[],"items_purged_floors":[10],"is_endless":false,"potions_floor_spawned":[1,11],"killed_by":"Gremlin Nob","ascension_level":20}}