{"host":"ja7oz5ga8zh2u8it","time":1613891607,"event":{"mods":["Aspiration","BaseMod","Downfall","Hermit","Infinite Spire","Mimic Mod","Minty Spire (QoL Compilation)","Replay The Spire","StSLib","The Jungle"],"gold_per_floor":[366,88,106,117,187,217,233,233,233,212,212,58,72,72,72,173,173,190,36,33,33,52,52,69,106,106,106,36,71,76,76],"floor_reached":30,"language":"ENG","playtime":1282,"items_purged":[],"score":298,"play_id":"61493710-b611-4619-b073-b27ebdb0c41c","local_time":"20210221021327","is_ascension_mode":false,"campfire_choices":[{"data":"hermit:Maintenance","floor":8,"key":"SMITH"},{"data":"hermit:Maintenance","floor":11,"key":"SMITH"},{"data":"hermit:WideOpen","floor":15,"key":"SMITH"},{"data":"hermit:CursedWeapon","floor":23,"key":"SMITH"},{"data":"1","floor":27,"key":"LIFT"}],"circlet_count":0,"master_deck":["hermit:Strike_Hermit","hermit:Strike_Hermit","hermit:Strike_Hermit","hermit:Strike_Hermit","hermit:Defend_Hermit","hermit:Defend_Hermit+1","hermit:Defend_Hermit","hermit:Defend_Hermit","hermit:Snapshot","hermit:Covet+1","hermit:HoleUp","hermit:Maintenance+1","hermit:BodyArmor","hermit:Glare","hermit:WideOpen+1","hermit:Virtue","hermit:Maintenance+1","hermit:Vantage","Decay","hermit:CursedWeapon+1","hermit:GhostlyPresence+1","hermit:Scavenge","hermit:FullyLoaded","hermit:TakeCover","hermit:FullyLoaded"],"relics":["hermit:Momento","War Paint","Gremlin Horn","Lee\u0027s Waffle","SlaversCollar","aspiration:Nostalgia","infinitespire:DarkRift","Shovel","Girya","Turnip"],"acts_visited":["Exordium","TheCity"],"potions_floor_usage":[16,18,18,22,24,25,25],"damage_taken":[{"damage":2,"enemies":"Small Slimes","floor":1,"turns":4},{"damage":0,"enemies":"2 Louse","floor":3,"turns":3},{"damage":0,"enemies":"Jaw Worm","floor":4,"turns":3},{"damage":10,"enemies":"3 Sentries","floor":6,"turns":10},{"damage":5,"enemies":"Exordium Thugs","floor":7,"turns":6},{"damage":0,"enemies":"3 Louse","floor":13,"turns":4},{"damage":0,"enemies":"The Guardian","floor":16,"turns":11},{"damage":12,"enemies":"Spheric Guardian","floor":18,"turns":4},{"damage":2,"enemies":"2 Thieves","floor":20,"turns":4},{"damage":14,"enemies":"Centurion and Healer","floor":22,"turns":9},{"damage":5,"enemies":"3 Cultists","floor":24,"turns":10},{"damage":6,"enemies":"Gremlin Leader","floor":25,"turns":8},{"damage":38,"enemies":"Chosen and Byrds","floor":30,"turns":5}],"seed_played":"-1981830426573577532","potions_obtained":[{"floor":1,"key":"Reflective Coating"},{"floor":7,"key":"AttackPotion"},{"floor":13,"key":"hexamod:SoulburnPotion"},{"floor":16,"key":"Ancient Potion"},{"floor":18,"key":"Fruit Juice"},{"floor":20,"key":"AttackPotion"},{"floor":22,"key":"Energy Potion"}],"is_trial":false,"path_per_floor":["M","$","M","M","?","E","M","R","T","?","R","$","M","?","R","B",null,"M","$","M","$","M","R","M","E","T","R","$","?","M"],"character_chosen":"HERMIT","items_purchased":["hermit:Maintenance","War Paint","hermit:BodyArmor","Lee\u0027s Waffle","aspiration:Nostalgia","hermit:TakeCover"],"campfire_rested":0,"item_purchase_floors":[2,2,2,12,19,28],"current_hp_per_floor":[52,52,52,52,52,42,37,37,37,37,37,82,82,82,82,82,82,75,75,73,73,69,69,64,58,58,58,58,37,0,0],"gold":76,"neow_bonus":"TWO_FIFTY_GOLD","is_daily":false,"chose_seed":false,"campfire_upgraded":4,"win_rate":0.0,"timestamp":1613891607,"path_taken":["M","$","M","M","?","E","M","R","T","?","R","?","?","?","R","BOSS","M","?","M","?","M","R","M","E","T","R","$","?","?"],"items_purchased_type":["Card","Relic","Card","Relic","Relic","Card"],"build_version":"2020-12-22","purchased_purges":0,"victory":false,"max_hp_per_floor":[75,75,75,75,75,75,75,75,75,75,75,82,82,82,82,82,82,87,87,87,87,87,87,87,87,87,87,87,87,87,87],"card_choices":[{"not_picked":["hermit:Quickdraw","hermit:SprayPray"],"picked":"hermit:HoleUp","floor":1},{"not_picked":["hermit:DeadMansHand","hermit:BigShot"],"picked":"hermit:Glare","floor":3},{"not_picked":["hermit:Manifest","hermit:Misfire"],"picked":"hermit:WideOpen","floor":4},{"not_picked":["hermit:LowProfile","hermit:PistolWhip"],"picked":"hermit:Virtue","floor":6},{"not_picked":["hermit:Quickdraw","hermit:GoldenBullet"],"picked":"hermit:Maintenance","floor":7},{"not_picked":["hermit:HeroicBravado","hermit:CalledShot"],"picked":"hermit:Vantage","floor":13},{"not_picked":["hermit:Snipe+1","hermit:ShadowCloak"],"picked":"hermit:CursedWeapon","floor":18},{"not_picked":["hermit:PistolWhip+1","hermit:Horror","hermit:WideOpen"],"picked":"SKIP","floor":20},{"not_picked":["hermit:LoneWolf","hermit:SprayPray"],"picked":"hermit:GhostlyPresence+1","floor":22},{"not_picked":["hermit:Horror","hermit:HoleUp+1"],"picked":"hermit:Scavenge","floor":24},{"not_picked":["hermit:Feint","hermit:Roulette"],"picked":"hermit:FullyLoaded","floor":25},{"not_picked":["hermit:Roughhouse","hermit:Cheat"],"picked":"hermit:FullyLoaded","floor":29}],"player_experience":348906,"relics_obtained":[{"floor":6,"key":"Gremlin Horn"},{"floor":25,"key":"Shovel"},{"floor":26,"key":"Girya"},{"floor":29,"key":"Turnip"}],"event_choices":[{"damage_healed":0,"gold_gain":70,"player_choice":"Gained Gold","damage_taken":0,"max_hp_gain":0,"max_hp_loss":0,"event_name":"Golden Wing","floor":5,"gold_loss":0},{"damage_healed":0,"gold_gain":0,"player_choice":"Left Gold","damage_taken":0,"max_hp_gain":0,"max_hp_loss":0,"event_name":"World of Goop","floor":10,"gold_loss":21},{"damage_healed":0,"gold_gain":0,"player_choice":"Cursed","damage_taken":0,"max_hp_gain":0,"max_hp_loss":0,"event_name":"Wheel of Change","floor":14,"gold_loss":0,"cards_obtained":["Decay"]}],"is_beta":false,"boss_relics":[{"not_picked":["Replay:Wanted Poster","Abe\u0027s Treasure"],"picked":"SlaversCollar"}],"items_purged_floors":[],"is_endless":false,"potions_floor_spawned":[1,7,13,16,18,20,22],"killed_by":"Chosen and Byrds","ascension_level":0}}