{"host":"t5kis9necmbui802","time":1613896561,"event":{"mods":["100% Spire Juice","Act Like it!","BaseMod","CapriCore","Chen","Colored Powertips","Downfall","Gensokyo","HololiveMod","Koishi","KomeijiMod","Lobotomy","LobotomyExtend","Minty Spire (QoL Compilation)","MostiFishMod","Replay The Spire","Robot Space Explorer","Shop Mod","Spicy Shops","StSLib","The Alterego","The Immortal","TheWitcher","Uncapped","Yuri Mod","noobMod"],"gold_per_floor":[99,111,22,22,40,40,40,360,375,589,54,54,83,83,96,201,201,201,211,211,131,145,470,470,470,470,504,0,0,15,330,342,443,443,443,456,456,467,484,517,517,548,561,438,438,458,458,36,53,53,53],"floor_reached":52,"language":"ZHS","playtime":2441,"items_purged":[],"score":1111,"play_id":"3a957d59-bc13-418b-bcc1-12b991d12075","local_time":"20210221163601","is_ascension_mode":true,"campfire_choices":[{"data":"Guardian:TwinSlam","floor":1.0,"key":"SMITH"},{"data":"MostiFishMod:ForestofLight","floor":12.0,"key":"SMITH"},{"data":"Clumsy","floor":18.0,"key":"PURGE"},{"data":"Guardian:FloatingOrbs","floor":29,"key":"SMITH"},{"data":"MostiFishMod:Disappear","floor":35,"key":"SMITH"}],"circlet_count":0,"master_deck":["Guardian:Strike_Guardian","Guardian:Strike_Guardian","Guardian:Defend_Guardian","Guardian:Defend_Guardian","Guardian:Defend_Guardian","Guardian:Defend_Guardian","Guardian:CurlUp","Guardian:TwinSlam+1","Guardian:Planning","Guardian:FloatingOrbs+1","Guardian:Incinerate","MostiFishMod:ForestofLight","MostiFishMod:ForestofLight+1","Guardian:SpikerProtocol+1","Guardian:SpikerProtocol+1","Guardian:FastForward","Guardian:WalkerClaw","Gensokyo:FourOfAKind","Gensokyo:FourOfAKind","Gensokyo:FourOfAKind","Backstab+1","Purity","MostiFishMod:Disappear+1","bronze:ItsAFeature+1","Wingbeat+1","SnafuTest:MercilessReaper+1","SnafuTest:BombDevilsPuffball+1","Replay:DivineShield+1","Pot Of Greed","Pot Of Greed","Pot Of Greed","hexamod:ParanormalForm+1","Replay:SS_forest_2+1","ReplayTheSpireMod:Brewmster+1","Koishi:FreudianInstinct+1"],"relics":["DaveBox","ice","BirthdayGift-Tetrahedron","LetterFromLob","Gensokyo:Justice","MerchantsRug","Frozen Egg 2","Gensokyo:NagashiBinaDoll","Lantern","Gremlin Horn","PrismaticShard","Orichalcum","Gensokyo:ChorusOfJoy","The Courier","DaCapo","MetatronsCube","Medical Kit","SynthV:MejaisSoulstealer","Coffee Dripper","Turnip","Calipers","GoodDreamPillow","Thread and Needle","Blue Candle","Quantum Egg","Replay:Rubber Ducky"],"acts_visited":["Gensokyo:Gensokyo","Gensokyo:Gensokyoer","Gensokyo:Gensokyoest"],"potions_floor_usage":[],"damage_taken":[{"damage":0.0,"enemies":"Gensokyo:2_Kodama","floor":2.0,"turns":2.0},{"damage":3.0,"enemies":"Gensokyo:3_Fairies","floor":5.0,"turns":3.0},{"damage":0.0,"enemies":"Gensokyo:Gryphon","floor":8.0,"turns":3.0},{"damage":1.0,"enemies":"Gensokyo:VengefulSpirit","floor":9.0,"turns":2.0},{"damage":0.0,"enemies":"Gensokyo:LivingMonolith","floor":10.0,"turns":2.0},{"damage":0.0,"enemies":"downfall:FleeingMerchant","floor":11.0,"turns":4.0},{"damage":0.0,"enemies":"Gensokyo:Aya","floor":13.0,"turns":3.0},{"damage":0.0,"enemies":"Gensokyo:Gryphon_and_Rabbit","floor":15.0,"turns":2.0},{"damage":6.0,"enemies":"WA_ARCHETYPE_RETAIN","floor":16.0,"turns":3.0},{"damage":0.0,"enemies":"Gensokyo:2_Gloops","floor":19.0,"turns":2.0},{"damage":3.0,"enemies":"downfall:FleeingMerchant","floor":21.0,"turns":4.0},{"damage":12,"enemies":"Gensokyo:3_Dogs","floor":22,"turns":3},{"damage":0,"enemies":"Gensokyo:Reisen","floor":27,"turns":2},{"damage":0,"enemies":"Gensokyo:Swordslinger","floor":30,"turns":2},{"damage":3,"enemies":"Gensokyo:Slime_Group","floor":31,"turns":2},{"damage":0,"enemies":"Gensokyo:3_Gloops","floor":32,"turns":2},{"damage":1,"enemies":"SI_MIRROR_ARCHETYPE","floor":33,"turns":3},{"damage":0,"enemies":"Gensokyo:AncientGuardian","floor":36,"turns":2},{"damage":0,"enemies":"Gensokyo:3_Bats","floor":38,"turns":1},{"damage":0,"enemies":"Gensokyo:SeedOfUnknown","floor":39,"turns":2},{"damage":36,"enemies":"Gensokyo:Marisa","floor":40,"turns":3},{"damage":0,"enemies":"Gensokyo:Doremy","floor":42,"turns":3},{"damage":0,"enemies":"Gensokyo:AtlasGolem","floor":43,"turns":2},{"damage":0,"enemies":"Gensokyo:Sharpion","floor":46,"turns":2},{"damage":0,"enemies":"Gensokyo:Dusk_and_Dawn","floor":49,"turns":2},{"damage":0,"enemies":"DF_ARCHETYPE_ORBS","floor":50,"turns":5}],"seed_played":"-6734985057881384208","potions_obtained":[{"floor":5.0,"key":"Fire Potion"},{"floor":8.0,"key":"Doom Potion"},{"floor":9.0,"key":"Fire Potion"},{"floor":15.0,"key":"Milkshake"},{"floor":27,"key":"Fire Potion"},{"floor":30,"key":"Toxic Potion"},{"floor":31,"key":"Fire Potion"},{"floor":36,"key":"Swift Potion"},{"floor":40,"key":"PowerPotion"},{"floor":43,"key":"LiquidMemories"}],"is_trial":false,"path_per_floor":["R","M","COS","?","M","M","T","M","M","M","$","R","E","?","M","B",null,"R","M","?","$","M","?","T","?","T","E","COS","R","M","M","M","B",null,"R","M","?","M","M","E","T","E","M","?","?","M","T","$","M","B",null,null],"character_chosen":"GUARDIAN","items_purchased":["MerchantsRug","ReplayTheSpireMod:Ninjato","MostiFishMod:ForestofLight","DollysMirror","Lantern","Gremlin Horn","PrismaticShard","ReplayTheSpireMod:Brewmster+1","Blue Candle","Quantum Egg","Replay:Rubber Ducky"],"campfire_rested":0,"item_purchase_floors":[11,11,11,11,21,21,21,48,48,48,48],"current_hp_per_floor":[80,80,80,80,77,77,77,77,76,76,76,76,76,76,76,70,80,80,80,56,53,41,41,41,41,41,41,41,41,41,38,38,37,56,56,56,56,56,56,20,20,20,20,20,20,20,20,20,20,20,20],"gold":53,"neow_bonus":"BOSS_RELIC","is_daily":false,"chose_seed":false,"campfire_upgraded":4,"win_rate":0.0,"timestamp":1613896561,"path_taken":["R","M","COS","?","?","M","T","M","M","M","$","R","E","?","M","BOSS","R","M","?","$","M","?","T","?","?","E","COS","R","M","M","M","BOSS","R","M","?","M","M","E","T","E","M","?","?","M","?","?","M","BOSS"],"items_purchased_type":["Relic","Relic","Card","Relic","Card","Relic","Relic","Card","Relic","Relic","Relic"],"build_version":"2020-12-22","purchased_purges":0,"victory":true,"max_hp_per_floor":[80,80,80,80,80,80,80,80,80,80,80,80,80,80,80,80,80,80,80,56,56,56,56,56,56,56,56,56,56,56,56,56,56,56,56,56,56,56,56,56,56,56,56,56,56,56,56,56,56,56,56],"card_choices":[{"not_picked":["Guardian:Suspension","Guardian:Gem_Yellow"],"picked":"Guardian:Planning","floor":2.0},{"not_picked":["Guardian:Gem_Lightblue","Guardian:Emergency"],"picked":"Guardian:FloatingOrbs","floor":5.0},{"not_picked":["Guardian:CrystalBeam","Guardian:ShieldSpikes","Guardian:Gem_Blue"],"picked":"SKIP","floor":8.0},{"not_picked":["Guardian:Reroute","Guardian:Suspension","Guardian:Gem_Lightblue"],"picked":"SKIP","floor":9.0},{"not_picked":["Guardian:Gem_Red","Guardian:CrystalBeam"],"picked":"Guardian:Incinerate","floor":10.0},{"not_picked":["Guardian:PrismaticBeam","Guardian:CrystalBeam","Guardian:Recover"],"picked":"SKIP","floor":11.0},{"not_picked":["Guardian:Recover","Guardian:Planning"],"picked":"Guardian:SpikerProtocol+1","floor":13.0},{"not_picked":["Guardian:TemporalStrike","Guardian:MultiBeam"],"picked":"Guardian:SpikerProtocol+1","floor":15.0},{"not_picked":["Guardian:BaubleBeam","Guardian:GemFinder+1"],"picked":"Guardian:FastForward","floor":16.0},{"not_picked":["Guardian:Gem_Blue","Guardian:Reroute","Guardian:Gem_Green"],"picked":"Guardian:WalkerClaw","floor":19.0},{"not_picked":["Slimebound:ProtectTheBoss+1","RobotSpaceExplorer:Pulsar","Rebound"],"picked":"SKIP","floor":22},{"not_picked":["EmptyFist","MokouMod:Meltdown+1"],"picked":"Backstab+1","floor":27},{"not_picked":["SnafuTest:SignIgni","Chen:Spray","bronze:WildBeam+1"],"picked":"SKIP","floor":30},{"not_picked":["Slimebound:SlimeBrawl+1","alterego_mod:HighServant","Hololive_LuckPotion"],"picked":"SKIP","floor":31},{"not_picked":["Bane","sneckomod:Nope"],"picked":"Purity","floor":32},{"not_picked":["MostiFishMod:Nova","sneckomod:SoulExchange"],"picked":"MostiFishMod:Disappear","floor":33},{"not_picked":["MokouMod:TemporalFireSeal","SnafuTest:MCSuccubusSeduction+1"],"picked":"bronze:ItsAFeature+1","floor":36},{"not_picked":["SnafuTest:PayBank+1","RikonNoKama+1"],"picked":"Wingbeat+1","floor":38},{"not_picked":["MokouMod:FlickeringFlame+1","Slimebound:PressTheAttack+1"],"picked":"SnafuTest:MercilessReaper+1","floor":39},{"not_picked":["champ:DefensiveShout+1","MostiFishMod:GrandStart"],"picked":"SnafuTest:BombDevilsPuffball+1","floor":40},{"not_picked":["Iron Wave","MokouMod:BlazingComet"],"picked":"Replay:DivineShield+1","floor":42},{"not_picked":["sneckomod:DiceBoulder+1","bronze:WhirlingStrike"],"picked":"hexamod:ParanormalForm+1","floor":43},{"not_picked":["BloodCleaner","Replay:BluntJabs+1"],"picked":"Replay:SS_forest_2+1","floor":46},{"not_picked":["RapturousDream","Guardian:DecasProtection"],"picked":"Koishi:FreudianInstinct+1","floor":49}],"player_experience":420260,"relics_obtained":[{"floor":2.0,"key":"LetterFromLob"},{"floor":7.0,"key":"Potion Belt"},{"floor":13.0,"key":"Frozen Egg 2"},{"floor":24,"key":"Orichalcum"},{"floor":26,"key":"The Courier"},{"floor":27,"key":"DaCapo"},{"floor":40,"key":"Turnip"},{"floor":41,"key":"Calipers"},{"floor":42,"key":"Grinning Jar"},{"floor":47,"key":"Thread and Needle"}],"event_choices":[],"is_beta":false,"boss_relics":[{"not_picked":["Replay:Drink Me","Hololive_ChaosS"],"picked":"Honey Jar"},{"not_picked":["Kintsugi","ChewingGum"],"picked":"Coffee Dripper"}],"items_purged_floors":[],"is_endless":false,"potions_floor_spawned":[5,8,9,15,27,30,31,36,40,43,46],"ascension_level":2}}