{"host":"jgl9m63d23sfproq","time":1613886367,"event":{"mods":["Act Like it!","Arknights","Aspiration","BaseMod","Bossed Relics","Colored Map","Conspire","Dark Map","DeckTracker","Downfall","Hermit","Infinite Spire","Marisa¡]Ãú«B¡@Å]²z¨F¡^","Minty Spire (QoL Compilation)","Reliquary","Replay The Spire","Robot Space Explorer","Shop Mod","Smile Girya","StSLib","The Bug Knight","The Cursed","The Marked","The Runesmith","The Servant 0.9.4","Wide Potions"],"gold_per_floor":[117,117,117,42,42,75,75,75,75,75,89,119,130,147,147,242,242,262,362,379,379,329,329,329,343,388,10,32,32,32,70,70,165,165,197,40,55,67,67,85,85],"floor_reached":40,"language":"ZHS","playtime":1667,"items_purged":["Injury","Defend_G"],"score":419,"play_id":"2198243d-6447-44b7-ba2c-1bf2d341d239","local_time":"20210221134607","is_ascension_mode":false,"campfire_choices":[{"floor":7,"key":"REST"},{"floor":10,"key":"RECALL"},{"data":"Runesmith:Grindstone","floor":15,"key":"SMITH"},{"floor":23,"key":"REST"},{"floor":32,"key":"REST"}],"circlet_count":0,"master_deck":["Defend_G","Defend_G","Defend_G+1","Survivor","Neutralize+1","Die Die Die","Replay:Poison Smokescreen+1","Noxious Fumes+1","Blade Dance","Runesmith:Reinforce","Runesmith:Grindstone+1","Die Die Die","Draining Mist","Prepared","Slimebound:Tackle+1","Slimebound:Tackle+1","Slimebound:Tackle+1","conspire:SpireCoStock","Caltrops+1","Deflect+1","Phantasmal Killer","Dodge and Roll+1","Caltrops+1","Blade Dance","conspire:PoisonWeapons"],"relics":["m_RuneBlood","Frozen Egg 2","infinitespire:Cubic Diamond","infinitespire:PuzzleCube","Lantern","Lizard Tail","aspiration:WatcherSkillbook","ReplayTheSpireMod:EnergyBall","conspire:InfiniteJournal","Astrolabe"],"acts_visited":["Exordium","TheCity","TheBeyond"],"potions_floor_usage":[16,18,20,33,38,40],"damage_taken":[{"damage":0,"enemies":"2 Louse","floor":1,"turns":1},{"damage":29,"enemies":"Gremlin Nob","floor":6,"turns":5},{"damage":0,"enemies":"Jaw Worm","floor":11,"turns":2},{"damage":3,"enemies":"HollowMod:MossKnight","floor":12,"turns":7},{"damage":0,"enemies":"Cultist","floor":13,"turns":3},{"damage":3,"enemies":"Large Slime","floor":14,"turns":5},{"damage":54,"enemies":"Fading Forest","floor":16,"turns":11},{"damage":1,"enemies":"3 Byrds","floor":18,"turns":4},{"damage":26,"enemies":"conspire:FuzzyDice","floor":20,"turns":6},{"damage":25,"enemies":"Snake Plant","floor":25,"turns":4},{"damage":27,"enemies":"Snecko","floor":28,"turns":5},{"damage":15,"enemies":"Centurion and Healer","floor":31,"turns":6},{"damage":35,"enemies":"conspire:MysteriousRune","floor":33,"turns":10},{"damage":10,"enemies":"3 Shapes","floor":35,"turns":4},{"damage":11,"enemies":"Orb Walker","floor":37,"turns":4},{"damage":34,"enemies":"Jaw Worm Horde","floor":38,"turns":4},{"damage":24,"enemies":"Nightmare","floor":40,"turns":4}],"seed_played":"-7530396517708637889","potions_obtained":[{"floor":6,"key":"Energy Potion"},{"floor":11,"key":"LiquidMemories"},{"floor":16,"key":"Venom Potion"},{"floor":25,"key":"Ancient Potion"},{"floor":35,"key":"Fire Potion"},{"floor":38,"key":"Milkshake"}],"is_trial":false,"path_per_floor":["M","?","?","$","?","E","R","?","T","R","M","E","M","M","R","B",null,"M","?","M","?","?","R","AVR","M","T","$","M","$","?","M","R","B",null,"M","$","M","M","?","NM"],"character_chosen":"THE_SILENT","items_purchased":["Caltrops+1","conspire:InfiniteJournal","Caltrops+1"],"campfire_rested":3,"item_purchase_floors":[27,27,36],"current_hp_per_floor":[70,56,56,56,56,30,51,51,51,51,54,54,57,57,57,24,70,70,70,47,47,47,68,68,46,46,46,22,22,22,10,31,52,70,63,63,55,24,24,0,0],"gold":85,"neow_bonus":"ONE_RANDOM_RARE_CARD","is_daily":false,"chose_seed":false,"campfire_upgraded":1,"win_rate":0.0,"timestamp":1613886367,"path_taken":["M","?","?","$","?","E","R","?","T","R","M","E","?","M","R","BOSS","M","?","?","?","?","R","AVR","M","T","?","?","?","?","M","R","BOSS","M","$","M","?","?","NM"],"items_purchased_type":["Card","Relic","Card"],"build_version":"2020-12-22","purchased_purges":2,"victory":false,"max_hp_per_floor":[70,70,70,70,70,70,70,70,70,70,70,70,70,70,70,70,70,70,70,70,70,70,70,70,70,70,70,70,70,70,70,70,70,70,70,70,70,70,70,70,70],"card_choices":[{"not_picked":["Sucker Punch","Dodge and Roll"],"picked":"Replay:Poison Smokescreen","floor":1},{"not_picked":["ReplayTheSpireMod:Tripwire","Outmaneuver","ReplayTheSpireMod:Exploit Weakness"],"picked":"SKIP","floor":6},{"not_picked":["Headbutt","Perfected Strike"],"picked":"Noxious Fumes+1","floor":11},{"not_picked":["Bouncing Flask","Bash"],"picked":"Blade Dance","floor":12},{"not_picked":["Dagger Throw","Reflex"],"picked":"Runesmith:Reinforce","floor":13},{"not_picked":["Calculated Gamble","Poisoned Stab"],"picked":"Runesmith:Grindstone","floor":14},{"not_picked":["Wraith Form v2+1","Demonic Infusion"],"picked":"Die Die Die","floor":16},{"not_picked":["Flying Knee+1","Outmaneuver","Setup"],"picked":"Draining Mist","floor":18},{"not_picked":["Acrobatics","JustLucky","SashWhip"],"picked":"Prepared","floor":20},{"not_picked":["FlyingSleeves","FlurryOfBlows","ClearTheMind","PathToVictory"],"picked":"SKIP","floor":25},{"not_picked":["Choke","Bane","DeceiveReality"],"picked":"Deflect+1","floor":28},{"not_picked":["Quick Slash","Choke","ThirdEye+1","ReplayTheSpireMod:The Works"],"picked":"SKIP","floor":31},{"not_picked":["Replay:AllIn","Establishment+1","Vault"],"picked":"Phantasmal Killer","floor":33},{"not_picked":["Outmaneuver","Acrobatics+1","FearNoEvil+1"],"picked":"Dodge and Roll+1","floor":35},{"not_picked":["JustLucky+1","Replay:Hum","Replay:BluntJabs","Sucker Punch+1"],"picked":"SKIP","floor":37},{"not_picked":["Deadly Poison+1","Dagger Throw+1","Distraction"],"picked":"Blade Dance","floor":38}],"player_experience":40983,"relics_obtained":[{"floor":6,"key":"infinitespire:PuzzleCube"},{"floor":9,"key":"Lantern"},{"floor":12,"key":"Lizard Tail"}],"event_choices":[{"damage_healed":0,"gold_gain":0,"player_choice":"Entered Light","damage_taken":14,"max_hp_gain":0,"max_hp_loss":0,"event_name":"Shining Light","floor":2,"gold_loss":0,"cards_upgraded":["Defend_G","Neutralize"]},{"damage_healed":0,"gold_gain":0,"player_choice":"Grow","damage_taken":0,"max_hp_gain":0,"max_hp_loss":0,"event_name":"Living Wall","floor":8,"gold_loss":0,"cards_upgraded":["Replay:Poison Smokescreen"]},{"damage_healed":0,"gold_gain":100,"player_choice":"Pray","damage_taken":0,"max_hp_gain":0,"max_hp_loss":0,"event_name":"Golden Shrine","floor":19,"gold_loss":0},{"damage_healed":0,"gold_gain":0,"player_choice":"Invest 1","damage_taken":0,"max_hp_gain":0,"max_hp_loss":0,"event_name":"conspire:Investor","floor":22,"gold_loss":0},{"damage_healed":0,"gold_gain":0,"cards_transformed":["Defend_G"],"player_choice":"Transformed","damage_taken":0,"max_hp_gain":0,"max_hp_loss":0,"event_name":"Transmorgrifier","floor":30,"gold_loss":0,"cards_obtained":["ReplayTheSpireMod:From All Sides"]},{"damage_healed":0,"gold_gain":0,"cards_transformed":["ReplayTheSpireMod:From All Sides"],"player_choice":"Transformed","damage_taken":0,"max_hp_gain":0,"max_hp_loss":0,"event_name":"Transmorgrifier","floor":39,"gold_loss":0,"cards_obtained":["conspire:PoisonWeapons"]}],"is_beta":false,"boss_relics":[{"not_picked":["Runesmith:UraniumAnvil","reliquary:ThirdArm"],"picked":"aspiration:WatcherSkillbook"},{"not_picked":["ChewingGum","Runic Dome"],"picked":"Astrolabe"}],"items_purged_floors":[4,36],"is_endless":false,"potions_floor_spawned":[6,11,14,16,25,35,38],"killed_by":"Nightmare","ascension_level":0}}