{"host":"iv24d026eac8pm4e","time":1613928526,"event":{"mods":["BaseMod","Minty Spire (QoL Compilation)"],"gold_per_floor":[113,125,143,218,102,102,113,132,179,191,203,215,252,276,288,374,386,417,449,478,135,135,135],"floor_reached":22,"language":"ENG","playtime":998,"items_purged":["Strike_G","Strike_G"],"score":376,"play_id":"6d46e163-9e2f-4fd7-99aa-611936146878","local_time":"20210221092846","is_ascension_mode":true,"campfire_choices":[{"data":"Caltrops","floor":6,"key":"SMITH"},{"data":"Dagger Throw","floor":11,"key":"SMITH"},{"data":"Prepared","floor":15,"key":"SMITH"}],"circlet_count":0,"master_deck":["AscendersBane","Strike_G","Strike_G","Strike_G","Defend_G","Defend_G","Defend_G","Defend_G","Defend_G","Survivor","Neutralize","Dagger Throw+1","Underhanded Strike","Underhanded Strike","Caltrops+1","Expertise","PiercingWail","Prepared+1","Eviscerate","Adrenaline","Deadly Poison+1","A Thousand Cuts","Panacea"],"relics":["Ring of the Snake","MawBank","Eternal Feather","SlaversCollar","Oddly Smooth Stone"],"acts_visited":["Exordium","TheCity"],"potions_floor_usage":[14,19,22],"damage_taken":[{"damage":4,"enemies":"Cultist","floor":1,"turns":6},{"damage":0,"enemies":"Jaw Worm","floor":2,"turns":4},{"damage":0,"enemies":"2 Louse","floor":3,"turns":3},{"damage":1,"enemies":"Red Slaver","floor":7,"turns":4},{"damage":1,"enemies":"Looter","floor":8,"turns":4},{"damage":24,"enemies":"3 Sentries","floor":13,"turns":11},{"damage":7,"enemies":"Lots of Slimes","floor":14,"turns":4},{"damage":19,"enemies":"The Guardian","floor":16,"turns":14},{"damage":2,"enemies":"3 Byrds","floor":18,"turns":3},{"damage":0,"enemies":"Spheric Guardian","floor":19,"turns":1},{"damage":42,"enemies":"3 Cultists","floor":20,"turns":5},{"damage":21,"enemies":"Cultist and Chosen","floor":22,"turns":5}],"seed_played":"8925251079859276653","potions_obtained":[{"floor":7,"key":"Energy Potion"},{"floor":8,"key":"BlessingOfTheForge"},{"floor":12,"key":"LiquidMemories"},{"floor":16,"key":"SpeedPotion"},{"floor":20,"key":"FearPotion"}],"is_trial":false,"path_per_floor":["M","M","M","?","$","R","M","M","T","$","R","?","E","M","R","B",null,"M","M","M","$","M"],"character_chosen":"THE_SILENT","items_purchased":["Caltrops","Oddly Smooth Stone","Panacea"],"campfire_rested":0,"item_purchase_floors":[5,21,21],"current_hp_per_floor":[61,61,61,50,50,50,49,48,48,48,48,48,24,17,29,10,57,55,55,13,13,0,0],"gold":135,"neow_bonus":"TEN_PERCENT_HP_BONUS","is_daily":false,"chose_seed":false,"campfire_upgraded":3,"win_rate":0.0,"timestamp":1613928526,"path_taken":["M","M","M","?","$","R","M","M","T","?","R","?","E","M","R","BOSS","M","M","M","$","M"],"items_purchased_type":["Card","Relic","Card"],"build_version":"2020-12-22","purchased_purges":2,"victory":false,"max_hp_per_floor":[72,72,72,72,72,72,72,72,72,72,72,72,72,72,72,72,72,72,72,72,72,72,72],"card_choices":[{"not_picked":["Outmaneuver","Bane"],"picked":"Dagger Throw","floor":1},{"not_picked":["Riddle With Holes","Outmaneuver"],"picked":"Underhanded Strike","floor":2},{"not_picked":["Backstab","Choke"],"picked":"Underhanded Strike","floor":3},{"not_picked":["Calculated Gamble","Slice"],"picked":"Expertise","floor":7},{"not_picked":["Quick Slash","A Thousand Cuts"],"picked":"PiercingWail","floor":8},{"not_picked":["Choke","Masterful Stab"],"picked":"Prepared","floor":13},{"not_picked":["Backflip","Flying Knee"],"picked":"Eviscerate","floor":14},{"not_picked":["Corpse Explosion","Die Die Die"],"picked":"Adrenaline","floor":16},{"not_picked":["Blade Dance","Dagger Throw"],"picked":"Deadly Poison+1","floor":18},{"not_picked":["Deflect","Underhanded Strike"],"picked":"A Thousand Cuts","floor":19},{"not_picked":["Outmaneuver","Infinite Blades+1","Dodge and Roll"],"picked":"SKIP","floor":20}],"player_experience":2555681,"relics_obtained":[{"floor":9,"key":"MawBank"},{"floor":13,"key":"Eternal Feather"}],"event_choices":[{"damage_healed":0,"gold_gain":75,"player_choice":"Gather Gold","damage_taken":11,"max_hp_gain":0,"max_hp_loss":0,"event_name":"World of Goop","floor":4,"gold_loss":0},{"damage_healed":0,"gold_gain":0,"player_choice":"Got Potions","damage_taken":0,"max_hp_gain":0,"max_hp_loss":0,"event_name":"Lab","floor":12,"gold_loss":0}],"is_beta":false,"boss_relics":[{"not_picked":["Runic Dome","Black Star"],"picked":"SlaversCollar"}],"items_purged_floors":[5,21],"is_endless":false,"potions_floor_spawned":[7,8,13,16,18,20],"killed_by":"Cultist and Chosen","ascension_level":20}}