{"host":"y13mj1mxwnd5xx1x","time":1613889308,"event":{"mods":["AchievementEnabler","BaseMod","Minty Spire (QoL Compilation)"],"gold_per_floor":[114,129,144,159,174,204,204,234,234,234,264,279,279,309,321,433,445,472,484,511,538,472,502,502,532,607,637,137,137,52,52,52,152,152,167,182,182,32,32,62,62,92,92,122,152,152,182,212,212,212],"floor_reached":51,"language":"ENG","playtime":3404,"items_purged":[],"score":1032,"play_id":"80569b43-7efd-40ac-ae81-e801f6b4b4f6","local_time":"20210221003508","daily_mods":["SealedDeck","Flight","Elite Swarm"],"is_ascension_mode":false,"campfire_choices":[{"data":"Barricade","floor":7,"key":"SMITH"},{"data":"Juggernaut","floor":10,"key":"SMITH"},{"data":"Flame Barrier","floor":13,"key":"SMITH"},{"data":"Limit Break","floor":15,"key":"SMITH"},{"data":"Armaments","floor":24,"key":"SMITH"},{"data":"Disarm","floor":29,"key":"SMITH"},{"data":"Inflame","floor":32,"key":"SMITH"},{"data":"Impervious","floor":41,"key":"SMITH"},{"data":"1","floor":49,"key":"LIFT"}],"circlet_count":0,"master_deck":["True Grit","Iron Wave","Hemokinesis","Rupture","Clothesline","Shrug It Off","Shrug It Off","Armaments+1","Shrug It Off","Rampage","Cleave","Headbutt","Shockwave","Inflame+1","Barricade+1","Juggernaut+1","Immolate","Flame Barrier+1","Limit Break+1","Reaper","Flex+1","Disarm+1","Limit Break","Necronomicurse","Impervious+1","Feed","Impervious","Offering","Exhume"],"relics":["Burning Blood","FossilizedHelix","Bronze Scales","White Beast Statue","Girya","MawBank","Coffee Dripper","MealTicket","Letter Opener","Mercury Hourglass","Orichalcum","Pear","Paper Frog","Pantograph","Necronomicon","SlaversCollar","Membership Card","Bottled Lightning","HornCleat","Eternal Feather","Juzu Bracelet","Bag of Preparation","Meat on the Bone","Sundial"],"acts_visited":["Exordium","TheCity","TheBeyond"],"potions_floor_usage":[16,25,47],"damage_taken":[{"damage":2,"enemies":"Small Slimes","floor":1,"turns":4},{"damage":1,"enemies":"2 Louse","floor":2,"turns":3},{"damage":2,"enemies":"Cultist","floor":3,"turns":3},{"damage":0,"enemies":"3 Louse","floor":4,"turns":1},{"damage":2,"enemies":"Gremlin Gang","floor":5,"turns":2},{"damage":26,"enemies":"Gremlin Nob","floor":6,"turns":4},{"damage":2,"enemies":"Lagavulin","floor":8,"turns":8},{"damage":6,"enemies":"Gremlin Nob","floor":11,"turns":3},{"damage":0,"enemies":"Looter","floor":12,"turns":3},{"damage":0,"enemies":"Lagavulin","floor":14,"turns":7},{"damage":12,"enemies":"The Guardian","floor":16,"turns":11},{"damage":4,"enemies":"Chosen","floor":18,"turns":5},{"damage":7,"enemies":"2 Thieves","floor":20,"turns":3},{"damage":9,"enemies":"Cultist and Chosen","floor":21,"turns":4},{"damage":22,"enemies":"Book of Stabbing","floor":23,"turns":5},{"damage":39,"enemies":"Slavers","floor":25,"turns":4},{"damage":6,"enemies":"Gremlin Leader","floor":27,"turns":6},{"damage":33,"enemies":"Collector","floor":33,"turns":7},{"damage":5,"enemies":"3 Darklings","floor":35,"turns":3},{"damage":0,"enemies":"3 Shapes","floor":36,"turns":2},{"damage":26,"enemies":"Reptomancer","floor":40,"turns":5},{"damage":4,"enemies":"Giant Head","floor":42,"turns":7},{"damage":0,"enemies":"Nemesis","floor":44,"turns":7},{"damage":21,"enemies":"Reptomancer","floor":45,"turns":10},{"damage":4,"enemies":"Nemesis","floor":47,"turns":5},{"damage":10,"enemies":"Giant Head","floor":48,"turns":10},{"damage":28,"enemies":"Donu and Deca","floor":50,"turns":8}],"seed_played":"-7397021786818157212","potions_obtained":[{"floor":4,"key":"Swift Potion"},{"floor":5,"key":"EssenceOfSteel"},{"floor":6,"key":"LiquidMemories"},{"floor":11,"key":"GamblersBrew"},{"floor":16,"key":"Ancient Potion"},{"floor":25,"key":"Fruit Juice"},{"floor":27,"key":"SmokeBomb"},{"floor":33,"key":"Ancient Potion"},{"floor":36,"key":"EntropicBrew"},{"floor":47,"key":"DistilledChaos"}],"is_trial":false,"path_per_floor":["M","M","M","M","M","E","R","E","T","R","E","M","R","E","R","B",null,"M","?","M","M","$","E","R","E","T","E","$","R","?","?","R","B",null,"M","M","?","$","?","E","R","E","T","E","E","?","E","E","R","B",null],"character_chosen":"IRONCLAD","items_purchased":["Disarm","Pear","Paper Frog","Membership Card"],"campfire_rested":0,"item_purchase_floors":[22,28,28,38],"current_hp_per_floor":[80,80,80,80,80,60,60,64,64,64,64,70,70,76,76,70,80,80,80,80,79,79,63,63,35,35,45,70,70,70,54,54,52,95,95,95,95,95,95,75,75,95,95,95,84,84,86,94,94,72],"gold":212,"neow_bonus":"","is_daily":true,"chose_seed":false,"campfire_upgraded":8,"win_rate":0.0,"timestamp":1613889308,"path_taken":["M","M","M","M","M","E","R","E","T","R","E","M","R","E","R","BOSS","M","?","M","M","$","E","R","E","T","E","$","R","?","?","R","BOSS","M","M","?","$","?","E","R","E","T","E","E","?","E","E","R","BOSS"],"items_purchased_type":["Card","Relic","Relic","Relic"],"build_version":"2020-12-22","purchased_purges":0,"victory":true,"max_hp_per_floor":[80,80,80,80,80,80,80,80,80,80,80,80,80,80,80,80,80,80,80,80,80,80,80,80,85,85,85,95,95,95,95,95,95,95,95,95,95,95,95,95,95,95,95,95,99,94,94,94,94,94],"card_choices":[{"not_picked":["Anger","True Grit"],"picked":"Rampage","floor":1},{"not_picked":["Infernal Blade","Iron Wave"],"picked":"Cleave","floor":2},{"not_picked":["Reckless Charge","Armaments"],"picked":"Headbutt","floor":3},{"not_picked":["True Grit","Clash"],"picked":"Shockwave","floor":4},{"not_picked":["Armaments","Metallicize"],"picked":"Inflame","floor":5},{"not_picked":["Demon Form","Double Tap"],"picked":"Barricade","floor":6},{"not_picked":["Double Tap","Berserk"],"picked":"Juggernaut","floor":8},{"not_picked":["Juggernaut","Exhume"],"picked":"Immolate","floor":11},{"not_picked":["Carnage","Entrench"],"picked":"Flame Barrier","floor":12},{"not_picked":["Impervious","Double Tap"],"picked":"Limit Break","floor":14},{"not_picked":["Barricade","Demon Form"],"picked":"Reaper","floor":16},{"not_picked":["Searing Blow+1","Reckless Charge+1"],"picked":"Flex+1","floor":18},{"not_picked":["Twin Strike","Headbutt","Metallicize"],"picked":"SKIP","floor":20},{"not_picked":["Clash+1","Blood for Blood","Perfected Strike"],"picked":"SKIP","floor":21},{"not_picked":["Demon Form","Juggernaut","Brutality"],"picked":"SKIP","floor":23},{"not_picked":["Bludgeon","Juggernaut"],"picked":"Limit Break","floor":25},{"not_picked":["Demon Form","Brutality","Barricade"],"picked":"SKIP","floor":27},{"not_picked":["Twin Strike+1","Shockwave+1","Whirlwind"],"picked":"SKIP","floor":35},{"not_picked":["Perfected Strike","Whirlwind","True Grit+1"],"picked":"SKIP","floor":36},{"not_picked":["Corruption","Berserk"],"picked":"Impervious","floor":40},{"not_picked":["Berserk","Demon Form"],"picked":"Feed","floor":42},{"not_picked":["Bludgeon","Barricade"],"picked":"Impervious","floor":44},{"not_picked":["Feed","Immolate"],"picked":"Offering","floor":45},{"not_picked":["Juggernaut","Bludgeon"],"picked":"Exhume","floor":47},{"not_picked":["Barricade","Brutality","Reaper"],"picked":"SKIP","floor":48}],"player_experience":186621,"relics_obtained":[{"floor":6,"key":"FossilizedHelix"},{"floor":8,"key":"Bronze Scales"},{"floor":9,"key":"White Beast Statue"},{"floor":11,"key":"Girya"},{"floor":14,"key":"MawBank"},{"floor":23,"key":"MealTicket"},{"floor":25,"key":"Letter Opener"},{"floor":26,"key":"Mercury Hourglass"},{"floor":27,"key":"Orichalcum"},{"floor":31,"key":"Necronomicon"},{"floor":40,"key":"Bottled Lightning"},{"floor":42,"key":"HornCleat"},{"floor":43,"key":"Eternal Feather"},{"floor":44,"key":"Juzu Bracelet"},{"floor":45,"key":"Bag of Preparation"},{"floor":47,"key":"Meat on the Bone"},{"floor":48,"key":"Sundial"}],"event_choices":[{"damage_healed":0,"gold_gain":0,"player_choice":"Ignored","damage_taken":0,"max_hp_gain":0,"max_hp_loss":0,"event_name":"Vampires","floor":19,"gold_loss":0},{"damage_healed":0,"gold_gain":0,"player_choice":"Obtained Relic","damage_taken":0,"relics_obtained":["Pantograph"],"max_hp_gain":0,"max_hp_loss":0,"event_name":"Addict","floor":30,"gold_loss":85},{"damage_healed":0,"gold_gain":0,"player_choice":"Obtained Book","damage_taken":16,"max_hp_gain":0,"max_hp_loss":0,"event_name":"Cursed Tome","floor":31,"gold_loss":0},{"damage_healed":0,"gold_gain":0,"player_choice":"Memory 1","damage_taken":0,"max_hp_gain":0,"max_hp_loss":0,"event_name":"SensoryStone","floor":37,"gold_loss":0},{"cards_removed":["Thunderclap"],"damage_healed":0,"gold_gain":0,"player_choice":"Removed Attack","damage_taken":0,"max_hp_gain":0,"max_hp_loss":0,"event_name":"Falling","floor":39,"gold_loss":0},{"damage_healed":0,"gold_gain":0,"player_choice":"Max HP","damage_taken":0,"max_hp_gain":0,"max_hp_loss":5,"event_name":"Winding Halls","floor":46,"gold_loss":0}],"is_beta":false,"boss_relics":[{"not_picked":["Velvet Choker","Calling Bell"],"picked":"Coffee Dripper"},{"not_picked":["Philosopher\u0027s Stone","Tiny House"],"picked":"SlaversCollar"}],"items_purged_floors":[],"is_endless":false,"potions_floor_spawned":[4,5,6,8,11,12,14,16,18,20,21,23,25,27,33,35,36,40,42,44,45,47,48],"ascension_level":0}}