{"host":"t5kis9necmbui802","time":1613873180,"event":{"mods":["100% Spire Juice","Act Like it!","BaseMod","CapriCore","Chen","Colored Powertips","Downfall","Gensokyo","Hermit","HololiveMod","Koishi","KomeijiMod","Lobotomy","LobotomyExtend","Minty Spire (QoL Compilation)","MostiFishMod","Prisma Mod","Replay The Spire","Robot Space Explorer","Shop Mod","Spicy Shops","StSLib","The Alterego","The Immortal","TheWitcher","Uncapped","Yuri Mod","Yuyuko","noobMod"],"gold_per_floor":[119,119,10,27,41,70,85,104,104,136,13,38,38,51,51,147,147,147,11,11,11,11,11,11,11,11,11,11,11,11,11,11,11,11,11,11,0,0,0,0,0,0,0,0,0,0,0,0,0,0],"floor_reached":51,"language":"ZHS","playtime":2428,"items_purged":[],"score":1240,"play_id":"aeda8f03-5576-4fac-818f-66299c8d92fa","local_time":"20210221100620","is_ascension_mode":false,"campfire_choices":[{"data":"1","floor":13.0,"key":"LIFT"},{"data":"2","floor":15.0,"key":"LIFT"},{"data":"3","floor":24.0,"key":"LIFT"},{"data":"RobotSpaceExplorer:BigMissile","floor":27.0,"key":"SMITH"},{"data":"Doubt","floor":32.0,"key":"PURGE"},{"data":"RobotSpaceExplorer:Asteroid","floor":40.0,"key":"SMITH"},{"data":"Madness","floor":46,"key":"SMITH"},{"data":"Madness","floor":49,"key":"SMITH"}],"circlet_count":1,"master_deck":["RobotSpaceExplorer:Strike","RobotSpaceExplorer:Strike","RobotSpaceExplorer:Strike","RobotSpaceExplorer:Defend","RobotSpaceExplorer:Defend","RobotSpaceExplorer:Defend","RobotSpaceExplorer:Defend","RobotSpaceExplorer:Scan","RobotSpaceExplorer:MiniLasers","RobotSpaceExplorer:PowerCollector","RobotSpaceExplorer:StunGrenade","RobotSpaceExplorer:Asteroid+1","RobotSpaceExplorer:PowerCollector","RobotSpaceExplorer:Discharger","RobotSpaceExplorer:Fix","RobotSpaceExplorer:GlueSpray","RobotSpaceExplorer:PowerGlove","RobotSpaceExplorer:Explosion","RobotSpaceExplorer:ScrapMissile","RobotSpaceExplorer:FrostMissile+1","RobotSpaceExplorer:LuckyStrike","RobotSpaceExplorer:Reload+1","RobotSpaceExplorer:FreezeRay","RobotSpaceExplorer:BigMissile+1","ReplayTheSpireMod:IOU","RobotSpaceExplorer:Blitz+1","RobotSpaceExplorer:PowerCollector+1","RobotSpaceExplorer:Scanner","AbeCurse","RobotSpaceExplorer:LaserBurst+1","RobotSpaceExplorer:Pulsar+1","RobotSpaceExplorer:PowerCollector+1","Panache+1","RobotSpaceExplorer:FreezingShield+1","Looming Evil","downfall:Haunted","Normality","Madness+1","Madness+1","RobotSpaceExplorer:FreezeRay+1","RobotSpaceExplorer:FreezeRay+1"],"relics":["RobotSpaceExplorer:RoboCore","DaveBox","ice","SynthV:TestCard","LetterFromLob","BirthdayGift-Icosahedron","Happy Flower","Bird Faced Urn","Girya","Mango","GoodDreamPillow","ReplayTheSpireMod:TigerMarble","Ectoplasm","OrangePellets","Hololive_LightStick","Calipers","Circlet","downfall:ExtraCursedKey","Blood Vial","Abe\u0027s Treasure","Red Mask","MealTicket","ReplayTheSpireMod:Ring of Challenge","Ring of Chaos","Mirror","LaetitiaHeart","Moonlight_r","Boot"],"acts_visited":["Exordium","Gensokyo:Gensokyoer","TheBeyond"],"potions_floor_usage":[50,50,50],"damage_taken":[{"damage":0.0,"enemies":"Small Slimes","floor":1.0,"turns":3.0},{"damage":0.0,"enemies":"Cultist","floor":4.0,"turns":2.0},{"damage":0.0,"enemies":"2 Louse","floor":5.0,"turns":1.0},{"damage":0.0,"enemies":"Lagavulin","floor":6.0,"turns":3.0},{"damage":0.0,"enemies":"Exordium Wildlife","floor":7.0,"turns":2.0},{"damage":0.0,"enemies":"3 Louse","floor":8.0,"turns":2.0},{"damage":0.0,"enemies":"Gremlin Nob","floor":10.0,"turns":3.0},{"damage":0.0,"enemies":"3 Sentries","floor":12.0,"turns":2.0},{"damage":0.0,"enemies":"Looter","floor":14.0,"turns":2.0},{"damage":0.0,"enemies":"Fading Forest","floor":16.0,"turns":7.0},{"damage":0.0,"enemies":"Gensokyo:CosmicMonolith","floor":18.0,"turns":1.0},{"damage":0.0,"enemies":"Gensokyo:2_Gloops","floor":20.0,"turns":2.0},{"damage":0.0,"enemies":"Gensokyo:Monolith_and_Dog","floor":21.0,"turns":2.0},{"damage":0.0,"enemies":"Gensokyo:Swordslinger","floor":23.0,"turns":2.0},{"damage":0.0,"enemies":"Gensokyo:Koishi","floor":25.0,"turns":2.0},{"damage":22.0,"enemies":"Gensokyo:Tenshi","floor":29.0,"turns":2.0},{"damage":0.0,"enemies":"Gensokyo:Wraith","floor":30.0,"turns":3.0},{"damage":24.0,"enemies":"Gensokyo:Eternal_Rivals","floor":33.0,"turns":3.0},{"damage":18.0,"enemies":"3 Darklings","floor":35.0,"turns":1.0},{"damage":0.0,"enemies":"3 Shapes","floor":36.0,"turns":1.0},{"damage":0.0,"enemies":"Transient","floor":38.0,"turns":4.0},{"damage":0.0,"enemies":"Nemesis","floor":41.0,"turns":3.0},{"damage":0.0,"enemies":"Nemesis","floor":44.0,"turns":1.0},{"damage":0.0,"enemies":"Nemesis","floor":44.0,"turns":1.0},{"damage":0.0,"enemies":"Nemesis","floor":44.0,"turns":1.0},{"damage":0.0,"enemies":"Nemesis","floor":44.0,"turns":1.0},{"damage":0,"enemies":"Jaw Worm Horde","floor":47,"turns":1},{"damage":0,"enemies":"R_Hoarder","floor":48,"turns":2},{"damage":4,"enemies":"Time Eater","floor":50,"turns":4},{"damage":21,"enemies":"Malkuth","floor":51,"turns":4},{"damage":4,"enemies":"Hod","floor":51,"turns":3},{"damage":73,"enemies":"Geburah","floor":51,"turns":6},{"damage":0,"enemies":"Binah","floor":51,"turns":5},{"damage":42,"enemies":"Angela","floor":51,"turns":4}],"seed_played":"-4443796050092149642","potions_obtained":[{"floor":5.0,"key":"bronze:BurnAndBuffPotion"},{"floor":6.0,"key":"Explosive Potion"},{"floor":7.0,"key":"BlessingOfTheForge"},{"floor":8.0,"key":"Milkshake"},{"floor":35.0,"key":"Cursed Concoction"}],"is_trial":false,"path_per_floor":["M","?","$","M","M","E","M","M","T","E","?","E","R","M","R","B",null,"M","COS","M","M","?","M","R","E","T","R","?","E","M","$","R","B",null,"M","M","?","M","?","R","E","?","T","?","?","R","M","E","R","B",null],"character_chosen":"RobotSpaceExplorer","items_purchased":["RobotSpaceExplorer:PowerCollector"],"campfire_rested":0,"item_purchase_floors":[3],"current_hp_per_floor":[75,75,75,75,75,75,75,75,75,89,89,89,89,89,89,89,89,89,89,89,89,67,80,80,89,89,89,94,77,92,92,92,93,94,77,92,92,94,94,94,94,94,94,94,82,82,94,94,94,94],"gold":0,"neow_bonus":"REMOVE_CARD","is_daily":false,"chose_seed":false,"campfire_upgraded":4,"win_rate":0.0,"timestamp":1613873180,"path_taken":["M","?","?","M","?","E","M","?","T","E","?","E","R","M","R","BOSS","M","COS","M","M","?","M","R","E","T","R","?","E","?","?","R","BOSS","M","M","?","M","?","R","E","?","T","?","?","R","M","E","R","BOSS"],"items_purchased_type":["Card"],"build_version":"2020-12-22","purchased_purges":0,"victory":true,"max_hp_per_floor":[75,75,75,75,75,75,75,75,75,89,89,89,89,89,89,89,89,89,89,89,89,89,89,89,89,89,89,94,94,94,94,94,94,94,94,94,94,94,94,94,94,94,94,94,94,94,94,94,94,94],"card_choices":[{"not_picked":["RobotSpaceExplorer:Ammunition","RobotSpaceExplorer:SelfCleaning"],"picked":"RobotSpaceExplorer:Probe","floor":1.0},{"not_picked":["RobotSpaceExplorer:ImprovisedAttack","RobotSpaceExplorer:MetalStrike","RobotSpaceExplorer:SurgingStrike","RobotSpaceExplorer:FrostMissile"],"picked":"RobotSpaceExplorer:StunGrenade","floor":4.0},{"not_picked":["RobotSpaceExplorer:ImprovisedAttack","RobotSpaceExplorer:Pulsar","RobotSpaceExplorer:ShockKick","RobotSpaceExplorer:Counterblock"],"picked":"RobotSpaceExplorer:Asteroid","floor":5.0},{"not_picked":["RobotSpaceExplorer:Counterblock","RobotSpaceExplorer:LaserBurst","RobotSpaceExplorer:Jetpack","RobotSpaceExplorer:DoubleFind"],"picked":"RobotSpaceExplorer:PowerCollector","floor":6.0},{"not_picked":["RobotSpaceExplorer:SurgingShield","RobotSpaceExplorer:SwiftStep","RobotSpaceExplorer:Calculate","RobotSpaceExplorer:MetalStrike","RobotSpaceExplorer:ShovelStrike"],"picked":"SKIP","floor":7.0},{"not_picked":["RobotSpaceExplorer:StunGrenade","RobotSpaceExplorer:Counterblock","RobotSpaceExplorer:Comet","RobotSpaceExplorer:Reload"],"picked":"RobotSpaceExplorer:Discharger","floor":8.0},{"not_picked":["RobotSpaceExplorer:StarLightning","RobotSpaceExplorer:SurgingShield","RobotSpaceExplorer:Probe","RobotSpaceExplorer:SlimeMissile"],"picked":"RobotSpaceExplorer:Fix","floor":10.0},{"not_picked":["RobotSpaceExplorer:SlimeMissile","RobotSpaceExplorer:StunGrenade","RobotSpaceExplorer:FranticSearch","RobotSpaceExplorer:ImprovisedAttack"],"picked":"RobotSpaceExplorer:GlueSpray","floor":12.0},{"not_picked":["RobotSpaceExplorer:Electroshield","RobotSpaceExplorer:Probe","RobotSpaceExplorer:Pulsar","RobotSpaceExplorer:SurgingShield"],"picked":"RobotSpaceExplorer:PowerGlove","floor":14.0},{"not_picked":["RobotSpaceExplorer:Exploration","RobotSpaceExplorer:ShockMissile","RobotSpaceExplorer:TrailblazerForm","RobotSpaceExplorer:Wormhole"],"picked":"RobotSpaceExplorer:Explosion","floor":16.0},{"not_picked":["RobotSpaceExplorer:Fix+1","RobotSpaceExplorer:Counterblock","RobotSpaceExplorer:ShovelStrike","RobotSpaceExplorer:DoubleBlock","RobotSpaceExplorer:Ammunition"],"picked":"SKIP","floor":18.0},{"not_picked":["RobotSpaceExplorer:SlimeMissile+1","RobotSpaceExplorer:FreezingShield","RobotSpaceExplorer:FranticSearch","RobotSpaceExplorer:GearShield"],"picked":"RobotSpaceExplorer:ScrapMissile","floor":20.0},{"not_picked":["RobotSpaceExplorer:Calculate","RobotSpaceExplorer:SwiftStep+1","RobotSpaceExplorer:GlueShot","RobotSpaceExplorer:ScrapToss"],"picked":"RobotSpaceExplorer:FrostMissile+1","floor":21.0},{"not_picked":["RobotSpaceExplorer:ScrapShield","RobotSpaceExplorer:FrostMissile","RobotSpaceExplorer:StarLightning","RobotSpaceExplorer:Blitz+1"],"picked":"RobotSpaceExplorer:LuckyStrike","floor":22.0},{"not_picked":["RobotSpaceExplorer:ScrapMissile","RobotSpaceExplorer:Scanner","RobotSpaceExplorer:SurgingStrike","RobotSpaceExplorer:Fix+1"],"picked":"RobotSpaceExplorer:Reload+1","floor":22.0},{"not_picked":["RobotSpaceExplorer:Jetpack","RobotSpaceExplorer:ImprovisedAttack","RobotSpaceExplorer:GlueShot","RobotSpaceExplorer:SwiftStep"],"picked":"RobotSpaceExplorer:FreezeRay","floor":23.0},{"not_picked":["RobotSpaceExplorer:Fix","RobotSpaceExplorer:Pulsar","RobotSpaceExplorer:TurboDodge","RobotSpaceExplorer:Counterblock"],"picked":"RobotSpaceExplorer:BigMissile","floor":25.0},{"not_picked":["RobotSpaceExplorer:RigExplosive+1","RobotSpaceExplorer:FrostMissile","RobotSpaceExplorer:Calculate","RobotSpaceExplorer:Electropulse+1"],"picked":"RobotSpaceExplorer:Blitz","floor":29.0},{"not_picked":["RobotSpaceExplorer:ScrapMissile","RobotSpaceExplorer:FranticSearch","RobotSpaceExplorer:MetalStrike","RobotSpaceExplorer:Comet"],"picked":"RobotSpaceExplorer:PowerCollector+1","floor":30.0},{"not_picked":["RobotSpaceExplorer:HighVoltage","RobotSpaceExplorer:ShockMissile","RobotSpaceExplorer:Asteroid","RobotSpaceExplorer:Comet"],"picked":"RobotSpaceExplorer:Scanner","floor":33.0},{"not_picked":["RobotSpaceExplorer:Ammunition","RobotSpaceExplorer:SurgingShield","RobotSpaceExplorer:ImprovisedAttack","RobotSpaceExplorer:FrostMissile+1"],"picked":"RobotSpaceExplorer:LaserBurst+1","floor":35.0},{"not_picked":["RobotSpaceExplorer:ShockKick","RobotSpaceExplorer:Probe+1","RobotSpaceExplorer:ScrapToss","RobotSpaceExplorer:Smokescreen+1"],"picked":"RobotSpaceExplorer:Pulsar+1","floor":36.0},{"not_picked":["RobotSpaceExplorer:PlasmaMissile+1","RobotSpaceExplorer:Probe","RobotSpaceExplorer:ImprovisedAttack","RobotSpaceExplorer:SurgingShield"],"picked":"RobotSpaceExplorer:PowerCollector+1","floor":38.0},{"not_picked":["Muse","ReplayTheSpireMod:Trickstab","Dark Shackles","Secret Weapon"],"picked":"Panache","floor":39.0},{"not_picked":["RobotSpaceExplorer:Pulsar","RobotSpaceExplorer:Probe","RobotSpaceExplorer:FrostMissile+1","RobotSpaceExplorer:StunGrenade+1"],"picked":"RobotSpaceExplorer:FreezingShield+1","floor":41.0},{"not_picked":["RobotSpaceExplorer:Counterblock","RobotSpaceExplorer:Pulsar","RobotSpaceExplorer:LuckyStrike+1","RobotSpaceExplorer:ShockKick+1"],"picked":"RobotSpaceExplorer:FreezeRay+1","floor":47},{"not_picked":["RobotSpaceExplorer:StunGrenade","RobotSpaceExplorer:Ammunition","RobotSpaceExplorer:Discharger","RobotSpaceExplorer:Blitz"],"picked":"RobotSpaceExplorer:FreezeRay+1","floor":48}],"player_experience":414332,"relics_obtained":[{"floor":1.0,"key":"SynthV:TestCard"},{"floor":1.0,"key":"LetterFromLob"},{"floor":6.0,"key":"Bird Faced Urn"},{"floor":9.0,"key":"Girya"},{"floor":10.0,"key":"Mango"},{"floor":12.0,"key":"ReplayTheSpireMod:TigerMarble"},{"floor":22.0,"key":"Hololive_LightStick"},{"floor":25.0,"key":"Dead Branch"},{"floor":26.0,"key":"Calipers"},{"floor":29.0,"key":"Blood Vial"},{"floor":41.0,"key":"MealTicket"},{"floor":42.0,"key":"ReplayTheSpireMod:Ring of Challenge"},{"floor":42.0,"key":"Ring of Chaos"},{"floor":43.0,"key":"Mirror"},{"floor":48,"key":"Boot"}],"event_choices":[{"cards_removed":["RobotSpaceExplorer:Probe"],"damage_healed":0.0,"max_hp_gain":0.0,"max_hp_loss":0.0,"gold_gain":0.0,"event_name":"WeMeetAgain","player_choice":"Gave Card","floor":2.0,"gold_loss":0.0,"damage_taken":0.0,"relics_obtained":["Happy Flower"]},{"damage_healed":0.0,"max_hp_gain":0.0,"max_hp_loss":0.0,"gold_gain":0.0,"event_name":"Tomb of Lord Red Mask","player_choice":"Paid","floor":37.0,"gold_loss":11.0,"damage_taken":0.0,"relics_obtained":["Red Mask"]},{"damage_healed":0.0,"max_hp_gain":0.0,"max_hp_loss":0.0,"gold_gain":0.0,"event_name":"SensoryStone","player_choice":"Memory 1","floor":39.0,"gold_loss":0.0,"damage_taken":0.0},{"damage_healed":0.0,"max_hp_gain":0.0,"max_hp_loss":0.0,"gold_gain":0.0,"event_name":"Winding Halls","player_choice":"Embrace Madness","floor":45.0,"gold_loss":0.0,"damage_taken":12.0,"cards_obtained":["Madness","Madness"]}],"is_beta":false,"boss_relics":[{"not_picked":["Kintsugi","RhineCircuit"],"picked":"Ectoplasm"},{"not_picked":["Hololive_ChaosS","Velvet Choker"],"picked":"Abe\u0027s Treasure"}],"items_purged_floors":[],"is_endless":false,"potions_floor_spawned":[5,6,7,8,14,18,21,25,30,35,44,44,44],"ascension_level":0}}