{"host":"xr2w6q7a088fu8w2","time":1613918447,"event":{"mods":["AchievementEnabler","BaseMod","Colored Powertips","Good Game Mod","Mimic Mod","Minty Spire (QoL Compilation)","MostiFishMod","Relic Filter Mod","Reliquary","StSLib","UnlockEverythingMod"],"gold_per_floor":[116,116,131,148,162,162,87,97,124,143,162,175,175,236,236,345,345,364,414,433,444,39,39,105,127,152,175,225,306,306,319,319,417,417,417],"floor_reached":34,"language":"ZHS","playtime":1121,"items_purged":["Defend_G","Strike_G"],"score":627,"play_id":"a03288a4-b517-4a48-a922-6b3240f606b0","local_time":"20210221224047","daily_mods":["Vintage","Red Cards","Green Cards","Blue Cards","Purple Cards","Colorless Cards","Heirloom","Time Dilation"],"is_ascension_mode":false,"campfire_choices":[{"data":"Neutralize","floor":6,"key":"SMITH"},{"data":"1","floor":15,"key":"LIFT"},{"data":"2","floor":23,"key":"LIFT"},{"data":"3","floor":30,"key":"LIFT"},{"data":"MostiFishMod:KingOfFree","floor":32,"key":"SMITH"}],"circlet_count":0,"master_deck":["Strike_G","Strike_G","Strike_G","Strike_G","Defend_G","Defend_G","Defend_G","Defend_G","Survivor","Neutralize+1","Strike_G","MostiFishMod:KingOfFree+1"],"relics":["Ring of the Snake","REME:ComplimentaryCards","DaveBox","Dodecahedron","CombinedTypeHook","reliquary:WeakTea","SynthV:TestCard","CeramicFish","Orichalcum","Eternal Feather","reliquary:RadioactivePellet","reliquary:Knoch","Art of War","Girya","MealTicket","SsserpentHead","Ancient Tea Set","ExusiaiGun","The Courier","Blue Candle","Strawberry","Toxic Egg 2","Vajra","reliquary:ExpiredCoupon","Regal Pillow","Smiling Mask","Red Mask","The Specimen"],"acts_visited":["Exordium","TheCity"],"potions_floor_usage":[11,11,11,14,33,33,33],"damage_taken":[{"damage":0,"enemies":"Jaw Worm","floor":1,"turns":3},{"damage":0,"enemies":"Cultist","floor":3,"turns":3},{"damage":0,"enemies":"2 Louse","floor":4,"turns":2},{"damage":0,"enemies":"2 Fungi Beasts","floor":5,"turns":2},{"damage":0,"enemies":"Large Slime","floor":8,"turns":6},{"damage":0,"enemies":"Red Slaver","floor":10,"turns":2},{"damage":0,"enemies":"3 Louse","floor":11,"turns":2},{"damage":0,"enemies":"Looter","floor":12,"turns":2},{"damage":0,"enemies":"Exordium Thugs","floor":14,"turns":3},{"damage":50,"enemies":"Slime Boss","floor":16,"turns":17},{"damage":0,"enemies":"3 Byrds","floor":18,"turns":1},{"damage":0,"enemies":"Chosen","floor":20,"turns":2},{"damage":0,"enemies":"Snake Plant","floor":21,"turns":2},{"damage":0,"enemies":"Chosen and Byrds","floor":24,"turns":1},{"damage":0,"enemies":"Centurion and Healer","floor":25,"turns":1},{"damage":0,"enemies":"Snake Plant","floor":27,"turns":1},{"damage":0,"enemies":"Masked Bandits","floor":29,"turns":2},{"damage":0,"enemies":"3 Cultists","floor":31,"turns":1},{"damage":0,"enemies":"Automaton","floor":33,"turns":1}],"seed_played":"-1662741664400334780","potions_obtained":[{"floor":3,"key":"LiquidMemories"},{"floor":5,"key":"Block Potion"},{"floor":10,"key":"PowerPotion"},{"floor":11,"key":"Explosive Potion"},{"floor":16,"key":"BlessingOfTheForge"},{"floor":20,"key":"SteroidPotion"},{"floor":25,"key":"EntropicBrew"}],"is_trial":true,"path_per_floor":["M","?","M","M","M","R","$","M","T","M","M","M","?","M","R","B",null,"M","?","M","M","$","R","M","M","T","M","?","?","R","M","R","B",null],"character_chosen":"THE_SILENT","items_purchased":["Strawberry","Toxic Egg 2"],"campfire_rested":0,"item_purchase_floors":[22,22],"current_hp_per_floor":[70,70,70,70,70,70,70,70,70,70,70,70,70,70,70,20,70,70,70,70,70,77,77,77,77,77,77,63,68,74,74,80,80,80,80],"gold":417,"neow_bonus":"","is_daily":false,"chose_seed":false,"campfire_upgraded":2,"win_rate":0.0,"timestamp":1613918447,"path_taken":["M","?","M","M","M","R","$","M","T","?","M","M","?","?","R","BOSS","M","?","M","M","$","R","?","M","T","M","?","?","R","M","R","BOSS"],"items_purchased_type":["Relic","Relic"],"build_version":"2020-12-22","purchased_purges":2,"victory":false,"max_hp_per_floor":[70,70,70,70,70,70,70,70,70,70,70,70,70,70,70,70,70,70,70,70,70,77,77,77,77,77,77,82,82,82,82,82,82,82,82],"card_choices":[{"not_picked":["Core Surge","Limit Break","MostiFishMod:DeathFromBelow","MostiFishMod:StoryBook"],"picked":"MostiFishMod:KingOfFree","floor":16}],"player_experience":147757,"relics_obtained":[{"floor":1,"key":"reliquary:WeakTea"},{"floor":1,"key":"SynthV:TestCard"},{"floor":3,"key":"CeramicFish"},{"floor":4,"key":"Orichalcum"},{"floor":5,"key":"Eternal Feather"},{"floor":8,"key":"reliquary:RadioactivePellet"},{"floor":9,"key":"reliquary:Knoch"},{"floor":10,"key":"Art of War"},{"floor":11,"key":"Girya"},{"floor":12,"key":"MealTicket"},{"floor":14,"key":"Ancient Tea Set"},{"floor":18,"key":"The Courier"},{"floor":20,"key":"Blue Candle"},{"floor":24,"key":"Vajra"},{"floor":25,"key":"reliquary:ExpiredCoupon"},{"floor":26,"key":"Regal Pillow"},{"floor":27,"key":"Smiling Mask"},{"floor":29,"key":"Red Mask"},{"floor":31,"key":"The Specimen"}],"event_choices":[{"damage_healed":0,"gold_gain":0,"player_choice":"Ignored","damage_taken":0,"max_hp_gain":0,"max_hp_loss":0,"event_name":"NoteForYourself","floor":2,"gold_loss":0},{"damage_healed":0,"gold_gain":0,"player_choice":"Trade","damage_taken":0,"relics_obtained":["SsserpentHead"],"max_hp_gain":0,"max_hp_loss":0,"event_name":"FaceTrader","floor":13,"gold_loss":0},{"damage_healed":0,"gold_gain":0,"player_choice":"Ignored","damage_taken":0,"max_hp_gain":0,"max_hp_loss":0,"event_name":"N\u0027loth","floor":19,"gold_loss":0},{"damage_healed":0,"gold_gain":0,"player_choice":"Shed Blood","damage_taken":19,"max_hp_gain":5,"max_hp_loss":0,"event_name":"Forgotten Altar","floor":28,"gold_loss":0},{"damage_healed":0,"gold_gain":0,"player_choice":"Fought Bandits","damage_taken":0,"max_hp_gain":0,"max_hp_loss":0,"event_name":"Masked Bandits","floor":29,"gold_loss":0}],"is_beta":false,"boss_relics":[{"not_picked":["GreenFoldingFan","Black Star"],"picked":"ExusiaiGun"}],"items_purged_floors":[7,22],"is_endless":true,"potions_floor_spawned":[3,5,10,11,16,20,25,27,29,31],"ascension_level":0}}