{"host":"10hinapzqlh39548","time":1613919531,"event":{"mods":["BaseMod","Colored Powertips","Minty Spire (QoL Compilation)","MostiFishMod","Reliquary","Replay The Spire","StSLib","The Bladedancer"],"gold_per_floor":[10,10,20,40,60,87,87,116,141,216,236,252,269,281,281,281,281],"floor_reached":16,"language":"ENG","playtime":1447,"items_purged":[],"score":141,"play_id":"91825a3d-93bc-4ecf-829e-0496202ee274","local_time":"20210221155851","is_ascension_mode":false,"campfire_choices":[{"data":"blademaster:EyeOfTheTornado","floor":7,"key":"SMITH"},{"data":"blademaster:Sharpen","floor":15,"key":"SMITH"}],"circlet_count":0,"master_deck":["blademaster:Strike","blademaster:Strike","blademaster:Strike","blademaster:Strike","blademaster:Defend","blademaster:Defend","blademaster:Defend","blademaster:Defend","blademaster:RagingBlow","blademaster:HighVoltage","blademaster:Blindside","blademaster:IcyWind","blademaster:EyeOfTheTornado+1","blademaster:Blindside","blademaster:DaggerAndCloak","blademaster:Sharpen+1","blademaster:AspectOfLightning"],"relics":["blademaster:DancersAmulet","DaveBox","BionicSphere","SynthV:TestCard","reliquary:TridentHead","Gremlin Food","reliquary:PorcupineQuills"],"acts_visited":["Exordium"],"potions_floor_usage":[8,8,8],"damage_taken":[{"damage":0,"enemies":"2 Louse","floor":1,"turns":3},{"damage":0,"enemies":"Small Slimes","floor":3,"turns":3},{"damage":1,"enemies":"Cultist","floor":4,"turns":4},{"damage":0,"enemies":"Exordium Wildlife","floor":5,"turns":2},{"damage":34,"enemies":"3 Sentries","floor":6,"turns":11},{"damage":0,"enemies":"Gremlin Nob","floor":8,"turns":1},{"damage":1,"enemies":"Looter","floor":11,"turns":5},{"damage":0,"enemies":"3 Louse","floor":12,"turns":3},{"damage":0,"enemies":"Blue Slaver","floor":13,"turns":4},{"damage":0,"enemies":"Looter","floor":14,"turns":4},{"damage":18,"enemies":"The Guardian","floor":16,"turns":2}],"seed_played":"-6360829895678371758","potions_obtained":[{"floor":1,"key":"BlessingOfTheForge"},{"floor":5,"key":"SteroidPotion"},{"floor":6,"key":"AttackPotion"},{"floor":8,"key":"GamblersBrew"},{"floor":12,"key":"FearPotion"},{"floor":13,"key":"SpeedPotion"}],"is_trial":false,"path_per_floor":["M","?","M","M","M","E","R","E","T","?","M","M","M","M","R","B"],"character_chosen":"THE_BLADEMASTER","items_purchased":[],"campfire_rested":0,"item_purchase_floors":[],"current_hp_per_floor":[75,63,63,62,62,28,28,28,28,17,16,16,16,16,16,0,0],"gold":281,"neow_bonus":"THREE_RARE_CARDS","is_daily":false,"chose_seed":false,"campfire_upgraded":2,"win_rate":0.0,"timestamp":1613919531,"path_taken":["M","?","M","M","M","E","R","E","T","?","M","M","M","M","R","BOSS"],"items_purchased_type":[],"build_version":"2020-12-22","purchased_purges":0,"victory":false,"max_hp_per_floor":[75,75,75,75,75,75,75,75,75,75,75,75,75,75,75,75,75],"card_choices":[{"not_picked":["blademaster:StanceMastery","blademaster:HighVoltage"],"picked":"blademaster:Blindside","floor":0},{"not_picked":["blademaster:Sunder","blademaster:IcyWind","blademaster:AspectOfLightning"],"picked":"SKIP","floor":1},{"not_picked":["blademaster:Sunder","blademaster:AspectOfLightning"],"picked":"blademaster:IcyWind","floor":1},{"not_picked":["blademaster:ChargingUp","blademaster:Frenzy","blademaster:Frontflip","blademaster:Thrust","blademaster:Sunder"],"picked":"SKIP","floor":3},{"not_picked":["blademaster:Cut","blademaster:Flash","blademaster:Safeguard","blademaster:Havoc","blademaster:LightningCrash"],"picked":"SKIP","floor":4},{"not_picked":["blademaster:Slice","blademaster:Momentum","blademaster:DaggerAndCloak","blademaster:AirSlash","blademaster:LeechingStrike"],"picked":"SKIP","floor":5},{"not_picked":["blademaster:LightningCrash","blademaster:Frontflip","blademaster:FlockOfBlades","blademaster:AwakeningStrike"],"picked":"blademaster:EyeOfTheTornado","floor":6},{"not_picked":["blademaster:Breeze","blademaster:Thrust","blademaster:Frontflip","blademaster:EnchantedCuirass"],"picked":"blademaster:Blindside","floor":8},{"not_picked":["blademaster:OneTrickPony","blademaster:AspectOfLightning","blademaster:Havoc","blademaster:Frontflip"],"picked":"blademaster:DaggerAndCloak","floor":11},{"not_picked":["blademaster:Stability","blademaster:Rupture","blademaster:BladeCross","blademaster:Quickstep","blademaster:Frontflip"],"picked":"SKIP","floor":12},{"not_picked":["blademaster:TraverseCut","blademaster:Quickness","blademaster:Overcharge","blademaster:AspectOfWind"],"picked":"blademaster:Sharpen","floor":13},{"not_picked":["blademaster:ParryingStrike","blademaster:ThunderSlash","blademaster:Quickness","blademaster:BloodyBlow"],"picked":"blademaster:AspectOfLightning","floor":14}],"player_experience":1203594,"relics_obtained":[{"floor":1,"key":"SynthV:TestCard"},{"floor":6,"key":"Gremlin Food"},{"floor":6,"key":"blademaster:BleedingLaceratePerk"},{"floor":8,"key":"reliquary:PorcupineQuills"},{"floor":8,"key":"blademaster:BonusFuryPerk"}],"event_choices":[{"damage_healed":0,"gold_gain":0,"player_choice":"Success","damage_taken":12,"relics_obtained":["reliquary:TridentHead"],"max_hp_gain":0,"max_hp_loss":0,"event_name":"Scrap Ooze","floor":2,"gold_loss":0},{"damage_healed":0,"gold_gain":75,"player_choice":"Gather Gold","damage_taken":11,"max_hp_gain":0,"max_hp_loss":0,"event_name":"World of Goop","floor":10,"gold_loss":0}],"is_beta":false,"boss_relics":[],"items_purged_floors":[],"is_endless":false,"potions_floor_spawned":[1,5,6,8,12,13],"killed_by":"The Guardian","ascension_level":0}}