{"host":"s2xhrqek2k470vtc","time":1613885685,"event":{"mods":["AchievementEnabler","BaseMod","Better Match","Better Note","Block Reminder","Colored Map","Colored Powertips","Curses Come First","DeckTracker","Highlight Path","Minty Spire (QoL Compilation)","Quick Restart","Random Character Button","StSLib","SuperFastMode","Unceasing Turn Reminder"],"gold_per_floor":[115,129,42,117,117,145,157,184,184,184,215,215,248,266,266,266,266],"floor_reached":16,"language":"ENG","playtime":669,"items_purged":[],"score":306,"play_id":"fb754dff-062d-4e58-9bfe-92538d4bdc3a","local_time":"20210220233445","is_ascension_mode":true,"campfire_choices":[{"data":"Zap","floor":10,"key":"SMITH"},{"floor":12,"key":"REST"},{"floor":15,"key":"REST"}],"circlet_count":0,"master_deck":["AscendersBane","Strike_B","Strike_B","Strike_B","Defend_B","Defend_B","Defend_B","Defend_B","Zap+1","Dualcast","Streamline","Hologram","Capacitor","White Noise","Ball Lightning","Compile Driver","BootSequence","Cold Snap"],"relics":["Cracked Core","NeowsBlessing","Emotion Chip","Question Card","The Courier","Potion Belt","Boot"],"acts_visited":["Exordium"],"potions_floor_usage":[8,14,16],"damage_taken":[{"damage":0,"enemies":"Jaw Worm","floor":1,"turns":1},{"damage":0,"enemies":"Small Slimes","floor":2,"turns":1},{"damage":0,"enemies":"Lagavulin","floor":6,"turns":1},{"damage":0,"enemies":"Cultist","floor":7,"turns":3},{"damage":8,"enemies":"Gremlin Nob","floor":8,"turns":3},{"damage":25,"enemies":"3 Sentries","floor":11,"turns":6},{"damage":32,"enemies":"Gremlin Nob","floor":13,"turns":4},{"damage":7,"enemies":"3 Louse","floor":14,"turns":3},{"damage":28,"enemies":"Hexaghost","floor":16,"turns":9}],"seed_played":"-2988199395189707220","potions_obtained":[{"floor":1,"key":"EssenceOfDarkness"},{"floor":8,"key":"Swift Potion"},{"floor":13,"key":"Weak Potion"}],"is_trial":false,"path_per_floor":["M","M","$","?","?","E","M","E","T","R","E","R","E","M","R","B"],"character_chosen":"DEFECT","items_purchased":["Capacitor"],"campfire_rested":2,"item_purchase_floors":[3],"current_hp_per_floor":[64,64,64,53,53,53,53,45,45,45,20,41,9,2,23,0,0],"gold":266,"neow_bonus":"THREE_ENEMY_KILL","is_daily":false,"chose_seed":false,"campfire_upgraded":1,"win_rate":0.0,"timestamp":1613885685,"path_taken":["M","M","$","?","?","E","M","E","T","R","E","R","E","M","R","BOSS"],"items_purchased_type":["Card"],"build_version":"2020-12-22","purchased_purges":0,"victory":false,"max_hp_per_floor":[71,71,71,71,71,71,71,71,71,71,71,71,71,71,71,71,71],"card_choices":[{"not_picked":["Melter","Chill"],"picked":"Streamline","floor":1},{"not_picked":["Melter","Stack"],"picked":"Hologram","floor":2},{"not_picked":["Hologram","Rebound"],"picked":"White Noise","floor":6},{"not_picked":["Rebound","Consume","Turbo"],"picked":"SKIP","floor":7},{"not_picked":["Leap","Stack"],"picked":"Ball Lightning","floor":8},{"not_picked":["Gash","Auto Shields","Conserve Battery"],"picked":"Compile Driver","floor":11},{"not_picked":["Buffer","Beam Cell","Meteor Strike"],"picked":"BootSequence","floor":13},{"not_picked":["Conserve Battery","Streamline","Beam Cell"],"picked":"Cold Snap","floor":14}],"player_experience":2304620,"relics_obtained":[{"floor":6,"key":"Emotion Chip"},{"floor":8,"key":"Question Card"},{"floor":9,"key":"The Courier"},{"floor":11,"key":"Potion Belt"},{"floor":13,"key":"Boot"}],"event_choices":[{"damage_healed":0,"gold_gain":75,"player_choice":"Gather Gold","damage_taken":11,"max_hp_gain":0,"max_hp_loss":0,"event_name":"World of Goop","floor":4,"gold_loss":0},{"cards_removed":["Strike_B"],"damage_healed":0,"gold_gain":0,"player_choice":"Purged","damage_taken":0,"max_hp_gain":0,"max_hp_loss":0,"event_name":"Purifier","floor":5,"gold_loss":0}],"is_beta":false,"boss_relics":[],"items_purged_floors":[],"is_endless":false,"potions_floor_spawned":[1,8,13],"killed_by":"Hexaghost","ascension_level":20}}