{"host":"oigynbtg272c19pw","time":1613913560,"event":{"mods":["BaseMod","Colored Map","Minty Spire (QoL Compilation)","Relic Stats","Slay the Relics Exporter","StSLib"],"gold_per_floor":[114,35,35,48,65,65,95,107,192,235,247,259,286,298,310,322,322],"floor_reached":16,"playtime":461,"items_purged":[],"score":216,"play_id":"3f66995c-d1a8-4de7-af32-d7cbb6cf42ab","local_time":"20210221141920","is_ascension_mode":true,"campfire_choices":[{"data":"Biased Cognition","floor":6,"key":"SMITH"},{"data":"Ball Lightning","floor":8,"key":"SMITH"},{"data":"Darkness","floor":11,"key":"SMITH"},{"data":"Undo","floor":15,"key":"SMITH"}],"circlet_count":0,"master_deck":["AscendersBane","Strike_B","Strike_B","Strike_B","Defend_B","Defend_B","Defend_B","Defend_B","Zap","Dualcast","Biased Cognition+1","Rebound","Ball Lightning+1","Beam Cell","Darkness+1","Hologram","Undo+1","Amplify"],"relics":["Cracked Core","MawBank","Mercury Hourglass","Centennial Puzzle"],"acts_visited":["Exordium"],"potions_floor_usage":[7],"damage_taken":[{"damage":1,"enemies":"2 Louse","floor":1,"turns":3},{"damage":0,"enemies":"Cultist","floor":4,"turns":2},{"damage":7,"enemies":"Small Slimes","floor":5,"turns":3},{"damage":17,"enemies":"3 Sentries","floor":7,"turns":5},{"damage":11,"enemies":"Lagavulin","floor":10,"turns":6},{"damage":8,"enemies":"3 Louse","floor":13,"turns":2},{"damage":18,"enemies":"Slime Boss","floor":16,"turns":6}],"seed_played":"-1840819622066409466","potions_obtained":[{"floor":5,"key":"Fire Potion"},{"floor":10,"key":"Swift Potion"}],"is_trial":false,"path_per_floor":["M","$","?","M","M","R","E","R","T","E","R","?","M","$","R","B"],"character_chosen":"DEFECT","items_purchased":["Ball Lightning","Beam Cell"],"campfire_rested":0,"item_purchase_floors":[2,2],"current_hp_per_floor":[63,63,63,63,56,56,39,39,39,28,28,28,20,20,20,2,2],"gold":322,"neow_bonus":"ONE_RANDOM_RARE_CARD","is_daily":false,"chose_seed":false,"campfire_upgraded":4,"win_rate":0.0,"timestamp":1613913560,"path_taken":["M","$","?","?","M","R","E","R","T","E","R","?","M","$","R","BOSS"],"items_purchased_type":["Card","Card"],"build_version":"2020-12-13","purchased_purges":0,"victory":false,"max_hp_per_floor":[71,71,71,71,71,71,71,71,71,71,71,71,71,71,71,71,71],"relic_stats":{"Centennial Puzzle":[6],"counters":[7,27],"MawBank":108,"obtain_stats":[{"Centennial Puzzle":10,"Cracked Core":0,"MawBank":7,"Mercury Hourglass":9},{"Centennial Puzzle":5,"Cracked Core":0,"MawBank":4,"Mercury Hourglass":4},{"Centennial Puzzle":19,"Cracked Core":0,"MawBank":13,"Mercury Hourglass":13}],"Mercury Hourglass":[54]},"card_choices":[{"not_picked":["Steam","Redo"],"picked":"Rebound","floor":1},{"not_picked":["Redo","Static Discharge"],"picked":"Darkness","floor":4},{"not_picked":["Gash","Conserve Battery"],"picked":"Hologram","floor":5},{"not_picked":["Redo","Barrage"],"picked":"Undo","floor":7},{"not_picked":["Auto Shields","Beam Cell"],"picked":"Amplify","floor":10},{"not_picked":["Barrage","Streamline","Rip and Tear"],"picked":"SKIP","floor":13}],"player_experience":1640324,"relics_obtained":[{"floor":7,"key":"MawBank"},{"floor":9,"key":"Mercury Hourglass"},{"floor":10,"key":"Centennial Puzzle"}],"event_choices":[{"cards_removed":["Strike_B"],"damage_healed":0,"gold_gain":0,"player_choice":"Offered Basic","damage_taken":0,"max_hp_gain":0,"max_hp_loss":0,"event_name":"Bonfire Elementals","floor":3,"gold_loss":0},{"damage_healed":0,"gold_gain":0,"player_choice":"Ignored","damage_taken":0,"max_hp_gain":0,"max_hp_loss":0,"event_name":"Liars Game","floor":12,"gold_loss":0}],"is_beta":false,"boss_relics":[],"items_purged_floors":[],"is_endless":false,"potions_floor_spawned":[5,10],"killed_by":"Slime Boss","ascension_level":20}}