{"host":"5td1gsj4mnrioltg","time":1613895571,"event":{"mods":["2.2 Compatiblity","AchievementEnabler","Act Like it!","Aspiration","BaseMod","Beaked The Cultist","Better Altar","Better Match","Better Note","Better Sensory Stone","Better Silent Start","Better Skull","Better Third Choice","Better Vampires","BetterRewards","Bossed Relics","Colored Map","Colored Powertips","Displayed Cursed Tome","Downfall","Emptier Cage","Evolution","Friendly Minions","GifTheSpireLib","Highlight Path","Ironclad Rager","Jedi Mod","JesterMod","Mad Scientist","Menagerie","Minty Spire (QoL Compilation)","Permanent Neow","Quick Restart","Reliquary","Replay The Spire","Reworked Bosses","Shade Mod","Shapeshifter Mod","Spicy Shops","StSLib","The Blue Laboratory","The Dragon Tamer","The Dragonkin","The Druid","The Elementalist","The Marked","The Necromancer","The Runesmith","Thieving Mod","Transform Curses","Wandering Minibosses"],"gold_per_floor":[110,110,122,122,47,81,156,156,183,218,228,252,282,302,302,403,403,422,422,436,445,194,194,221,221,221,231,260,272,302,12,12,108,108,118,187,39,39,39,39,73,82,82,115,115,142,166,14,14,14],"floor_reached":51,"language":"ENG","playtime":2878,"items_purged":["StSShapeShifter:ShapeShifter_Strike","StSShapeShifter:ShapeShifter_Defend","StSShapeShifter:ShapeShifter_Defend"],"score":876,"play_id":"0c840101-12a1-4ad4-90a1-59f1c69f9db8","local_time":"20210221001931","is_ascension_mode":true,"campfire_choices":[{"data":"StSShapeShifter:StormGryphonForm","floor":8.0,"key":"SMITH"},{"floor":15.0,"key":"REST"},{"data":"Mayhem","floor":23.0,"key":"SMITH"},{"floor":32.0,"key":"REST"},{"data":"Mayhem","floor":40.0,"key":"SMITH"},{"floor":42.0,"key":"REST"},{"floor":49.0,"key":"REST"}],"circlet_count":0,"master_deck":["StSShapeShifter:ShapeShifter_Strike","StSShapeShifter:ShapeShifter_Strike","StSShapeShifter:ShapeShifter_Strike","StSShapeShifter:ShapeShifter_Strike","StSShapeShifter:ShapeShifter_Defend+1","StSShapeShifter:ShapeShifter_Defend+1","StSShapeShifter:StormGryphonForm+1","Pot Of Greed","StSShapeShifter:VineHandcuffs","StSShapeShifter:Forgiveness","Pot Of Greed","Mayhem+1","StSShapeShifter:ClimbTree","Mayhem+1","Mayhem+1","StSShapeShifter:BarkSkin","StSShapeShifter:Garden+1","StSShapeShifter:Sap_Burst"],"relics":["StSShapeShifter:AnimalHeart","StSShapeShifter:TheShapeShiftersMagnolia","EVO:Axolotl","Grinning Jar","Blood Vial","Omamori","Pen Nib","jedi:HeartOfTheCards","aspiration:PoetsPen_weak","CeramicFish","TheAbacus","War Paint","reliquary:Knoch","Pondfish Scales","Busted Crown","Vajra","DollysMirror","Replay:PocketPolymizer","Ornamental Fan","Replay:Bottled Flurry"],"acts_visited":["Exordium","TheCity","TheBeyond"],"potions_floor_usage":[50,50,50],"damage_taken":[{"damage":0.0,"enemies":"2 Louse","floor":1.0,"turns":4.0},{"damage":0.0,"enemies":"Small Slimes","floor":3.0,"turns":3.0},{"damage":10.0,"enemies":"Replay:BlueRogue","floor":6.0,"turns":7.0},{"damage":26.0,"enemies":"Lagavulin","floor":10.0,"turns":8.0},{"damage":0.0,"enemies":"Jaw Worm","floor":11.0,"turns":5.0},{"damage":3.0,"enemies":"3 Sentries","floor":13.0,"turns":4.0},{"damage":1.0,"enemies":"2 Fungi Beasts","floor":14.0,"turns":3.0},{"damage":24.0,"enemies":"Fading Forest","floor":16.0,"turns":11.0},{"damage":13.0,"enemies":"Spheric Guardian","floor":18.0,"turns":4.0},{"damage":0.0,"enemies":"3 Byrds","floor":20.0,"turns":3.0},{"damage":55.0,"enemies":"Slavers","floor":24.0,"turns":5.0},{"damage":0.0,"enemies":"Centurion and Healer","floor":27.0,"turns":7.0},{"damage":2.0,"enemies":"Cultist and Chosen","floor":28.0,"turns":7.0},{"damage":0.0,"enemies":"Snecko","floor":29.0,"turns":6.0},{"damage":5.0,"enemies":"Book of Stabbing","floor":30.0,"turns":8.0},{"damage":14.0,"enemies":"bossMod:newChamp","floor":33.0,"turns":13.0},{"damage":12.0,"enemies":"3 Shapes","floor":35.0,"turns":5.0},{"damage":5.0,"enemies":"Giant Head","floor":41.0,"turns":11.0},{"damage":38.0,"enemies":"Nemesis","floor":44.0,"turns":7.0},{"damage":0.0,"enemies":"Orb Walker","floor":46.0,"turns":4.0},{"damage":0.0,"enemies":"Sphere and 2 Shapes","floor":47.0,"turns":6.0},{"damage":4,"enemies":"bossMod:newShapes","floor":50,"turns":9}],"seed_played":"8875538015896218821","potions_obtained":[{"floor":6.0,"key":"blueLaboratory:BottleOfVodka"},{"floor":10.0,"key":"SteroidPotion"},{"floor":11.0,"key":"Doom Potion"},{"floor":24.0,"key":"Venom Potion"},{"floor":27.0,"key":"DistilledChaos"},{"floor":28.0,"key":"blueLaboratory:BottleOfVodka"},{"floor":33.0,"key":"hexamod:SoulburnPotion"},{"floor":36.0,"key":"blueLaboratory:RememoryPotion"},{"floor":47.0,"key":"LiquidMemories"}],"is_trial":false,"path_per_floor":["M","?","M","?","$","E","?","R","T","E","M","T","E","M","R","B",null,"M","?","M","?","$","R","E","$","T","M","M","M","E","$","R","B",null,"M","?","$","$","?","R","E","R","T","E","$","M","M","$","R","B",null],"character_chosen":"SHAPESHIFTER","items_purchased":["TheAbacus","Mayhem","DollysMirror","DuplicationPotion","DuplicationPotion"],"campfire_rested":4,"item_purchase_floors":[22,31,37,48,48],"current_hp_per_floor":[78,71,71,71,71,61,50,50,50,26,28,28,27,28,51,37,78,65,65,71,71,71,71,22,2,2,8,12,18,20,20,43,35,78,66,35,35,35,35,35,39,62,62,30,30,38,44,44,67,70],"gold":14,"neow_bonus":"REMOVE_CARD","is_daily":false,"chose_seed":false,"campfire_upgraded":3,"win_rate":0.0,"timestamp":1613895571,"path_taken":["M","?","M","?","$","E","?","R","T","E","M","?","E","?","R","BOSS","M","?","M","?","$","R","E","$","T","M","M","?","E","$","R","BOSS","M","?","?","$","?","R","E","R","T","E","?","?","M","$","R","BOSS"],"items_purchased_type":["Relic","Card","Relic","Potion","Potion"],"build_version":"2020-12-22","purchased_purges":3,"victory":true,"max_hp_per_floor":[78,78,78,78,78,78,78,78,78,78,78,78,78,78,78,78,78,78,78,78,78,78,78,78,78,78,78,78,78,78,78,78,78,78,78,78,78,78,78,78,78,78,78,78,78,78,78,78,78,78],"card_choices":[{"not_picked":["StSShapeShifter:OakBlade","StSShapeShifter:ForestFire","StSShapeShifter:Flourish"],"picked":"SKIP","floor":1.0},{"not_picked":["StSShapeShifter:Garden","StSShapeShifter:Wildfire2","StSShapeShifter:MultiSpiritedStrike"],"picked":"SKIP","floor":3.0},{"not_picked":["StSShapeShifter:AdaptiveStrikes","StSShapeShifter:PoisonIvy","StSShapeShifter:OpportuneSwoop"],"picked":"SKIP","floor":6.0},{"not_picked":["StSShapeShifter:DeerForm","StSShapeShifter:RatForm","StSShapeShifter:PantherForm"],"picked":"SKIP","floor":10.0},{"not_picked":["StSShapeShifter:Guard","StSShapeShifter:FesteringBite","StSShapeShifter:ThornToss"],"picked":"SKIP","floor":11.0},{"not_picked":["StSShapeShifter:OakBlade","StSShapeShifter:RockSlide","StSShapeShifter:BearForm"],"picked":"SKIP","floor":13.0},{"not_picked":["StSShapeShifter:BloomingSlash","StSShapeShifter:FesteringBite"],"picked":"StSShapeShifter:VineHandcuffs","floor":14.0},{"not_picked":["StSShapeShifter:Flood","StSShapeShifter:RitualOfTheElders"],"picked":"StSShapeShifter:Forgiveness","floor":16.0},{"not_picked":["StSShapeShifter:FlowerShield","StSShapeShifter:Sapling","StSShapeShifter:ShiftingStrike"],"picked":"SKIP","floor":18.0},{"not_picked":["StSShapeShifter:PoisonIvy","StSShapeShifter:BarkSkin","StSShapeShifter:Pounce"],"picked":"SKIP","floor":20.0},{"not_picked":["Swift Strike","Good Instincts"],"picked":"Mayhem","floor":21.0},{"not_picked":["StSShapeShifter:PorcupineForm","StSShapeShifter:Flourish","StSShapeShifter:Rest+1"],"picked":"SKIP","floor":24.0},{"not_picked":["StSShapeShifter:BulwarkOfDiscovery","StSShapeShifter:Sapling+1","StSShapeShifter:Roar"],"picked":"SKIP","floor":27.0},{"not_picked":["StSShapeShifter:BloomingSlash+1","StSShapeShifter:VineHandcuffs"],"picked":"StSShapeShifter:ClimbTree","floor":28.0},{"not_picked":["StSShapeShifter:Flourish","StSShapeShifter:DeerForm","StSShapeShifter:PoisonIvy+1"],"picked":"SKIP","floor":29.0},{"not_picked":["StSShapeShifter:HydraForm","StSShapeShifter:BulwarkOfDiscovery","StSShapeShifter:BloomingSlash"],"picked":"SKIP","floor":30.0},{"not_picked":["StSShapeShifter:PoisonIvy+1"],"picked":"SKIP","floor":35.0},{"not_picked":["StSShapeShifter:ThornToss"],"picked":"SKIP","floor":41.0},{"not_picked":["StSShapeShifter:Synchronicity+1"],"picked":"SKIP","floor":44.0},{"not_picked":[],"picked":"StSShapeShifter:Garden+1","floor":46.0},{"not_picked":[],"picked":"StSShapeShifter:Sap_Burst","floor":47.0}],"player_experience":1390414,"relics_obtained":[{"floor":6.0,"key":"Grinning Jar"},{"floor":9.0,"key":"Blood Vial"},{"floor":10.0,"key":"Omamori"},{"floor":12.0,"key":"Pen Nib"},{"floor":13.0,"key":"jedi:HeartOfTheCards"},{"floor":19.0,"key":"CeramicFish"},{"floor":24.0,"key":"War Paint"},{"floor":26.0,"key":"reliquary:Knoch"},{"floor":30.0,"key":"Pondfish Scales"},{"floor":36.0,"key":"Vajra"},{"floor":41.0,"key":"Replay:PocketPolymizer"},{"floor":43.0,"key":"Ornamental Fan"},{"floor":44.0,"key":"Replay:Bottled Flurry"}],"event_choices":[{"damage_healed":0.0,"max_hp_gain":0.0,"max_hp_loss":0.0,"gold_gain":75.0,"event_name":"betterThird:BetterGoop","player_choice":"Gold","floor":7.0,"gold_loss":0.0,"damage_taken":11.0},{"damage_healed":0.0,"max_hp_gain":0.0,"max_hp_loss":0.0,"gold_gain":2.0,"event_name":"betterStone:BetterStone","player_choice":"1","floor":21.0,"gold_loss":0.0,"damage_taken":0.0},{"damage_healed":0.0,"max_hp_gain":0.0,"max_hp_loss":0.0,"gold_gain":0.0,"event_name":"Mysterious Sphere","player_choice":"Ignored","floor":39.0,"gold_loss":0.0,"damage_taken":0.0}],"is_beta":false,"boss_relics":[{"not_picked":["jedi:hotpepper","aspiration:SecretTechniqueScroll"],"picked":"aspiration:PoetsPen_weak"},{"not_picked":["jedi:battlestandard","Calling Bell"],"picked":"Busted Crown"}],"items_purged_floors":[5,22,31],"is_endless":false,"potions_floor_spawned":[6,10,11,24,27,28,33,47],"ascension_level":4}}