{"host":"w11d5xug8ost5klq","time":1613950398,"event":{"mods":["100% Spire Juice","2.2 Compatiblity","BaseMod","Better Third Choice","Emptier Cage","Highlight Path","KinomotoSakuraMod(????)","Minty Spire (QoL Compilation)","Quick Restart","Reliquary","Shapeshifter Mod","Spicy Shops","StSLib","The Alterego","WarShipGirlsR/????R mod"],"gold_per_floor":[112,187,110,121,71,100,27,58,58,58,76,103,103,103,103,199,199,210,210,18,33,33,61,71,91,145,145,145,145,178,188,188,292,292,302,76,76,3,22,55,20,20,20,33,80,105,105,121,121,121],"floor_reached":51,"language":"ENG","playtime":1945,"items_purged":[],"score":809,"play_id":"0f545871-dcd8-4e9a-a03a-ec6b15cffb8f","local_time":"20210221173318","is_ascension_mode":false,"campfire_choices":[{"data":"rmod:basicallowance","floor":10,"key":"SMITH"},{"data":"rmod:mineteam","floor":13,"key":"SMITH"},{"floor":15,"key":"REST"},{"data":"rmod:diaomin","floor":27,"key":"SMITH"},{"floor":32,"key":"REST"},{"data":"rmod:expeditionaryescort","floor":42,"key":"SMITH"},{"data":"rmod:robin","floor":49,"key":"SMITH"}],"circlet_count":0,"master_deck":["rmod:strick+1","rmod:strick","rmod:strick","rmod:defend","rmod:defend+1","rmod:defend","rmod:basicallowance+1","rmod:maingunfire","rmod:firesupport+1","rmod:mineteam+1","rmod:diaomin+1","rmod:luckystar","rmod:circuitoustactics","rmod:unsinkable","rmod:aviationdawn+1","rmod:ammunitionsupply","Necronomicurse","rmod:aggressivemary","rmod:luckystar","rmod:expeditionaryescort+1","rmod:basicallowance+1","rmod:rockthrower+1","rmod:advancebysurprise","rmod:robin+1"],"relics":["rmod:firstchargereward","NeowsBlessing","reliquary:JackalopeAntler","rmod:equipmentrecovery","Du-Vu Doll","reliquary:RedPaperclip","MutagenicStrength","Membership Card","Necronomicon","Ginger","reliquary:RoseTintedGlasses","alterego_mod:SomeoneToFightFor","reliquary:Stiletto","SlaversCollar","War Paint","Happy Flower","Lee\u0027s Waffle","DollysMirror","Blood Vial","reliquary:Knoch","Thread and Needle","White Beast Statue"],"acts_visited":["Exordium","TheCity","TheBeyond"],"potions_floor_usage":[12,12,23,25,33],"damage_taken":[{"damage":0,"enemies":"2 Louse","floor":1,"turns":1},{"damage":0,"enemies":"Cultist","floor":4,"turns":1},{"damage":0,"enemies":"Lagavulin","floor":6,"turns":1},{"damage":11,"enemies":"Gremlin Nob","floor":8,"turns":3},{"damage":7,"enemies":"Small Slimes","floor":11,"turns":3},{"damage":2,"enemies":"3 Sentries","floor":12,"turns":7},{"damage":25,"enemies":"Hexaghost","floor":16,"turns":8},{"damage":2,"enemies":"Spheric Guardian","floor":18,"turns":4},{"damage":0,"enemies":"Chosen","floor":21,"turns":3},{"damage":9,"enemies":"Book of Stabbing","floor":23,"turns":4},{"damage":0,"enemies":"3 Cultists","floor":24,"turns":4},{"damage":8,"enemies":"Sentry and Sphere","floor":25,"turns":4},{"damage":10,"enemies":"Slavers","floor":30,"turns":4},{"damage":5,"enemies":"Chosen and Byrds","floor":31,"turns":4},{"damage":32,"enemies":"Collector","floor":33,"turns":6},{"damage":7,"enemies":"3 Shapes","floor":35,"turns":3},{"damage":9,"enemies":"Orb Walker","floor":39,"turns":2},{"damage":6,"enemies":"Giant Head","floor":40,"turns":5},{"damage":7,"enemies":"Writhing Mass","floor":44,"turns":4},{"damage":11,"enemies":"2 Orb Walkers","floor":45,"turns":2},{"damage":27,"enemies":"Nemesis","floor":46,"turns":7},{"damage":0,"enemies":"4 Shapes","floor":48,"turns":4},{"damage":48,"enemies":"Awakened One","floor":50,"turns":8}],"seed_played":"-9189640982953079144","potions_obtained":[{"floor":4,"key":"EssenceOfSteel"},{"floor":6,"key":"Dexterity Potion"},{"floor":11,"key":"GamblersBrew"},{"floor":16,"key":"FearPotion"},{"floor":21,"key":"Block Potion"},{"floor":23,"key":"PowerPotion"},{"floor":35,"key":"EntropicBrew"},{"floor":39,"key":"SteroidPotion"}],"is_trial":false,"path_per_floor":["M","?","$","M","?","E","?","E","T","R","M","E","R","?","R","B",null,"M","?","$","M","?","E","M","M","T","R","?","?","E","M","R","B",null,"M","$","?","$","M","E","$","R","T","M","?","E","?","M","R","B",null],"character_chosen":"PRAEFECT","items_purchased":["rmod:mineteam","Membership Card","rmod:ammunitionsupply","Block Potion","War Paint","Happy Flower","Lee\u0027s Waffle","DollysMirror","rmod:advancebysurprise"],"campfire_rested":2,"item_purchase_floors":[3,20,20,20,36,36,36,38,41],"current_hp_per_floor":[75,64,64,64,64,64,64,53,53,53,46,44,44,29,51,26,75,73,73,73,73,57,48,48,40,40,40,40,40,30,39,61,29,75,75,82,82,82,80,81,81,81,81,75,78,53,53,82,82,41],"gold":121,"neow_bonus":"THREE_ENEMY_KILL","is_daily":false,"chose_seed":false,"campfire_upgraded":5,"win_rate":0.0,"timestamp":1613950398,"path_taken":["M","?","$","M","?","E","?","E","T","R","?","E","R","?","R","BOSS","M","?","$","M","?","E","M","M","T","R","?","?","E","M","R","BOSS","M","$","?","$","M","E","$","R","T","?","?","E","?","M","R","BOSS"],"items_purchased_type":["Card","Relic","Card","Potion","Relic","Relic","Relic","Relic","Card"],"build_version":"2020-12-22","purchased_purges":0,"victory":true,"max_hp_per_floor":[75,75,75,75,75,75,75,75,75,75,75,75,75,75,75,75,75,75,75,75,75,75,75,75,75,75,75,75,75,75,75,75,75,75,75,82,82,82,82,82,82,82,82,82,82,82,82,82,82,82],"card_choices":[{"not_picked":["rmod:maintain","rmod:circuitoustactics"],"picked":"rmod:firesupport","floor":1},{"not_picked":["rmod:spoils","rmod:tearstotiara"],"picked":"rmod:diaomin","floor":4},{"not_picked":["rmod:fletcherpendant","rmod:tearstotiara"],"picked":"rmod:luckystar","floor":6},{"not_picked":["rmod:garrisonisland","rmod:wolves"],"picked":"rmod:circuitoustactics","floor":8},{"not_picked":["rmod:steelsupply","rmod:capitalist","rmod:supriseattacks"],"picked":"SKIP","floor":11},{"not_picked":["rmod:launchingtorpedo","rmod:victimresponsibility"],"picked":"rmod:unsinkable","floor":12},{"not_picked":["rmod:maintain","rmod:victimresponsibility+1"],"picked":"rmod:aviationdawn","floor":18},{"not_picked":["rmod:diaomin","rmod:wolves+1","rmod:punchline"],"picked":"SKIP","floor":21},{"not_picked":["rmod:tearstotiara","rmod:punchline","rmod:diamondstrike"],"picked":"SKIP","floor":23},{"not_picked":["rmod:luckystar","rmod:guardianhero"],"picked":"rmod:aggressivemary","floor":24},{"not_picked":["rmod:selfconfidence","rmod:aggressivemary"],"picked":"rmod:luckystar","floor":25},{"not_picked":["rmod:mineteam","rmod:gendarmerie","rmod:selfconfidence"],"picked":"SKIP","floor":30},{"not_picked":["rmod:wife","rmod:diamondstrike","rmod:fletcherpendant+1"],"picked":"SKIP","floor":31},{"not_picked":["rmod:desperatesituation","rmod:ridicule"],"picked":"rmod:expeditionaryescort","floor":33},{"not_picked":["rmod:tearstotiara+1","rmod:fuelsupply+1","rmod:wife+1"],"picked":"SKIP","floor":35},{"not_picked":["rmod:aluminumsupply+1","rmod:gendarmerie+1","rmod:supportescort+1"],"picked":"SKIP","floor":39},{"not_picked":["rmod:sl","rmod:advancebysurprise+1"],"picked":"rmod:rockthrower+1","floor":40},{"not_picked":["rmod:wife","rmod:mineteam+1","rmod:victimresponsibility"],"picked":"SKIP","floor":44},{"not_picked":["rmod:aluminumsupply","rmod:fuelsupply+1","rmod:unsinkable+1"],"picked":"SKIP","floor":46},{"not_picked":["rmod:capitalist+1","rmod:firesupport"],"picked":"rmod:robin","floor":48}],"player_experience":128151,"relics_obtained":[{"floor":6,"key":"reliquary:TridentHead"},{"floor":8,"key":"reliquary:JackalopeAntler"},{"floor":9,"key":"rmod:equipmentrecovery"},{"floor":12,"key":"Du-Vu Doll"},{"floor":22,"key":"Necronomicon"},{"floor":23,"key":"Ginger"},{"floor":26,"key":"reliquary:RoseTintedGlasses"},{"floor":30,"key":"reliquary:Stiletto"},{"floor":40,"key":"Blood Vial"},{"floor":43,"key":"reliquary:Knoch"},{"floor":45,"key":"Thread and Needle"},{"floor":46,"key":"White Beast Statue"}],"event_choices":[{"damage_healed":0,"gold_gain":75,"player_choice":"Gold","damage_taken":11,"max_hp_gain":0,"max_hp_loss":0,"event_name":"betterThird:BetterGoop","floor":2,"gold_loss":0},{"cards_removed":["rmod:strick"],"damage_healed":0,"gold_gain":0,"player_choice":"Card Removal","damage_taken":0,"max_hp_gain":0,"max_hp_loss":0,"event_name":"The Cleric","floor":5,"gold_loss":50},{"damage_healed":0,"gold_gain":0,"player_choice":"Paid Gold","damage_taken":0,"relics_obtained":["Kunai"],"max_hp_gain":0,"max_hp_loss":0,"event_name":"WeMeetAgain","floor":7,"gold_loss":73},{"damage_healed":44,"gold_gain":0,"player_choice":"Upgrade","damage_taken":15,"max_hp_gain":0,"max_hp_loss":75,"event_name":"betterThird:BetterShining","floor":14,"gold_loss":0,"cards_upgraded":["rmod:strick","rmod:firesupport"]},{"damage_healed":0,"gold_gain":0,"player_choice":"Inject Mutagens","damage_taken":0,"relics_obtained":["MutagenicStrength"],"max_hp_gain":0,"max_hp_loss":0,"event_name":"Drug Dealer","floor":19,"gold_loss":0},{"damage_healed":0,"gold_gain":0,"player_choice":"Obtained Book","damage_taken":16,"max_hp_gain":0,"max_hp_loss":0,"event_name":"Cursed Tome","floor":22,"gold_loss":0},{"damage_healed":0,"gold_gain":0,"player_choice":"Choice 2","damage_taken":0,"relics_obtained":["alterego_mod:SomeoneToFightFor"],"max_hp_gain":0,"max_hp_loss":0,"event_name":"Secret Garden","floor":29,"gold_loss":0},{"damage_healed":0,"gold_gain":0,"player_choice":"0 cards matched","damage_taken":0,"max_hp_gain":0,"max_hp_loss":0,"event_name":"Match and Keep!","floor":37,"gold_loss":0,"cards_obtained":[]},{"damage_healed":0,"gold_gain":0,"player_choice":"Fight","damage_taken":0,"max_hp_gain":0,"max_hp_loss":0,"event_name":"Mysterious Sphere","floor":45,"gold_loss":0},{"cards_removed":["rmod:defend"],"damage_healed":0,"gold_gain":0,"player_choice":"Removed Skill","damage_taken":0,"max_hp_gain":0,"max_hp_loss":0,"event_name":"Falling","floor":47,"gold_loss":0}],"is_beta":false,"boss_relics":[{"not_picked":["reliquary:Ember","Sozu"],"picked":"reliquary:RedPaperclip"},{"not_picked":["Runic Pyramid","Velvet Choker"],"picked":"SlaversCollar"}],"items_purged_floors":[],"is_endless":false,"potions_floor_spawned":[4,6,11,16,21,23,24,35,39,44,48],"ascension_level":0}}