{"host":"fortuna","time":1613938060,"event":{"mods":["100% Spire Juice","Act Like it!","BaseMod","CapriCore","Gensokyo","Hallownest","Koishi","Minty Spire (QoL Compilation)","MostiFishMod","Reimu£®≤©¿ˆ¡È√Œ£©","Relic Stats","StSLib","The Alterego","The Animator","The Bug Knight","The Immortal","The Senshi","Waifu the Spire","Yakumo Yukari mod"],"gold_per_floor":[116,116,130,150,150,177,188,219,219,234,265,275,286,286,286,384,384,401,414,74,74,74,108,108,21,47,83,83,108,148,173,173,286,286,309,368,395,395,247,281,281,291,342,333,368,368,396,425,425,432,432,432,432,473,480],"floor_reached":56,"language":"ZHS","playtime":6416,"items_purged":[],"score":1705,"play_id":"dc250bb8-270d-40c0-8877-92277c3c6b3d","local_time":"20210222040740","is_ascension_mode":true,"campfire_choices":[{"floor":15,"key":"DIG"},{"floor":24,"key":"DIG"},{"floor":28,"key":"DIG"},{"floor":32,"key":"DIG"},{"floor":41,"key":"DIG"},{"floor":46,"key":"DIG"},{"floor":49,"key":"RECALL"},{"floor":52,"key":"DIG"}],"circlet_count":0,"master_deck":["alterego_mod:Defend","alterego_mod:Defend","alterego_mod:Defend","alterego_mod:Defend","alterego_mod:Impale","alterego_mod:BigMeatyClaws","alterego_mod:BrynhildrsRune","MostiFishMod:ButterFly","alterego_mod:Pet","alterego_mod:Cooking","alterego_mod:Jiggle","alterego_mod:Support","alterego_mod:Stockings","alterego_mod:BoobPocket","alterego_mod:ChallengeComplete","alterego_mod:Complex","alterego_mod:BiFurious","alterego_mod:Undulate","alterego_mod:Punishment","alterego_mod:Skirt","alterego_mod:SideboobHour","alterego_mod:Mirror","alterego_mod:DeftHands","alterego_mod:AlterEgo","alterego_mod:MaintainEyeContact","alterego_mod:Pet+1","MostiFishMod:KingOfFree","Flash of Steel","alterego_mod:Undulate","Bite","Bite","Bite","Bite","Bite","Flash of Steel","alterego_mod:Rake","alterego_mod:Valentines+1","alterego_mod:Venus","alterego_mod:Mirror","alterego_mod:InsideBaseball","alterego_mod:Birthday","alterego_mod:Birthday+1","Thinking Ahead","Secret Technique","Finesse","alterego_mod:SakuraLabyrinth+1"],"relics":["alterego_mod:MasochisticConstitution","DaveBox","SynthV:TestCard","CombinedTypeHook","InkBottle","MealTicket","Shovel","CultistMask","Gremlin Horn","FeatherPendant","Akabeko","CeramicFish","SynthV:C4","Dream Catcher","SentryEyes","Mercury Hourglass","Happy Flower","Coffee Dripper","Bird Faced Urn","MostiFishMod:AdaptiveDefenses","Art of War","Smiling Mask","PreservedInsect","Oddly Smooth Stone","Turnip","Mastiff:ReiMu","Bottled Lightning","HollowMod:PaleOreRelic"],"acts_visited":["Exordium","TheCity","TheBeyond","TheEnding"],"potions_floor_usage":[],"damage_taken":[{"damage":9,"enemies":"Small Slimes","floor":1,"turns":3},{"damage":11,"enemies":"2 Louse","floor":3,"turns":4},{"damage":0,"enemies":"Cultist","floor":4,"turns":3},{"damage":49,"enemies":"3 Sentries","floor":6,"turns":8},{"damage":13,"enemies":"Exordium Thugs","floor":7,"turns":3},{"damage":7,"enemies":"Gremlin Nob","floor":8,"turns":3},{"damage":0,"enemies":"Large Slime","floor":10,"turns":4},{"damage":26,"enemies":"3 Sentries","floor":11,"turns":10},{"damage":0,"enemies":"2 Fungi Beasts","floor":12,"turns":2},{"damage":13,"enemies":"Blue Slaver","floor":13,"turns":3},{"damage":0,"enemies":"Slime Boss","floor":16,"turns":7},{"damage":14,"enemies":"Shell Parasite","floor":18,"turns":2},{"damage":7,"enemies":"3 Byrds","floor":19,"turns":2},{"damage":0,"enemies":"Gremlin Leader","floor":23,"turns":1},{"damage":0,"enemies":"Slavers","floor":27,"turns":1},{"damage":0,"enemies":"Shelled Parasite and Fungi","floor":29,"turns":2},{"damage":0,"enemies":"Gremlin Leader","floor":30,"turns":1},{"damage":0,"enemies":"Cultist and Chosen","floor":31,"turns":2},{"damage":10,"enemies":"Champ","floor":33,"turns":4},{"damage":7,"enemies":"3 Darklings","floor":35,"turns":2},{"damage":0,"enemies":"Mind Bloom Boss Battle","floor":36,"turns":2},{"damage":2,"enemies":"Nemesis","floor":40,"turns":3},{"damage":0,"enemies":"Orb Walker","floor":42,"turns":1},{"damage":16,"enemies":"Transient","floor":44,"turns":5},{"damage":0,"enemies":"Reptomancer","floor":45,"turns":1},{"damage":0,"enemies":"HollowMod:StalkingDevout","floor":47,"turns":1},{"damage":0,"enemies":"Jaw Worm Horde","floor":48,"turns":1},{"damage":0,"enemies":"Donu and Deca","floor":50,"turns":3},{"damage":0,"enemies":"Shield and Spear","floor":54,"turns":1},{"damage":68,"enemies":"The Heart","floor":55,"turns":5}],"seed_played":"-42941935586249390","potions_obtained":[{"floor":1,"key":"CultistPotion"},{"floor":4,"key":"GamblersBrew"},{"floor":7,"key":"Fire Potion"},{"floor":31,"key":"FairyPotion"},{"floor":48,"key":"FairyPotion"}],"is_trial":false,"path_per_floor":["M","?","M","M","?","E","M","E","T","M","E","M","M","?","R","B",null,"M","M","$","?","?","E","R","$","T","E","R","M","E","M","R","B",null,"M","?","?","?","$","E","R","M","T","M","E","R","E","M","R","B",null,"R","$","E","B",null],"character_chosen":"The_Alterego","items_purchased":["MostiFishMod:KingOfFree","Flash of Steel","alterego_mod:Undulate","Flash of Steel","MostiFishMod:AdaptiveDefenses"],"campfire_rested":0,"item_purchase_floors":[20,20,20,25,39],"current_hp_per_floor":[62,62,59,59,56,24,21,32,32,48,39,45,38,38,38,62,77,78,72,79,79,79,79,79,79,79,79,79,79,79,79,79,80,80,74,78,68,68,81,82,82,82,82,83,83,83,83,83,83,83,83,83,83,83,42],"gold":480,"neow_bonus":"RANDOM_COLORLESS","is_daily":false,"chose_seed":false,"campfire_upgraded":0,"win_rate":0.0,"timestamp":1613938060,"path_taken":["M","?","M","M","?","E","M","E","T","M","E","M","M","?","R","BOSS","M","?","$","?","?","E","R","$","T","E","R","M","E","M","R","BOSS","M","?","?","?","$","E","R","M","T","M","E","R","E","M","R","BOSS","R","$","E","BOSS"],"items_purchased_type":["Card","Card","Card","Card","Relic"],"build_version":"2020-12-18","purchased_purges":0,"victory":true,"max_hp_per_floor":[71,71,72,72,72,73,74,75,75,75,76,76,77,77,77,77,77,78,79,79,79,79,79,79,79,79,79,79,79,79,79,79,80,80,81,81,81,81,81,82,82,82,82,83,83,83,83,83,83,83,83,83,83,83,84],"relic_stats":{"Gremlin Horn":[16,17],"Happy Flower":[9],"counters":[30,86],"CeramicFish":117,"PreservedInsect":184,"Smiling Mask":0,"Mercury Hourglass":[118],"Dream Catcher":0,"Shovel":7,"Bird Faced Urn":[20],"MealTicket":20,"Turnip":[2],"Art of War":[0],"obtain_stats":[{"CombinedTypeHook":3,"DaveBox":0,"Gremlin Horn":15,"CeramicFish":24,"MostiFishMod:AdaptiveDefenses":39,"Smiling Mask":41,"SynthV:C4":26,"Blood Vial":5,"Dream Catcher":27,"Shovel":11,"Mastiff:ReiMu":47,"MealTicket":8,"HollowMod:PaleOreRelic":54,"InkBottle":6,"alterego_mod:MasochisticConstitution":0,"Happy Flower":32,"Oddly Smooth Stone":45,"PreservedInsect":43,"Akabeko":23,"Mercury Hourglass":30,"SynthV:TestCard":1,"FeatherPendant":17,"Bird Faced Urn":36,"SentryEyes":28,"CultistMask":14,"Turnip":46,"Coffee Dripper":34,"Art of War":40,"Bottled Lightning":52},{"CombinedTypeHook":2,"DaveBox":0,"Gremlin Horn":10,"CeramicFish":14,"MostiFishMod:AdaptiveDefenses":21,"Smiling Mask":22,"SynthV:C4":14,"Blood Vial":3,"Dream Catcher":15,"Shovel":8,"Mastiff:ReiMu":26,"MealTicket":6,"HollowMod:PaleOreRelic":29,"InkBottle":4,"alterego_mod:MasochisticConstitution":0,"Happy Flower":18,"Oddly Smooth Stone":25,"PreservedInsect":23,"Akabeko":14,"Mercury Hourglass":17,"SynthV:TestCard":1,"FeatherPendant":11,"Bird Faced Urn":21,"SentryEyes":15,"CultistMask":10,"Turnip":25,"Coffee Dripper":19,"Art of War":22,"Bottled Lightning":28},{"CombinedTypeHook":7,"DaveBox":0,"Gremlin Horn":42,"CeramicFish":53,"MostiFishMod:AdaptiveDefenses":66,"Smiling Mask":68,"SynthV:C4":53,"Blood Vial":10,"Dream Catcher":54,"Shovel":38,"Mastiff:ReiMu":76,"MealTicket":24,"HollowMod:PaleOreRelic":81,"InkBottle":18,"alterego_mod:MasochisticConstitution":0,"Happy Flower":59,"Oddly Smooth Stone":75,"PreservedInsect":69,"Akabeko":53,"Mercury Hourglass":57,"SynthV:TestCard":3,"FeatherPendant":49,"Bird Faced Urn":66,"SentryEyes":54,"CultistMask":42,"Turnip":75,"Coffee Dripper":63,"Art of War":68,"Bottled Lightning":80}],"InkBottle":[48]},"card_choices":[{"not_picked":["Panacea","Good Instincts"],"picked":"MostiFishMod:ButterFly","floor":0},{"not_picked":["alterego_mod:Exercise","alterego_mod:Maid"],"picked":"alterego_mod:Pet","floor":1},{"not_picked":["alterego_mod:Nekomimi","alterego_mod:Punishment","alterego_mod:TrashNCrash","alterego_mod:Bounce"],"picked":"alterego_mod:ChallengeComplete","floor":3},{"not_picked":["alterego_mod:Swimsuit","alterego_mod:Collar","alterego_mod:BusterCard","alterego_mod:Cycle"],"picked":"alterego_mod:Complex","floor":4},{"not_picked":["alterego_mod:Belle","alterego_mod:Skirt","alterego_mod:Lift","alterego_mod:Bounce"],"picked":"alterego_mod:BiFurious","floor":6},{"not_picked":["alterego_mod:1TonWallop","alterego_mod:Exercise","alterego_mod:GoddessCore","alterego_mod:TrashNCrash"],"picked":"alterego_mod:Undulate","floor":7},{"not_picked":["alterego_mod:Mirror","alterego_mod:DiscoLights","alterego_mod:Rip","alterego_mod:Cycle"],"picked":"alterego_mod:Punishment","floor":8},{"not_picked":["alterego_mod:Rip","alterego_mod:BustOut","alterego_mod:Table","alterego_mod:TrashNCrash"],"picked":"alterego_mod:Skirt","floor":10},{"not_picked":["alterego_mod:ChallengeComplete","alterego_mod:Stockings","alterego_mod:Lingerie","alterego_mod:BiFurious"],"picked":"alterego_mod:SideboobHour","floor":11},{"not_picked":["alterego_mod:GoddessCore","alterego_mod:BreastValley","alterego_mod:DeftHands","alterego_mod:Cycle"],"picked":"alterego_mod:Mirror","floor":12},{"not_picked":["alterego_mod:Skirt","alterego_mod:TrashNCrash","alterego_mod:Cycle","alterego_mod:HighServant"],"picked":"alterego_mod:DeftHands","floor":13},{"not_picked":["alterego_mod:TrickOrTreatment","alterego_mod:Alter","alterego_mod:PainIsPleasure","alterego_mod:RingBreak"],"picked":"alterego_mod:AlterEgo","floor":16},{"not_picked":["alterego_mod:Maid+1","alterego_mod:Undulate","alterego_mod:GoddessCore","alterego_mod:RidiculouslyBig"],"picked":"alterego_mod:MaintainEyeContact","floor":18},{"not_picked":["alterego_mod:IndependentAction","alterego_mod:Schoolgirl","alterego_mod:Crossover","alterego_mod:Bloomers"],"picked":"alterego_mod:Pet+1","floor":19},{"not_picked":["alterego_mod:Cycle","alterego_mod:HighServant","alterego_mod:MagicResistance","alterego_mod:BiFurious","alterego_mod:Punishment"],"picked":"SKIP","floor":23},{"not_picked":["alterego_mod:Valentines","alterego_mod:DiscoLights+1","alterego_mod:BiFurious+1","alterego_mod:Cooking"],"picked":"alterego_mod:Rake","floor":27},{"not_picked":["alterego_mod:Punishment","alterego_mod:DeftHands","alterego_mod:MagicResistance","alterego_mod:ChallengeComplete"],"picked":"alterego_mod:Valentines+1","floor":29},{"not_picked":["alterego_mod:MagicResistance","alterego_mod:Santa","alterego_mod:Smother","alterego_mod:TrashNCrash"],"picked":"alterego_mod:Venus","floor":30},{"not_picked":["alterego_mod:Undulate","alterego_mod:RidiculouslyBig","alterego_mod:Bounce","alterego_mod:Santa+1"],"picked":"alterego_mod:Mirror","floor":31},{"not_picked":["alterego_mod:Lift","alterego_mod:Alter","alterego_mod:Valkyrie","alterego_mod:GIGAMILK"],"picked":"alterego_mod:InsideBaseball","floor":33},{"not_picked":["alterego_mod:Punishment+1","alterego_mod:Exercise+1","alterego_mod:Pet+1","alterego_mod:DestructionOfProperty"],"picked":"alterego_mod:Birthday","floor":35},{"not_picked":["alterego_mod:MagicResistance","alterego_mod:HighServant+1","alterego_mod:BustOut+1","alterego_mod:SuperDuperMasochism+1"],"picked":"alterego_mod:Birthday+1","floor":36},{"not_picked":["Mind Blast","Panacea","Bandage Up","Chrysalis"],"picked":"Thinking Ahead","floor":37},{"not_picked":["Trip","Jack Of All Trades","Dark Shackles","Purity"],"picked":"Secret Technique","floor":37},{"not_picked":["Transmutation","Jack Of All Trades","Impatience","Discovery"],"picked":"Finesse","floor":37},{"not_picked":["alterego_mod:BiFurious","alterego_mod:Mirror+1","alterego_mod:Clones","alterego_mod:BusterCard","alterego_mod:SuperDuperMasochism"],"picked":"SKIP","floor":40},{"not_picked":["alterego_mod:Cycle","alterego_mod:DestructionOfProperty+1","alterego_mod:Complex","alterego_mod:Undulate+1","alterego_mod:Support"],"picked":"SKIP","floor":42},{"not_picked":["alterego_mod:AlterEgo","alterego_mod:Birthday","alterego_mod:Valentines","alterego_mod:Cycle+1"],"picked":"alterego_mod:SakuraLabyrinth+1","floor":44},{"not_picked":["alterego_mod:Jiggle","alterego_mod:Cycle+1","alterego_mod:Valentines+1","alterego_mod:Punishment+1","alterego_mod:Schoolgirl"],"picked":"SKIP","floor":45},{"not_picked":["alterego_mod:MaintainEyeContact+1","alterego_mod:RocketPunch","alterego_mod:DeftHands","alterego_mod:Schoolgirl","alterego_mod:Maid+1"],"picked":"SKIP","floor":47},{"not_picked":["alterego_mod:PerceptionDisorder+1","alterego_mod:Belts+1","alterego_mod:Pet","alterego_mod:Cycle+1"],"picked":"alterego_mod:Belle+1","floor":48},{"not_picked":["alterego_mod:Support","alterego_mod:Bounce","alterego_mod:DiscoLights+1","alterego_mod:Collar+1","alterego_mod:Rake"],"picked":"SKIP","floor":54}],"player_experience":389230,"relics_obtained":[{"floor":1,"key":"SynthV:TestCard"},{"floor":6,"key":"InkBottle"},{"floor":8,"key":"MealTicket"},{"floor":11,"key":"Shovel"},{"floor":15,"key":"Gremlin Horn"},{"floor":23,"key":"Akabeko"},{"floor":24,"key":"CeramicFish"},{"floor":26,"key":"SynthV:C4"},{"floor":27,"key":"Dream Catcher"},{"floor":28,"key":"SentryEyes"},{"floor":30,"key":"Mercury Hourglass"},{"floor":32,"key":"Happy Flower"},{"floor":36,"key":"Bird Faced Urn"},{"floor":40,"key":"Art of War"},{"floor":41,"key":"Smiling Mask"},{"floor":43,"key":"PreservedInsect"},{"floor":45,"key":"Oddly Smooth Stone"},{"floor":46,"key":"Turnip"},{"floor":47,"key":"Mastiff:ReiMu"},{"floor":52,"key":"Bottled Lightning"},{"floor":54,"key":"HollowMod:PaleOreRelic"}],"event_choices":[{"damage_healed":0,"gold_gain":0,"player_choice":"Success","damage_taken":3,"relics_obtained":["Blood Vial"],"max_hp_gain":0,"max_hp_loss":0,"event_name":"Scrap Ooze","floor":5,"gold_loss":0},{"damage_healed":0,"gold_gain":0,"player_choice":"Trade","damage_taken":0,"relics_obtained":["CultistMask"],"max_hp_gain":0,"max_hp_loss":0,"event_name":"FaceTrader","floor":14,"gold_loss":0},{"damage_healed":0,"gold_gain":0,"player_choice":"Ignored","damage_taken":0,"max_hp_gain":0,"max_hp_loss":0,"event_name":"Ghosts","floor":21,"gold_loss":0},{"damage_healed":0,"gold_gain":0,"player_choice":"Became a vampire (Vial)","damage_taken":0,"max_hp_gain":0,"max_hp_loss":0,"event_name":"Vampires","floor":22,"relics_lost":["Blood Vial"],"gold_loss":0,"cards_obtained":["Bite","Bite","Bite","Bite","Bite"]},{"damage_healed":0,"gold_gain":0,"player_choice":"Fight","damage_taken":0,"max_hp_gain":0,"max_hp_loss":0,"event_name":"MindBloom","floor":36,"gold_loss":0},{"damage_healed":0,"gold_gain":0,"player_choice":"Memory 3","damage_taken":10,"max_hp_gain":0,"max_hp_loss":0,"event_name":"SensoryStone","floor":37,"gold_loss":0},{"damage_healed":0,"gold_gain":0,"player_choice":"Ignored","damage_taken":0,"max_hp_gain":0,"max_hp_loss":0,"event_name":"Tomb of Lord Red Mask","floor":38,"gold_loss":0}],"is_beta":true,"boss_relics":[{"not_picked":["Cursed Key","Calling Bell"],"picked":"FeatherPendant"},{"not_picked":["Pandora\u0027s Box","Fusion Hammer"],"picked":"Coffee Dripper"}],"items_purged_floors":[],"is_endless":false,"potions_floor_spawned":[1,4,7,8,12,16,19,30,31,40,44,48],"ascension_level":1}}