{"host":"aapp7ew3jk5k1bvd","time":1613903333,"event":{"mods":["AchievementEnabler","BaseMod","Colored Map","Custom Start","Keyboard Shortcuts","Minty Spire (QoL Compilation)","Permanent Neow","Quick Restart","StSLib","SuperFastMode"],"gold_per_floor":[117,117,137,15,28,28,28,43,43,55,55,55,65,82,82,82,82],"floor_reached":16,"language":"KOR","playtime":290,"items_purged":["Strike_R"],"score":146,"play_id":"22d3d9e1-1e3f-4767-8419-f6b457a1d9d2","local_time":"20210221192853","is_ascension_mode":true,"campfire_choices":[{"data":"Clash","floor":12,"key":"SMITH"},{"floor":15,"key":"REST"}],"circlet_count":0,"master_deck":["AscendersBane","Strike_R","Strike_R","Defend_R","Defend_R","Bash","Uppercut","Cleave","Clash+1","Second Wind","Seeing Red","Cleave"],"relics":["Burning Blood","StrikeDummy"],"acts_visited":["Exordium"],"potions_floor_usage":[],"damage_taken":[{"damage":5.0,"enemies":"Jaw Worm","floor":1.0,"turns":6.0},{"damage":3.0,"enemies":"2 Louse","floor":3.0,"turns":2.0},{"damage":2.0,"enemies":"Small Slimes","floor":5.0,"turns":3.0},{"damage":28,"enemies":"Exordium Wildlife","floor":8,"turns":4},{"damage":4,"enemies":"Blue Slaver","floor":10,"turns":3},{"damage":1,"enemies":"Looter","floor":13,"turns":2},{"damage":14,"enemies":"Lots of Slimes","floor":14,"turns":3},{"damage":42,"enemies":"Hexaghost","floor":16,"turns":9}],"seed_played":"4454878120226035159","potions_obtained":[{"floor":1.0,"key":"Block Potion"},{"floor":14,"key":"SteroidPotion"}],"is_trial":false,"path_per_floor":["M","?","M","$","M","?","?","M","T","M","$","R","M","M","R","B"],"character_chosen":"IRONCLAD","items_purchased":["Clash"],"campfire_rested":1,"item_purchase_floors":[4],"current_hp_per_floor":[52,45,48,48,52,52,52,30,30,32,32,32,37,29,53,11,11],"gold":82,"neow_bonus":"REMOVE_TWO","is_daily":false,"chose_seed":false,"campfire_upgraded":1,"win_rate":0.0,"timestamp":1613903333,"path_taken":["M","?","M","$","M","?","?","?","T","M","$","R","M","M","R","BOSS"],"items_purchased_type":["Card"],"build_version":"2020-12-22","purchased_purges":1,"victory":false,"max_hp_per_floor":[80,80,80,80,80,80,80,80,80,80,80,80,80,80,80,80,80],"card_choices":[{"not_picked":["Feel No Pain","Anger"],"picked":"Uppercut","floor":1.0},{"not_picked":["Shrug It Off","Seeing Red"],"picked":"Cleave","floor":3.0},{"not_picked":["Disarm","Shrug It Off","Pummel"],"picked":"SKIP","floor":5.0},{"not_picked":["Armaments","Cleave"],"picked":"Second Wind","floor":8},{"not_picked":["Anger","Clothesline","True Grit"],"picked":"SKIP","floor":10},{"not_picked":["Wild Strike","Fire Breathing"],"picked":"Seeing Red","floor":13},{"not_picked":["Inflame","Perfected Strike"],"picked":"Cleave","floor":14}],"player_experience":1046076,"relics_obtained":[{"floor":9,"key":"StrikeDummy"}],"event_choices":[{"cards_removed":["Defend_R"],"damage_healed":0.0,"max_hp_gain":0.0,"max_hp_loss":0.0,"gold_gain":0.0,"event_name":"Golden Wing","player_choice":"Card Removal","floor":2.0,"gold_loss":0.0,"damage_taken":7.0},{"damage_healed":0.0,"max_hp_gain":0.0,"max_hp_loss":0.0,"gold_gain":0.0,"event_name":"Golden Idol","player_choice":"Ignored","floor":6.0,"gold_loss":0.0,"damage_taken":0.0},{"cards_removed":["Defend_R"],"damage_healed":0,"gold_gain":0,"player_choice":"Forget","damage_taken":0,"max_hp_gain":0,"max_hp_loss":0,"event_name":"Living Wall","floor":7,"gold_loss":0}],"is_beta":false,"boss_relics":[],"items_purged_floors":[4],"is_endless":false,"potions_floor_spawned":[1,14],"killed_by":"Hexaghost","ascension_level":11}}