{"host":"5wwct7e0z3l0f094","time":1613885815,"event":{"mods":["AchievementEnabler","BaseMod","Downfall","Highlight Path","Minty Spire (QoL Compilation)","Quick Restart","StSLib","SuperFastMode"],"gold_per_floor":[117,117,133,148,165,199,199,199,199],"floor_reached":8,"language":"ENG","playtime":127,"items_purged":[],"score":93,"play_id":"c4d4be5e-e58b-49a9-82ca-84c5d5af5425","local_time":"20210221003655","is_ascension_mode":true,"campfire_choices":[{"floor":7.0,"key":"REST"}],"circlet_count":0,"master_deck":["AscendersBane","Strike_R","Strike_R","Strike_R","Strike_R","Strike_R","Defend_R","Defend_R","Defend_R","Bash","Sword Boomerang"],"relics":["Burning Blood","NeowsBlessing","Kunai"],"acts_visited":["Exordium"],"potions_floor_usage":[],"damage_taken":[{"damage":0.0,"enemies":"Cultist","floor":1.0,"turns":1.0},{"damage":0.0,"enemies":"2 Louse","floor":3.0,"turns":1.0},{"damage":0.0,"enemies":"Small Slimes","floor":4.0,"turns":1.0},{"damage":27.0,"enemies":"Red Slaver","floor":5.0,"turns":5.0},{"damage":55.0,"enemies":"Lagavulin","floor":6.0,"turns":7.0},{"damage":0,"enemies":"3 Sentries","floor":8,"turns":1}],"seed_played":"9180898862764344501","potions_obtained":[{"floor":1.0,"key":"Explosive Potion"},{"floor":3.0,"key":"BloodPotion"}],"is_trial":false,"path_per_floor":["M","?","M","M","M","E","R","E"],"character_chosen":"IRONCLAD","items_purchased":[],"campfire_rested":1,"item_purchase_floors":[],"current_hp_per_floor":[78,78,80,80,59,10,34,34,34],"gold":199,"neow_bonus":"THREE_ENEMY_KILL","is_daily":false,"chose_seed":false,"campfire_upgraded":0,"win_rate":0.0,"timestamp":1613885815,"path_taken":["M","?","M","M","M","E","R","E"],"items_purchased_type":[],"build_version":"2020-12-22","purchased_purges":0,"victory":false,"max_hp_per_floor":[80,80,80,80,80,80,80,80,80],"card_choices":[{"not_picked":["Searing Blow","Shrug It Off","Seeing Red"],"picked":"SKIP","floor":1.0},{"not_picked":["Shrug It Off","True Grit","Entrench"],"picked":"SKIP","floor":3.0},{"not_picked":["Rampage","Iron Wave"],"picked":"Sword Boomerang","floor":4.0},{"not_picked":["Power Through","Flame Barrier","Perfected Strike"],"picked":"SKIP","floor":5.0},{"not_picked":["Brutality","Havoc","Bloodletting"],"picked":"SKIP","floor":6.0}],"player_experience":350896,"relics_obtained":[{"floor":6.0,"key":"Kunai"}],"event_choices":[{"cards_removed":["Defend_R"],"damage_healed":0.0,"max_hp_gain":0.0,"max_hp_loss":0.0,"gold_gain":0.0,"event_name":"Living Wall","player_choice":"Forget","floor":2.0,"gold_loss":0.0,"damage_taken":0.0}],"is_beta":false,"boss_relics":[],"items_purged_floors":[],"is_endless":false,"potions_floor_spawned":[1,3],"killed_by":"3 Sentries","ascension_level":12}}