{"host":"k0cm6nn9mnmji9h1","time":1613869547,"event":{"mods":["2.2 Compatiblity","AchievementEnabler","BaseMod","Colored Map","DeckTracker","Gremlin Skip","Highlight Path","Minty Spire (QoL Compilation)","Permanent Neow","StSLib","The Marked","Waifu the Spire"],"gold_per_floor":[111,123,136,152,166,198,198,213,213,213,244,244,263,289,289,414,414,439,364,364,405,424,424,424,424],"floor_reached":24,"language":"KOR","playtime":1136,"items_purged":["Injury"],"score":208,"play_id":"8d0bfd22-2a37-49da-b43a-da7b7717bf57","local_time":"20210221100547","is_ascension_mode":false,"campfire_choices":[{"data":"Echo Form","floor":7,"key":"SMITH"},{"floor":10,"key":"REST"},{"floor":15,"key":"REST"},{"floor":23,"key":"REST"}],"circlet_count":0,"master_deck":["Strike_B","Strike_B","Defend_B","Defend_B","Defend_B","Zap","Dualcast","Amplify","Ball Lightning","Go for the Eyes","Fusion","Barrage","Gash","Echo Form+1","Compile Driver","Stack","Genetic Algorithm","Conserve Battery","Creative AI","Core Surge+1","Gash+1","Gash+1","Redo+1","Stack","Tempest","Reprogram"],"relics":["Cracked Core","Ginger","Pocketwatch","Singing Bowl","Golden Idol","Odd Mushroom","Astrolabe","Red Mask"],"acts_visited":["Exordium","TheCity"],"potions_floor_usage":[14,21,24],"damage_taken":[{"damage":0,"enemies":"Small Slimes","floor":1,"turns":2},{"damage":3,"enemies":"Jaw Worm","floor":2,"turns":3},{"damage":0,"enemies":"2 Louse","floor":3,"turns":1},{"damage":13,"enemies":"2 Fungi Beasts","floor":4,"turns":3},{"damage":2,"enemies":"Exordium Wildlife","floor":5,"turns":4},{"damage":24,"enemies":"3 Sentries","floor":6,"turns":7},{"damage":0,"enemies":"Large Slime","floor":8,"turns":4},{"damage":21,"enemies":"Lagavulin","floor":11,"turns":7},{"damage":9,"enemies":"Exordium Thugs","floor":13,"turns":5},{"damage":12,"enemies":"The Mushroom Lair","floor":14,"turns":4},{"damage":6,"enemies":"Slime Boss","floor":16,"turns":8},{"damage":17,"enemies":"Chosen","floor":18,"turns":6},{"damage":54,"enemies":"Masked Bandits","floor":21,"turns":6},{"damage":0,"enemies":"Spheric Guardian","floor":22,"turns":3},{"damage":35,"enemies":"Slavers","floor":24,"turns":2}],"seed_played":"3719101017127701691","potions_obtained":[{"floor":1,"key":"DistilledChaos"},{"floor":2,"key":"SneckoOil"},{"floor":13,"key":"Explosive Potion"},{"floor":14,"key":"GamblersBrew"},{"floor":21,"key":"Strength Potion"}],"is_trial":false,"path_per_floor":["M","M","M","M","M","E","R","M","T","R","E","?","M","?","R","B",null,"M","$","?","?","M","R","E"],"character_chosen":"DEFECT","items_purchased":[],"campfire_rested":3,"item_purchase_floors":[],"current_hp_per_floor":[75,72,72,59,57,33,33,33,33,55,34,34,25,13,35,29,75,58,58,58,4,4,26,0,0],"gold":424,"neow_bonus":"ONE_RANDOM_RARE_CARD","is_daily":false,"chose_seed":false,"campfire_upgraded":1,"win_rate":0.0,"timestamp":1613869547,"path_taken":["M","M","M","M","M","E","R","M","T","R","E","?","M","?","R","BOSS","M","$","?","?","M","R","E"],"items_purchased_type":[],"build_version":"2020-12-22","purchased_purges":1,"victory":false,"max_hp_per_floor":[75,75,75,75,75,75,75,75,75,75,75,75,75,75,75,75,75,75,75,75,75,75,75,75,75],"card_choices":[{"not_picked":["Melter","Conserve Battery"],"picked":"Ball Lightning","floor":1},{"not_picked":["Leap","Hello World"],"picked":"Go for the Eyes","floor":2},{"not_picked":["Conserve Battery","Leap"],"picked":"Fusion","floor":3},{"not_picked":["Lockon","Redo"],"picked":"Barrage","floor":4},{"not_picked":["Stack","Go for the Eyes"],"picked":"Gash","floor":5},{"not_picked":["Tempest","Turbo"],"picked":"Echo Form","floor":6},{"not_picked":["Sweeping Beam","Reinforced Body"],"picked":"Compile Driver","floor":8},{"not_picked":["Go for the Eyes","Rip and Tear"],"picked":"Stack","floor":11},{"not_picked":["Skim","Sweeping Beam"],"picked":"Genetic Algorithm","floor":13},{"not_picked":["Doom and Gloom","Rebound"],"picked":"Conserve Battery","floor":14},{"not_picked":["All For One","Buffer"],"picked":"Creative AI","floor":16},{"not_picked":["Beam Cell","Consume"],"picked":"Redo+1","floor":18},{"not_picked":["Undo","Blizzard+1"],"picked":"Tempest","floor":21},{"not_picked":["Steam+1","Barrage"],"picked":"Reprogram","floor":22}],"player_experience":527712,"relics_obtained":[{"floor":6,"key":"Ginger"},{"floor":9,"key":"Pocketwatch"},{"floor":11,"key":"Singing Bowl"},{"floor":14,"key":"Odd Mushroom"},{"floor":21,"key":"Red Mask"}],"event_choices":[{"damage_healed":0,"gold_gain":0,"player_choice":"Take Wound","damage_taken":0,"relics_obtained":["Golden Idol"],"max_hp_gain":0,"max_hp_loss":0,"event_name":"Golden Idol","floor":12,"gold_loss":0,"cards_obtained":["Injury"]},{"damage_healed":0,"gold_gain":0,"player_choice":"Fought Mushrooms","damage_taken":0,"max_hp_gain":0,"max_hp_loss":0,"event_name":"Mushrooms","floor":14,"gold_loss":0},{"damage_healed":0,"gold_gain":0,"player_choice":"Read","damage_taken":0,"max_hp_gain":0,"max_hp_loss":0,"event_name":"The Library","floor":20,"gold_loss":0,"cards_obtained":["Stack"]},{"damage_healed":0,"gold_gain":0,"player_choice":"Fought Bandits","damage_taken":0,"max_hp_gain":0,"max_hp_loss":0,"event_name":"Masked Bandits","floor":21,"gold_loss":0}],"is_beta":false,"boss_relics":[{"not_picked":["Runic Pyramid","Runic Dome"],"picked":"Astrolabe"}],"items_purged_floors":[19],"is_endless":false,"potions_floor_spawned":[1,2,13,14,16,21],"killed_by":"Slavers","ascension_level":0}}