{"host":"z37g2hkgkh2zjyzk","time":1613873621,"event":{"mods":["2.2 Compatiblity","AchievementEnabler","BaseMod","Bestiary","Colored Map","Colored Powertips","Curses Come First","Highlight Path","Keyboard Shortcuts","Minty Spire (QoL Compilation)","Relic Stats","StSLib","SuperFastMode"],"gold_per_floor":[118,133,208,225,175,175,189,189,212,212,239,253,263,279,279,374,374,392,412,412,429,448,448,476,476,476,487,499,14,14,29,29,124,124,139,158,205,205,17,42,116,116,142,64,78,78,78,111,111,111,111,111,11,36,36,36],"floor_reached":55,"language":"ENG","playtime":6265,"items_purged":["Defend_P","Defend_P"],"score":724,"play_id":"6f5419c7-610d-454a-9a4e-728b198f335e","local_time":"20210221031341","is_ascension_mode":false,"campfire_choices":[{"data":"Sanctity","floor":6.0,"key":"SMITH"},{"data":"TalkToTheHand","floor":10.0,"key":"SMITH"},{"floor":15,"key":"REST"},{"floor":23,"key":"REST"},{"floor":25,"key":"REST"},{"floor":30,"key":"REST"},{"data":"WheelKick","floor":32,"key":"SMITH"},{"floor":42,"key":"REST"},{"floor":49,"key":"RECALL"},{"floor":52,"key":"REST"}],"circlet_count":0,"master_deck":["Strike_P+1","Strike_P+1","Defend_P+1","Eruption+1","Vigilance","Sanctity+1","FlurryOfBlows","TalkToTheHand+1","EmptyBody+1","WheelKick+1","SashWhip","Consecrate+1","Halt","LessonLearned+1","Indignation","ClearTheMind","EmptyBody","Crescendo+1","Meditate+1","Perseverance+1","Conclude+1","Establishment+1","CarveReality+1","FlurryOfBlows+1","FearNoEvil+1","WreathOfFlame","LikeWater","Evaluate","TalkToTheHand+1","WindmillStrike","LikeWater","Crescendo"],"relics":["PureWater","Regal Pillow","Oddly Smooth Stone","Philosopher\u0027s Stone","Mango","Turnip","Kunai","Nunchaku","Fusion Hammer","CaptainsWheel","Melange","Damaru","MealTicket","Dream Catcher","Orichalcum"],"acts_visited":["Exordium","TheCity","TheBeyond","TheEnding"],"potions_floor_usage":[14,16,33,40,50],"damage_taken":[{"damage":3.0,"enemies":"Jaw Worm","floor":1.0,"turns":4.0},{"damage":0.0,"enemies":"2 Louse","floor":2.0,"turns":2.0},{"damage":0.0,"enemies":"Cultist","floor":4.0,"turns":2.0},{"damage":3.0,"enemies":"Lots of Slimes","floor":7.0,"turns":6.0},{"damage":17.0,"enemies":"Gremlin Nob","floor":11.0,"turns":4.0},{"damage":0.0,"enemies":"Red Slaver","floor":12.0,"turns":2.0},{"damage":0.0,"enemies":"2 Fungi Beasts","floor":13.0,"turns":2.0},{"damage":15,"enemies":"Blue Slaver","floor":14,"turns":2},{"damage":18,"enemies":"Hexaghost","floor":16,"turns":9},{"damage":14,"enemies":"3 Byrds","floor":18,"turns":7},{"damage":18,"enemies":"2 Thieves","floor":19,"turns":4},{"damage":0,"enemies":"Centurion and Healer","floor":21,"turns":6},{"damage":10,"enemies":"Snecko","floor":22,"turns":6},{"damage":56,"enemies":"Gremlin Leader","floor":24,"turns":10},{"damage":22,"enemies":"Sentry and Sphere","floor":27,"turns":4},{"damage":7,"enemies":"Cultist and Chosen","floor":28,"turns":6},{"damage":24,"enemies":"Snake Plant","floor":31,"turns":4},{"damage":2,"enemies":"Collector","floor":33,"turns":8},{"damage":9,"enemies":"3 Darklings","floor":35,"turns":4},{"damage":0,"enemies":"3 Shapes","floor":36,"turns":2},{"damage":18,"enemies":"2 Orb Walkers","floor":37,"turns":6},{"damage":14,"enemies":"Giant Head","floor":40,"turns":7},{"damage":6,"enemies":"3 Darklings","floor":45,"turns":4},{"damage":16,"enemies":"Reptomancer","floor":48,"turns":4},{"damage":81,"enemies":"Donu and Deca","floor":50,"turns":10},{"damage":63,"enemies":"Shield and Spear","floor":54,"turns":8},{"damage":64,"enemies":"The Heart","floor":55,"turns":8}],"seed_played":"-2636088507018639021","potions_obtained":[{"floor":2.0,"key":"ColorlessPotion"},{"floor":4.0,"key":"BottledMiracle"},{"floor":16,"key":"Fruit Juice"},{"floor":18,"key":"Regen Potion"},{"floor":27,"key":"FearPotion"},{"floor":37,"key":"FairyPotion"},{"floor":45,"key":"PowerPotion"},{"floor":54,"key":"FairyPotion"}],"is_trial":false,"path_per_floor":["M","M","?","M","?","R","M","?","T","R","E","M","M","M","R","B",null,"M","M","?","M","M","R","E","R","T","M","M","$","R","M","R","B",null,"M","M","?","?","$","E","T","R","T","$","M","?","?","E","R","B",null,"R","$","E","B"],"character_chosen":"WATCHER","items_purchased":["Kunai","Nunchaku","Melange","WreathOfFlame","LikeWater"],"campfire_rested":6,"item_purchase_floors":[29,29,39,39,44],"current_hp_per_floor":[69,69,58,58,58,58,55,48,48,48,31,31,31,16,52,39,77,63,45,45,45,35,73,31,73,73,51,44,44,86,62,62,75,91,82,82,64,64,64,50,50,86,86,86,80,80,80,64,64,25,86,86,86,23,0,0],"gold":36,"neow_bonus":"UPGRADE_CARD","is_daily":false,"chose_seed":false,"campfire_upgraded":3,"win_rate":0.0,"timestamp":1613873621,"path_taken":["M","M","?","M","?","R","M","?","T","R","E","M","M","M","R","BOSS","M","M","?","M","M","R","E","R","T","M","?","$","R","?","R","BOSS","M","M","?","?","$","E","?","R","T","?","M","?","?","E","R","BOSS","R","$","E","BOSS"],"items_purchased_type":["Relic","Relic","Relic","Card","Card"],"build_version":"2020-12-22","purchased_purges":2,"victory":false,"max_hp_per_floor":[72,72,72,72,72,72,72,72,72,72,72,72,72,72,72,77,77,77,77,77,77,77,77,91,91,91,91,91,91,91,91,91,91,91,91,91,91,86,86,86,86,86,86,86,86,86,86,86,86,86,86,86,86,86,86,86],"relic_stats":{"Regal Pillow":71,"Nunchaku":[20],"Dream Catcher":1,"counters":[27,141],"Melange":[12],"MealTicket":0,"Turnip":[12],"Kunai":[47],"Orichalcum":[0],"obtain_stats":[{"Regal Pillow":9,"Oddly Smooth Stone":11,"Melange":39,"Damaru":40,"Mango":24,"Orichalcum":54,"Nunchaku":29,"CaptainsWheel":37,"Dream Catcher":48,"Philosopher\u0027s Stone":17,"MealTicket":43,"Turnip":26,"Fusion Hammer":34,"Kunai":29,"PureWater":0},{"Regal Pillow":4,"Oddly Smooth Stone":5,"Melange":21,"Damaru":22,"Mango":14,"Orichalcum":26,"Nunchaku":16,"CaptainsWheel":21,"Dream Catcher":24,"Philosopher\u0027s Stone":9,"MealTicket":22,"Turnip":14,"Fusion Hammer":18,"Kunai":16,"PureWater":0},{"Regal Pillow":14,"Oddly Smooth Stone":18,"Melange":100,"Damaru":107,"Mango":66,"Orichalcum":133,"Nunchaku":76,"CaptainsWheel":100,"Dream Catcher":115,"Philosopher\u0027s Stone":33,"MealTicket":107,"Turnip":66,"Fusion Hammer":88,"Kunai":76,"PureWater":0}]},"card_choices":[{"not_picked":["FlyingSleeves","CrushJoints"],"picked":"Sanctity","floor":1.0},{"not_picked":["Study","FlyingSleeves"],"picked":"FlurryOfBlows","floor":2.0},{"not_picked":["Wallop","Worship"],"picked":"TalkToTheHand","floor":4.0},{"not_picked":["Study","FlurryOfBlows"],"picked":"EmptyBody","floor":7.0},{"not_picked":["FlyingSleeves","JustLucky"],"picked":"WheelKick","floor":11.0},{"not_picked":["Swivel","Fasting2"],"picked":"SashWhip","floor":12.0},{"not_picked":["EmptyBody","Weave"],"picked":"Consecrate","floor":13},{"not_picked":["Sanctity","Consecrate"],"picked":"Halt","floor":14},{"not_picked":["DeusExMachina","DevaForm"],"picked":"LessonLearned","floor":16},{"not_picked":["EmptyBody+1","Halt"],"picked":"Indignation","floor":18},{"not_picked":["DeceiveReality","Fasting2"],"picked":"ClearTheMind","floor":19},{"not_picked":["Fasting2","PathToVictory"],"picked":"EmptyBody","floor":21},{"not_picked":["FlyingSleeves","Pray"],"picked":"Crescendo+1","floor":22},{"not_picked":["Halt","Pray"],"picked":"Meditate+1","floor":24},{"not_picked":["FlyingSleeves","ReachHeaven"],"picked":"Perseverance+1","floor":27},{"not_picked":["LessonLearned","Crescendo"],"picked":"Conclude+1","floor":28},{"not_picked":["Evaluate+1","JustLucky+1"],"picked":"Adaptation","floor":31},{"not_picked":["Vault","Scrawl"],"picked":"Establishment","floor":33},{"not_picked":["BowlingBash","EmptyFist+1"],"picked":"CarveReality+1","floor":35},{"not_picked":["CrushJoints+1","WheelKick+1"],"picked":"FlurryOfBlows+1","floor":36},{"not_picked":["Crescendo","Weave+1"],"picked":"FearNoEvil+1","floor":37},{"not_picked":["LessonLearned","Crescendo+1","EmptyBody"],"picked":"SKIP","floor":40},{"not_picked":["FollowUp+1","EmptyBody"],"picked":"Evaluate","floor":45},{"not_picked":["CrushJoints","EmptyBody+1"],"picked":"WindmillStrike","floor":48},{"not_picked":["SignatureMove","Wallop"],"picked":"LikeWater","floor":52},{"not_picked":["EmptyBody+1","ClearTheMind+1"],"picked":"Crescendo","floor":54}],"player_experience":164593,"relics_obtained":[{"floor":9.0,"key":"Regal Pillow"},{"floor":11.0,"key":"Oddly Smooth Stone"},{"floor":24,"key":"Mango"},{"floor":26,"key":"Turnip"},{"floor":37,"key":"CaptainsWheel"},{"floor":40,"key":"Damaru"},{"floor":43,"key":"MealTicket"},{"floor":48,"key":"Dream Catcher"},{"floor":54,"key":"Orichalcum"}],"event_choices":[{"damage_healed":0.0,"max_hp_gain":0.0,"max_hp_loss":0.0,"gold_gain":75.0,"event_name":"World of Goop","player_choice":"Gather Gold","floor":3.0,"gold_loss":0.0,"damage_taken":11.0},{"cards_removed":["Strike_P"],"damage_healed":0.0,"max_hp_gain":0.0,"max_hp_loss":0.0,"gold_gain":0.0,"event_name":"The Cleric","player_choice":"Card Removal","floor":5.0,"gold_loss":50.0,"damage_taken":0.0},{"cards_removed":["Defend_P"],"damage_healed":0.0,"max_hp_gain":0.0,"max_hp_loss":0.0,"gold_gain":0.0,"event_name":"Golden Wing","player_choice":"Card Removal","floor":8.0,"gold_loss":0.0,"damage_taken":7.0},{"cards_removed":["Strike_P"],"damage_healed":0,"gold_gain":0,"player_choice":"Purged","damage_taken":0,"max_hp_gain":0,"max_hp_loss":0,"event_name":"Purifier","floor":20,"gold_loss":0},{"damage_healed":0,"gold_gain":0,"player_choice":"Fight","damage_taken":0,"max_hp_gain":0,"max_hp_loss":0,"event_name":"Mysterious Sphere","floor":37,"gold_loss":0},{"damage_healed":0,"gold_gain":0,"player_choice":"Max HP","damage_taken":0,"max_hp_gain":0,"max_hp_loss":5,"event_name":"Winding Halls","floor":38,"gold_loss":0},{"cards_removed":["Adaptation"],"damage_healed":0,"gold_gain":0,"player_choice":"Removed Power","damage_taken":0,"max_hp_gain":0,"max_hp_loss":0,"event_name":"Falling","floor":46,"gold_loss":0},{"damage_healed":0,"gold_gain":0,"player_choice":"Copied","damage_taken":0,"max_hp_gain":0,"max_hp_loss":0,"event_name":"Duplicator","floor":47,"gold_loss":0,"cards_obtained":["TalkToTheHand"]}],"is_beta":false,"boss_relics":[{"not_picked":["Tiny House","Calling Bell"],"picked":"Philosopher\u0027s Stone"},{"not_picked":["Empty Cage","SacredBark"],"picked":"Fusion Hammer"}],"items_purged_floors":[29,53],"is_endless":false,"potions_floor_spawned":[2,4,16,18,27,28,31,37,45,54],"killed_by":"The Heart","ascension_level":0}}