{"host":"o88u0awh8mkwl1l8","time":1613911276,"event":{"mods":["BaseMod","Colored Map","Highlight Path","Minty Spire (QoL Compilation)","Relic Sorter"],"gold_per_floor":[116,135,149,149,172,172,210,230,255,296,312,347,347,347,347,443,443,464,485,485,222,235,235,274,274,298,319,319,362,412,239,239,239,239],"floor_reached":33,"language":"JPN","playtime":1928,"items_purged":["Strike_R","Normality"],"score":660,"play_id":"ebfb7a96-7d58-4a12-88b5-578f8cdea5c4","local_time":"20210221214116","is_ascension_mode":true,"campfire_choices":[{"floor":6.0,"key":"REST"},{"data":"Sword Boomerang","floor":15.0,"key":"SMITH"},{"floor":23.0,"key":"REST"},{"floor":25.0,"key":"REST"},{"floor":28.0,"key":"REST"},{"data":"Limit Break","floor":32.0,"key":"SMITH"}],"circlet_count":0,"master_deck":["AscendersBane","Strike_R","Strike_R","Strike_R+1","Defend_R+1","Defend_R","Defend_R","Defend_R","Bash","Seeing Red+1","Thunderclap","Spot Weakness","Immolate+1","Sword Boomerang+1","Inflame","Shrug It Off","Limit Break+1","Ghostly Armor+1","True Grit","Juggernaut","Dark Shackles","Sword Boomerang","Headbutt","Sword Boomerang","Flame Barrier","Shrug It Off"],"relics":["Burning Blood","Golden Idol","The Courier","Whetstone","PreservedInsect","War Paint","Cursed Key","Brimstone","Blood Vial","Oddly Smooth Stone","Bottled Lightning"],"acts_visited":["Exordium","TheCity"],"potions_floor_usage":[33],"damage_taken":[{"damage":7.0,"enemies":"Cultist","floor":1.0,"turns":4.0},{"damage":7.0,"enemies":"2 Louse","floor":2.0,"turns":3.0},{"damage":10.0,"enemies":"Small Slimes","floor":3.0,"turns":3.0},{"damage":26.0,"enemies":"Exordium Wildlife","floor":5.0,"turns":4.0},{"damage":25.0,"enemies":"3 Sentries","floor":7.0,"turns":5.0},{"damage":2.0,"enemies":"Looter","floor":8.0,"turns":4.0},{"damage":10.0,"enemies":"Gremlin Nob","floor":10.0,"turns":3.0},{"damage":1.0,"enemies":"3 Louse","floor":11.0,"turns":3.0},{"damage":15.0,"enemies":"Lagavulin","floor":12.0,"turns":6.0},{"damage":32.0,"enemies":"Slime Boss","floor":16.0,"turns":7.0},{"damage":11.0,"enemies":"Spheric Guardian","floor":18.0,"turns":4.0},{"damage":55.0,"enemies":"3 Byrds","floor":19.0,"turns":5.0},{"damage":7.0,"enemies":"Snecko","floor":22.0,"turns":3.0},{"damage":12.0,"enemies":"Book of Stabbing","floor":24.0,"turns":3.0},{"damage":27.0,"enemies":"Snake Plant","floor":27.0,"turns":3.0},{"damage":0.0,"enemies":"Gremlin Leader","floor":29.0,"turns":2.0},{"damage":91,"enemies":"Champ","floor":33,"turns":6}],"seed_played":"-268876269244254753","potions_obtained":[{"floor":3.0,"key":"SteroidPotion"},{"floor":7.0,"key":"Block Potion"},{"floor":8.0,"key":"BloodPotion"},{"floor":16.0,"key":"SteroidPotion"},{"floor":24.0,"key":"GamblersBrew"},{"floor":27.0,"key":"Explosive Potion"},{"floor":29.0,"key":"HeartOfIron"}],"is_trial":false,"path_per_floor":["M","M","M","?","M","R","E","M","T","E","M","E","?","?","R","B",null,"M","M","?","$","M","R","E","R","T","M","R","E","?","$","R","B"],"character_chosen":"IRONCLAD","items_purchased":["Dark Shackles","Brimstone","Flame Barrier","Shrug It Off"],"campfire_rested":4,"item_purchase_floors":[21,21,31,31],"current_hp_per_floor":[81,80,76,45,25,51,32,36,36,32,37,28,28,28,28,19,72,67,18,18,18,17,43,37,63,63,44,70,78,78,78,78,0,0],"gold":239,"neow_bonus":"TWENTY_PERCENT_HP_BONUS","is_daily":false,"chose_seed":true,"campfire_upgraded":2,"win_rate":0.0,"timestamp":1613911276,"path_taken":["M","?","M","?","M","R","E","M","T","E","M","E","?","?","R","BOSS","M","M","?","$","M","R","E","R","T","?","R","E","?","$","R","BOSS"],"items_purchased_type":["Card","Relic","Card","Card"],"build_version":"2020-12-22","purchased_purges":2,"victory":false,"max_hp_per_floor":[89,89,89,89,89,89,89,89,89,89,89,89,89,89,89,89,89,89,89,89,89,89,89,89,89,89,89,89,89,89,89,89,89,89],"card_choices":[{"not_picked":["True Grit","Anger"],"picked":"Seeing Red","floor":1.0},{"not_picked":["True Grit","Bloodletting"],"picked":"Thunderclap","floor":2.0},{"not_picked":["Entrench","Burning Pact"],"picked":"Spot Weakness","floor":3.0},{"not_picked":["True Grit","Inflame"],"picked":"Immolate","floor":5.0},{"not_picked":["True Grit","Twin Strike","Blood for Blood"],"picked":"SKIP","floor":7.0},{"not_picked":["Heavy Blade","Shrug It Off"],"picked":"Sword Boomerang","floor":8.0},{"not_picked":["Entrench","Dark Embrace","Dual Wield"],"picked":"SKIP","floor":10.0},{"not_picked":["Metallicize","Iron Wave"],"picked":"Inflame","floor":11.0},{"not_picked":["Disarm","Dropkick"],"picked":"Shrug It Off","floor":12.0},{"not_picked":["Barricade","Juggernaut"],"picked":"Limit Break","floor":16.0},{"not_picked":["Reckless Charge","Armaments"],"picked":"Ghostly Armor+1","floor":18.0},{"not_picked":["Clash","Feel No Pain"],"picked":"True Grit","floor":19.0},{"not_picked":["Havoc","Perfected Strike","True Grit"],"picked":"SKIP","floor":22.0},{"not_picked":["Thunderclap","Rupture"],"picked":"Sword Boomerang","floor":24.0},{"not_picked":["Exhume","Bloodletting"],"picked":"Headbutt","floor":27.0},{"not_picked":["Havoc+1","Twin Strike"],"picked":"Sword Boomerang","floor":29.0}],"player_experience":1321416,"relics_obtained":[{"floor":7.0,"key":"The Courier"},{"floor":9.0,"key":"Whetstone"},{"floor":10.0,"key":"PreservedInsect"},{"floor":12.0,"key":"War Paint"},{"floor":24.0,"key":"Blood Vial"},{"floor":26.0,"key":"Oddly Smooth Stone"},{"floor":29.0,"key":"Bottled Lightning"}],"event_choices":[{"damage_healed":0.0,"max_hp_gain":0.0,"max_hp_loss":0.0,"gold_gain":0.0,"event_name":"Golden Idol","player_choice":"Take Damage","floor":4.0,"gold_loss":0.0,"damage_taken":31.0,"relics_obtained":["Golden Idol"]},{"damage_healed":0.0,"max_hp_gain":0.0,"max_hp_loss":0.0,"gold_gain":0.0,"event_name":"Liars Game","player_choice":"Ignored","floor":13.0,"gold_loss":0.0,"damage_taken":0.0},{"cards_removed":["Injury"],"damage_healed":0.0,"max_hp_gain":0.0,"max_hp_loss":0.0,"gold_gain":0.0,"event_name":"Living Wall","player_choice":"Forget","floor":14.0,"gold_loss":0.0,"damage_taken":0.0},{"damage_healed":0.0,"max_hp_gain":0.0,"max_hp_loss":0.0,"gold_gain":0.0,"cards_transformed":["Strike_R"],"event_name":"Transmorgrifier","player_choice":"Transformed","floor":20.0,"gold_loss":0.0,"damage_taken":0.0,"cards_obtained":["Juggernaut"]},{"damage_healed":0.0,"max_hp_gain":0.0,"max_hp_loss":0.0,"gold_gain":50.0,"event_name":"Nest","player_choice":"Stole From Cult","floor":30.0,"gold_loss":0.0,"damage_taken":0.0}],"is_beta":false,"boss_relics":[{"not_picked":["Busted Crown","Philosopher\u0027s Stone"],"picked":"Cursed Key"}],"items_purged_floors":[21,31],"is_endless":false,"potions_floor_spawned":[3,7,8,11,16,24,27,29],"killed_by":"Champ","ascension_level":20}}