{"host":"yq854828l1wg20je","time":1613895067,"event":{"mods":["AchievementEnabler","BaseMod","Colored Powertips","Downfall","Hubris","Minty Spire (QoL Compilation)","Quick Restart","READ ME - Snecko Mod","Replay The Spire","StSLib","The Construct","The Cursed","The Disciple","The Senshi","The Servant 0.9.4"],"gold_per_floor":[116,34,90,90,104,138,138,166,166,166,176,192,192,203,203,307,307,325,343,360,360,360,360,375,401,401,401,411,411,438,457,457,555,555,569,569,587,601,614,640,640,640,640,654,680,680,703,769,769,825],"floor_reached":51,"language":"ENG","playtime":3741,"items_purged":[],"score":692,"play_id":"db68a247-7a16-4686-bdcb-c7455616ed95","local_time":"20210221031107","is_ascension_mode":true,"campfire_choices":[{"floor":7.0,"key":"REST"},{"floor":13.0,"key":"REST"},{"floor":15.0,"key":"DIG"},{"floor":23.0,"key":"REST"},{"floor":27.0,"key":"REST"},{"floor":29.0,"key":"REST"},{"data":"InstantArmor","floor":32.0,"key":"SMITH"},{"data":"DualDimension","floor":32.0,"key":"SMITH"},{"data":"RealityMarble","floor":42.0,"key":"SMITH"},{"data":"PendulumOfEternity","floor":42.0,"key":"SMITH"},{"data":"BestPractice","floor":46,"key":"SMITH"},{"data":"KidneyShot","floor":46,"key":"SMITH"},{"data":"Strike_S","floor":49,"key":"PURGE"}],"circlet_count":0,"master_deck":["Strike_S+1","Strike_S","Strike_S","Defend_S","Defend_S","Defend_S","Defend_S","KidneyShot+1","Exchange","Replace","InstantArmor+1","Sabotage","RealityMarble+1","BestPractice+1","ShatteredReality","SilverBlades+1","DualDimension+1","Initiator+1","Alleviate","Collapse+1","Revamp+1","Necronomicurse","Gouge+1","SilverBlades+1","Dilation+1","Gouge+1","PendulumOfEternity+1","GearUp+1","InstantArmor+1","ShatteredReality","Replace+1"],"relics":["SplendidAttire","hubris:SlimyHat","Sundial","Oddly Smooth Stone","Frozen Egg 2","hubris:Icosahedron","Replay:Arrowhead","hubris:VirtuousBlindfold","Necronomicon","Bag of Preparation","Toxic Egg 2","ReplayFunnel","construct:ClawGrip","Whetstone","Snack Pack","Orichalcum","Replay:Bandana"],"acts_visited":["Exordium","TheCity","TheBeyond"],"potions_floor_usage":[45,50,50],"damage_taken":[{"damage":2.0,"enemies":"Jaw Worm","floor":1.0,"turns":3.0},{"damage":0.0,"enemies":"Small Slimes","floor":5.0,"turns":2.0},{"damage":25.0,"enemies":"Lagavulin","floor":6.0,"turns":8.0},{"damage":0.0,"enemies":"Gremlin Nob","floor":8.0,"turns":5.0},{"damage":0.0,"enemies":"Cultist","floor":11.0,"turns":3.0},{"damage":0.0,"enemies":"3 Louse","floor":12.0,"turns":3.0},{"damage":0.0,"enemies":"2 Fungi Beasts","floor":14.0,"turns":2.0},{"damage":17.0,"enemies":"Hexaghost","floor":16.0,"turns":13.0},{"damage":13.0,"enemies":"2 Thieves","floor":18.0,"turns":3.0},{"damage":0.0,"enemies":"Chosen","floor":19.0,"turns":3.0},{"damage":16.0,"enemies":"Centurion and Healer","floor":20.0,"turns":3.0},{"damage":0.0,"enemies":"Snake Plant","floor":24.0,"turns":5.0},{"damage":21.0,"enemies":"Slavers","floor":25.0,"turns":5.0},{"damage":0.0,"enemies":"Snecko","floor":28.0,"turns":2.0},{"damage":0.0,"enemies":"Book of Stabbing","floor":30.0,"turns":2.0},{"damage":0.0,"enemies":"Shelled Parasite and Fungi","floor":31.0,"turns":3.0},{"damage":6.0,"enemies":"Champ","floor":33.0,"turns":4.0},{"damage":0.0,"enemies":"Orb Walker","floor":35.0,"turns":2.0},{"damage":0.0,"enemies":"3 Darklings","floor":37.0,"turns":4.0},{"damage":16.0,"enemies":"Jaw Worm Horde","floor":38.0,"turns":4.0},{"damage":47.0,"enemies":"4 Shapes","floor":39.0,"turns":5.0},{"damage":0.0,"enemies":"R_Hoarder","floor":40.0,"turns":3.0},{"damage":0.0,"enemies":"Spire Growth","floor":44.0,"turns":2.0},{"damage":0,"enemies":"Reptomancer","floor":45,"turns":3},{"damage":0,"enemies":"3 Darklings","floor":48,"turns":4},{"damage":0,"enemies":"Replay:Hell Engine","floor":50,"turns":8}],"seed_played":"-5856769011258414186","potions_obtained":[{"floor":3.0,"key":"LiquidMemories"},{"floor":3.0,"key":"Fire Potion"},{"floor":3.0,"key":"ColorlessPotion"},{"floor":5.0,"key":"LifebloodPotion"},{"floor":11.0,"key":"SpeedPotion"},{"floor":14.0,"key":"Reflective Coating"},{"floor":19.0,"key":"Block Potion"},{"floor":25.0,"key":"Energy Potion"},{"floor":28.0,"key":"Venom Potion"},{"floor":39.0,"key":"Weak Potion"},{"floor":40.0,"key":"BlessingOfTheForge"},{"floor":48,"key":"Energy Potion"}],"is_trial":false,"path_per_floor":["M","$","?","?","M","E","R","E","T","?","M","M","R","M","R","B",null,"M","M","M","?","?","R","M","E","T","R","M","R","E","M","R","B",null,"M","?","M","M","M","E","?","R","T","M","E","R","T","M","R","B",null],"character_chosen":"THE_SERVANT","items_purchased":["InstantArmor"],"campfire_rested":5,"item_purchase_floors":[2],"current_hp_per_floor":[63,63,37,37,37,12,31,31,31,31,31,31,50,50,50,33,65,52,52,36,36,20,39,39,18,18,37,37,56,56,56,56,50,65,65,65,65,49,2,2,75,75,75,75,75,75,75,75,75,75],"gold":825,"neow_bonus":"BOSS_RELIC","is_daily":false,"chose_seed":false,"campfire_upgraded":6,"win_rate":0.0,"timestamp":1613895067,"path_taken":["M","$","?","?","?","E","R","E","T","?","M","M","R","M","R","BOSS","M","M","M","?","?","R","M","E","T","R","M","R","E","M","R","BOSS","M","?","M","M","M","E","?","R","T","?","E","R","?","M","R","BOSS"],"items_purchased_type":["Card"],"build_version":"2020-12-22","purchased_purges":0,"victory":true,"max_hp_per_floor":[65,65,65,65,65,65,65,65,65,65,65,65,65,65,65,65,65,65,65,65,65,65,65,65,65,65,65,65,65,65,65,65,65,65,65,65,65,65,65,65,75,75,75,75,75,75,75,75,75,75],"card_choices":[{"not_picked":["Potential","Defy"],"picked":"Replace","floor":1.0},{"not_picked":["Contraction","Rewind"],"picked":"Sabotage","floor":3.0},{"not_picked":["Starlight","Rearm"],"picked":"RealityMarble","floor":5.0},{"not_picked":["LightFlow","FastForward"],"picked":"BestPractice","floor":6.0},{"not_picked":["Defy","Read"],"picked":"ShatteredReality","floor":8.0},{"not_picked":["Rewind","ShatteredReality"],"picked":"SilverBlades+1","floor":11.0},{"not_picked":["Luminosity+1","ForgedInTime","Rearm"],"picked":"SKIP","floor":12.0},{"not_picked":["Revamp","Unruled"],"picked":"DualDimension","floor":14.0},{"not_picked":["Dilation","FlawlessForm+1"],"picked":"Initiator","floor":16.0},{"not_picked":["StarChef+1","DoubleEdge"],"picked":"Alleviate","floor":18.0},{"not_picked":["SilverBlades+1","DoubleEdge+1"],"picked":"Collapse+1","floor":19.0},{"not_picked":["Comet","Gouge"],"picked":"Revamp+1","floor":20.0},{"not_picked":["Rewind","StarChef+1"],"picked":"Gouge+1","floor":24.0},{"not_picked":["Revamp+1","Defy+1"],"picked":"FloweringNight+1","floor":25.0},{"not_picked":["Foresight+1","Defy+1"],"picked":"SilverBlades+1","floor":28.0},{"not_picked":["ShatteredReality","Advance+1"],"picked":"Dilation+1","floor":30.0},{"not_picked":["FastForward+1","Ricochet"],"picked":"Gouge+1","floor":31.0},{"not_picked":["FloweringNight+1","MurderousAura+1"],"picked":"PendulumOfEternity","floor":33.0},{"not_picked":["Unruled","Potential","Read+1"],"picked":"SKIP","floor":35.0},{"not_picked":["SilverBlades+1","BottledTime+1","Defy+1"],"picked":"SKIP","floor":37.0},{"not_picked":["Defy+1","Revamp+1"],"picked":"GearUp+1","floor":38.0},{"not_picked":["DoubleEdge","Comet","Potential"],"picked":"SKIP","floor":39.0},{"not_picked":["Contraction+1","MurderousAura+1"],"picked":"InstantArmor+1","floor":40.0},{"not_picked":["ReturningBlade","TimeWarp"],"picked":"ShatteredReality","floor":44.0},{"not_picked":["Unruled+1","Potential+1"],"picked":"Replace+1","floor":45},{"not_picked":["Collapse+1","Potential","Unruled+1"],"picked":"SKIP","floor":48}],"player_experience":49241,"relics_obtained":[{"floor":6.0,"key":"Sundial"},{"floor":8.0,"key":"Oddly Smooth Stone"},{"floor":9.0,"key":"Frozen Egg 2"},{"floor":15.0,"key":"Replay:Arrowhead"},{"floor":22.0,"key":"Necronomicon"},{"floor":25.0,"key":"Bag of Preparation"},{"floor":26.0,"key":"Toxic Egg 2"},{"floor":30.0,"key":"ReplayFunnel"},{"floor":40.0,"key":"Whetstone"},{"floor":43.0,"key":"Snack Pack"},{"floor":45,"key":"Orichalcum"},{"floor":47,"key":"Replay:Bandana"}],"event_choices":[{"damage_healed":0.0,"max_hp_gain":0.0,"max_hp_loss":0.0,"gold_gain":0.0,"event_name":"WeMeetAgain","player_choice":"Gave Potion","floor":4.0,"gold_loss":0.0,"damage_taken":0.0,"relics_obtained":["hubris:SlimyHat"]},{"damage_healed":0.0,"max_hp_gain":0.0,"max_hp_loss":0.0,"gold_gain":0.0,"event_name":"Vampires","player_choice":"Ignored","floor":21.0,"gold_loss":0.0,"damage_taken":0.0},{"damage_healed":0.0,"max_hp_gain":0.0,"max_hp_loss":0.0,"gold_gain":0.0,"event_name":"Cursed Tome","player_choice":"Obtained Book","floor":22.0,"gold_loss":0.0,"damage_taken":16.0},{"damage_healed":0.0,"max_hp_gain":0.0,"max_hp_loss":0.0,"gold_gain":0.0,"event_name":"Tomb of Lord Red Mask","player_choice":"Ignored","floor":36.0,"gold_loss":0.0,"damage_taken":0.0},{"cards_removed":["FloweringNight"],"damage_healed":63.0,"max_hp_gain":10.0,"max_hp_loss":0.0,"gold_gain":0.0,"event_name":"Bonfire Elementals","player_choice":"Offered Rare","floor":41.0,"gold_loss":0.0,"damage_taken":0.0}],"is_beta":false,"boss_relics":[{"not_picked":["Philosopher\u0027s Stone","MysterySword"],"picked":"hubris:VirtuousBlindfold"},{"not_picked":["Fusion Hammer","hubris:Backtick"],"picked":"construct:ClawGrip"}],"items_purged_floors":[],"is_endless":false,"potions_floor_spawned":[5,11,14,19,25,28,31,39,40,48],"ascension_level":1}}