{"host":"w9457b8yvvshrcoh","time":1613932652,"event":{"mods":["AchievementEnabler","BaseMod","Colored Map","Colored Powertips","Minty Spire (QoL Compilation)","Uncapped"],"gold_per_floor":[113,63,80,95,95,95,115,146,226,246,246,256,276,303,303,401,401,326,338,338,355,368,368,368,368,393,411,411,428,447,463,463,567,567,577,577,596,608,608,625,625,645,645,645,645,645,659,46,46,46,46],"floor_reached":50,"language":"ENG","playtime":3505,"items_purged":["Reinforced Body"],"score":485,"play_id":"1f07d012-6bfb-4dc8-b651-061524e66e68","local_time":"20210221123732","is_ascension_mode":false,"campfire_choices":[{"data":"Zap","floor":6,"key":"SMITH"},{"data":"Loop","floor":11,"key":"SMITH"},{"floor":15,"key":"DIG"},{"floor":23,"key":"REST"},{"data":"White Noise","floor":25,"key":"SMITH"},{"data":"Echo Form","floor":28,"key":"SMITH"},{"floor":32,"key":"REST"},{"data":"Echo Form","floor":41,"key":"SMITH"},{"data":"Dualcast","floor":46,"key":"SMITH"},{"floor":49,"key":"REST"}],"circlet_count":0,"master_deck":["Defend_B","Defend_B","Defend_B","Zap+1","Dualcast+1","Genetic Algorithm","FTL","Auto Shields","White Noise+1","Loop+1","Hello World","Genetic Algorithm","Echo Form+1","Electrodynamics","Leap+1","Echo Form+1","Melter+1","Self Repair","Cold Snap+1","Genetic Algorithm","Tempest","Core Surge","Redo+1","Gash+1","Madness","Madness","Blind","Steam+1","Enlightenment"],"relics":["Cracked Core","Shovel","Question Card","Regal Pillow","Gremlin Horn","Inserter","Potion Belt","Runic Pyramid","Bottled Tornado","Meat on the Bone","Blood Vial"],"acts_visited":["Exordium","TheCity","TheBeyond"],"potions_floor_usage":[8,8,8,8,8,8,14,21,30,33,33,33,33,33,33,33,33,40],"damage_taken":[{"damage":5,"enemies":"Small Slimes","floor":1,"turns":4},{"damage":4,"enemies":"2 Louse","floor":3,"turns":2},{"damage":0,"enemies":"Cultist","floor":4,"turns":3},{"damage":2,"enemies":"2 Fungi Beasts","floor":7,"turns":4},{"damage":14,"enemies":"Gremlin Nob","floor":8,"turns":4},{"damage":2,"enemies":"3 Louse","floor":10,"turns":4},{"damage":0,"enemies":"Looter","floor":12,"turns":4},{"damage":0,"enemies":"Exordium Wildlife","floor":13,"turns":4},{"damage":0,"enemies":"Lagavulin","floor":14,"turns":6},{"damage":20,"enemies":"Slime Boss","floor":16,"turns":10},{"damage":11,"enemies":"2 Thieves","floor":18,"turns":5},{"damage":10,"enemies":"Chosen","floor":19,"turns":5},{"damage":26,"enemies":"3 Cultists","floor":21,"turns":5},{"damage":16,"enemies":"Snake Plant","floor":22,"turns":4},{"damage":12,"enemies":"Sentry and Sphere","floor":27,"turns":5},{"damage":33,"enemies":"Cultist and Chosen","floor":29,"turns":7},{"damage":1,"enemies":"Snecko","floor":30,"turns":6},{"damage":29,"enemies":"Chosen and Byrds","floor":31,"turns":7},{"damage":3,"enemies":"Collector","floor":33,"turns":7},{"damage":51,"enemies":"3 Darklings","floor":35,"turns":5},{"damage":7,"enemies":"Orb Walker","floor":37,"turns":5},{"damage":0,"enemies":"4 Shapes","floor":38,"turns":5},{"damage":10,"enemies":"Writhing Mass","floor":40,"turns":6},{"damage":11,"enemies":"3 Darklings","floor":42,"turns":6},{"damage":32,"enemies":"4 Shapes","floor":47,"turns":5},{"damage":57,"enemies":"Donu and Deca","floor":50,"turns":7}],"seed_played":"2011429350293978233","potions_obtained":[{"floor":1,"key":"LiquidBronze"},{"floor":3,"key":"EntropicBrew"},{"floor":4,"key":"Fire Potion"},{"floor":12,"key":"PotionOfCapacity"},{"floor":16,"key":"PotionOfCapacity"},{"floor":19,"key":"Explosive Potion"},{"floor":22,"key":"Weak Potion"},{"floor":27,"key":"EntropicBrew"},{"floor":31,"key":"EssenceOfSteel"},{"floor":35,"key":"EssenceOfSteel"},{"floor":42,"key":"LiquidMemories"},{"floor":47,"key":"SteroidPotion"}],"is_trial":false,"path_per_floor":["M","?","M","M","?","R","M","E","T","M","R","M","M","E","R","B",null,"M","M","?","M","M","R","?","R","T","M","R","M","M","M","R","B",null,"M","?","M","M","?","M","R","M","T","?","?","R","M","$","R","B"],"character_chosen":"DEFECT","items_purchased":["Enlightenment","Meat on the Bone","Blood Vial","BlessingOfTheForge"],"campfire_rested":3,"item_purchase_floors":[48,48,48,48],"current_hp_per_floor":[70,70,66,66,66,66,64,50,50,48,48,48,48,48,48,28,75,64,54,54,28,12,49,49,49,49,51,51,18,31,16,53,50,75,38,38,38,45,36,33,33,36,36,36,36,36,4,4,41,0,0],"gold":46,"neow_bonus":"REMOVE_CARD","is_daily":false,"chose_seed":false,"campfire_upgraded":6,"win_rate":0.0,"timestamp":1613932652,"path_taken":["M","?","M","M","?","R","M","E","T","?","R","M","M","E","R","BOSS","M","M","?","M","M","R","?","R","T","M","R","M","M","M","R","BOSS","M","?","M","M","?","M","R","M","T","?","?","R","M","$","R","BOSS"],"items_purchased_type":["Card","Relic","Relic","Potion"],"build_version":"2020-12-22","purchased_purges":1,"victory":false,"max_hp_per_floor":[75,75,75,75,75,75,75,75,75,75,75,75,75,75,75,75,75,75,75,75,75,75,75,75,75,75,75,75,75,75,75,75,75,75,75,75,75,75,75,75,75,75,75,75,75,75,75,75,75,75,75],"card_choices":[{"not_picked":["Steam Power","Coolheaded"],"picked":"Genetic Algorithm","floor":1},{"not_picked":["Doom and Gloom","Tempest"],"picked":"FTL","floor":3},{"not_picked":["Skim","Steam"],"picked":"Auto Shields","floor":4},{"not_picked":["Double Energy","Reprogram"],"picked":"White Noise","floor":7},{"not_picked":["Redo","Chill"],"picked":"Loop","floor":8},{"not_picked":["Cold Snap","Doom and Gloom","Skim"],"picked":"Hello World","floor":10},{"not_picked":["Redo","Compile Driver","Barrage"],"picked":"Genetic Algorithm","floor":12},{"not_picked":["Scrape","Heatsinks","Redo"],"picked":"Reinforced Body","floor":13},{"not_picked":["Streamline","Coolheaded","Capacitor"],"picked":"Echo Form","floor":14},{"not_picked":["Fission","Buffer","Meteor Strike"],"picked":"Electrodynamics","floor":16},{"not_picked":["Compile Driver","Conserve Battery","Hello World"],"picked":"Leap+1","floor":18},{"not_picked":["Compile Driver","Barrage","Go for the Eyes+1"],"picked":"Echo Form","floor":19},{"not_picked":["Sweeping Beam+1","Force Field","Stack","Beam Cell"],"picked":"SKIP","floor":21},{"not_picked":["Coolheaded","Ball Lightning","Compile Driver"],"picked":"Melter+1","floor":22},{"not_picked":["Ball Lightning","Streamline","Barrage"],"picked":"Cold Snap+1","floor":27},{"not_picked":["Force Field","Blizzard","Hello World"],"picked":"Genetic Algorithm","floor":29},{"not_picked":["Compile Driver","Aggregate+1","Fusion+1","Sweeping Beam"],"picked":"SKIP","floor":30},{"not_picked":["Reprogram","Steam","Self Repair"],"picked":"Tempest","floor":31},{"not_picked":["Electrodynamics","Machine Learning","Amplify"],"picked":"Core Surge","floor":33},{"not_picked":["Blizzard+1","Beam Cell","Streamline+1"],"picked":"Redo+1","floor":35},{"not_picked":["Beam Cell","Rip and Tear+1","Sunder+1"],"picked":"Gash+1","floor":37},{"not_picked":["Sweeping Beam+1","Darkness","Tempest","Glacier"],"picked":"SKIP","floor":38},{"not_picked":["Sunder","White Noise","Compile Driver","Barrage"],"picked":"SKIP","floor":40},{"not_picked":["Cold Snap+1","Ball Lightning+1","Steam","Darkness+1"],"picked":"SKIP","floor":42},{"not_picked":["The Bomb","Sadistic Nature","Finesse"],"picked":"Blind","floor":44},{"not_picked":["Compile Driver","Barrage","Stack+1"],"picked":"Steam+1","floor":47}],"player_experience":36214,"relics_obtained":[{"floor":8,"key":"Shovel"},{"floor":9,"key":"Question Card"},{"floor":14,"key":"Regal Pillow"},{"floor":15,"key":"Gremlin Horn"},{"floor":26,"key":"Potion Belt"},{"floor":43,"key":"Bottled Tornado"}],"event_choices":[{"cards_removed":["Strike_B"],"damage_healed":0,"gold_gain":0,"player_choice":"Card Removal","damage_taken":0,"max_hp_gain":0,"max_hp_loss":0,"event_name":"The Cleric","floor":2,"gold_loss":50},{"cards_removed":["Strike_B"],"damage_healed":0,"gold_gain":0,"player_choice":"Offered Basic","damage_taken":0,"max_hp_gain":0,"max_hp_loss":0,"event_name":"Bonfire Elementals","floor":5,"gold_loss":0},{"cards_removed":["Defend_B"],"damage_healed":0,"gold_gain":0,"player_choice":"Elegance","damage_taken":0,"max_hp_gain":0,"max_hp_loss":0,"event_name":"Back to Basics","floor":20,"gold_loss":0},{"damage_healed":0,"gold_gain":0,"player_choice":"Read","damage_taken":0,"max_hp_gain":0,"max_hp_loss":0,"event_name":"The Library","floor":24,"gold_loss":0,"cards_obtained":["Self Repair"]},{"cards_removed":["Strike_B"],"damage_healed":0,"gold_gain":0,"player_choice":"Removed Attack","damage_taken":0,"max_hp_gain":0,"max_hp_loss":0,"event_name":"Falling","floor":36,"gold_loss":0},{"damage_healed":0,"gold_gain":0,"player_choice":"Embrace Madness","damage_taken":9,"max_hp_gain":0,"max_hp_loss":0,"event_name":"Winding Halls","floor":39,"gold_loss":0,"cards_obtained":["Madness","Madness"]},{"damage_healed":0,"gold_gain":0,"player_choice":"Memory 1","damage_taken":0,"max_hp_gain":0,"max_hp_loss":0,"event_name":"SensoryStone","floor":44,"gold_loss":0},{"damage_healed":0,"gold_gain":0,"player_choice":"Ignored","damage_taken":0,"max_hp_gain":0,"max_hp_loss":0,"event_name":"Tomb of Lord Red Mask","floor":45,"gold_loss":0}],"is_beta":false,"boss_relics":[{"not_picked":["Sozu","Busted Crown"],"picked":"Inserter"},{"not_picked":["Snecko Eye","Cursed Key"],"picked":"Runic Pyramid"}],"items_purged_floors":[48],"is_endless":false,"potions_floor_spawned":[1,3,4,12,16,19,22,27,31,35,42,47],"killed_by":"Donu and Deca","ascension_level":0}}