{"host":"v4pe0ixo3k7iwzp0","time":1613904930,"event":{"mods":["100% Spire Juice","BaseMod","Bestiary","Highlight Path","Minty Spire (QoL Compilation)","Railgun Mod","StSLib","The Bug Knight","The Senshi"],"gold_per_floor":[110,110,16,16,36,63,63,80,158,168,168,42,54,67,67,164,164,180,199,42,55,55,86,86,86,164,164,177,177,206,131,131,232,282,295,0,20,20,34,34,44,74,156,174,174,193,193,193,193,193],"floor_reached":51,"language":"ENG","playtime":2342,"items_purged":["TheRailgun:Strike"],"score":817,"play_id":"e75449a6-0a1a-4bbf-a816-bd8214bacb88","local_time":"20210221025530","is_ascension_mode":false,"campfire_choices":[{"data":"TheRailgun:Zip","floor":7.0,"key":"SMITH"},{"data":"TheRailgun:Sister_Noise","floor":11.0,"key":"SMITH"},{"floor":15.0,"key":"REST"},{"floor":24.0,"key":"REST"},{"data":"TheRailgun:Supercharge","floor":29.0,"key":"SMITH"},{"floor":32.0,"key":"REST"},{"data":"TheRailgun:Level_6","floor":40.0,"key":"SMITH"},{"data":"TheRailgun:Magnetic_Flight","floor":45.0,"key":"SMITH"},{"data":"TheRailgun:Biribiri","floor":49.0,"key":"SMITH"}],"circlet_count":0,"master_deck":["TheRailgun:Strike","TheRailgun:Strike","TheRailgun:Strike","TheRailgun:Defend","TheRailgun:Defend","TheRailgun:Defend","TheRailgun:Defend","TheRailgun:Static","TheRailgun:Zip+1","TheRailgun:Thundershock","TheRailgun:Biribiri+1","TheRailgun:Zap","TheRailgun:Level_6+1","TheRailgun:Lightning_Speed","TheRailgun:Pull","TheRailgun:Railgun+1","TheRailgun:Sister_Noise+1","TheRailgun:Thunderbolt","TheRailgun:Crack","TheRailgun:Electric_Fence","TheRailgun:Magnetic_Flight+1","TheRailgun:Battery_Pack","TheRailgun:Stun_Shock+1","TheRailgun:Supercharge+1","TheRailgun:Crack+1","TheRailgun:Aerial_Shot","TheRailgun:Lightningbolt","TheRailgun:Electric_Fence+1","TheRailgun:Crackle","TheRailgun:Lightning_Speed+1","TheRailgun:Push+1","TheRailgun:Magnetic_Movement+1","Writhe"],"relics":["TheRailgun:CoinRelic","NeowsBlessing","Bag of Preparation","Pear","Letter Opener","Philosopher\u0027s Stone","Anchor","Bottled Lightning","HollowMod:LifeEnderRelic","Mango","Tiny House","Shuriken","Pantograph","HornCleat"],"acts_visited":["Exordium","TheCity","TheBeyond"],"potions_floor_usage":[50,50],"damage_taken":[{"damage":0.0,"enemies":"Small Slimes","floor":1.0,"turns":1.0},{"damage":0.0,"enemies":"Jaw Worm","floor":5.0,"turns":1.0},{"damage":0.0,"enemies":"Gremlin Nob","floor":6.0,"turns":1.0},{"damage":0.0,"enemies":"Cultist","floor":8.0,"turns":3.0},{"damage":22.0,"enemies":"Gremlin Gang","floor":10.0,"turns":3.0},{"damage":0.0,"enemies":"2 Fungi Beasts","floor":13.0,"turns":2.0},{"damage":2.0,"enemies":"Blue Slaver","floor":14.0,"turns":3.0},{"damage":0.0,"enemies":"Slime Boss","floor":16.0,"turns":5.0},{"damage":17.0,"enemies":"3 Byrds","floor":18.0,"turns":4.0},{"damage":0.0,"enemies":"Spheric Guardian","floor":19.0,"turns":1.0},{"damage":2.0,"enemies":"Snecko","floor":21.0,"turns":3.0},{"damage":24.0,"enemies":"Slavers","floor":23.0,"turns":3.0},{"damage":6.0,"enemies":"Shelled Parasite and Fungi","floor":28.0,"turns":3.0},{"damage":27.0,"enemies":"Book of Stabbing","floor":30.0,"turns":5.0},{"damage":47.0,"enemies":"Collector","floor":33.0,"turns":7.0},{"damage":22.0,"enemies":"3 Shapes","floor":35.0,"turns":3.0},{"damage":0.0,"enemies":"Orb Walker","floor":37.0,"turns":2.0},{"damage":0.0,"enemies":"Maw","floor":39.0,"turns":5.0},{"damage":8.0,"enemies":"Jaw Worm Horde","floor":41.0,"turns":4.0},{"damage":14.0,"enemies":"Giant Head","floor":42.0,"turns":5.0},{"damage":6.0,"enemies":"4 Shapes","floor":44.0,"turns":3.0},{"damage":26.0,"enemies":"Sphere and 2 Shapes","floor":46.0,"turns":4.0},{"damage":43,"enemies":"Time Eater","floor":50,"turns":6}],"seed_played":"-8324345588149919580","potions_obtained":[{"floor":6.0,"key":"Weak Potion"},{"floor":10.0,"key":"Explosive Potion"},{"floor":13.0,"key":"Energy Potion"},{"floor":18.0,"key":"Fire Potion"},{"floor":34.0,"key":"Dexterity Potion"},{"floor":39.0,"key":"PowerPotion"},{"floor":46.0,"key":"AttackPotion"}],"is_trial":false,"path_per_floor":["M","?","$","?","M","E","R","M","T","M","R","$","M","M","R","B",null,"M","M","$","M","$","E","R","?","T","?","M","R","E","?","R","B",null,"M","$","M","?","M","R","M","E","T","M","R","M","?","?","R","B",null],"character_chosen":"THE_DEFAULT","items_purchased":["TheRailgun:Biribiri","TheRailgun:Zap","TheRailgun:Crack","Anchor","Shuriken","TheRailgun:Lightningbolt"],"campfire_rested":3,"item_purchase_floors":[3,3,12,20,36,36],"current_hp_per_floor":[70,63,63,63,63,73,73,73,73,51,51,51,51,49,73,73,80,63,63,63,61,61,37,61,61,61,61,55,55,42,42,70,41,99,89,89,89,89,89,89,99,99,99,99,99,73,98,98,98,75],"gold":193,"neow_bonus":"THREE_ENEMY_KILL","is_daily":false,"chose_seed":false,"campfire_upgraded":6,"win_rate":0.0,"timestamp":1613904930,"path_taken":["M","?","$","?","?","E","R","M","T","M","R","$","M","M","R","BOSS","M","M","$","?","$","E","R","?","T","?","M","R","E","?","R","BOSS","M","$","M","?","M","R","M","E","T","M","R","M","?","?","R","BOSS"],"items_purchased_type":["Card","Card","Card","Relic","Relic","Card"],"build_version":"2020-12-22","purchased_purges":1,"victory":true,"max_hp_per_floor":[70,70,70,70,70,80,80,80,80,80,80,80,80,80,80,80,80,80,80,80,80,80,80,80,80,80,80,80,80,94,94,94,94,99,99,99,99,99,99,99,99,99,99,99,99,99,99,99,99,99],"card_choices":[{"not_picked":["TheRailgun:Zap","TheRailgun:Coin_Flip"],"picked":"TheRailgun:Thundershock","floor":1.0},{"not_picked":["TheRailgun:Lightning_Speed","TheRailgun:Sister_Network"],"picked":"TheRailgun:Pull","floor":5.0},{"not_picked":["TheRailgun:Gekota_Phone","TheRailgun:Aerial_Shot"],"picked":"TheRailgun:Railgun","floor":6.0},{"not_picked":["TheRailgun:Thunderjolt","TheRailgun:Thunderbolt"],"picked":"TheRailgun:Sister_Noise","floor":8.0},{"not_picked":["TheRailgun:Sister_Noise","TheRailgun:Pull"],"picked":"TheRailgun:Thunderbolt","floor":10.0},{"not_picked":["TheRailgun:Coin_Flip","TheRailgun:Spark"],"picked":"TheRailgun:Electric_Fence","floor":13.0},{"not_picked":["TheRailgun:Iron_Dust_Field","TheRailgun:Scatter_Railgun","TheRailgun:Charge"],"picked":"SKIP","floor":14.0},{"not_picked":["TheRailgun:Level_6","TheRailgun:Thunder"],"picked":"TheRailgun:Magnetic_Flight","floor":16.0},{"not_picked":["TheRailgun:Thundershock","TheRailgun:Push","TheRailgun:Charge"],"picked":"SKIP","floor":18.0},{"not_picked":["TheRailgun:Electrical_Fire","TheRailgun:Gekota_Phone+1"],"picked":"TheRailgun:Battery_Pack","floor":19.0},{"not_picked":["TheRailgun:Negative_Field","TheRailgun:Static","TheRailgun:Pull+1"],"picked":"SKIP","floor":21.0},{"not_picked":["TheRailgun:Iron_Dust_Field","TheRailgun:Push"],"picked":"TheRailgun:Stun_Shock+1","floor":23.0},{"not_picked":["TheRailgun:Crackle","TheRailgun:Zap"],"picked":"TheRailgun:Supercharge","floor":28.0},{"not_picked":["TheRailgun:Negative_Field","TheRailgun:Gekotamania","TheRailgun:Mental_Out"],"picked":"SKIP","floor":30.0},{"not_picked":["TheRailgun:Recharge","TheRailgun:Push"],"picked":"TheRailgun:Crack+1","floor":34.0},{"not_picked":["TheRailgun:Thunderbolt","TheRailgun:Pull+1"],"picked":"TheRailgun:Aerial_Shot","floor":35.0},{"not_picked":["TheRailgun:Hypercharge+1","TheRailgun:Electrical_Storm"],"picked":"TheRailgun:Electric_Fence+1","floor":37.0},{"not_picked":["TheRailgun:Negative_Field+1","TheRailgun:Sister_Noise+1"],"picked":"TheRailgun:Crackle","floor":39.0},{"not_picked":["TheRailgun:Coin_Flip","TheRailgun:Lightningbolt+1"],"picked":"TheRailgun:Lightning_Speed+1","floor":41.0},{"not_picked":["TheRailgun:Discharge","TheRailgun:Gekota_Phone+1"],"picked":"TheRailgun:Push+1","floor":42.0},{"not_picked":["TheRailgun:Iron_Dust_Shield+1","TheRailgun:Scatter_Railgun+1"],"picked":"TheRailgun:Magnetic_Movement+1","floor":44.0},{"not_picked":["TheRailgun:Mental_Out","TheRailgun:Iron_Dust_Vial","TheRailgun:Lightningbolt+1"],"picked":"SKIP","floor":46.0}],"player_experience":187310,"relics_obtained":[{"floor":6.0,"key":"Pear"},{"floor":9.0,"key":"Letter Opener"},{"floor":23.0,"key":"Bottled Lightning"},{"floor":26.0,"key":"HollowMod:LifeEnderRelic"},{"floor":30.0,"key":"Mango"},{"floor":42.0,"key":"Pantograph"},{"floor":43.0,"key":"HornCleat"}],"event_choices":[{"damage_healed":0.0,"max_hp_gain":0.0,"max_hp_loss":0.0,"gold_gain":0.0,"event_name":"Scrap Ooze","player_choice":"Success","floor":2.0,"gold_loss":0.0,"damage_taken":7.0,"relics_obtained":["Bag of Preparation"]},{"damage_healed":0.0,"max_hp_gain":0.0,"max_hp_loss":0.0,"gold_gain":0.0,"event_name":"Match and Keep!","player_choice":"2 cards matched","floor":4.0,"gold_loss":0.0,"damage_taken":0.0,"cards_obtained":["TheRailgun:Level_6","TheRailgun:Lightning_Speed"]},{"damage_healed":0.0,"max_hp_gain":0.0,"max_hp_loss":0.0,"gold_gain":0.0,"event_name":"The Mausoleum","player_choice":"Ignored","floor":25.0,"gold_loss":0.0,"damage_taken":0.0},{"damage_healed":0.0,"max_hp_gain":0.0,"max_hp_loss":0.0,"gold_gain":0.0,"event_name":"Forgotten Altar","player_choice":"Smashed Altar","floor":27.0,"gold_loss":0.0,"damage_taken":0.0,"cards_obtained":["Decay"]},{"cards_removed":["Decay"],"damage_healed":0.0,"max_hp_gain":0.0,"max_hp_loss":0.0,"gold_gain":0.0,"event_name":"Beggar","player_choice":"Gave Gold","floor":31.0,"gold_loss":75.0,"damage_taken":0.0},{"cards_removed":["TheRailgun:Discharge"],"damage_healed":0.0,"max_hp_gain":0.0,"max_hp_loss":0.0,"gold_gain":0.0,"event_name":"Falling","player_choice":"Removed Skill","floor":38.0,"gold_loss":0.0,"damage_taken":0.0},{"damage_healed":25.0,"max_hp_gain":0.0,"max_hp_loss":0.0,"gold_gain":0.0,"event_name":"Winding Halls","player_choice":"Writhe","floor":47.0,"gold_loss":0.0,"damage_taken":0.0,"cards_obtained":["Writhe"]},{"damage_healed":0.0,"max_hp_gain":0.0,"max_hp_loss":0.0,"gold_gain":0.0,"event_name":"SensoryStone","player_choice":"Memory 1","floor":48.0,"gold_loss":0.0,"damage_taken":0.0}],"is_beta":false,"boss_relics":[{"not_picked":["Pandora\u0027s Box","SlaversCollar"],"picked":"Philosopher\u0027s Stone"},{"not_picked":["Black Star","Sozu"],"picked":"Tiny House"}],"items_purged_floors":[12],"is_endless":false,"potions_floor_spawned":[6,10,13,18,23,35,39,46],"ascension_level":0}}