{"host":"p4v0hquynnreu717","time":1613934586,"event":{"mods":["BaseMod","DeckTracker","Googly Eyes","Marisa£¨ìFÓê¡¡Ä§ÀíÉ³£©","Minty Spire (QoL Compilation)","MostiFishMod","Quick Restart","RumiaBox-Â¶Ã×æ«µÄÉñÃØºÐ×Ó","StSLib","SuperFastMode","[IsaacMod]ÒÔÈö¼âËþ","¡¾ÒÅÎï¿¨ÅÆ¡¿REMEMod"],"gold_per_floor":[115,115,190,190,206,238,290,320,368,385,400,400,430,430,430,526,526,542,542,52,52,64,90,90,119,119,131,142,171,171,71,71,853,853,921,970,348,348,459,459,2375,2375,2398,3146,2551,2551,2893,3278,3278,4214,4214,4214,2742,3009,6931],"floor_reached":56,"language":"ZHS","playtime":3176,"items_purged":["CasketOfStar","Strike_MRS","MasterSpark","Defend_MRS","Defend_MRS","ManaRampage","MaximisePower"],"score":2470,"play_id":"054012e4-becb-4dff-9de8-2674e348ae27","local_time":"20210222030946","is_ascension_mode":true,"campfire_choices":[{"data":"PowerUp","floor":12.0,"key":"SMITH"},{"data":"OortCloud","floor":15.0,"key":"SMITH"},{"data":"MilkyWay","floor":24.0,"key":"SMITH"},{"data":"Robbery","floor":32.0,"key":"SMITH"},{"data":"ManaConvection","floor":40.0,"key":"SMITH"},{"floor":42.0,"key":"RECALL"},{"data":"MilkyWay","floor":49.0,"key":"SMITH"},{"data":"UltimateShortwave","floor":52.0,"key":"SMITH"}],"circlet_count":0,"master_deck":["AscendersBane","Defend_MRS","Defend_MRS","UpSweep","SuicideKing","REME_ACTH","SprinkleStarSeal","MilkyWay+1","EnergyRecoil+1","MagicChant","PowerUp+1","OortCloud+1","SuperNova","REME_TheoryOfElimination+1","Acceleration","Singularity","Acceleration","MagicChant+1","Robbery+1","UltimateShortwave+1","ManaConvection+1","Purity","MilkyWay+1","ManaConvection"],"relics":["MiniHakkero","DaveBox","HushsDoor","REME_ComplimentaryCards","BelialBook","Civilization","NeowsBlessing","SynthV:TestCard","Bag of Preparation","PreservedInsect","Strawberry","StrikeDummy","Bloody Idol","ChiXiaoBlade","Pocketwatch","Juzu Bracelet","Leech","War Paint","REME_LimitBreaker","Runic Pyramid","CatCart","TheAbacus","Question Card","Omamori","Lantern","SSSystem","PlanX","ZombieArmy","Oddly Smooth Stone","Vajra","BirthdayGift-Tetrahedron","SynthV:C4"],"acts_visited":["Exordium","TheCity","TheBeyond","TheEnding"],"potions_floor_usage":[],"damage_taken":[{"damage":0.0,"enemies":"Small Slimes","floor":1.0,"turns":1.0},{"damage":0.0,"enemies":"2 Louse","floor":5.0,"turns":2.0},{"damage":0.0,"enemies":"3 Sentries","floor":6.0,"turns":1.0},{"damage":0.0,"enemies":"Gremlin Nob","floor":8.0,"turns":3.0},{"damage":0.0,"enemies":"Jaw Worm","floor":10.0,"turns":3.0},{"damage":0.0,"enemies":"Large Slime","floor":11.0,"turns":4.0},{"damage":0.0,"enemies":"3 Sentries","floor":13.0,"turns":4.0},{"damage":0.0,"enemies":"Hexaghost","floor":16.0,"turns":8.0},{"damage":0.0,"enemies":"Chosen","floor":18.0,"turns":7.0},{"damage":4.0,"enemies":"Spheric Guardian","floor":22.0,"turns":6.0},{"damage":4.0,"enemies":"Book of Stabbing","floor":23.0,"turns":4.0},{"damage":36.0,"enemies":"Slavers","floor":25.0,"turns":7.0},{"damage":0.0,"enemies":"Shelled Parasite and Fungi","floor":27.0,"turns":4.0},{"damage":18.0,"enemies":"Chosen and Byrds","floor":28.0,"turns":8.0},{"damage":21.0,"enemies":"Gremlin Leader","floor":29.0,"turns":4.0},{"damage":0.0,"enemies":"Champ","floor":33.0,"turns":7.0},{"damage":0.0,"enemies":"3 Darklings","floor":35.0,"turns":8.0},{"damage":72.0,"enemies":"Orin","floor":36.0,"turns":6.0},{"damage":1.0,"enemies":"3 Shapes","floor":39.0,"turns":3.0},{"damage":0.0,"enemies":"Transient","floor":41.0,"turns":4.0},{"damage":0.0,"enemies":"Giant Head","floor":44.0,"turns":4.0},{"damage":0.0,"enemies":"Writhing Mass","floor":47.0,"turns":2.0},{"damage":0.0,"enemies":"Nemesis","floor":48.0,"turns":3.0},{"damage":0.0,"enemies":"Time Eater","floor":50.0,"turns":3.0},{"damage":7.0,"enemies":"Shield and Spear","floor":54.0,"turns":6.0},{"damage":16,"enemies":"Delirium","floor":55,"turns":9}],"seed_played":"6384595118192019235","potions_obtained":[{"floor":6.0,"key":"BlessingOfTheForge"},{"floor":8.0,"key":"ColorlessPotion"},{"floor":18.0,"key":"DuplicationPotion"}],"is_trial":false,"path_per_floor":["M","?","?","?","M","E","T","E","T","M","M","R","E","?","R","B",null,"M","?","$","?","M","E","R","E","T","M","M","E","?","$","R","B",null,"M","?","$","?","M","R","M","R","T","E","$","?","M","E","R","B",null,"R","$","E","B",null],"character_chosen":"MARISA","items_purchased":["REME_TheoryOfElimination","Singularity","Acceleration","Pocketwatch","Purity","TheAbacus","Question Card","SSSystem","PlanX","Vajra","BirthdayGift-Tetrahedron","BlessingOfTheForge"],"campfire_rested":0,"item_purchase_floors":[17,20,20,20,37,37,37,45,45,53,53,53],"current_hp_per_floor":[65,58,47,47,51,56,56,68,68,73,78,78,83,46,46,51,92,97,97,97,97,103,109,109,83,83,96,94,86,71,71,71,92,127,144,82,82,82,98,98,116,116,121,139,139,124,140,157,157,169,177,177,177,184,178],"gold":6931,"neow_bonus":"THREE_ENEMY_KILL","is_daily":false,"chose_seed":false,"campfire_upgraded":7,"win_rate":0.0,"timestamp":1613934586,"path_taken":["M","?","?","?","M","E","?","E","T","M","M","R","E","?","R","BOSS","M","?","$","?","M","E","R","E","T","M","M","E","?","$","R","BOSS","M","?","$","?","M","R","M","R","T","E","$","?","M","E","R","BOSS","R","$","E","BOSS"],"items_purchased_type":["Card","Card","Card","Relic","Card","Relic","Relic","Relic","Relic","Relic","Relic","Potion"],"build_version":"2020-12-22","purchased_purges":7,"victory":true,"max_hp_per_floor":[72,72,72,72,76,81,81,93,93,98,103,103,108,108,108,113,106,111,111,111,111,116,121,121,126,126,131,136,141,141,141,141,146,139,144,149,149,149,154,154,159,159,159,164,164,164,169,174,174,179,179,179,179,184,189],"card_choices":[{"not_picked":[],"picked":"SuicideKing","floor":0.0},{"not_picked":["SporeBomb","StarlightTyphoon"],"picked":"SprinkleStarSeal","floor":1.0},{"not_picked":["AsteroidBelt","DoubleSpark","DC","FairyDestructionRay"],"picked":"MilkyWay","floor":5.0},{"not_picked":["EarthLightRay","DarkMatter","Bomb","DragonMeteor"],"picked":"CasketOfStar","floor":6.0},{"not_picked":["Bomb","LuminesStrike","NonDirectionalLaser","EnergyRecoil","GravityBeat"],"picked":"SKIP","floor":8.0},{"not_picked":["Bomb","LuminesStrike","NonDirectionalLaser","GravityBeat"],"picked":"EnergyRecoil","floor":8.0},{"not_picked":["MachineGunSpark","Bomb","MysteriousBeam","BlazeAway"],"picked":"MagicChant","floor":10.0},{"not_picked":["SporeBomb","MilkyWay","JA","ManaConvection"],"picked":"PowerUp","floor":11.0},{"not_picked":["PowerUp","GasGiant","AlicesGift","Orbital"],"picked":"OortCloud","floor":13.0},{"not_picked":["SatelliteIllusion","FinalSpark","ManaRampage","BlazingStar"],"picked":"SuperNova","floor":16.0},{"not_picked":["EnergyRecoil","AlicesGift","ShootingEcho","WitchOfGreed+1"],"picked":"Acceleration","floor":18.0},{"not_picked":["WitchOfGreed","ShootTheMoon","MachineGunSpark","UnstableBomb","DeepEcoloBomb"],"picked":"SKIP","floor":22.0},{"not_picked":["UnstableBomb","LuminesStrike","JA","SprinkleStarSeal","DeepEcoloBomb+1"],"picked":"SKIP","floor":23.0},{"not_picked":["DarkSpark","WitchLeyline+1","IllusionStar","MeteoricShower","ShootTheMoon+1"],"picked":"SKIP","floor":25.0},{"not_picked":["PropBag","SporeBomb+1","MilkyWay","WitchLeyline","DarkSpark"],"picked":"SKIP","floor":27.0},{"not_picked":["GalacticHalo","SporeBomb","DoubleSpark","MagicAbsorber"],"picked":"MagicChant+1","floor":28.0},{"not_picked":["UnstableBomb","NonDirectionalLaser","TreasureHunter","MysteriousBeam+1"],"picked":"Robbery","floor":29.0},{"not_picked":["JA","StarDustReverie","MillisecondPulsars","SatelliteIllusion"],"picked":"UltimateShortwave","floor":33.0},{"not_picked":["IllusionStar+1","EnergyRecoil","WitchLeyline","DC","ShootingEcho"],"picked":"SKIP","floor":35.0},{"not_picked":["SporeBomb","PowerUp","MysteriousBeam","GrandCross"],"picked":"ManaConvection","floor":36.0},{"not_picked":["SporeBomb","NonDirectionalLaser","UnstableBomb","CasketOfStar","AsteroidBelt","ShootingEcho"],"picked":"SKIP","floor":39.0},{"not_picked":["LuminesStrike+1","DC+1","6A","StarlightTyphoon","MilkyWay","ChargingUp+1"],"picked":"SKIP","floor":41.0},{"not_picked":["WitchLeyline+1","EventHorizon+1","StarBarrage","LuminesStrike","GasGiant","DarkSpark"],"picked":"SKIP","floor":44.0},{"not_picked":["WitchOfGreed","PulseMagic","6A+1","SatelliteIllusion","ChargeUpSpray"],"picked":"MilkyWay","floor":47.0},{"not_picked":["DeepEcoloBomb","GrandCross+1","LuminesStrike","PowerUp+1","MilkyWay","GalacticHalo"],"picked":"SKIP","floor":48.0},{"not_picked":["MysteriousBeam","StarlightTyphoon","PulseMagic","SuperPerseids","ShootTheMoon+1"],"picked":"ManaConvection","floor":54.0}],"player_experience":1164820,"relics_obtained":[{"floor":1.0,"key":"SynthV:TestCard"},{"floor":6.0,"key":"Bag of Preparation"},{"floor":7.0,"key":"PreservedInsect"},{"floor":8.0,"key":"Strawberry"},{"floor":13.0,"key":"StrikeDummy"},{"floor":23.0,"key":"Juzu Bracelet"},{"floor":25.0,"key":"Leech"},{"floor":26.0,"key":"War Paint"},{"floor":29.0,"key":"REME_LimitBreaker"},{"floor":36.0,"key":"CatCart"},{"floor":43.0,"key":"Omamori"},{"floor":44.0,"key":"Lantern"},{"floor":48.0,"key":"Oddly Smooth Stone"},{"floor":54.0,"key":"SynthV:C4"}],"event_choices":[{"cards_removed":["Strike_MRS"],"damage_healed":0.0,"max_hp_gain":0.0,"max_hp_loss":0.0,"gold_gain":0.0,"event_name":"Golden Wing","player_choice":"Card Removal","floor":2.0,"gold_loss":0.0,"damage_taken":7.0},{"damage_healed":0.0,"max_hp_gain":0.0,"max_hp_loss":0.0,"gold_gain":75.0,"event_name":"World of Goop","player_choice":"Gather Gold","floor":3.0,"gold_loss":0.0,"damage_taken":11.0},{"damage_healed":0.0,"max_hp_gain":0.0,"max_hp_loss":0.0,"gold_gain":0.0,"event_name":"Liars Game","player_choice":"Ignored","floor":4.0,"gold_loss":0.0,"damage_taken":0.0},{"damage_healed":0.0,"max_hp_gain":0.0,"max_hp_loss":0.0,"gold_gain":0.0,"event_name":"Golden Idol","player_choice":"Take Damage","floor":14.0,"gold_loss":0.0,"damage_taken":37.0,"relics_obtained":["Golden Idol"]},{"damage_healed":0.0,"max_hp_gain":0.0,"max_hp_loss":0.0,"gold_gain":0.0,"event_name":"Forgotten Altar","player_choice":"Gave Idol","floor":19.0,"relics_lost":["Golden Idol"],"gold_loss":0.0,"damage_taken":0.0,"relics_obtained":["Bloody Idol"]},{"damage_healed":0.0,"max_hp_gain":0.0,"max_hp_loss":0.0,"gold_gain":0.0,"cards_transformed":["Strike_MRS","Strike_MRS"],"event_name":"Drug Dealer","player_choice":"Became Test Subject","floor":21.0,"gold_loss":0.0,"damage_taken":0.0,"cards_obtained":["MaximisePower","ManaRampage"]},{"damage_healed":0.0,"max_hp_gain":0.0,"max_hp_loss":0.0,"gold_gain":0.0,"event_name":"OrinTheCat","player_choice":"Fight","floor":36.0,"gold_loss":0.0,"damage_taken":0.0},{"damage_healed":0.0,"max_hp_gain":0.0,"max_hp_loss":0.0,"gold_gain":0.0,"event_name":"Tomb of Lord Red Mask","player_choice":"Ignored","floor":38.0,"gold_loss":0.0,"damage_taken":0.0}],"is_beta":false,"boss_relics":[{"not_picked":["ExperimentalFamiliar","Coffee Dripper"],"picked":"ChiXiaoBlade"},{"not_picked":[]},{"not_picked":["RampagingMagicTools","Philosopher\u0027s Stone"],"picked":"Runic Pyramid"},{"not_picked":[]}],"items_purged_floors":[17,20,31,34,37,45,53],"is_endless":false,"potions_floor_spawned":[6,8,10,18,25,28,29,35,36,44,54],"ascension_level":15}}