{"host":"mvhzznpw3ffw85pv","time":1613918806,"event":{"mods":["AchievementEnabler","BaseMod","Bestiary","Block Reminder","Colored Map","Highlight Path","Minty Spire (QoL Compilation)","Relic Stats"],"gold_per_floor":[110,122,122,7,25,25,55,55,55,87,87,49,76,95,95,199,199,213,223,28,44,62,62,89,1,50,50,76,91,91,126,126,126,126],"floor_reached":33,"language":"ENG","playtime":2325,"items_purged":["Strike_R","Strike_R"],"score":557,"play_id":"336ce14f-d3a7-442f-b93d-2bec13bb96f0","local_time":"20210221094646","is_ascension_mode":true,"campfire_choices":[{"data":"Inflame","floor":6,"key":"SMITH"},{"data":"Heavy Blade","floor":8,"key":"SMITH"},{"data":"Shrug It Off","floor":11,"key":"SMITH"},{"data":"Shrug It Off","floor":15,"key":"SMITH"},{"data":"Limit Break","floor":23,"key":"SMITH"},{"floor":27,"key":"REST"},{"data":"Shrug It Off","floor":30,"key":"SMITH"},{"floor":32,"key":"REST"}],"circlet_count":0,"master_deck":["AscendersBane","Strike_R","Strike_R","Strike_R","Defend_R","Defend_R","Defend_R","Defend_R","Bash","Heavy Blade+1","Headbutt","Inflame+1","Whirlwind","Shrug It Off+1","Burning Pact","Spot Weakness","True Grit","Shrug It Off+1","Limit Break+1","Inflame","Shrug It Off+1","Flame Barrier+1","Pommel Strike+1","Heavy Blade+1"],"relics":["Burning Blood","Sundial","Lizard Tail","Singing Bowl","Art of War","Letter Opener","Velvet Choker","Membership Card","PreservedInsect","Dream Catcher","Molten Egg 2","Self Forming Clay"],"acts_visited":["Exordium","TheCity"],"potions_floor_usage":[7,10,16,24,33],"damage_taken":[{"damage":2,"enemies":"2 Louse","floor":1,"turns":3},{"damage":7,"enemies":"Jaw Worm","floor":2,"turns":3},{"damage":5,"enemies":"Small Slimes","floor":5,"turns":3},{"damage":35,"enemies":"Lagavulin","floor":7,"turns":8},{"damage":27,"enemies":"3 Sentries","floor":10,"turns":8},{"damage":35,"enemies":"Gremlin Nob","floor":13,"turns":4},{"damage":10,"enemies":"2 Fungi Beasts","floor":14,"turns":4},{"damage":25,"enemies":"The Guardian","floor":16,"turns":9},{"damage":17,"enemies":"Shell Parasite","floor":18,"turns":4},{"damage":0,"enemies":"3 Byrds","floor":19,"turns":5},{"damage":5,"enemies":"Centurion and Healer","floor":21,"turns":4},{"damage":7,"enemies":"Shelled Parasite and Fungi","floor":22,"turns":2},{"damage":45,"enemies":"Book of Stabbing","floor":24,"turns":5},{"damage":19,"enemies":"Gremlin Leader","floor":28,"turns":4},{"damage":8,"enemies":"Chosen and Byrds","floor":29,"turns":5},{"damage":34,"enemies":"Slavers","floor":31,"turns":5},{"damage":65,"enemies":"Collector","floor":33,"turns":7}],"seed_played":"-500338716914972598","potions_obtained":[{"floor":1,"key":"Fire Potion"},{"floor":5,"key":"Fire Potion"},{"floor":13,"key":"Strength Potion"},{"floor":21,"key":"LiquidMemories"},{"floor":28,"key":"Energy Potion"}],"is_trial":false,"path_per_floor":["M","M","?","$","M","R","E","R","T","E","R","?","E","M","R","B",null,"M","M","$","M","M","R","E","$","T","R","E","M","R","E","R","B"],"character_chosen":"IRONCLAD","items_purchased":["Inflame","Whirlwind","Membership Card","LiquidMemories"],"campfire_rested":2,"item_purchase_floors":[4,4,20,25],"current_hp_per_floor":[76,75,72,72,73,73,44,44,44,23,23,23,46,42,42,23,66,57,65,65,66,67,67,28,28,28,55,42,42,42,14,41,0,0],"gold":126,"neow_bonus":"THREE_CARDS","is_daily":false,"chose_seed":false,"campfire_upgraded":6,"win_rate":0.0,"timestamp":1613918806,"path_taken":["M","M","?","$","M","R","E","R","T","E","R","?","E","M","R","BOSS","M","M","$","M","M","R","E","$","T","R","E","M","R","E","R","BOSS"],"items_purchased_type":["Card","Card","Relic","Potion"],"build_version":"2020-12-22","purchased_purges":2,"victory":false,"max_hp_per_floor":[80,80,80,80,80,80,80,80,80,80,80,80,80,80,80,80,80,82,84,84,84,86,86,86,86,86,88,88,90,90,90,90,90,90],"relic_stats":{"Lizard Tail":40,"Dream Catcher":2,"Singing Bowl":10,"counters":[17,83],"Sundial":[10],"Self Forming Clay":[12],"PreservedInsect":89,"Art of War":[6],"Letter Opener":[87],"obtain_stats":[{"Lizard Tail":7,"Dream Catcher":26,"Singing Bowl":9,"Sundial":3,"Self Forming Clay":31,"Velvet Choker":17,"Molten Egg 2":28,"PreservedInsect":24,"Art of War":10,"Letter Opener":13,"Membership Card":20,"Burning Blood":0},{"Lizard Tail":4,"Dream Catcher":13,"Singing Bowl":4,"Sundial":2,"Self Forming Clay":16,"Velvet Choker":8,"Molten Egg 2":14,"PreservedInsect":13,"Art of War":5,"Letter Opener":6,"Membership Card":10,"Burning Blood":0},{"Lizard Tail":17,"Dream Catcher":62,"Singing Bowl":17,"Sundial":6,"Self Forming Clay":76,"Velvet Choker":42,"Molten Egg 2":66,"PreservedInsect":62,"Art of War":25,"Letter Opener":29,"Membership Card":51,"Burning Blood":0}],"Burning Blood":96},"card_choices":[{"not_picked":["Iron Wave","Headbutt"],"picked":"Heavy Blade","floor":0},{"not_picked":["Bloodletting","Entrench"],"picked":"Headbutt","floor":1},{"not_picked":["Bloodletting","Perfected Strike","Warcry"],"picked":"SKIP","floor":2},{"not_picked":["Wild Strike","Twin Strike"],"picked":"Shrug It Off","floor":5},{"not_picked":["Perfected Strike","Dark Embrace"],"picked":"Burning Pact","floor":7},{"not_picked":["Reaper","Evolve"],"picked":"Spot Weakness","floor":10},{"not_picked":["Sword Boomerang","Twin Strike"],"picked":"True Grit","floor":13},{"not_picked":["Second Wind","Sword Boomerang"],"picked":"Shrug It Off","floor":14},{"not_picked":["Brutality","Fiend Fire"],"picked":"Limit Break","floor":16},{"not_picked":["Wild Strike","Headbutt","Rampage"],"picked":"Singing Bowl","floor":18},{"not_picked":["Evolve","Anger","True Grit"],"picked":"Singing Bowl","floor":19},{"not_picked":["Hemokinesis","Bloodletting"],"picked":"Inflame","floor":21},{"not_picked":["Armaments","Warcry","Wild Strike+1"],"picked":"Singing Bowl","floor":22},{"not_picked":["Uppercut","Disarm"],"picked":"Shrug It Off","floor":24},{"not_picked":["Anger","Twin Strike","Thunderclap"],"picked":"Singing Bowl","floor":27},{"not_picked":["Whirlwind+1","Anger+1"],"picked":"Flame Barrier+1","floor":28},{"not_picked":["Clothesline+1","Corruption","Ghostly Armor"],"picked":"Singing Bowl","floor":29},{"not_picked":["Flame Barrier","Perfected Strike+1"],"picked":"Pommel Strike+1","floor":31},{"not_picked":["Cleave+1","Infernal Blade"],"picked":"Heavy Blade+1","floor":32}],"player_experience":642919,"relics_obtained":[{"floor":7,"key":"Lizard Tail"},{"floor":9,"key":"Singing Bowl"},{"floor":10,"key":"Art of War"},{"floor":13,"key":"Letter Opener"},{"floor":24,"key":"PreservedInsect"},{"floor":26,"key":"Dream Catcher"},{"floor":28,"key":"Molten Egg 2"},{"floor":31,"key":"Self Forming Clay"}],"event_choices":[{"damage_healed":0,"gold_gain":0,"player_choice":"Success","damage_taken":3,"relics_obtained":["Sundial"],"max_hp_gain":0,"max_hp_loss":0,"event_name":"Scrap Ooze","floor":3,"gold_loss":0},{"damage_healed":0,"gold_gain":0,"player_choice":"Left Gold","damage_taken":0,"max_hp_gain":0,"max_hp_loss":0,"event_name":"World of Goop","floor":12,"gold_loss":38}],"is_beta":false,"boss_relics":[{"not_picked":["Ectoplasm","Empty Cage"],"picked":"Velvet Choker"}],"items_purged_floors":[20,25],"is_endless":false,"potions_floor_spawned":[1,5,13,21,28,29],"killed_by":"Collector","ascension_level":12}}