{"host":"hf83sijwe64ts2lm","time":1613868425,"event":{"mods":["2.2 Compatiblity","BaseMod","Better Altar","Better Match","Better Note","Better Sensory Stone","Better Skull","Better Third Choice","Colored Map","Colored Powertips","Highlight Path","Hubris","Infinite Spire","Minty Spire (QoL Compilation)","Quick Restart","Rare Cards Sparkle","Relic Stats","Reliquary","Replay The Spire","Shop Mod","Spicy Shops","Spire Arcade","StSLib","Thieving Mod"],"gold_per_floor":[219,219,234,116,134,134,134,159,159,159,172,172,200,217,217,321,321,336,35,37,37,37,37],"floor_reached":22,"language":"ENG","playtime":431,"items_purged":[],"score":243,"play_id":"d2825090-384b-47dd-a118-b6c77a90322d","local_time":"20210220194705","is_ascension_mode":true,"campfire_choices":[{"data":"ReplayTheSpireMod:LeadingStrike","floor":6,"key":"SMITH"},{"floor":10,"key":"REST"},{"data":"Rampage","floor":12,"key":"SMITH"},{"floor":15,"key":"REST"}],"circlet_count":0,"master_deck":["Strike_R","Strike_R","Strike_R","Strike_R","Strike_R","Defend_R","Defend_R","Defend_R","Defend_R","Bash","Armaments+1","Life Link","Rampage+1","Blind","ReplayTheSpireMod:LeadingStrike+1","Whirlwind","Life Link","Wild Strike","hubris:CleavingFinish","Limit Break","Flex","Anger","Bandage Up","Chrysalis","Sword Boomerang"],"relics":["Burning Blood","Replay:PocketPolymizer","hubris:MysteriousPyramids","reliquary:Knoch","Busted Crown"],"acts_visited":["Exordium","TheCity"],"potions_floor_usage":[5,11,16,20],"damage_taken":[{"damage":11,"enemies":"Jaw Worm","floor":1,"turns":5},{"damage":10,"enemies":"2 Louse","floor":3,"turns":3},{"damage":8,"enemies":"Cultist","floor":5,"turns":3},{"damage":25,"enemies":"Lagavulin","floor":8,"turns":5},{"damage":3,"enemies":"Looter","floor":11,"turns":3},{"damage":18,"enemies":"Gremlin Nob","floor":13,"turns":3},{"damage":15,"enemies":"2 Fungi Beasts","floor":14,"turns":2},{"damage":33,"enemies":"Slime Boss","floor":16,"turns":4},{"damage":6,"enemies":"3 Byrds","floor":18,"turns":5},{"damage":31,"enemies":"2 Thieves","floor":20,"turns":4},{"damage":57,"enemies":"Sentry and Sphere","floor":22,"turns":6}],"seed_played":"5780366546878974233","potions_obtained":[{"floor":1,"key":"GamblersBrew"},{"floor":3,"key":"FearPotion"},{"floor":8,"key":"Strength Potion"},{"floor":11,"key":"SmokeBomb"},{"floor":14,"key":"ThievingMod:ThievingPotion"},{"floor":18,"key":"SteroidPotion"}],"is_trial":false,"path_per_floor":["M","?","M","$","M","R","?","E","T","R","M","R","E","M","R","B",null,"M","$","M","?","M"],"character_chosen":"IRONCLAD","items_purchased":["Rampage","Blind","Anger","Bandage Up","Chrysalis"],"campfire_rested":2,"item_purchase_floors":[4,4,19,19,19],"current_hp_per_floor":[75,75,71,71,69,69,69,50,50,74,77,77,65,56,80,53,73,73,73,52,52,0,0],"gold":37,"neow_bonus":"HUNDRED_GOLD","is_daily":false,"chose_seed":false,"campfire_upgraded":2,"win_rate":0.0,"timestamp":1613868425,"path_taken":["M","?","M","$","M","R","?","E","T","R","?","R","E","M","R","BOSS","M","$","M","?","M"],"items_purchased_type":["Card","Card","Card","Card","Card"],"build_version":"2020-12-22","purchased_purges":0,"victory":false,"max_hp_per_floor":[80,80,80,80,80,80,80,80,80,80,80,80,80,80,80,80,80,80,80,80,80,80,80],"relic_stats":{"Busted Crown":4,"counters":[11,43],"obtain_stats":[{"Replay:PocketPolymizer":8,"Busted Crown":17,"reliquary:Knoch":13,"hubris:MysteriousPyramids":9,"Burning Blood":0},{"Replay:PocketPolymizer":4,"Busted Crown":8,"reliquary:Knoch":6,"hubris:MysteriousPyramids":4,"Burning Blood":0},{"Replay:PocketPolymizer":16,"Busted Crown":28,"reliquary:Knoch":22,"hubris:MysteriousPyramids":16,"Burning Blood":0}],"Burning Blood":60},"card_choices":[{"not_picked":["Shrug It Off","Dark Embrace"],"picked":"Armaments","floor":1},{"not_picked":["Warcry","True Grit"],"picked":"Life Link","floor":3},{"not_picked":["Sword Boomerang","Wild Strike"],"picked":"ReplayTheSpireMod:LeadingStrike","floor":5},{"not_picked":["Cleave","Twin Strike"],"picked":"Whirlwind","floor":8},{"not_picked":["Replay:Undeath\u0027s Touch","hubris:SharpeningStone"],"picked":"Life Link","floor":11},{"not_picked":["hubris:ReadiedAction","Iron Wave"],"picked":"Wild Strike","floor":13},{"not_picked":["Replay:Undeath\u0027s Touch","Havoc"],"picked":"hubris:CleavingFinish","floor":14},{"not_picked":["Demonic Infusion","Reaper"],"picked":"Limit Break","floor":16},{"not_picked":[],"picked":"Flex","floor":18},{"not_picked":[],"picked":"Sword Boomerang","floor":20}],"player_experience":188024,"relics_obtained":[{"floor":8,"key":"Replay:PocketPolymizer"},{"floor":9,"key":"hubris:MysteriousPyramids"},{"floor":13,"key":"reliquary:Knoch"}],"event_choices":[{"damage_healed":0,"gold_gain":0,"player_choice":"Ignored","damage_taken":0,"max_hp_gain":0,"max_hp_loss":0,"event_name":"Purifier","floor":7,"gold_loss":0}],"is_beta":false,"boss_relics":[{"not_picked":["infinitespire:Cupcake","Ectoplasm"],"picked":"Busted Crown"}],"items_purged_floors":[],"is_endless":false,"potions_floor_spawned":[1,3,8,11,14,18],"killed_by":"Sentry and Sphere","ascension_level":5}}