{"host":"o6j8h35axmoodbwy","time":1613871213,"event":{"mods":["2.2 Compatiblity","Act Like it!","BaseMod","Beaked The Cultist","Colored Map","Colored Powertips","Faster Ascension Climbing","MarisaÅiñ∂âJÅ@ñÇóùçπÅj","Minty Spire (QoL Compilation)","Prisma Mod","Quick Restart","Shop Mod","StSLib","SuperFastMode","Td1madao Mod"],"gold_per_floor":[115,40,40,40,59,59,75,75,75,100,119,119,135,146,146,242,242,258,271,271,271],"floor_reached":20,"language":"JPN","playtime":2019,"items_purged":["beaked:Strike_Y"],"score":176,"play_id":"a90bf8d7-0f27-41fa-990c-900ee30c7932","local_time":"20210221103333","is_ascension_mode":false,"campfire_choices":[{"data":"beaked:Ceremony","floor":6,"key":"SMITH"},{"data":"beaked:Ceremony","floor":8,"key":"SMITH"},{"data":"beaked:Foresight","floor":12,"key":"SMITH"},{"data":"beaked:ScreechingChant","floor":15,"key":"SMITH"}],"circlet_count":0,"master_deck":["beaked:Strike_Y","beaked:Strike_Y","beaked:Strike_Y","beaked:Strike_Y","beaked:Strike_Y","beaked:Defend_Y","beaked:Defend_Y","beaked:Defend_Y+1","beaked:Defend_Y+1","beaked:Ceremony+1","beaked:Ceremony+1","beaked:Ceremony","beaked:HuntressSpirit+1","beaked:Daydream","beaked:WarriorEssence","beaked:RitualOfBody","beaked:Foresight+1","beaked:ScreechingChant+1","beaked:Roost","beaked:DigDeep","beaked:Evade","beaked:Sacrifice","beaked:Flinch+1","beaked:BraceForImpact","beaked:Insight"],"relics":["beaked:MendingPlumage","War Paint","beaked:ShinyBauble","Prayer Wheel","beaked:MawFillet"],"acts_visited":["Exordium","TheCity"],"potions_floor_usage":[10,13,16],"damage_taken":[{"damage":7,"enemies":"Small Slimes","floor":1,"turns":6},{"damage":2,"enemies":"Cultist","floor":5,"turns":6},{"damage":0,"enemies":"Jaw Worm","floor":7,"turns":6},{"damage":21,"enemies":"Lagavulin","floor":10,"turns":8},{"damage":5,"enemies":"Blue Slaver","floor":11,"turns":7},{"damage":38,"enemies":"Gremlin Gang","floor":13,"turns":5},{"damage":10,"enemies":"Exordium Wildlife","floor":14,"turns":8},{"damage":26,"enemies":"Slime Boss","floor":16,"turns":9},{"damage":14,"enemies":"3 Byrds","floor":18,"turns":9},{"damage":51,"enemies":"Spheric Guardian","floor":19,"turns":10},{"damage":96,"enemies":"3 Cultists","floor":20,"turns":7}],"seed_played":"5488652543904155713","potions_obtained":[{"floor":1,"key":"Energy Potion"},{"floor":10,"key":"Explosive Potion"},{"floor":11,"key":"ColorlessPotion"},{"floor":16,"key":"BlessingOfTheForge"}],"is_trial":false,"path_per_floor":["M","$","?","?","M","R","M","R","T","E","M","R","M","M","R","B",null,"M","M","M"],"character_chosen":"BEAKED_THE_CULTIST","items_purchased":[],"campfire_rested":0,"item_purchase_floors":[],"current_hp_per_floor":[50,50,50,50,50,50,50,50,50,42,50,50,24,35,35,51,53,56,44,0,0],"gold":271,"neow_bonus":"RANDOM_COMMON_RELIC","is_daily":false,"chose_seed":false,"campfire_upgraded":4,"win_rate":0.0,"timestamp":1613871213,"path_taken":["M","$","?","?","M","R","M","R","T","E","M","R","M","M","R","BOSS","M","M","M"],"items_purchased_type":[],"build_version":"2020-12-22","purchased_purges":1,"victory":false,"max_hp_per_floor":[50,50,50,50,50,50,50,50,50,50,50,50,50,50,50,53,53,56,59,59,59],"card_choices":[{"not_picked":["beaked:Daydream","beaked:Evade"],"picked":"beaked:HuntressSpirit","floor":1},{"not_picked":["beaked:Poke","beaked:Resilience"],"picked":"beaked:Daydream","floor":5},{"not_picked":["beaked:Redirect","beaked:MachineSpirit"],"picked":"beaked:WarriorEssence","floor":7},{"not_picked":["beaked:DarkTribute","beaked:Tweet"],"picked":"beaked:RitualOfBody","floor":10},{"not_picked":["beaked:Evade","beaked:Poke"],"picked":"beaked:Foresight","floor":11},{"not_picked":["beaked:SurvivalInstinct","beaked:DesperateSwing","beaked:WarriorEssence"],"picked":"SKIP","floor":11},{"not_picked":["beaked:WarriorEssence","beaked:TuckingFeathers"],"picked":"beaked:ScreechingChant","floor":13},{"not_picked":["beaked:BloodRitual","beaked:Resilience"],"picked":"beaked:Roost","floor":13},{"not_picked":["beaked:BraceForImpact","beaked:RitualOfBody"],"picked":"beaked:DigDeep","floor":14},{"not_picked":["beaked:BarbedWire","beaked:SurvivalInstinct","beaked:Evade"],"picked":"SKIP","floor":14},{"not_picked":["beaked:BarbedWire","beaked:SurvivalInstinct","beaked:Evade"],"picked":"SKIP","floor":14},{"not_picked":["beaked:BarbedWire","beaked:SurvivalInstinct"],"picked":"beaked:Evade","floor":14},{"not_picked":["beaked:DarkPact","beaked:LiftOff"],"picked":"beaked:Sacrifice","floor":16},{"not_picked":["beaked:Brace","beaked:Poke"],"picked":"beaked:Flinch+1","floor":18},{"not_picked":["beaked:Brace","beaked:MimicWarrior"],"picked":"beaked:BraceForImpact","floor":18},{"not_picked":["beaked:Flinch","beaked:Resilience"],"picked":"beaked:Insight","floor":19},{"not_picked":["beaked:Tradeoff","beaked:Insight","beaked:Devastation"],"picked":"SKIP","floor":19}],"player_experience":461058,"relics_obtained":[{"floor":9,"key":"beaked:ShinyBauble"},{"floor":10,"key":"Prayer Wheel"}],"event_choices":[{"damage_healed":0,"gold_gain":0,"player_choice":"Grow","damage_taken":0,"max_hp_gain":0,"max_hp_loss":0,"event_name":"Living Wall","floor":3,"gold_loss":0,"cards_upgraded":["beaked:HuntressSpirit"]},{"damage_healed":0,"gold_gain":0,"player_choice":"Ignored","damage_taken":0,"max_hp_gain":0,"max_hp_loss":0,"event_name":"NoteForYourself","floor":4,"gold_loss":0}],"is_beta":false,"boss_relics":[{"not_picked":["Velvet Choker","Philosopher\u0027s Stone"],"picked":"beaked:MawFillet"}],"items_purged_floors":[2],"is_endless":false,"potions_floor_spawned":[1,10,11,16],"killed_by":"3 Cultists","ascension_level":0}}