{"host":"5yoj846f700ld8qy","time":1613944151,"event":{"mods":["AchievementEnabler","BaseMod","Better Altar","Better Match","Better Note","Better Sensory Stone","Better Skull","Better Third Choice","Colored Map","Colored Powertips","Minty Spire (QoL Compilation)","StSLib","UnlockEverythingMod"],"gold_per_floor":[115,28,78,91,101,101,129,54,78,43,43,73,17,17,17],"floor_reached":14,"language":"ENG","playtime":257,"items_purged":["Strike_G"],"score":192,"play_id":"04f10ea6-db27-4f60-a8fe-f96272df5c45","local_time":"20210221234911","is_ascension_mode":true,"campfire_choices":[{"data":"Terror","floor":6,"key":"SMITH"},{"floor":11,"key":"REST"}],"circlet_count":0,"master_deck":["AscendersBane","Strike_G","Strike_G","Strike_G","Strike_G","Defend_G","Defend_G","Defend_G","Defend_G","Defend_G","Survivor","Neutralize","Terror+1","Caltrops","Poisoned Stab","Dodge and Roll","Crippling Poison","Prepared","Infinite Blades"],"relics":["Ring of the Snake","NeowsBlessing","Boot","Akabeko","Nunchaku"],"acts_visited":["Exordium"],"potions_floor_usage":[7,12,14],"damage_taken":[{"damage":0,"enemies":"Cultist","floor":1,"turns":1},{"damage":0,"enemies":"Jaw Worm","floor":4,"turns":1},{"damage":0,"enemies":"2 Louse","floor":5,"turns":2},{"damage":53,"enemies":"Gremlin Nob","floor":7,"turns":5},{"damage":36,"enemies":"Lagavulin","floor":12,"turns":6},{"damage":2,"enemies":"Gremlin Nob","floor":14,"turns":3}],"seed_played":"-6370798153184325492","potions_obtained":[{"floor":1,"key":"PowerPotion"},{"floor":5,"key":"SpeedPotion"}],"is_trial":false,"path_per_floor":["M","$","?","M","M","R","E","$","T","?","R","E","$","E"],"character_chosen":"THE_SILENT","items_purchased":["Caltrops","Poisoned Stab","AttackPotion"],"campfire_rested":1,"item_purchase_floors":[2,2,13],"current_hp_per_floor":[59,59,59,59,59,59,6,6,6,22,41,5,5,3,3],"gold":17,"neow_bonus":"THREE_ENEMY_KILL","is_daily":false,"chose_seed":false,"campfire_upgraded":1,"win_rate":0.0,"timestamp":1613944151,"path_taken":["M","$","?","?","M","R","E","$","T","?","R","E","$","E"],"items_purchased_type":["Card","Card","Potion"],"build_version":"2020-12-22","purchased_purges":1,"victory":false,"max_hp_per_floor":[66,66,66,66,66,66,66,66,66,66,66,66,66,66,66],"card_choices":[{"not_picked":["Tactician","Dagger Spray"],"picked":"Terror","floor":1},{"not_picked":["Flying Knee","Bane"],"picked":"Dodge and Roll","floor":4},{"not_picked":["Underhanded Strike","Dagger Throw"],"picked":"Crippling Poison","floor":5},{"not_picked":["Heel Hook","Sucker Punch"],"picked":"Prepared","floor":7},{"not_picked":["Poisoned Stab","Finisher"],"picked":"Infinite Blades","floor":12}],"player_experience":451530,"relics_obtained":[{"floor":7,"key":"Boot"},{"floor":9,"key":"Akabeko"},{"floor":12,"key":"Nunchaku"}],"event_choices":[{"damage_healed":0,"gold_gain":50,"player_choice":"Pray","damage_taken":0,"max_hp_gain":0,"max_hp_loss":0,"event_name":"Golden Shrine","floor":3,"gold_loss":0},{"damage_healed":16,"gold_gain":0,"player_choice":"Healed","damage_taken":0,"max_hp_gain":0,"max_hp_loss":0,"event_name":"The Cleric","floor":10,"gold_loss":35}],"is_beta":false,"boss_relics":[],"items_purged_floors":[8],"is_endless":false,"potions_floor_spawned":[1,5],"killed_by":"Gremlin Nob","ascension_level":20}}