{"host":"eksvfr80mef7di1h","time":1613931477,"event":{"mods":["AchievementEnabler","BaseMod","Colored Map","Minty Spire (QoL Compilation)","StSLib","SuperFastMode"],"gold_per_floor":[115,130,130,143,143,143,178,34,57,75,75,175,195,219,219,343,343,359,372,66,90,106,106,139,160,160,196,217,217,242,273,273,401,401,416,416,439,464,479,512,526,570,570,570,169,182,217,104,104,104],"floor_reached":51,"language":"ENG","playtime":1488,"items_purged":["Injury","Parasite","Defend_R"],"score":928,"play_id":"bed6b979-c6a9-4cbd-9d5b-b5cac16c05e8","local_time":"20210221191757","is_ascension_mode":false,"campfire_choices":[{"data":"Bash","floor":6,"key":"SMITH"},{"data":"Bludgeon","floor":11,"key":"SMITH"},{"floor":15,"key":"REST"},{"data":"Perfected Strike","floor":23,"key":"SMITH"},{"data":"Flame Barrier","floor":29,"key":"SMITH"},{"data":"Shockwave","floor":32,"key":"SMITH"},{"floor":44,"key":"REST"},{"data":"Uppercut","floor":49,"key":"SMITH"}],"circlet_count":0,"master_deck":["Strike_R","Strike_R","Strike_R","Strike_R+1","Strike_R","Defend_R","Defend_R+1","Defend_R+1","Bash+1","Sever Soul","Bludgeon+1","Cleave+1","Perfected Strike+1","Impervious","Shockwave+1","Clothesline","Flame Barrier+1","Clothesline","Perfected Strike+1","Armaments+1","Fiend Fire","Dual Wield+1","Carnage+1","Perfected Strike+1","Uppercut+1","Exhume","Shrug It Off+1"],"relics":["Snecko Eye","Golden Idol","Centennial Puzzle","PreservedInsect","Cursed Key","Mango","Vajra","White Beast Statue","Oddly Smooth Stone","Bronze Scales","Black Star","Omamori","Kunai","Whetstone","Regal Pillow","HornCleat","Bag of Preparation","Sundial","MawBank"],"acts_visited":["Exordium","TheCity","TheBeyond"],"potions_floor_usage":[7,16,16,28,30,31,33,37,39,40,40,42,47,50,50],"damage_taken":[{"damage":0,"enemies":"Cultist","floor":1,"turns":2},{"damage":0,"enemies":"Small Slimes","floor":2,"turns":3},{"damage":6,"enemies":"Jaw Worm","floor":4,"turns":2},{"damage":16,"enemies":"Gremlin Nob","floor":7,"turns":4},{"damage":11,"enemies":"Large Slime","floor":10,"turns":2},{"damage":8,"enemies":"Gremlin Gang","floor":13,"turns":2},{"damage":0,"enemies":"Looter","floor":14,"turns":1},{"damage":13,"enemies":"Hexaghost","floor":16,"turns":4},{"damage":0,"enemies":"Spheric Guardian","floor":18,"turns":2},{"damage":0,"enemies":"2 Thieves","floor":19,"turns":2},{"damage":0,"enemies":"Snake Plant","floor":21,"turns":2},{"damage":0,"enemies":"3 Cultists","floor":22,"turns":4},{"damage":2,"enemies":"Slavers","floor":24,"turns":3},{"damage":0,"enemies":"Shelled Parasite and Fungi","floor":25,"turns":2},{"damage":8,"enemies":"Book of Stabbing","floor":27,"turns":3},{"damage":8,"enemies":"Centurion and Healer","floor":28,"turns":4},{"damage":0,"enemies":"Chosen and Byrds","floor":30,"turns":2},{"damage":0,"enemies":"Gremlin Leader","floor":31,"turns":3},{"damage":56,"enemies":"Champ","floor":33,"turns":9},{"damage":41,"enemies":"3 Shapes","floor":35,"turns":3},{"damage":13,"enemies":"3 Darklings","floor":37,"turns":3},{"damage":0,"enemies":"Transient","floor":38,"turns":5},{"damage":0,"enemies":"Jaw Worm Horde","floor":39,"turns":2},{"damage":15,"enemies":"Reptomancer","floor":40,"turns":3},{"damage":0,"enemies":"Maw","floor":41,"turns":4},{"damage":0,"enemies":"Giant Head","floor":42,"turns":5},{"damage":0,"enemies":"Writhing Mass","floor":46,"turns":2},{"damage":0,"enemies":"Reptomancer","floor":47,"turns":2},{"damage":48,"enemies":"Awakened One","floor":50,"turns":7}],"seed_played":"-2132780200740091937","potions_obtained":[{"floor":2,"key":"Block Potion"},{"floor":7,"key":"Dexterity Potion"},{"floor":14,"key":"EssenceOfSteel"},{"floor":19,"key":"ElixirPotion"},{"floor":25,"key":"BloodPotion"},{"floor":27,"key":"Fruit Juice"},{"floor":28,"key":"Weak Potion"},{"floor":30,"key":"Fruit Juice"},{"floor":31,"key":"Fruit Juice"},{"floor":33,"key":"DuplicationPotion"},{"floor":35,"key":"Dexterity Potion"},{"floor":37,"key":"PowerPotion"},{"floor":38,"key":"PowerPotion"},{"floor":39,"key":"FearPotion"},{"floor":40,"key":"AttackPotion"},{"floor":41,"key":"ColorlessPotion"},{"floor":42,"key":"Explosive Potion"},{"floor":46,"key":"PowerPotion"},{"floor":47,"key":"AttackPotion"}],"is_trial":false,"path_per_floor":["M","M","?","M","?","R","E","$","T","M","R","?","M","M","R","B",null,"M","M","$","M","M","R","E","M","T","E","M","R","M","E","R","B",null,"M","?","M","M","M","E","M","E","T","R","$","M","E","$","R","B",null],"character_chosen":"IRONCLAD","items_purchased":["Bludgeon","Mango","Bag of Preparation","Uppercut","Exhume"],"campfire_rested":2,"item_purchase_floors":[8,20,45,45,45],"current_hp_per_floor":[80,80,64,58,58,58,42,42,42,31,31,31,23,23,47,34,80,80,80,94,94,94,94,92,92,92,84,81,81,86,91,91,56,109,68,68,55,55,55,40,40,40,40,87,87,87,87,87,87,39],"gold":104,"neow_bonus":"BOSS_RELIC","is_daily":false,"chose_seed":false,"campfire_upgraded":6,"win_rate":0.0,"timestamp":1613931477,"path_taken":["M","M","?","M","?","R","E","?","T","M","R","?","M","M","R","BOSS","M","M","$","M","M","R","E","M","T","E","?","R","M","E","R","BOSS","M","?","M","?","M","E","M","E","T","R","$","M","E","?","R","BOSS"],"items_purchased_type":["Card","Relic","Relic","Card","Card"],"build_version":"2020-12-22","purchased_purges":3,"victory":true,"max_hp_per_floor":[80,80,80,80,80,80,80,80,80,80,80,80,80,80,80,80,80,80,80,94,94,94,94,94,94,94,94,99,99,104,109,109,109,109,109,109,109,109,109,109,109,109,109,109,106,106,106,106,106,106],"card_choices":[{"not_picked":["Armaments","Pommel Strike","Clash"],"picked":"SKIP","floor":1},{"not_picked":["Metallicize","True Grit"],"picked":"Sever Soul","floor":2},{"not_picked":["Searing Blow","Inflame","Body Slam"],"picked":"SKIP","floor":4},{"not_picked":["Headbutt","Whirlwind","Thunderclap"],"picked":"SKIP","floor":7},{"not_picked":["True Grit","Twin Strike"],"picked":"Cleave","floor":10},{"not_picked":["Thunderclap","Feel No Pain"],"picked":"Perfected Strike","floor":13},{"not_picked":["Rupture","Flex","Body Slam"],"picked":"SKIP","floor":14},{"not_picked":["Double Tap","Barricade"],"picked":"Impervious","floor":16},{"not_picked":["Entrench","Cleave"],"picked":"Shockwave","floor":18},{"not_picked":["Spot Weakness","Dropkick"],"picked":"Clothesline","floor":19},{"not_picked":["Havoc+1","Clash"],"picked":"Flame Barrier","floor":21},{"not_picked":["Pommel Strike","Clash+1","Sword Boomerang"],"picked":"SKIP","floor":22},{"not_picked":["Wild Strike","Reckless Charge","Dark Embrace"],"picked":"SKIP","floor":24},{"not_picked":["Shrug It Off","Fire Breathing+1","Thunderclap"],"picked":"SKIP","floor":25},{"not_picked":["Perfected Strike","Limit Break"],"picked":"Clothesline","floor":27},{"not_picked":["Armaments","Thunderclap+1"],"picked":"Perfected Strike+1","floor":28},{"not_picked":["Armaments","Body Slam+1","Pommel Strike"],"picked":"SKIP","floor":30},{"not_picked":["Corruption","Flex+1"],"picked":"Armaments+1","floor":31},{"not_picked":["Juggernaut","Impervious"],"picked":"Fiend Fire","floor":33},{"not_picked":["Whirlwind","Anger","Battle Trance+1"],"picked":"SKIP","floor":35},{"not_picked":["Body Slam","Shockwave"],"picked":"Dual Wield+1","floor":37},{"not_picked":["Pommel Strike+1","Whirlwind"],"picked":"Carnage+1","floor":38},{"not_picked":["Second Wind+1","Rampage","Pommel Strike"],"picked":"SKIP","floor":39},{"not_picked":["Armaments+1","Shrug It Off","Pommel Strike"],"picked":"SKIP","floor":40},{"not_picked":["Armaments","Pommel Strike"],"picked":"Perfected Strike+1","floor":41},{"not_picked":["Spot Weakness+1","Fire Breathing","Clothesline"],"picked":"SKIP","floor":42},{"not_picked":["Seeing Red+1","Offering","Power Through"],"picked":"SKIP","floor":46},{"not_picked":["Iron Wave","Pommel Strike"],"picked":"Shrug It Off+1","floor":47}],"player_experience":176445,"relics_obtained":[{"floor":7,"key":"Centennial Puzzle"},{"floor":9,"key":"PreservedInsect"},{"floor":24,"key":"Vajra"},{"floor":26,"key":"White Beast Statue"},{"floor":27,"key":"Oddly Smooth Stone"},{"floor":31,"key":"Bronze Scales"},{"floor":40,"key":"Omamori"},{"floor":40,"key":"Kunai"},{"floor":42,"key":"Whetstone"},{"floor":42,"key":"Regal Pillow"},{"floor":43,"key":"HornCleat"},{"floor":47,"key":"Sundial"},{"floor":47,"key":"MawBank"}],"event_choices":[{"damage_healed":0,"gold_gain":0,"player_choice":"Entered Light","damage_taken":16,"max_hp_gain":0,"max_hp_loss":0,"event_name":"Shining Light","floor":3,"gold_loss":0,"cards_upgraded":["Defend_R","Defend_R"]},{"damage_healed":0,"gold_gain":0,"player_choice":"Take Wound","damage_taken":0,"relics_obtained":["Golden Idol"],"max_hp_gain":0,"max_hp_loss":0,"event_name":"Golden Idol","floor":5,"gold_loss":0,"cards_obtained":["Injury"]},{"damage_healed":0,"gold_gain":100,"player_choice":"Pray","damage_taken":0,"max_hp_gain":0,"max_hp_loss":0,"event_name":"Golden Shrine","floor":12,"gold_loss":0},{"damage_healed":0,"gold_gain":0,"player_choice":"Ignored","damage_taken":0,"max_hp_gain":0,"max_hp_loss":0,"event_name":"SecretPortal","floor":36,"gold_loss":0}],"is_beta":false,"boss_relics":[{"not_picked":["SacredBark","Calling Bell"],"picked":"Cursed Key"},{"not_picked":["SlaversCollar","Sozu"],"picked":"Black Star"}],"items_purged_floors":[8,45,48],"is_endless":false,"potions_floor_spawned":[2,7,14,19,25,27,28,30,31,33,35,37,38,39,40,41,42,46,47],"ascension_level":0}}