{"host":"yqw1zpryoutrnocq","time":1613949568,"event":{"mods":["2.2 Compatiblity","AchievementEnabler","BaseMod","Colored Map","Custom Start","DeckTracker","Minty Spire (QoL Compilation)","StSLib","SuperFastMode"],"gold_per_floor":[110,123,140,1,1,1,18,18,18,193,193,193,234,247,247,370,370,394,394,25,41,41,41],"floor_reached":22,"language":"KOR","playtime":525,"items_purged":[],"score":230,"play_id":"a716c10f-cc6d-4d8a-a173-3419ac52e7a2","local_time":"20210221171928","is_ascension_mode":true,"campfire_choices":[{"data":"Adaptation","floor":6,"key":"SMITH"},{"data":"ForeignInfluence","floor":8,"key":"SMITH"},{"data":"Ragnarok","floor":11,"key":"SMITH"},{"data":"Fasting2","floor":15,"key":"SMITH"}],"circlet_count":0,"master_deck":["Strike_P+1","Strike_P","Strike_P","Strike_P+1","Defend_P","Defend_P","Defend_P","Defend_P","Eruption+1","Vigilance","Ragnarok+1","SandsOfTime","ForeignInfluence+1","FlyingSleeves","Adaptation+1","WheelKick","DeceiveReality","Doubt","Fasting2+1","CrushJoints","MasterReality","CurseOfTheBell","Evaluate","BattleHymn","Sadistic Nature","Tantrum"],"relics":["PureWater","Mummified Hand","Golden Idol","Matryoshka","Calling Bell","Smiling Mask","Question Card","Peace Pipe","Whetstone"],"acts_visited":["Exordium","TheCity"],"potions_floor_usage":[13,13,16,18,22],"damage_taken":[{"damage":0,"enemies":"Cultist","floor":1,"turns":4},{"damage":0,"enemies":"2 Louse","floor":2,"turns":2},{"damage":10,"enemies":"Small Slimes","floor":3,"turns":3},{"damage":7,"enemies":"Exordium Wildlife","floor":7,"turns":2},{"damage":16,"enemies":"Gremlin Nob","floor":13,"turns":3},{"damage":0,"enemies":"3 Louse","floor":14,"turns":1},{"damage":20,"enemies":"Hexaghost","floor":16,"turns":6},{"damage":2,"enemies":"Chosen","floor":18,"turns":4},{"damage":41,"enemies":"3 Byrds","floor":21,"turns":8},{"damage":2,"enemies":"Masked Bandits","floor":22,"turns":2}],"seed_played":"8296270937786104883","potions_obtained":[{"floor":2,"key":"SneckoOil"},{"floor":3,"key":"Regen Potion"},{"floor":13,"key":"Block Potion"},{"floor":14,"key":"SpeedPotion"},{"floor":21,"key":"BottledMiracle"}],"is_trial":false,"path_per_floor":["M","M","M","$","?","R","M","R","T","?","R","?","E","M","R","B",null,"M","?","$","M","?"],"character_chosen":"WATCHER","items_purchased":["Adaptation","WheelKick","BattleHymn","Whetstone","Sadistic Nature"],"campfire_rested":0,"item_purchase_floors":[4,4,20,20,20],"current_hp_per_floor":[72,72,62,62,62,62,55,55,55,55,55,37,30,30,30,10,57,55,42,42,1,0,0],"gold":41,"neow_bonus":"ONE_RANDOM_RARE_CARD","is_daily":false,"chose_seed":false,"campfire_upgraded":4,"win_rate":0.0,"timestamp":1613949568,"path_taken":["M","?","M","$","?","R","M","R","T","?","R","?","E","?","R","BOSS","M","?","$","M","?"],"items_purchased_type":["Card","Card","Card","Relic","Card"],"build_version":"2020-12-22","purchased_purges":0,"victory":false,"max_hp_per_floor":[72,72,72,72,72,72,72,72,72,72,72,72,72,72,72,72,72,72,77,77,77,77,77],"card_choices":[{"not_picked":["CutThroughFate","JustLucky"],"picked":"SandsOfTime","floor":1},{"not_picked":["PathToVictory","Vengeance"],"picked":"ForeignInfluence","floor":2},{"not_picked":["TalkToTheHand","ThirdEye"],"picked":"FlyingSleeves","floor":3},{"not_picked":["BowlingBash","Perseverance"],"picked":"DeceiveReality","floor":7},{"not_picked":["Blasphemy","CrushJoints"],"picked":"Fasting2","floor":13},{"not_picked":["Consecrate","Evaluate"],"picked":"CrushJoints","floor":14},{"not_picked":["DeusExMachina","Omniscience"],"picked":"MasterReality","floor":16},{"not_picked":["FlurryOfBlows+1","EmptyMind","SignatureMove"],"picked":"Evaluate","floor":18},{"not_picked":["PathToVictory","TalkToTheHand","BowlingBash"],"picked":"Tantrum","floor":21}],"player_experience":357260,"relics_obtained":[{"floor":9,"key":"Mummified Hand"},{"floor":13,"key":"Matryoshka"},{"floor":17,"key":"Smiling Mask"},{"floor":17,"key":"Question Card"},{"floor":17,"key":"Peace Pipe"}],"event_choices":[{"damage_healed":0,"gold_gain":0,"player_choice":"Grow","damage_taken":0,"max_hp_gain":0,"max_hp_loss":0,"event_name":"Living Wall","floor":5,"gold_loss":0,"cards_upgraded":["Eruption"]},{"damage_healed":0,"gold_gain":175,"player_choice":"AGREE","damage_taken":0,"max_hp_gain":0,"max_hp_loss":0,"event_name":"Liars Game","floor":10,"gold_loss":0,"cards_obtained":["Doubt"]},{"damage_healed":0,"gold_gain":0,"player_choice":"Take Damage","damage_taken":18,"relics_obtained":["Golden Idol"],"max_hp_gain":0,"max_hp_loss":0,"event_name":"Golden Idol","floor":12,"gold_loss":0},{"damage_healed":0,"gold_gain":0,"player_choice":"Shed Blood","damage_taken":18,"max_hp_gain":5,"max_hp_loss":0,"event_name":"Forgotten Altar","floor":19,"gold_loss":0},{"damage_healed":0,"gold_gain":0,"player_choice":"Fought Bandits","damage_taken":0,"max_hp_gain":0,"max_hp_loss":0,"event_name":"Masked Bandits","floor":22,"gold_loss":0}],"is_beta":false,"boss_relics":[{"not_picked":["Busted Crown","Cursed Key"],"picked":"Calling Bell"}],"items_purged_floors":[],"is_endless":false,"potions_floor_spawned":[2,3,13,14,21],"killed_by":"Masked Bandits","ascension_level":5}}