{"host":"l3qq6dhgi17n1wbp","time":1613943798,"event":{"mods":["BaseMod","Colored Map","Minty Spire (QoL Compilation)","SuperFastMode"],"gold_per_floor":[116,291,291,302,23,50,50,68,93,93,120,135,146,157,157,254,254,266,198,198,48,48,48,81,6,54,89,106,106,135,165,177,189,189],"floor_reached":33,"language":"KOR","playtime":778,"items_purged":[],"score":472,"play_id":"e08c2f3a-4920-4e9f-a159-f8b57e995170","local_time":"20210222064318","is_ascension_mode":true,"campfire_choices":[{"data":"Adrenaline","floor":7,"key":"SMITH"},{"data":"Cloak And Dagger","floor":15,"key":"SMITH"},{"data":"Terror","floor":23,"key":"SMITH"},{"floor":32,"key":"REST"}],"circlet_count":0,"master_deck":["Strike_G+1","Strike_G+1","Strike_G+1","Strike_G+1","Defend_G+1","Defend_G+1","Defend_G+1","Defend_G+1","Defend_G+1","Survivor","Neutralize","Dodge and Roll","Poisoned Stab","Adrenaline+1","Heel Hook","Flying Knee+1","Slice+1","Quick Slash+1","Cloak And Dagger+1","Die Die Die+1","PiercingWail","Glass Knife+1","Backstab+1","Terror+1","Heel Hook+1","Distraction","Deflect+1"],"relics":["Ring of the Serpent","NeowsBlessing","Sling","Bronze Scales","Nunchaku","Molten Egg 2","MutagenicStrength","Paper Crane","Bag of Marbles","Frozen Egg 2","Enchiridion","MawBank"],"acts_visited":["Exordium","TheCity"],"potions_floor_usage":[11,11,16,16,16,33,33],"damage_taken":[{"damage":0,"enemies":"Jaw Worm","floor":1,"turns":1},{"damage":0,"enemies":"2 Louse","floor":4,"turns":1},{"damage":0,"enemies":"3 Sentries","floor":6,"turns":1},{"damage":0,"enemies":"Cultist","floor":8,"turns":3},{"damage":0,"enemies":"Gremlin Nob","floor":11,"turns":2},{"damage":0,"enemies":"Red Slaver","floor":12,"turns":3},{"damage":2,"enemies":"2 Fungi Beasts","floor":13,"turns":3},{"damage":6,"enemies":"Looter","floor":14,"turns":2},{"damage":33,"enemies":"The Guardian","floor":16,"turns":9},{"damage":5,"enemies":"Shell Parasite","floor":18,"turns":5},{"damage":6,"enemies":"Book of Stabbing","floor":24,"turns":3},{"damage":7,"enemies":"Slavers","floor":27,"turns":2},{"damage":0,"enemies":"Spheric Guardian","floor":28,"turns":1},{"damage":2,"enemies":"Gremlin Leader","floor":30,"turns":3},{"damage":0,"enemies":"3 Cultists","floor":31,"turns":3},{"damage":65,"enemies":"Automaton","floor":33,"turns":10}],"seed_played":"5448997621343906062","potions_obtained":[{"floor":4,"key":"Regen Potion"},{"floor":11,"key":"Ancient Potion"},{"floor":12,"key":"AttackPotion"},{"floor":13,"key":"FearPotion"},{"floor":14,"key":"DistilledChaos"},{"floor":28,"key":"BlessingOfTheForge"},{"floor":31,"key":"Regen Potion"}],"is_trial":false,"path_per_floor":["M","?","?","M","$","E","R","M","T","$","E","M","M","M","R","B",null,"M","$","?","$","?","R","E","?","T","E","M","?","E","M","R","B"],"character_chosen":"THE_SILENT","items_purchased":["Sling","CunningPotion","SteroidPotion","Glass Knife+1","Backstab+1","Terror"],"campfire_rested":1,"item_purchase_floors":[5,5,5,19,21,21],"current_hp_per_floor":[63,63,63,63,63,63,63,63,63,63,63,63,61,55,55,22,58,53,53,53,53,53,53,47,47,47,40,40,24,22,22,43,0,0],"gold":189,"neow_bonus":"THREE_ENEMY_KILL","is_daily":false,"chose_seed":false,"campfire_upgraded":3,"win_rate":0.0,"timestamp":1613943798,"path_taken":["M","?","?","M","$","E","R","M","T","?","E","M","?","M","R","BOSS","M","$","?","$","?","R","E","?","T","E","?","?","E","M","R","BOSS"],"items_purchased_type":["Relic","Potion","Potion","Card","Card","Card"],"build_version":"2020-12-22","purchased_purges":0,"victory":false,"max_hp_per_floor":[70,70,70,70,70,70,70,70,70,70,70,70,70,70,70,70,70,70,70,70,70,70,70,70,70,70,70,70,70,70,70,70,70,70],"card_choices":[{"not_picked":["Backflip","Eviscerate"],"picked":"Dodge and Roll","floor":1},{"not_picked":["Calculated Gamble","Underhanded Strike"],"picked":"Poisoned Stab","floor":4},{"not_picked":["Tactician","Doppelganger"],"picked":"Adrenaline","floor":6},{"not_picked":["Quick Slash","PiercingWail"],"picked":"Heel Hook","floor":8},{"not_picked":["Prepared","Eviscerate+1"],"picked":"Flying Knee+1","floor":11},{"not_picked":["PiercingWail","Prepared"],"picked":"Slice+1","floor":12},{"not_picked":["Dash+1","Slice+1"],"picked":"Quick Slash+1","floor":13},{"not_picked":["Prepared","Corpse Explosion"],"picked":"Cloak And Dagger","floor":14},{"not_picked":["Corpse Explosion","Unload+1"],"picked":"Die Die Die+1","floor":16},{"not_picked":["Quick Slash+1","Dodge and Roll"],"picked":"PiercingWail","floor":18},{"not_picked":["Concentrate","Prepared+1"],"picked":"Heel Hook+1","floor":24},{"not_picked":["Poisoned Stab+1","Outmaneuver+1"],"picked":"Distraction","floor":27},{"not_picked":["Poisoned Stab+1","All Out Attack+1","Prepared"],"picked":"SKIP","floor":28},{"not_picked":["Grand Finale+1","Backflip+1","PiercingWail"],"picked":"SKIP","floor":30},{"not_picked":["Sucker Punch+1","Flying Knee+1"],"picked":"Deflect+1","floor":31}],"player_experience":237622,"relics_obtained":[{"floor":6,"key":"Bronze Scales"},{"floor":9,"key":"Nunchaku"},{"floor":11,"key":"Molten Egg 2"},{"floor":24,"key":"Paper Crane"},{"floor":26,"key":"Bag of Marbles"},{"floor":27,"key":"Frozen Egg 2"},{"floor":29,"key":"Enchiridion"},{"floor":30,"key":"MawBank"}],"event_choices":[{"damage_healed":0,"gold_gain":175,"player_choice":"AGREE","damage_taken":0,"max_hp_gain":0,"max_hp_loss":0,"event_name":"Liars Game","floor":2,"gold_loss":0,"cards_obtained":["Doubt"]},{"cards_removed":["Doubt"],"damage_healed":0,"gold_gain":0,"player_choice":"Forget","damage_taken":0,"max_hp_gain":0,"max_hp_loss":0,"event_name":"Living Wall","floor":3,"gold_loss":0},{"damage_healed":0,"gold_gain":0,"player_choice":"Inject Mutagens","damage_taken":0,"relics_obtained":["MutagenicStrength"],"max_hp_gain":0,"max_hp_loss":0,"event_name":"Drug Dealer","floor":20,"gold_loss":0},{"damage_healed":0,"gold_gain":0,"player_choice":"Simplicity","damage_taken":0,"max_hp_gain":0,"max_hp_loss":0,"event_name":"Back to Basics","floor":22,"gold_loss":0,"cards_upgraded":["Strike_G","Strike_G","Strike_G","Strike_G","Strike_G","Defend_G","Defend_G","Defend_G","Defend_G","Defend_G"]},{"cards_removed":["Strike_G"],"damage_healed":0,"gold_gain":0,"player_choice":"Gave Gold","damage_taken":0,"max_hp_gain":0,"max_hp_loss":0,"event_name":"Beggar","floor":25,"gold_loss":75},{"damage_healed":0,"gold_gain":0,"player_choice":"Obtained Book","damage_taken":16,"max_hp_gain":0,"max_hp_loss":0,"event_name":"Cursed Tome","floor":29,"gold_loss":0}],"is_beta":false,"boss_relics":[{"not_picked":["Sozu","Empty Cage"],"picked":"Ring of the Serpent"}],"items_purged_floors":[],"is_endless":false,"potions_floor_spawned":[4,11,12,13,14,28,31],"killed_by":"Automaton","ascension_level":6}}