{"host":"5gc11emcm5chfr5t","time":1613869914,"event":{"mods":["2.2 Compatiblity","AchievementEnabler","BaseMod","Bestiary","Better Note","Colored Map","Colored Powertips","Downfall","Googly Eyes","Minty Spire (QoL Compilation)","Rare Cards Sparkle","StSLib"],"gold_per_floor":[99,99,99,199,199,212,264,277,305,323,353,153,184,484,502,573,573,573,590,625,725,384,384,409,421,439,493,512,512,412,431,446,517,517,517,25,25,49,52,79,127,127,138,152,187,187,261,88,102,102,102,132,46,46,46,46,46,46],"floor_reached":56,"language":"ENG","playtime":4981,"items_purged":[],"score":1862,"play_id":"fc6822d8-d59d-4396-b252-a225e5c89981","local_time":"20210220201154","is_ascension_mode":true,"campfire_choices":[{"floor":1,"key":"RECALL"},{"floor":12,"key":"REST"},{"data":"sneckomod:WideSting","floor":18,"key":"SMITH"},{"floor":23,"key":"REST"},{"floor":30,"key":"REST"},{"data":"sneckomod:MorePower","floor":35,"key":"SMITH"},{"data":"expansioncontent:Hexaburn","floor":46,"key":"SMITH"},{"data":"sneckomod:UnknownRarePower","floor":54,"key":"SMITH"}],"circlet_count":0,"master_deck":["AscendersBane","sneckomod:Defend+1","sneckomod:Defend","sneckomod:Defend","sneckomod:TailWhip","sneckomod:SnekBite","sneckomod:Unknown","sneckomod:Unknown","sneckomod:WideSting+1","sneckomod:UnknownDraw","downfall:Haunted","downfall:Haunted","Clumsy","sneckomod:UnknownRarePower+1","Parasite","Clumsy","sneckomod:UnknownBoss","sneckomod:SoulRoll","sneckomod:UnknownDexterity+1","sneckomod:UnknownStrike","sneckomod:UnknownBoss","sneckomod:UnknownColorless","downfall:Icky","downfall:Icky","downfall:Icky","sneckomod:UnknownRareAttack+1","sneckomod:QuickMove","sneckomod:SoulRoll+1","sneckomod:UnknownStrength","sneckomod:UnknownColorless","sneckomod:UnknownStrength+1","Slimebound:Tackle+1","Slimebound:Tackle+1","Slimebound:Tackle+1","sneckomod:UnknownClassBLUE","sneckomod:SoulRoll","hexamod:SixthSeal","sneckomod:MorePower+1","CurseOfTheBell","sneckomod:UnknownColorless+1","sneckomod:UnknownColorless+1","expansioncontent:DashGenerateEvil+1","expansioncontent:YouAreMine+1","sneckomod:UnknownUncommonPower+1","hexamod:SixthSeal","sneckomod:UnknownRarePower","expansioncontent:Hexaburn+1","expansioncontent:PrepareCrush","expansioncontent:PrepareCrush","sneckomod:DangerNoodle","sneckomod:UnknownStrength+1","sneckomod:UnknownClassPURPLE","sneckomod:UnknownRareSkill+1","sneckomod:UnknownVulnerable+1","sneckomod:UnknownClassPURPLE","sneckomod:TrashToTreasure"],"relics":["sneckomod:SneckoSoul","downfall:HeartsMalice","Darkstone Periapt","Vajra","sneckomod:LoadedDie","downfall:HeartBlessingRed","downfall:HeartBlessingGreen","Dead Branch","Snecko Eye","Red Mask","downfall:GremlinWheel","Guardian:PocketSentry","Strawberry","HornCleat","downfall:HeartBlessingBlue","Calling Bell","hexamod:BolsterEngine","Letter Opener","WingedGreaves","Juzu Bracelet","MealTicket","champ:DuelingGlove","Oddly Smooth Stone","Bag of Preparation","bronze:DecasWashers","hexamod:CandleOfCauterizing","sneckomod:BlankCard","Shuriken"],"acts_visited":["Exordium","TheCity","TheBeyond","TheEnding"],"potions_floor_usage":[16,16,20,20,27,32,33,36,45,50,55,55],"damage_taken":[{"damage":0,"enemies":"2 Louse","floor":2,"turns":1},{"damage":0,"enemies":"Jaw Worm","floor":3,"turns":1},{"damage":0,"enemies":"Small Slimes","floor":5,"turns":1},{"damage":27,"enemies":"3 Louse","floor":6,"turns":4},{"damage":26,"enemies":"Blue Slaver","floor":8,"turns":4},{"damage":32,"enemies":"Lagavulin","floor":9,"turns":6},{"damage":29,"enemies":"Exordium Thugs","floor":10,"turns":4},{"damage":58,"enemies":"3 Sentries","floor":13,"turns":8},{"damage":7,"enemies":"Exordium Wildlife","floor":15,"turns":3},{"damage":18,"enemies":"DF_ARCHETYPE_STREAMLINE","floor":16,"turns":5},{"damage":0,"enemies":"Chosen","floor":19,"turns":2},{"damage":22,"enemies":"Masked Bandits","floor":20,"turns":3},{"damage":15,"enemies":"Masked Bandits","floor":21,"turns":3},{"damage":5,"enemies":"downfall:FleeingMerchant","floor":22,"turns":4},{"damage":25,"enemies":"Shell Parasite","floor":25,"turns":4},{"damage":0,"enemies":"Chosen and Byrds","floor":26,"turns":2},{"damage":29,"enemies":"Slavers","floor":27,"turns":4},{"damage":0,"enemies":"Centurion and Healer","floor":28,"turns":3},{"damage":6,"enemies":"Shelled Parasite and Fungi","floor":31,"turns":3},{"damage":0,"enemies":"Snake Plant","floor":32,"turns":2},{"damage":46,"enemies":"IC_MUSHROOM_ARCHETYPE","floor":33,"turns":6},{"damage":0,"enemies":"downfall:FleeingMerchant","floor":36,"turns":4},{"damage":0,"enemies":"downfall:FleeingMerchant","floor":39,"turns":3},{"damage":26,"enemies":"Nemesis","floor":40,"turns":9},{"damage":0,"enemies":"Orb Walker","floor":43,"turns":3},{"damage":0,"enemies":"3 Darklings","floor":44,"turns":3},{"damage":29,"enemies":"Reptomancer","floor":45,"turns":5},{"damage":0,"enemies":"Writhing Mass","floor":49,"turns":1},{"damage":101,"enemies":"WA_ARCHETYPE_DIVINITY","floor":50,"turns":11},{"damage":0,"enemies":"downfall:CharBossMerchant","floor":52,"turns":5},{"damage":26,"enemies":"downfall:NeowBoss","floor":55,"turns":7},{"damage":125,"enemies":"downfall:NeowBossFinal","floor":56,"turns":5}],"seed_played":"-7215013424309296501","potions_obtained":[{"floor":9,"key":"FairyPotion"},{"floor":13,"key":"Strength Potion"},{"floor":15,"key":"champ:CounterPotion"},{"floor":16,"key":"Swift Potion"},{"floor":19,"key":"ColorlessPotion"},{"floor":26,"key":"AttackPotion"},{"floor":27,"key":"PowerPotion"},{"floor":31,"key":"Block Potion"},{"floor":33,"key":"Fire Potion"},{"floor":40,"key":"Guardian:BlockOnCardUsePotion"},{"floor":44,"key":"Dexterity Potion"},{"floor":45,"key":"SpeedPotion"}],"is_trial":false,"path_per_floor":["R","M","M","?","M","M","T","M","E","M","?","R","E","?","M","B",null,"R","M","?","?","$","R","T","M","M","E","M","?","R","M","M","B",null,"R","$","?","T","$","E","T","?","M","M","E","R","?","$","M","B",null,"E","$","R","B","B"],"character_chosen":"THE_SNECKO","items_purchased":["Guardian:PocketSentry","Strawberry","expansioncontent:DashGenerateEvil","Juzu Bracelet","expansioncontent:YouAreMine","champ:DuelingGlove","sneckomod:BlankCard","bronze:BurnAndBuffPotion"],"campfire_rested":3,"item_purchase_floors":[22,22,36,36,36,39,48,53],"current_hp_per_floor":[75,75,75,110,110,83,83,72,40,11,11,46,25,43,36,18,107,107,107,85,70,72,114,114,89,89,60,60,60,115,109,109,63,137,137,137,137,137,152,126,126,116,116,116,87,159,159,159,159,68,136,136,151,151,125,0,0,0],"gold":46,"neow_bonus":"THREE_ENEMY_KILL","is_daily":false,"chose_seed":false,"campfire_upgraded":4,"win_rate":0.0,"timestamp":1613869914,"path_taken":["R","M","M","?","M","M","T","M","E","M","?","R","E","?","M","BOSS","R","M","?","?","$","R","T","M","?","E","M","?","R","M","M","BOSS","R","$","?","?","?","E","T","?","M","M","E","R","?","$","M","BOSS","E","$","R","BOSS","BOSS"],"items_purchased_type":["Relic","Relic","Card","Relic","Card","Relic","Relic","Potion"],"build_version":"2020-12-22","purchased_purges":0,"victory":false,"max_hp_per_floor":[83,83,83,118,118,118,118,118,118,118,118,118,118,136,136,136,136,136,136,136,136,143,143,143,143,143,143,143,143,153,153,153,153,159,159,159,159,159,159,159,159,159,159,159,159,159,159,159,159,159,159,159,159,159,159,159,159,159],"card_choices":[{"not_picked":["sneckomod:UnknownClassRED","sneckomod:UnendingSupply"],"picked":"sneckomod:WideSting","floor":2},{"not_picked":["sneckomod:SnekBeam","sneckomod:Unknown1Cost"],"picked":"sneckomod:UnknownDraw","floor":3},{"not_picked":["sneckomod:UnknownStrength","sneckomod:UnknownBlock"],"picked":"sneckomod:UnknownBoss","floor":5},{"not_picked":["sneckomod:UnknownUncommonAttack","sneckomod:UnknownClassSLIMEBOUND"],"picked":"sneckomod:SoulRoll","floor":6},{"not_picked":["sneckomod:UnknownClassGUARDIAN","sneckomod:DiceCrush"],"picked":"sneckomod:UnknownDexterity","floor":8},{"not_picked":["sneckomod:SoulDraw","sneckomod:UnknownClassTHE_CHAMP_GRAY"],"picked":"sneckomod:UnknownStrike","floor":9},{"not_picked":["sneckomod:UnknownColorless","sneckomod:UnknownClassTHE_CHAMP_GRAY"],"picked":"sneckomod:UnknownBoss","floor":10},{"not_picked":["sneckomod:DiceBoulder","sneckomod:UnknownClassGUARDIAN"],"picked":"sneckomod:UnknownColorless","floor":13},{"not_picked":["sneckomod:MixItUp","sneckomod:DefensiveFlair","sneckomod:UnknownCommonAttack"],"picked":"SKIP","floor":15},{"not_picked":["sneckomod:UnlimitedRolls","sneckomod:UnknownRareSkill"],"picked":"sneckomod:UnknownRareAttack","floor":16},{"not_picked":["sneckomod:SoulDraw","sneckomod:UnknownClassBLUE"],"picked":"sneckomod:QuickMove","floor":19},{"not_picked":["sneckomod:RainOfDice","sneckomod:Unknown1Cost"],"picked":"sneckomod:SoulRoll","floor":20},{"not_picked":["sneckomod:Unknown2Cost+1","sneckomod:Restock"],"picked":"sneckomod:UnknownStrength","floor":22},{"not_picked":["sneckomod:UnknownClassGREEN","sneckomod:DiceBoulder"],"picked":"sneckomod:UnknownColorless","floor":25},{"not_picked":["sneckomod:UnknownClassSLIMEBOUND","sneckomod:Memorize"],"picked":"sneckomod:UnknownCommonAttack+1","floor":26},{"not_picked":["sneckomod:UnknownDraw+1","sneckomod:ImprovisedAttack"],"picked":"sneckomod:UnknownStrength+1","floor":27},{"not_picked":["sneckomod:UnknownClassTHE_BRONZE_AUTOMATON","sneckomod:UnknownX+1","sneckomod:CheapStock"],"picked":"SKIP","floor":28},{"not_picked":["sneckomod:SoulDraw","sneckomod:UnknownX"],"picked":"sneckomod:UnknownClassBLUE","floor":31},{"not_picked":["sneckomod:UnknownClassPURPLE","sneckomod:UnknownDraw"],"picked":"sneckomod:SoulRoll","floor":32},{"not_picked":["hexamod:SecondSeal","hexamod:FourthSeal"],"picked":"hexamod:SixthSeal","floor":33},{"not_picked":["sneckomod:Transmogrify","sneckomod:UnknownRareAttack"],"picked":"sneckomod:MorePower","floor":33},{"not_picked":["sneckomod:UnknownClassTHE_CHAMP_GRAY+1","sneckomod:UnknownVulnerable+1"],"picked":"sneckomod:UnknownColorless+1","floor":36},{"not_picked":["sneckomod:IronFang","sneckomod:UnknownDraw"],"picked":"sneckomod:UnknownColorless+1","floor":36},{"not_picked":["sneckomod:RainOfDice","sneckomod:Unknown1Cost+1","sneckomod:Nope"],"picked":"SKIP","floor":39},{"not_picked":["sneckomod:UnknownCommonSkill+1","sneckomod:UnknownX+1"],"picked":"sneckomod:UnknownUncommonPower+1","floor":40},{"not_picked":["hexamod:FirstSeal","hexamod:SecondSeal"],"picked":"hexamod:SixthSeal","floor":40},{"not_picked":["sneckomod:WideSting","sneckomod:UnknownUncommonSkill+1"],"picked":"sneckomod:UnknownRarePower","floor":40},{"not_picked":["expansioncontent:PrepareCrush","expansioncontent:GuardianWhirl"],"picked":"expansioncontent:Hexaburn","floor":42},{"not_picked":["expansioncontent:Hexaburn","expansioncontent:GuardianWhirl"],"picked":"expansioncontent:PrepareCrush","floor":42},{"not_picked":["expansioncontent:GuardianWhirl","expansioncontent:YouAreMine"],"picked":"expansioncontent:PrepareCrush","floor":42},{"not_picked":["sneckomod:UnknownX","sneckomod:UnknownClassGUARDIAN+1"],"picked":"sneckomod:DangerNoodle","floor":43},{"not_picked":["sneckomod:UnknownClassGREEN+1","sneckomod:UnknownDexterity+1"],"picked":"sneckomod:UnknownStrength+1","floor":44},{"not_picked":["sneckomod:UnknownCommonSkill","sneckomod:CheapStock"],"picked":"sneckomod:UnknownClassPURPLE","floor":44},{"not_picked":["sneckomod:UnknownWeak+1","sneckomod:UnknownClassTHE_CHAMP_GRAY+1"],"picked":"sneckomod:UnknownRareSkill+1","floor":45},{"not_picked":["sneckomod:UnknownUncommonAttack","sneckomod:SerpentIdol","sneckomod:UnknownStrike"],"picked":"SKIP","floor":45},{"not_picked":["sneckomod:UnknownBlock+1","sneckomod:UnknownClassGUARDIAN+1"],"picked":"sneckomod:UnknownVulnerable+1","floor":49},{"not_picked":["sneckomod:UnknownClassTHE_CHAMP_GRAY","sneckomod:Unknown0Cost+1"],"picked":"sneckomod:UnknownClassPURPLE","floor":49},{"not_picked":["sneckomod:SerpentIdol","sneckomod:UnknownClassSLIMEBOUND"],"picked":"sneckomod:TrashToTreasure","floor":52}],"player_experience":603534,"relics_obtained":[{"floor":7,"key":"Vajra"},{"floor":9,"key":"sneckomod:LoadedDie"},{"floor":13,"key":"Dead Branch"},{"floor":20,"key":"Red Mask"},{"floor":21,"key":"downfall:GremlinWheel"},{"floor":27,"key":"HornCleat"},{"floor":34,"key":"hexamod:BolsterEngine"},{"floor":34,"key":"Letter Opener"},{"floor":34,"key":"WingedGreaves"},{"floor":38,"key":"MealTicket"},{"floor":40,"key":"Oddly Smooth Stone"},{"floor":41,"key":"Bag of Preparation"},{"floor":45,"key":"bronze:DecasWashers"},{"floor":47,"key":"hexamod:CandleOfCauterizing"},{"floor":52,"key":"Shuriken"}],"event_choices":[{"damage_healed":0,"gold_gain":0,"player_choice":"Fought Bandits","damage_taken":0,"max_hp_gain":0,"max_hp_loss":0,"event_name":"Masked Bandits","floor":20,"gold_loss":0},{"cards_removed":["sneckomod:UnknownCommonAttack"],"damage_healed":0,"gold_gain":0,"player_choice":"Removed Attack","damage_taken":0,"max_hp_gain":0,"max_hp_loss":0,"event_name":"Falling","floor":37,"gold_loss":0},{"damage_healed":72,"gold_gain":0,"player_choice":"Full Heal","damage_taken":0,"max_hp_gain":0,"max_hp_loss":0,"event_name":"Wheel of Change","floor":46,"gold_loss":0}],"is_beta":false,"boss_relics":[{"not_picked":["SlaversCollar","Astrolabe"],"picked":"Snecko Eye"},{"not_picked":["expansioncontent:StudyCardRelic","sneckomod:SneckoTalon"],"picked":"Calling Bell"}],"items_purged_floors":[],"is_endless":false,"potions_floor_spawned":[9,13,15,16,19,26,27,31,33,40,44,45,49],"killed_by":"downfall:NeowBossFinal","ascension_level":20}}