{"host":"mithrandi","time":1613925242,"event":{"mods":["BaseMod","Colored Map","Highlight Path","Minty Spire (QoL Compilation)","SuperFastMode"],"gold_per_floor":[112,126,126,143,155,190,209,209,209,236,236,249,249,9,9,114,114,132,145,161,181,191,191,116,116,116,131,164,164,18,53,53,149,149,169,182,195,29,29,58,58,108,108,153,165,180,192,206,206,206,206,206,92,118,118],"floor_reached":56,"language":"ENG","playtime":5238,"items_purged":["Strike_R"],"score":1263,"play_id":"1e8aa7eb-0ffd-4fb8-92e2-b348798c814a","local_time":"20210221183402","is_ascension_mode":false,"campfire_choices":[{"data":"Dual Wield","floor":8,"key":"SMITH"},{"data":"Rupture","floor":11,"key":"SMITH"},{"data":"Flame Barrier","floor":15,"key":"SMITH"},{"data":"Limit Break","floor":23,"key":"SMITH"},{"data":"Limit Break","floor":25,"key":"SMITH"},{"data":"Shrug It Off","floor":29,"key":"SMITH"},{"data":"Blood for Blood","floor":32,"key":"SMITH"},{"floor":41,"key":"RECALL"},{"floor":49,"key":"REST"},{"floor":52,"key":"REST"}],"circlet_count":0,"master_deck":["Strike_R","Strike_R","Defend_R","Defend_R","Defend_R","Defend_R","Bash","Feed+1","Shrug It Off+1","Clothesline+1","Bloodletting","Rupture+1","Flame Barrier+1","Dual Wield+1","Bloodletting","Dropkick","Limit Break+1","Shrug It Off+1","Limit Break+1","Blood for Blood+1","Brutality","Blood for Blood+1","Shrug It Off","Impervious","Burning Pact+1","Shrug It Off+1","Headbutt","Disarm"],"relics":["Burning Blood","Pen Nib","Shuriken","Red Skull","Bottled Tornado","Philosopher\u0027s Stone","Meat on the Bone","Red Mask","Lee\u0027s Waffle","CaptainsWheel","Fusion Hammer","Bag of Preparation","Omamori","Charon\u0027s Ashes","Magic Flower","Whetstone"],"acts_visited":["Exordium","TheCity","TheBeyond","TheEnding"],"potions_floor_usage":[10,16,18,19,27,33,42,55,55],"damage_taken":[{"damage":2,"enemies":"Small Slimes","floor":1,"turns":3},{"damage":5,"enemies":"2 Louse","floor":2,"turns":2},{"damage":5,"enemies":"Cultist","floor":4,"turns":4},{"damage":7,"enemies":"Gremlin Gang","floor":5,"turns":5},{"damage":20,"enemies":"3 Sentries","floor":6,"turns":8},{"damage":10,"enemies":"Looter","floor":7,"turns":3},{"damage":33,"enemies":"Gremlin Nob","floor":10,"turns":6},{"damage":27,"enemies":"3 Louse","floor":12,"turns":12},{"damage":31,"enemies":"The Guardian","floor":16,"turns":16},{"damage":27,"enemies":"3 Byrds","floor":18,"turns":4},{"damage":8,"enemies":"2 Thieves","floor":19,"turns":4},{"damage":22,"enemies":"Chosen and Byrds","floor":20,"turns":5},{"damage":36,"enemies":"Cultist and Chosen","floor":21,"turns":6},{"damage":43,"enemies":"Snake Plant","floor":22,"turns":7},{"damage":14,"enemies":"Snecko","floor":27,"turns":6},{"damage":34,"enemies":"Masked Bandits","floor":28,"turns":4},{"damage":42,"enemies":"Slavers","floor":31,"turns":6},{"damage":36,"enemies":"Champ","floor":33,"turns":9},{"damage":14,"enemies":"3 Shapes","floor":35,"turns":5},{"damage":60,"enemies":"3 Darklings","floor":36,"turns":6},{"damage":21,"enemies":"Transient","floor":37,"turns":5},{"damage":18,"enemies":"Nemesis","floor":40,"turns":5},{"damage":26,"enemies":"Mind Bloom Boss Battle","floor":42,"turns":5},{"damage":15,"enemies":"2 Orb Walkers","floor":44,"turns":3},{"damage":21,"enemies":"Jaw Worm Horde","floor":45,"turns":6},{"damage":17,"enemies":"3 Darklings","floor":46,"turns":8},{"damage":8,"enemies":"Transient","floor":47,"turns":5},{"damage":28,"enemies":"Maw","floor":48,"turns":5},{"damage":79,"enemies":"Time Eater","floor":50,"turns":9},{"damage":103,"enemies":"Shield and Spear","floor":54,"turns":10},{"damage":102,"enemies":"The Heart","floor":55,"turns":7}],"seed_played":"-5231530700131102092","potions_obtained":[{"floor":4,"key":"Weak Potion"},{"floor":5,"key":"Dexterity Potion"},{"floor":6,"key":"BloodPotion"},{"floor":16,"key":"GamblersBrew"},{"floor":18,"key":"AttackPotion"},{"floor":20,"key":"BloodPotion"},{"floor":28,"key":"EssenceOfSteel"},{"floor":31,"key":"SteroidPotion"},{"floor":40,"key":"FairyPotion"},{"floor":42,"key":"SkillPotion"},{"floor":54,"key":"ElixirPotion"}],"is_trial":false,"path_per_floor":["M","M","?","M","M","E","M","R","T","E","R","M","?","$","R","B",null,"M","M","M","M","M","R","?","R","T","M","?","R","$","E","R","B",null,"M","M","M","$","?","E","R","?","T","?","M","M","M","M","R","B",null,"R","$","E","B",null],"character_chosen":"IRONCLAD","items_purchased":["Bottled Tornado","Lee\u0027s Waffle","Bag of Preparation","Shrug It Off","Disarm"],"campfire_rested":2,"item_purchase_floors":[14,30,38,38,53],"current_hp_per_floor":[75,78,83,86,88,77,76,76,76,52,52,34,34,34,34,12,104,86,87,74,47,13,13,13,13,13,43,30,30,132,99,99,84,138,133,82,79,79,79,82,82,107,107,104,107,104,105,109,160,113,174,174,174,108,33],"gold":118,"neow_bonus":"THREE_RARE_CARDS","is_daily":false,"chose_seed":false,"campfire_upgraded":7,"win_rate":0.0,"timestamp":1613925242,"path_taken":["M","M","?","M","M","E","M","R","T","E","R","M","?","$","R","BOSS","M","M","?","?","M","R","?","R","T","M","?","R","$","E","R","BOSS","M","M","M","$","?","E","R","?","T","?","M","?","M","M","R","BOSS","R","$","E","BOSS"],"items_purchased_type":["Relic","Relic","Relic","Card","Card"],"build_version":"2020-12-18","purchased_purges":1,"victory":true,"max_hp_per_floor":[75,78,83,86,89,92,95,95,95,98,98,101,101,101,101,104,104,107,110,113,116,119,119,119,119,119,122,125,125,132,135,135,138,138,141,144,144,144,144,147,147,150,150,156,165,168,168,171,171,174,174,174,174,180,180],"card_choices":[{"not_picked":["Corruption","Exhume"],"picked":"Feed","floor":0},{"not_picked":["Anger","Thunderclap"],"picked":"Shrug It Off","floor":1},{"not_picked":["Pommel Strike","Sword Boomerang"],"picked":"Clothesline","floor":2},{"not_picked":["Body Slam","Searing Blow"],"picked":"Bloodletting","floor":4},{"not_picked":["Body Slam","Battle Trance"],"picked":"Rupture","floor":5},{"not_picked":["Seeing Red","Evolve"],"picked":"Flame Barrier","floor":6},{"not_picked":["True Grit","Body Slam"],"picked":"Dual Wield","floor":7},{"not_picked":["Shrug It Off","Fire Breathing"],"picked":"Bloodletting","floor":10},{"not_picked":["Infernal Blade","Flex"],"picked":"Dropkick","floor":12},{"not_picked":["Berserk","Reaper"],"picked":"Limit Break","floor":16},{"not_picked":["Body Slam+1","Flame Barrier"],"picked":"Shrug It Off+1","floor":18},{"not_picked":["Dark Embrace","Flex","Fire Breathing+1"],"picked":"SKIP","floor":19},{"not_picked":["Rupture+1","Power Through"],"picked":"Limit Break","floor":20},{"not_picked":["Twin Strike","Cleave","Perfected Strike"],"picked":"SKIP","floor":21},{"not_picked":["Havoc","Iron Wave","Armaments"],"picked":"SKIP","floor":22},{"not_picked":["Havoc","Iron Wave","Armaments"],"picked":"SKIP","floor":22},{"not_picked":["Clothesline","Dual Wield","Wild Strike"],"picked":"SKIP","floor":27},{"not_picked":["Feed","Twin Strike+1"],"picked":"Blood for Blood","floor":28},{"not_picked":["Seeing Red","Warcry","Intimidate"],"picked":"SKIP","floor":31},{"not_picked":["Corruption","Demon Form"],"picked":"Brutality","floor":33},{"not_picked":["Twin Strike","Body Slam+1","Clash"],"picked":"SKIP","floor":35},{"not_picked":["Rage","Intimidate+1","Pommel Strike"],"picked":"SKIP","floor":36},{"not_picked":["Twin Strike","Rage"],"picked":"Blood for Blood+1","floor":37},{"not_picked":["Body Slam","Sever Soul","Dark Embrace"],"picked":"SKIP","floor":40},{"not_picked":["Havoc","Second Wind"],"picked":"Impervious","floor":42},{"not_picked":["Pommel Strike","Body Slam+1"],"picked":"Burning Pact+1","floor":44},{"not_picked":["Armaments","Twin Strike+1"],"picked":"Shrug It Off+1","floor":45},{"not_picked":["Power Through+1","Clash+1","Wild Strike"],"picked":"SKIP","floor":46},{"not_picked":["Dropkick","Havoc+1"],"picked":"Headbutt","floor":47},{"not_picked":["Cleave","Pommel Strike","Armaments"],"picked":"SKIP","floor":48},{"not_picked":["Heavy Blade","Anger+1","Sword Boomerang"],"picked":"SKIP","floor":54}],"player_experience":3049996,"relics_obtained":[{"floor":6,"key":"Pen Nib"},{"floor":9,"key":"Shuriken"},{"floor":10,"key":"Red Skull"},{"floor":26,"key":"Meat on the Bone"},{"floor":28,"key":"Red Mask"},{"floor":31,"key":"CaptainsWheel"},{"floor":40,"key":"Omamori"},{"floor":42,"key":"Charon\u0027s Ashes"},{"floor":44,"key":"Magic Flower"},{"floor":54,"key":"Whetstone"}],"event_choices":[{"damage_healed":0,"gold_gain":0,"player_choice":"Donut","damage_taken":0,"max_hp_gain":5,"max_hp_loss":0,"event_name":"Big Fish","floor":3,"gold_loss":0},{"damage_healed":0,"gold_gain":0,"player_choice":"0 cards matched","damage_taken":0,"max_hp_gain":0,"max_hp_loss":0,"event_name":"Match and Keep!","floor":13,"gold_loss":0,"cards_obtained":[]},{"cards_removed":["Strike_R"],"damage_healed":0,"gold_gain":0,"player_choice":"Gave Gold","damage_taken":0,"max_hp_gain":0,"max_hp_loss":0,"event_name":"Beggar","floor":24,"gold_loss":75},{"damage_healed":0,"gold_gain":0,"player_choice":"Fought Bandits","damage_taken":0,"max_hp_gain":0,"max_hp_loss":0,"event_name":"Masked Bandits","floor":28,"gold_loss":0},{"cards_removed":["Strike_R"],"damage_healed":0,"gold_gain":0,"player_choice":"Removed Attack","damage_taken":0,"max_hp_gain":0,"max_hp_loss":0,"event_name":"Falling","floor":39,"gold_loss":0},{"damage_healed":0,"gold_gain":0,"player_choice":"Fight","damage_taken":0,"max_hp_gain":0,"max_hp_loss":0,"event_name":"MindBloom","floor":42,"gold_loss":0},{"damage_healed":0,"gold_gain":0,"player_choice":"Fight","damage_taken":0,"max_hp_gain":0,"max_hp_loss":0,"event_name":"Mysterious Sphere","floor":44,"gold_loss":0}],"is_beta":true,"boss_relics":[{"not_picked":["Black Star","Tiny House"],"picked":"Philosopher\u0027s Stone"},{"not_picked":["SacredBark","Sozu"],"picked":"Fusion Hammer"}],"items_purged_floors":[53],"is_endless":false,"potions_floor_spawned":[4,5,6,16,18,20,28,31,40,42,45,47,48,54],"ascension_level":0}}