{"host":"3pgt7cyequ6zy3lm","time":1613936493,"event":{"mods":["Aspiration","BaseMod","Better Synergies","Bossed Relics","Colored Powertips","Conspire","Displayed Cursed Tome","Downfall","Energized Spire","Halation","Hubris","Infinite Spire","Minty Spire (QoL Compilation)","Quick Restart","Reliquary","Replay The Spire","Shop Mod","StSLib","SuperFastMode","The Construct","everything is the same but u backflip on backflip"],"gold_per_floor":[118,135,98,52,65,95,95,95,95,110,110,140,140,98,98,195,195,208,208,225,245,245,245],"floor_reached":22,"language":"RUS","playtime":837,"items_purged":[],"score":252,"play_id":"a7fa5ef1-c3fe-404d-8f3f-515d0b10042c","local_time":"20210221224133","is_ascension_mode":true,"campfire_choices":[{"floor":7.0,"key":"REST"},{"floor":15.0,"key":"REST"}],"circlet_count":0,"master_deck":["construct:Strike_Gold","construct:Strike_Gold","construct:Strike_Gold+1","construct:Strike_Gold","construct:Defend_Gold","construct:Defend_Gold","construct:Defend_Gold","construct:Defend_Gold","construct:Defend_Gold","construct:AttackMode","construct:DefenseMode","construct:MetalShell","construct:Enhance","construct:ReactiveShield","construct:Autoturret+1","construct:ShiftStrike+1","construct:GuardCore"],"relics":["construct:ClockworkPhoenix","reliquary:RoseTintedGlasses","halation:Toothbrush","infinitespire:EmpoweringShard","Philosopher\u0027s Stone"],"acts_visited":["Exordium","TheCity"],"potions_floor_usage":[],"damage_taken":[{"damage":1.0,"enemies":"Cultist","floor":1.0,"turns":3.0},{"damage":8.0,"enemies":"Jaw Worm","floor":2.0,"turns":6.0},{"damage":15.0,"enemies":"Small Slimes","floor":5.0,"turns":4.0},{"damage":57.0,"enemies":"Gremlin Nob","floor":6.0,"turns":5.0},{"damage":15.0,"enemies":"3 Louse","floor":10.0,"turns":5.0},{"damage":0.0,"enemies":"Lagavulin","floor":12.0,"turns":10.0},{"damage":23.0,"enemies":"The Guardian","floor":16.0,"turns":13.0},{"damage":30.0,"enemies":"Chosen","floor":18.0,"turns":7.0},{"damage":22.0,"enemies":"Spheric Guardian","floor":20.0,"turns":7.0},{"damage":56,"enemies":"3 Cultists","floor":21,"turns":6},{"damage":17,"enemies":"Centurion and Healer","floor":22,"turns":4}],"seed_played":"-1699815936611134890","potions_obtained":[{"floor":1.0,"key":"FearPotion"},{"floor":5.0,"key":"sneckomod:MuddlingPotion"},{"floor":6.0,"key":"conspire:TimeTravelPotion"},{"floor":16.0,"key":"Block Potion"},{"floor":19.0,"key":"champ:CounterPotion"},{"floor":19.0,"key":"Doom Potion"},{"floor":21,"key":"hexamod:SoulburnPotion"}],"is_trial":false,"path_per_floor":["M","M","$","$","M","E","R","?","T","M","?","E","?","?","R","B",null,"M","?","M","M","M"],"character_chosen":"THE_CONSTRUCT_MOD","items_purchased":["construct:ReactiveShield","construct:Autoturret"],"campfire_rested":2,"item_purchase_floors":[3,4],"current_hp_per_floor":[92,84,84,84,69,12,39,20,20,5,8,8,8,8,36,13,96,93,93,71,15,0,0],"gold":245,"neow_bonus":"TEN_PERCENT_HP_BONUS","is_daily":false,"chose_seed":false,"campfire_upgraded":0,"win_rate":0.0,"timestamp":1613936493,"path_taken":["M","M","?","$","M","E","R","?","T","M","?","E","?","?","R","BOSS","M","?","?","M","?"],"items_purchased_type":["Card","Card"],"build_version":"2020-12-22","purchased_purges":0,"victory":false,"max_hp_per_floor":[93,93,93,93,93,93,93,93,93,93,96,96,96,96,96,96,96,96,96,96,96,96,96],"card_choices":[{"not_picked":["construct:CriticalHit","construct:Forcefield"],"picked":"construct:MetalShell","floor":1.0},{"not_picked":["construct:SuppressiveFire","construct:ShiftStrike"],"picked":"construct:Enhance","floor":2.0},{"not_picked":["construct:VentSteam","construct:Boost","construct:ModeShift"],"picked":"SKIP","floor":5.0},{"not_picked":["construct:Electrocute","construct:Failsafe","construct:Chainstrike"],"picked":"SKIP","floor":6.0},{"not_picked":["construct:Boost","construct:FocusedBeam","construct:ElectricArmor"],"picked":"SKIP","floor":10.0},{"not_picked":["construct:Autoturret","construct:Bunker"],"picked":"construct:GuardCore","floor":12.0},{"not_picked":["construct:ShiftStrike","construct:FocusedBeam","construct:Analyze"],"picked":"SKIP","floor":18.0},{"not_picked":["construct:Zapper","construct:SyphonStrike","construct:VentSteam"],"picked":"SKIP","floor":20.0},{"not_picked":["construct:FierceBash+1","construct:ShiftStrike","construct:OmegaCannon+1"],"picked":"SKIP","floor":21}],"player_experience":156780,"relics_obtained":[{"floor":6.0,"key":"reliquary:RoseTintedGlasses"},{"floor":9.0,"key":"halation:Toothbrush"},{"floor":12.0,"key":"infinitespire:EmpoweringShard"}],"event_choices":[{"damage_healed":0.0,"max_hp_gain":0.0,"max_hp_loss":0.0,"gold_gain":0.0,"event_name":"Shining Light","player_choice":"Entered Light","floor":8.0,"gold_loss":0.0,"damage_taken":19.0,"cards_upgraded":["construct:Strike_Gold","construct:Autoturret"]},{"damage_healed":0.0,"max_hp_gain":0.0,"max_hp_loss":0.0,"gold_gain":0.0,"event_name":"Liars Game","player_choice":"Ignored","floor":13.0,"gold_loss":0.0,"damage_taken":0.0},{"damage_healed":0.0,"max_hp_gain":0.0,"max_hp_loss":0.0,"gold_gain":0.0,"event_name":"World of Goop","player_choice":"Left Gold","floor":14.0,"gold_loss":42.0,"damage_taken":0.0},{"damage_healed":0.0,"max_hp_gain":0.0,"max_hp_loss":0.0,"gold_gain":0.0,"event_name":"Lab","player_choice":"Got Potions","floor":19.0,"gold_loss":0.0,"damage_taken":0.0}],"is_beta":false,"boss_relics":[{"not_picked":["aspiration:SecretTechniqueScroll","halation:CatFaceCupcake"],"picked":"Philosopher\u0027s Stone"}],"items_purged_floors":[],"is_endless":false,"potions_floor_spawned":[1,5,6,16,21],"killed_by":"Centurion and Healer","ascension_level":3}}