{"host":"6fh0uvaoh3e0g6do","time":1613949576,"event":{"mods":["AchievementEnabler","BaseMod","BetterRewards","Colored Map","Colored Powertips","Highlight Path","Hubris","Infinite Spire","Minty Spire (QoL Compilation)","Quick Restart","Replay The Spire","StSLib"],"gold_per_floor":[109,120,130,148,162,116,116,150,150,178,178,214,91,91,91,91,91],"floor_reached":16,"language":"ENG","playtime":1975,"items_purged":["Injury"],"score":120,"play_id":"eb9ae151-7d9a-449f-8211-78cb1150a957","local_time":"20210221161936","is_ascension_mode":false,"campfire_choices":[{"data":"Sucker Punch","floor":7,"key":"SMITH"},{"floor":15,"key":"REST"}],"circlet_count":0,"master_deck":["Strike_G","Strike_G","Strike_G","Strike_G","Strike_G","Defend_G","Defend_G","Defend_G","Defend_G","Defend_G","Survivor","Neutralize+1","Sucker Punch+1","Sucker Punch","Deflect","Leg Sweep+1","Slice","Quick Slash","Hidden Blade","Quick Slash","Sucker Punch"],"relics":["Ring of the Snake","Boot","Replay:Towering Pillar of Hats","infinitespire:Eraser","Golden Idol","HornCleat"],"acts_visited":["Exordium"],"potions_floor_usage":[8,8,10,16],"damage_taken":[{"damage":1,"enemies":"Jaw Worm","floor":1,"turns":4},{"damage":0,"enemies":"2 Louse","floor":2,"turns":3},{"damage":0,"enemies":"Small Slimes","floor":3,"turns":3},{"damage":4,"enemies":"Looter","floor":4,"turns":4},{"damage":1,"enemies":"Blue Slaver","floor":5,"turns":4},{"damage":11,"enemies":"3 Sentries","floor":8,"turns":9},{"damage":21,"enemies":"Gremlin Nob","floor":10,"turns":5},{"damage":19,"enemies":"Lagavulin","floor":12,"turns":7},{"damage":3,"enemies":"Slime Boss","floor":16,"turns":6}],"seed_played":"8117555298369161073","potions_obtained":[{"floor":1,"key":"DuplicationPotion"},{"floor":2,"key":"DistilledChaos"},{"floor":5,"key":"Swift Potion"},{"floor":12,"key":"ColorlessPotion"}],"is_trial":false,"path_per_floor":["M","M","M","M","M","$","R","E","T","E","?","E","$","?","R_BF","B"],"character_chosen":"THE_SILENT","items_purchased":["Quick Slash","Sucker Punch"],"campfire_rested":1,"item_purchase_floors":[6,13],"current_hp_per_floor":[69,69,69,65,64,64,64,53,53,32,32,13,13,13,34,31,31],"gold":91,"neow_bonus":"UPGRADE_CARD","is_daily":false,"chose_seed":false,"campfire_upgraded":1,"win_rate":0.0,"timestamp":1613949576,"path_taken":["M","M","M","M","M","$","R","E","T","E","?","E","$","?","R_BF","BOSS"],"items_purchased_type":["Card","Card"],"build_version":"2020-12-22","purchased_purges":1,"victory":false,"max_hp_per_floor":[70,70,70,70,70,70,70,70,70,70,70,70,70,70,70,70,70],"card_choices":[{"not_picked":["ReplayTheSpireMod:Exploit Weakness","Blade Dance"],"picked":"Sucker Punch","floor":1},{"not_picked":["ReplayTheSpireMod:Exploit Weakness","Tactician"],"picked":"Sucker Punch","floor":2},{"not_picked":["PiercingWail","Fluid Movement"],"picked":"Deflect","floor":3},{"not_picked":["ReplayTheSpireMod:Scrap Shanks","Backstab"],"picked":"Leg Sweep","floor":4},{"not_picked":["Dodge and Roll","Fluid Movement"],"picked":"Slice","floor":5},{"not_picked":["Dodge and Roll","Backflip"],"picked":"Hidden Blade","floor":8},{"not_picked":["Doppelganger","Blur","Finisher"],"picked":"SKIP","floor":10},{"not_picked":["Burst","Riddle With Holes"],"picked":"Quick Slash","floor":12}],"player_experience":39016,"relics_obtained":[{"floor":8,"key":"Boot"},{"floor":9,"key":"Replay:Towering Pillar of Hats"},{"floor":10,"key":"infinitespire:Eraser"},{"floor":12,"key":"HornCleat"}],"event_choices":[{"damage_healed":0,"gold_gain":0,"player_choice":"Take Wound","damage_taken":0,"relics_obtained":["Golden Idol"],"max_hp_gain":0,"max_hp_loss":0,"event_name":"Golden Idol","floor":11,"gold_loss":0,"cards_obtained":["Injury"]},{"damage_healed":0,"gold_gain":0,"player_choice":"Grow","damage_taken":0,"max_hp_gain":0,"max_hp_loss":0,"event_name":"Living Wall","floor":14,"gold_loss":0,"cards_upgraded":["Leg Sweep"]}],"is_beta":false,"boss_relics":[],"items_purged_floors":[13],"is_endless":false,"potions_floor_spawned":[1,2,5,12],"killed_by":"Slime Boss","ascension_level":0}}