{"host":"04hh9gplt9wkfmr1","time":1613931653,"event":{"mods":["AchievementEnabler","BaseMod","Colored Map","KOR Keyword Fix","Minty Spire (QoL Compilation)","Rare Cards Sparkle","SuperFastMode"],"gold_per_floor":[117,117,117,137,137,170,170,170,250,250,277,277,73,86,86,86,86],"floor_reached":16,"language":"KOR","playtime":328,"items_purged":["Defend_P"],"score":152,"play_id":"aa3fe9f8-7a97-4b53-93a8-749aab06af4b","local_time":"20210222032053","is_ascension_mode":true,"campfire_choices":[{"data":"Eruption","floor":7.0,"key":"SMITH"},{"data":"DeusExMachina","floor":10.0,"key":"SMITH"},{"floor":12.0,"key":"REST"},{"data":"LikeWater","floor":15,"key":"SMITH"}],"circlet_count":0,"master_deck":["Strike_P","Strike_P","Strike_P","Strike_P","Defend_P","Defend_P+1","Eruption+1","Vigilance+1","LikeWater+1","Crescendo","DeusExMachina+1","FlurryOfBlows"],"relics":["PureWater","Letter Opener","Pear","Smiling Mask","Blood Vial"],"acts_visited":["Exordium"],"potions_floor_usage":[],"damage_taken":[{"damage":0.0,"enemies":"Jaw Worm","floor":1.0,"turns":3.0},{"damage":0.0,"enemies":"2 Louse","floor":4.0,"turns":2.0},{"damage":9.0,"enemies":"3 Sentries","floor":6.0,"turns":12.0},{"damage":35.0,"enemies":"Gremlin Nob","floor":11.0,"turns":4.0},{"damage":0.0,"enemies":"Small Slimes","floor":14.0,"turns":3.0},{"damage":52,"enemies":"Hexaghost","floor":16,"turns":4}],"seed_played":"-3403231762951534552","potions_obtained":[{"floor":1.0,"key":"GamblersBrew"},{"floor":14,"key":"DuplicationPotion"}],"is_trial":false,"path_per_floor":["M","?","$","M","?","E","R","?","T","R","E","R","$","M","R","B"],"character_chosen":"WATCHER","items_purchased":["Blood Vial"],"campfire_rested":1,"item_purchase_floors":[13],"current_hp_per_floor":[65,48,48,48,48,39,39,39,49,49,14,42,42,44,44,0,0],"gold":86,"neow_bonus":"TWENTY_PERCENT_HP_BONUS","is_daily":false,"chose_seed":false,"campfire_upgraded":3,"win_rate":0.0,"timestamp":1613931653,"path_taken":["M","?","$","M","?","E","R","?","T","R","E","R","$","M","R","BOSS"],"items_purchased_type":["Relic"],"build_version":"2020-12-22","purchased_purges":1,"victory":false,"max_hp_per_floor":[86,86,86,86,86,86,86,86,96,96,96,96,96,96,96,96,96],"card_choices":[{"not_picked":["Protect","Nirvana"],"picked":"LikeWater","floor":1.0},{"not_picked":["FollowUp","Collect"],"picked":"Crescendo","floor":4.0},{"not_picked":["BattleHymn","SpiritShield","Perseverance"],"picked":"SKIP","floor":6.0},{"not_picked":["SignatureMove","ThirdEye"],"picked":"FlurryOfBlows","floor":11.0},{"not_picked":["WindmillStrike","DeceiveReality","EmptyMind"],"picked":"SKIP","floor":14}],"player_experience":170748,"relics_obtained":[{"floor":6.0,"key":"Letter Opener"},{"floor":9.0,"key":"Pear"},{"floor":11.0,"key":"Smiling Mask"}],"event_choices":[{"damage_healed":0.0,"max_hp_gain":0.0,"max_hp_loss":0.0,"gold_gain":0.0,"event_name":"Shining Light","player_choice":"Entered Light","floor":2.0,"gold_loss":0.0,"damage_taken":17.0,"cards_upgraded":["Vigilance","Defend_P"]},{"damage_healed":0.0,"max_hp_gain":0.0,"max_hp_loss":0.0,"gold_gain":0.0,"cards_transformed":["Defend_P"],"event_name":"Living Wall","player_choice":"Change","floor":5.0,"gold_loss":0.0,"damage_taken":0.0,"cards_obtained":["DeusExMachina"]},{"damage_healed":0.0,"max_hp_gain":0.0,"max_hp_loss":0.0,"gold_gain":0.0,"event_name":"Dead Adventurer","player_choice":"Searched \u00270\u0027 times","floor":8.0,"gold_loss":0.0,"damage_taken":0.0}],"is_beta":false,"boss_relics":[],"items_purged_floors":[13],"is_endless":false,"potions_floor_spawned":[1,14],"killed_by":"Hexaghost","ascension_level":4}}