{"host":"qgrlfjrqk9z96gfi","time":1613932435,"event":{"mods":["BaseMod","Block Reminder","Colored Map","Custom Start","DeckTracker","Minty Spire (QoL Compilation)"],"gold_per_floor":[117,117,392,408,7,7,39,54,78,78,89,121,134,166,166,166,166],"floor_reached":16,"language":"ENG","playtime":434,"items_purged":["Regret"],"score":290,"play_id":"139f722b-1fa5-4d9c-b197-ffdf5c3822ad","local_time":"20210221083355","is_ascension_mode":true,"campfire_choices":[{"data":"Dagger Throw","floor":6,"key":"SMITH"},{"data":"Blade Dance","floor":10,"key":"SMITH"},{"data":"Tactician","floor":15,"key":"SMITH"}],"circlet_count":0,"master_deck":["AscendersBane","Strike_G+1","Strike_G","Strike_G","Strike_G","Defend_G","Defend_G","Defend_G","Defend_G","Defend_G","Survivor","Neutralize+1","Dagger Throw+1","Dagger Throw","Blade Dance+1","Slice","Backflip","Dagger Spray","Tactician+1"],"relics":["Ring of the Snake","NeowsBlessing","Bag of Marbles","Pen Nib","Dream Catcher","Whetstone","Potion Belt","Eternal Feather"],"acts_visited":["Exordium"],"potions_floor_usage":[12,14],"damage_taken":[{"damage":0,"enemies":"Small Slimes","floor":1,"turns":1},{"damage":0,"enemies":"Cultist","floor":4,"turns":1},{"damage":0,"enemies":"Gremlin Nob","floor":7,"turns":1},{"damage":0,"enemies":"2 Louse","floor":8,"turns":3},{"damage":6,"enemies":"Exordium Thugs","floor":11,"turns":4},{"damage":15,"enemies":"3 Sentries","floor":12,"turns":8},{"damage":15,"enemies":"Lots of Slimes","floor":13,"turns":3},{"damage":12,"enemies":"Lagavulin","floor":14,"turns":5},{"damage":28,"enemies":"Hexaghost","floor":16,"turns":9}],"seed_played":"116832390496172761","potions_obtained":[{"floor":8,"key":"Ancient Potion"},{"floor":11,"key":"Regen Potion"},{"floor":13,"key":"Ancient Potion"}],"is_trial":false,"path_per_floor":["M","?","?","M","$","R","E","M","T","R","M","E","M","E","R","B"],"character_chosen":"THE_SILENT","items_purchased":["Bag of Marbles","Pen Nib"],"campfire_rested":0,"item_purchase_floors":[5,5],"current_hp_per_floor":[59,52,52,52,52,52,52,52,52,52,46,46,31,19,28,0,0],"gold":166,"neow_bonus":"THREE_ENEMY_KILL","is_daily":false,"chose_seed":false,"campfire_upgraded":3,"win_rate":0.0,"timestamp":1613932435,"path_taken":["M","?","?","M","$","R","E","M","T","R","M","E","M","E","R","BOSS"],"items_purchased_type":["Relic","Relic"],"build_version":"2020-12-22","purchased_purges":1,"victory":false,"max_hp_per_floor":[66,66,66,66,66,66,66,66,66,66,66,66,66,66,66,66,66],"card_choices":[{"not_picked":["Backflip","Deflect"],"picked":"Dagger Throw","floor":1},{"not_picked":["Deadly Poison","Backflip"],"picked":"Dagger Throw","floor":4},{"not_picked":["All Out Attack","Malaise"],"picked":"Blade Dance","floor":7},{"not_picked":["Predator","Well Laid Plans"],"picked":"Slice","floor":8},{"not_picked":["Sucker Punch","Flying Knee","Flechettes"],"picked":"SKIP","floor":11},{"not_picked":["Bullet Time","Masterful Stab"],"picked":"Backflip","floor":12},{"not_picked":["Blur","Slice"],"picked":"Dagger Spray","floor":13},{"not_picked":["Sucker Punch","Acrobatics"],"picked":"Tactician","floor":14}],"player_experience":1179925,"relics_obtained":[{"floor":7,"key":"Dream Catcher"},{"floor":9,"key":"Whetstone"},{"floor":12,"key":"Potion Belt"},{"floor":14,"key":"Eternal Feather"}],"event_choices":[{"cards_removed":["Strike_G"],"damage_healed":0,"gold_gain":0,"player_choice":"Card Removal","damage_taken":7,"max_hp_gain":0,"max_hp_loss":0,"event_name":"Golden Wing","floor":2,"gold_loss":0},{"damage_healed":0,"gold_gain":275,"player_choice":"Desecrate","damage_taken":0,"max_hp_gain":0,"max_hp_loss":0,"event_name":"Golden Shrine","floor":3,"gold_loss":0,"cards_obtained":["Regret"]}],"is_beta":false,"boss_relics":[],"items_purged_floors":[5],"is_endless":false,"potions_floor_spawned":[8,11,13],"killed_by":"Hexaghost","ascension_level":20}}