{"host":"y76clbnovzmw9ubx","time":1613921247,"event":{"mods":["AchievementEnabler","BaseMod","Minty Spire (QoL Compilation)","Permanent Neow","Relic Stats"],"gold_per_floor":[116,134,146,146,158,158,189,189,212,234,264,298,310,350,362,374,374],"floor_reached":16,"language":"ENG","playtime":791,"items_purged":[],"score":224,"play_id":"75b21ab9-1c20-4854-9f09-1ecc2b0d6b9b","local_time":"20210221102727","is_ascension_mode":true,"campfire_choices":[{"data":"Skewer","floor":6.0,"key":"SMITH"},{"floor":8.0,"key":"REST"},{"floor":15,"key":"REST"}],"circlet_count":0,"master_deck":["AscendersBane","Strike_G","Strike_G","Strike_G","Strike_G","Defend_G","Defend_G","Defend_G","Defend_G","Defend_G","Survivor","Neutralize+1","Poisoned Stab","Skewer+1","Crippling Poison","Blur","Dagger Spray","Backflip","Slice","PiercingWail"],"relics":["Ring of the Snake","Centennial Puzzle","MawBank","Odd Mushroom","Bag of Preparation"],"acts_visited":["Exordium"],"potions_floor_usage":[14,14,16],"damage_taken":[{"damage":0.0,"enemies":"Jaw Worm","floor":1.0,"turns":5.0},{"damage":7.0,"enemies":"Small Slimes","floor":2.0,"turns":4.0},{"damage":0.0,"enemies":"2 Louse","floor":3.0,"turns":2.0},{"damage":0.0,"enemies":"Looter","floor":5.0,"turns":3.0},{"damage":37.0,"enemies":"Gremlin Nob","floor":7.0,"turns":5.0},{"damage":0,"enemies":"Exordium Wildlife","floor":10,"turns":3},{"damage":4,"enemies":"Gremlin Gang","floor":11,"turns":3},{"damage":6,"enemies":"The Mushroom Lair","floor":12,"turns":3},{"damage":7,"enemies":"3 Sentries","floor":14,"turns":9},{"damage":29,"enemies":"Hexaghost","floor":16,"turns":9}],"seed_played":"-3844228654535399872","potions_obtained":[{"floor":1.0,"key":"SneckoOil"},{"floor":5.0,"key":"LiquidMemories"},{"floor":7.0,"key":"PowerPotion"},{"floor":10,"key":"Swift Potion"},{"floor":14,"key":"CultistPotion"}],"is_trial":false,"path_per_floor":["M","M","M","?","M","R","E","R","T","M","M","?","?","E","R","B"],"character_chosen":"THE_SILENT","items_purchased":[],"campfire_rested":2,"item_purchase_floors":[],"current_hp_per_floor":[59,52,52,45,45,45,8,27,27,27,23,17,17,10,29,0,0],"gold":374,"neow_bonus":"UPGRADE_CARD","is_daily":false,"chose_seed":false,"campfire_upgraded":1,"win_rate":0.0,"timestamp":1613921247,"path_taken":["M","M","M","?","M","R","E","R","T","M","M","?","?","E","R","BOSS"],"items_purchased_type":[],"build_version":"2020-12-22","purchased_purges":0,"victory":false,"max_hp_per_floor":[66,66,66,66,66,66,66,66,66,66,66,66,66,66,66,66,66],"relic_stats":{"Centennial Puzzle":[12],"counters":[10,46],"Bag of Preparation":[2],"MawBank":84,"obtain_stats":[{"Centennial Puzzle":7,"Bag of Preparation":14,"Odd Mushroom":12,"MawBank":9,"Ring of the Snake":0},{"Centennial Puzzle":5,"Bag of Preparation":9,"Odd Mushroom":8,"MawBank":5,"Ring of the Snake":0},{"Centennial Puzzle":19,"Bag of Preparation":37,"Odd Mushroom":28,"MawBank":19,"Ring of the Snake":0}],"Ring of the Snake":[20]},"card_choices":[{"not_picked":["Infinite Blades","Backflip"],"picked":"Poisoned Stab","floor":1.0},{"not_picked":["Cloak And Dagger","Deflect"],"picked":"Skewer","floor":2.0},{"not_picked":["Terror","Bane"],"picked":"Crippling Poison","floor":3.0},{"not_picked":["Concentrate","Dodge and Roll"],"picked":"Blur","floor":5.0},{"not_picked":["Predator","Dash"],"picked":"Dagger Spray","floor":7.0},{"not_picked":["Tactician","Quick Slash"],"picked":"Backflip","floor":10},{"not_picked":["Dagger Spray","Storm of Steel","Outmaneuver"],"picked":"SKIP","floor":11},{"not_picked":["Blur","Bane"],"picked":"Slice","floor":12},{"not_picked":["Concentrate","Crippling Poison"],"picked":"PiercingWail","floor":14}],"player_experience":3270043,"relics_obtained":[{"floor":7.0,"key":"Centennial Puzzle"},{"floor":9.0,"key":"MawBank"},{"floor":12,"key":"Odd Mushroom"},{"floor":14,"key":"Bag of Preparation"}],"event_choices":[{"cards_removed":["Strike_G"],"damage_healed":0.0,"max_hp_gain":0.0,"max_hp_loss":0.0,"gold_gain":0.0,"event_name":"Golden Wing","player_choice":"Card Removal","floor":4.0,"gold_loss":0.0,"damage_taken":7.0},{"damage_healed":0,"gold_gain":0,"player_choice":"Fought Mushrooms","damage_taken":0,"max_hp_gain":0,"max_hp_loss":0,"event_name":"Mushrooms","floor":12,"gold_loss":0},{"damage_healed":0,"gold_gain":0,"player_choice":"Ignored","damage_taken":0,"max_hp_gain":0,"max_hp_loss":0,"event_name":"Shining Light","floor":13,"gold_loss":0}],"is_beta":false,"boss_relics":[],"items_purged_floors":[],"is_endless":false,"potions_floor_spawned":[1,5,7,10,14],"killed_by":"Hexaghost","ascension_level":20}}