{"host":"z39atn33tyek63fd","time":1613876684,"event":{"mods":["BaseMod","Minty Spire (QoL Compilation)","everything is the same but u backflip on backflip"],"gold_per_floor":[116,133,83,9,9,9,28,55,55,86,105,41,56,71,71,145,145,159,258,258,276,72,72,72,91,91,91,108,120,145,161,161,238,238,256,11,22,22,22,22,22,22],"floor_reached":41,"language":"ENG","playtime":2493,"items_purged":["Strike_G"],"score":723,"play_id":"fd8b5dd3-399d-4805-8606-244066db72d2","local_time":"20210220210444","is_ascension_mode":true,"campfire_choices":[{"data":"Neutralize","floor":6.0,"key":"SMITH"},{"floor":15.0,"key":"REST"},{"data":"Skewer","floor":23.0,"key":"SMITH"},{"floor":32.0,"key":"REST"},{"data":"Footwork","floor":40,"key":"SMITH"}],"circlet_count":0,"master_deck":["AscendersBane","Strike_G","Strike_G","Defend_G","Defend_G","Defend_G","Defend_G","Survivor","Neutralize+1","Quick Slash","All Out Attack","Dash","Heel Hook","Skewer+1","Dodge and Roll","Blade Dance","Backflip","Accuracy","Heel Hook","Escape Plan","Phantasmal Killer","Crippling Poison+1","Prepared","Blade Dance","PiercingWail","Infinite Blades","Backstab","Leg Sweep+1","Burst","Acrobatics","Malaise","Caltrops+1","Footwork+1","Crippling Poison","PiercingWail","PiercingWail","Footwork","Panache"],"relics":["Ring of the Snake","The Courier","Meat on the Bone","Bag of Marbles","Cursed Key","Happy Flower","Question Card","WristBlade","Membership Card"],"acts_visited":["Exordium","TheCity","TheBeyond"],"potions_floor_usage":[],"damage_taken":[{"damage":1.0,"enemies":"Jaw Worm","floor":1.0,"turns":4.0},{"damage":0.0,"enemies":"Cultist","floor":2.0,"turns":3.0},{"damage":7.0,"enemies":"Small Slimes","floor":7.0,"turns":2.0},{"damage":15.0,"enemies":"Gremlin Nob","floor":8.0,"turns":4.0},{"damage":15.0,"enemies":"3 Sentries","floor":10.0,"turns":9.0},{"damage":0.0,"enemies":"2 Fungi Beasts","floor":11.0,"turns":2.0},{"damage":0.0,"enemies":"Large Slime","floor":13.0,"turns":3.0},{"damage":9.0,"enemies":"Looter","floor":14.0,"turns":3.0},{"damage":48.0,"enemies":"Slime Boss","floor":16.0,"turns":8.0},{"damage":2.0,"enemies":"Chosen","floor":18.0,"turns":4.0},{"damage":25.0,"enemies":"2 Thieves","floor":21.0,"turns":5.0},{"damage":7.0,"enemies":"Centurion and Healer","floor":25.0,"turns":5.0},{"damage":2.0,"enemies":"Chosen and Byrds","floor":28.0,"turns":3.0},{"damage":4.0,"enemies":"Cultist and Chosen","floor":29.0,"turns":5.0},{"damage":17.0,"enemies":"Gremlin Leader","floor":30.0,"turns":6.0},{"damage":8.0,"enemies":"Snecko","floor":31.0,"turns":3.0},{"damage":56.0,"enemies":"Automaton","floor":33.0,"turns":14.0},{"damage":5.0,"enemies":"3 Shapes","floor":35.0,"turns":6.0},{"damage":3,"enemies":"3 Darklings","floor":37,"turns":4},{"damage":54,"enemies":"Giant Head","floor":41,"turns":9}],"seed_played":"-9045168611778014172","potions_obtained":[{"floor":1.0,"key":"Ancient Potion"},{"floor":2.0,"key":"Energy Potion"},{"floor":11.0,"key":"PowerPotion"},{"floor":18.0,"key":"Ancient Potion"},{"floor":29.0,"key":"FearPotion"}],"is_trial":false,"path_per_floor":["M","M","?","$","?","R","M","E","T","E","M","$","M","M","R","B",null,"M","?","?","M","$","R","?","M","T","?","M","M","E","M","R","B",null,"M","$","M","?","?","R","E"],"character_chosen":"THE_SILENT","items_purchased":["Dash","Accuracy","Blade Dance","PiercingWail","Infinite Blades","Membership Card","Footwork","Crippling Poison","PiercingWail","Poison Potion","Energy Potion","PiercingWail"],"campfire_rested":2,"item_purchase_floors":[4,12,22,22,22,36,36,36,36,36,36,36],"current_hp_per_floor":[62,62,62,62,62,62,55,40,40,37,37,37,37,40,61,25,59,57,57,57,44,44,44,44,37,37,37,47,43,38,42,63,19,57,52,52,49,49,49,49,0,0],"gold":22,"neow_bonus":"REMOVE_CARD","is_daily":false,"chose_seed":false,"campfire_upgraded":3,"win_rate":0.0,"timestamp":1613876684,"path_taken":["M","M","?","$","?","R","M","E","T","E","?","$","M","M","R","BOSS","M","?","?","M","$","R","?","M","T","?","M","M","E","M","R","BOSS","M","$","M","?","?","R","E"],"items_purchased_type":["Card","Card","Card","Card","Card","Relic","Card","Card","Card","Potion","Potion","Card"],"build_version":"2020-12-22","purchased_purges":1,"victory":false,"max_hp_per_floor":[70,70,70,70,70,70,70,70,70,70,70,70,70,70,70,70,70,70,70,70,70,70,70,70,70,70,70,70,70,70,70,70,70,70,70,70,70,66,66,66,66,66],"card_choices":[{"not_picked":["Blur","Acrobatics"],"picked":"Quick Slash","floor":1.0},{"not_picked":["Flechettes","Reflex"],"picked":"All Out Attack","floor":2.0},{"not_picked":["Dagger Throw","Bane"],"picked":"Skewer","floor":7.0},{"not_picked":["Slice","Acrobatics"],"picked":"Dodge and Roll","floor":8.0},{"not_picked":["Bane","Unload"],"picked":"Blade Dance","floor":10.0},{"not_picked":["Crippling Poison","All Out Attack"],"picked":"Backflip","floor":11.0},{"not_picked":["Predator","Acrobatics"],"picked":"Heel Hook","floor":13.0},{"not_picked":["Dash","Bane"],"picked":"Escape Plan","floor":14.0},{"not_picked":["Bullet Time","Doppelganger"],"picked":"Phantasmal Killer","floor":16.0},{"not_picked":["Underhanded Strike","Bane"],"picked":"Crippling Poison+1","floor":18.0},{"not_picked":["Quick Slash+1","Choke"],"picked":"Prepared","floor":21.0},{"not_picked":["Deflect","Dodge and Roll"],"picked":"Backstab","floor":25.0},{"not_picked":["Flying Knee","Poisoned Stab+1"],"picked":"Leg Sweep+1","floor":28.0},{"not_picked":["PiercingWail","Poisoned Stab","Underhanded Strike+1"],"picked":"SKIP","floor":29.0},{"not_picked":["Predator+1","Masterful Stab"],"picked":"Burst","floor":30.0},{"not_picked":["Quick Slash","Slice","Poisoned Stab"],"picked":"Acrobatics","floor":31.0},{"not_picked":["Storm of Steel","Grand Finale","Envenom"],"picked":"Malaise","floor":33.0},{"not_picked":["Quick Slash","Underhanded Strike","Bane"],"picked":"Caltrops+1","floor":35.0},{"not_picked":["Quick Slash","Leg Sweep","Poisoned Stab+1"],"picked":"Footwork","floor":37},{"not_picked":["Chrysalis","Flash of Steel","Trip"],"picked":"Panache","floor":39}],"player_experience":820084,"relics_obtained":[{"floor":8.0,"key":"The Courier"},{"floor":9.0,"key":"Meat on the Bone"},{"floor":10.0,"key":"Bag of Marbles"},{"floor":26.0,"key":"Happy Flower"},{"floor":30.0,"key":"Question Card"}],"event_choices":[{"cards_removed":["Strike_G"],"damage_healed":0.0,"max_hp_gain":0.0,"max_hp_loss":0.0,"gold_gain":0.0,"event_name":"The Cleric","player_choice":"Card Removal","floor":3.0,"gold_loss":50.0,"damage_taken":0.0},{"damage_healed":0.0,"max_hp_gain":0.0,"max_hp_loss":0.0,"gold_gain":0.0,"cards_transformed":["Strike_G"],"event_name":"Transmorgrifier","player_choice":"Transformed","floor":5.0,"gold_loss":0.0,"damage_taken":0.0,"cards_obtained":["Heel Hook"]},{"damage_healed":0.0,"max_hp_gain":0.0,"max_hp_loss":0.0,"gold_gain":99.0,"event_name":"Nest","player_choice":"Stole From Cult","floor":19.0,"gold_loss":0.0,"damage_taken":0.0},{"damage_healed":0.0,"max_hp_gain":0.0,"max_hp_loss":0.0,"gold_gain":0.0,"event_name":"Ghosts","player_choice":"Ignored","floor":20.0,"gold_loss":0.0,"damage_taken":0.0},{"cards_removed":["Pain"],"damage_healed":0.0,"max_hp_gain":0.0,"max_hp_loss":0.0,"gold_gain":0.0,"event_name":"Back to Basics","player_choice":"Elegance","floor":27.0,"gold_loss":0.0,"damage_taken":0.0},{"damage_healed":0,"gold_gain":0,"player_choice":"Max HP","damage_taken":0,"max_hp_gain":0,"max_hp_loss":4,"event_name":"Winding Halls","floor":38,"gold_loss":0},{"damage_healed":0,"gold_gain":0,"player_choice":"Memory 1","damage_taken":0,"max_hp_gain":0,"max_hp_loss":0,"event_name":"SensoryStone","floor":39,"gold_loss":0}],"is_beta":false,"boss_relics":[{"not_picked":["Calling Bell","Velvet Choker"],"picked":"Cursed Key"},{"not_picked":["Ring of the Serpent","Philosopher\u0027s Stone"],"picked":"WristBlade"}],"items_purged_floors":[22],"is_endless":false,"potions_floor_spawned":[1,2,11,18,29],"killed_by":"Giant Head","ascension_level":13}}