{"host":"iv24d026eac8pm4e","time":1613930265,"event":{"mods":["BaseMod","Minty Spire (QoL Compilation)"],"gold_per_floor":[118,138,151,76,76,76,88,88,115,115,37,47,47,78,78,78,78],"floor_reached":16,"language":"ENG","playtime":547,"items_purged":[],"score":200,"play_id":"7925e3fe-af4f-4e8b-9a0f-74251903739d","local_time":"20210221095745","is_ascension_mode":true,"campfire_choices":[{"data":"Crippling Poison","floor":6,"key":"SMITH"},{"data":"Caltrops","floor":8,"key":"SMITH"},{"floor":10,"key":"REST"},{"data":"Tools of the Trade","floor":15,"key":"SMITH"}],"circlet_count":0,"master_deck":["AscendersBane","Strike_G","Strike_G+1","Strike_G","Strike_G","Defend_G","Defend_G","Defend_G","Defend_G","Defend_G","Survivor","Neutralize","Caltrops+1","Footwork+1","Crippling Poison+1","Dodge and Roll","Tools of the Trade+1","Crippling Poison","Dodge and Roll"],"relics":["Ring of the Snake","Lantern","Dead Branch","Strawberry"],"acts_visited":["Exordium"],"potions_floor_usage":[16],"damage_taken":[{"damage":8,"enemies":"2 Louse","floor":1,"turns":5},{"damage":2,"enemies":"Jaw Worm","floor":2,"turns":5},{"damage":1,"enemies":"Cultist","floor":3,"turns":5},{"damage":7,"enemies":"Exordium Wildlife","floor":7,"turns":5},{"damage":0,"enemies":"2 Fungi Beasts","floor":12,"turns":3},{"damage":12,"enemies":"Lagavulin","floor":14,"turns":9},{"damage":46,"enemies":"Slime Boss","floor":16,"turns":11}],"seed_played":"2645656475402241122","potions_obtained":[{"floor":2,"key":"SkillPotion"},{"floor":7,"key":"LiquidBronze"}],"is_trial":false,"path_per_floor":["M","M","M","?","?","R","M","R","T","R","$","M","T","E","R","B"],"character_chosen":"THE_SILENT","items_purchased":["Tools of the Trade"],"campfire_rested":1,"item_purchase_floors":[11],"current_hp_per_floor":[57,55,54,54,32,32,25,25,25,46,46,46,46,41,41,0,0],"gold":78,"neow_bonus":"TEN_PERCENT_HP_BONUS","is_daily":false,"chose_seed":false,"campfire_upgraded":3,"win_rate":0.0,"timestamp":1613930265,"path_taken":["M","M","M","?","?","R","M","R","T","R","?","M","?","E","R","BOSS"],"items_purchased_type":["Card"],"build_version":"2020-12-22","purchased_purges":0,"victory":false,"max_hp_per_floor":[72,72,72,72,72,72,72,72,72,72,72,72,72,79,79,79,79],"card_choices":[{"not_picked":["PiercingWail","Catalyst"],"picked":"Caltrops","floor":1},{"not_picked":["Quick Slash","Dash"],"picked":"Footwork","floor":2},{"not_picked":["Poisoned Stab","Outmaneuver"],"picked":"Crippling Poison","floor":3},{"not_picked":["Sucker Punch","Quick Slash"],"picked":"Dodge and Roll","floor":7},{"not_picked":["Riddle With Holes","Acrobatics"],"picked":"Crippling Poison","floor":12},{"not_picked":["Caltrops","Poisoned Stab"],"picked":"Dodge and Roll","floor":14}],"player_experience":2557762,"relics_obtained":[{"floor":9,"key":"Lantern"},{"floor":13,"key":"Dead Branch"},{"floor":14,"key":"Strawberry"}],"event_choices":[{"cards_removed":["Strike_G"],"damage_healed":0,"gold_gain":0,"player_choice":"Card Removal","damage_taken":0,"max_hp_gain":0,"max_hp_loss":0,"event_name":"The Cleric","floor":4,"gold_loss":75},{"damage_healed":0,"gold_gain":0,"player_choice":"Entered Light","damage_taken":22,"max_hp_gain":0,"max_hp_loss":0,"event_name":"Shining Light","floor":5,"gold_loss":0,"cards_upgraded":["Footwork","Strike_G"]}],"is_beta":false,"boss_relics":[],"items_purged_floors":[],"is_endless":false,"potions_floor_spawned":[2,7],"killed_by":"Slime Boss","ascension_level":20}}