{"host":"s1zmgfx0020qwdb2","time":1613916268,"event":{"mods":["AchievementEnabler","BaseMod","BetterRewards","Colored Map","Colored Powertips","Minty Spire (QoL Compilation)","StSLib","Together in Spire"],"gold_per_floor":[116,133,133,147,159,159,159,159,159,173,173,0,27,37,37,141,141,159,172,186,196,74,74,102,102,102],"floor_reached":25,"language":"DEU","playtime":2308,"items_purged":[],"score":225,"play_id":"8c303c9e-8b61-4dba-97a8-68d2b1e1adb7","local_time":"20210221150428","is_ascension_mode":false,"campfire_choices":[{"data":"Searing Blow","floor":6,"key":"SMITH"},{"data":"Searing Blow+1","floor":8,"key":"SMITH"},{"data":"Searing Blow+2","floor":11,"key":"SMITH"},{"floor":15,"key":"REST"},{"floor":23,"key":"REST"}],"circlet_count":0,"master_deck":["Strike_R","Strike_R","Strike_R","Strike_R","Strike_R","Defend_R","Defend_R","Defend_R","Defend_R","Bash","Searing Blow","Sever Soul","Rage","Searing Blow+3","Second Wind","Dual Wield","Inflame","Thunderclap","Clash","Intimidate","Iron Wave+1","Reaper","Perfected Strike","Pommel Strike+1","Sword Boomerang","Sword Boomerang+1","Double Tap","Clothesline","Barricade"],"relics":["Burning Blood","Pantograph","Strawberry","Meat on the Bone","Runic Cube","Whetstone"],"acts_visited":["Exordium","TheCity"],"potions_floor_usage":[13,24,25],"damage_taken":[{"damage":10,"enemies":"2 Louse","floor":1,"turns":2},{"damage":3,"enemies":"Small Slimes","floor":2,"turns":3},{"damage":5,"enemies":"Cultist","floor":4,"turns":5},{"damage":9,"enemies":"2 Fungi Beasts","floor":5,"turns":4},{"damage":33,"enemies":"Lots of Slimes","floor":10,"turns":5},{"damage":26,"enemies":"3 Sentries","floor":13,"turns":8},{"damage":15,"enemies":"Looter","floor":14,"turns":3},{"damage":0,"enemies":"Slime Boss","floor":16,"turns":1},{"damage":42,"enemies":"Shell Parasite","floor":18,"turns":7},{"damage":10,"enemies":"Spheric Guardian","floor":19,"turns":3},{"damage":42,"enemies":"Shelled Parasite and Fungi","floor":20,"turns":6},{"damage":27,"enemies":"Snecko","floor":21,"turns":5},{"damage":45,"enemies":"Book of Stabbing","floor":24,"turns":5},{"damage":33,"enemies":"Centurion and Healer","floor":25,"turns":3}],"seed_played":"4764251857737554639","potions_obtained":[{"floor":2,"key":"Dexterity Potion"},{"floor":4,"key":"EssenceOfSteel"},{"floor":10,"key":"Explosive Potion"},{"floor":16,"key":"EssenceOfSteel"},{"floor":24,"key":"Swift Potion"}],"is_trial":false,"path_per_floor":["M","M","?","M","M","R","?","R","T","M","R","$","E","M","R","B",null,"M","M","M","M","$","R","E","M"],"character_chosen":"IRONCLAD","items_purchased":["Searing Blow","Inflame","Thunderclap","Clash","Double Tap","Clothesline"],"campfire_rested":2,"item_purchase_floors":[0,12,12,12,22,22],"current_hp_per_floor":[76,79,72,73,70,70,62,62,69,42,42,42,22,25,51,82,87,51,59,35,32,32,58,31,0,0],"gold":102,"neow_bonus":"","is_daily":false,"chose_seed":false,"campfire_upgraded":3,"win_rate":0.0,"timestamp":1613916268,"path_taken":["M","M","?","M","M","R","?","R","T","M","R","$","E","?","R","BOSS","M","M","M","M","$","R","E","M"],"items_purchased_type":["Card","Card","Card","Card","Card","Card"],"build_version":"2020-12-22","purchased_purges":0,"victory":false,"max_hp_per_floor":[80,80,80,80,80,80,80,80,87,87,87,87,87,87,87,87,87,87,87,87,87,87,87,87,87,87],"card_choices":[{"not_picked":["Battle Trance","Flex"],"picked":"Sever Soul","floor":1},{"not_picked":["Bloodletting","Twin Strike"],"picked":"Rage","floor":2},{"not_picked":["Rupture","Warcry"],"picked":"Searing Blow","floor":4},{"not_picked":["Feel No Pain","Anger"],"picked":"Second Wind","floor":5},{"not_picked":["Rage","Clash"],"picked":"Dual Wield","floor":10},{"not_picked":["Metallicize","Dark Embrace"],"picked":"Intimidate","floor":13},{"not_picked":["Second Wind","Sever Soul"],"picked":"Iron Wave","floor":14},{"not_picked":["Barricade","Offering"],"picked":"Reaper","floor":16},{"not_picked":["Feel No Pain","Rupture+1"],"picked":"Perfected Strike","floor":18},{"not_picked":["Thunderclap","Body Slam"],"picked":"Pommel Strike+1","floor":19},{"not_picked":["Iron Wave","Perfected Strike"],"picked":"Sword Boomerang","floor":20},{"not_picked":["Flex","Shrug It Off"],"picked":"Sword Boomerang","floor":21},{"not_picked":["Iron Wave","Battle Trance"],"picked":"Barricade","floor":24}],"player_experience":39758,"relics_obtained":[{"floor":9,"key":"Strawberry"},{"floor":13,"key":"Meat on the Bone"},{"floor":24,"key":"Whetstone"}],"event_choices":[{"damage_healed":0,"gold_gain":0,"player_choice":"Success","damage_taken":7,"relics_obtained":["Pantograph"],"max_hp_gain":0,"max_hp_loss":0,"event_name":"Scrap Ooze","floor":3,"gold_loss":0},{"damage_healed":0,"gold_gain":0,"player_choice":"Damaged","damage_taken":8,"max_hp_gain":0,"max_hp_loss":0,"event_name":"Wheel of Change","floor":7,"gold_loss":0}],"is_beta":false,"boss_relics":[{"not_picked":["Sozu","Ectoplasm"],"picked":"Runic Cube"}],"items_purged_floors":[],"is_endless":false,"potions_floor_spawned":[2,4,10,16,18,24],"killed_by":"Centurion and Healer","ascension_level":0}}