{"host":"kmiq0jcx6kate40j","time":1613915974,"event":{"mods":["BaseMod","Downfall","GifTheSpireLib","Hermit","Minty Spire (QoL Compilation)","Replay The Spire","StSLib","The Blackbeard","The Saiyan"],"gold_per_floor":[115,126,126,137,14,14,46,46,46,76,76,110,110,142,142,247,247,263,263,281,94,112,138,138,164,187,200,200,100,118,14,14,117,117,130,145,145,160,177,177,177,177],"floor_reached":41,"language":"ZHS","playtime":2745,"items_purged":["ReplayTheSpireMod:Splinters","Defend_R"],"score":504,"play_id":"783fe45c-e634-41b9-84bc-eca4cc5866b1","local_time":"20210221215934","is_ascension_mode":true,"campfire_choices":[{"data":"Metamorphosis","floor":6,"key":"SMITH"},{"floor":8,"key":"REST"},{"floor":11,"key":"REST"},{"data":"Berserk","floor":15,"key":"SMITH"},{"data":"Limit Break","floor":24,"key":"SMITH"},{"floor":28,"key":"REST"},{"floor":32,"key":"REST"},{"floor":40,"key":"REST"}],"circlet_count":0,"master_deck":["Strike_R+1","Defend_R","Defend_R","Bash","Hemogenesis","Armaments","Uppercut","Swift Strike","Berserk+1","Metamorphosis+1","Flash of Steel","Bandage Up+1","Life Link","Spot Weakness","Hemogenesis","Limit Break+1","Flex","Pommel Strike","Good Instincts","Seeing Red+1","Spot Weakness+1","Intimidate","Sword Boomerang","Feed","Flex+1"],"relics":["Burning Blood","ReplayTheSpireMod:ShopPack","Replay:Bottled Steam","Dead Branch","Kunai","Meat on the Bone","Charon\u0027s Ashes","Kintsugi","Spirit Poop","Durian","Bronze Scales","ReplayTheSpireMod:TigerMarble","Busted Crown"],"acts_visited":["Exordium","TheCity","TheBeyond"],"potions_floor_usage":[16,22,23,25,27,27,35,38],"damage_taken":[{"damage":13,"enemies":"Jaw Worm","floor":1,"turns":7},{"damage":7,"enemies":"Cultist","floor":2,"turns":5},{"damage":0,"enemies":"Small Slimes","floor":4,"turns":3},{"damage":56,"enemies":"Lagavulin","floor":7,"turns":6},{"damage":32,"enemies":"Gremlin Nob","floor":10,"turns":4},{"damage":15,"enemies":"Lagavulin","floor":12,"turns":7},{"damage":19,"enemies":"Gremlin Nob","floor":14,"turns":4},{"damage":51,"enemies":"The Guardian","floor":16,"turns":6},{"damage":38,"enemies":"Shell Parasite","floor":18,"turns":4},{"damage":38,"enemies":"Chosen","floor":20,"turns":4},{"damage":7,"enemies":"Shelled Parasite and Fungi","floor":22,"turns":3},{"damage":38,"enemies":"Book of Stabbing","floor":23,"turns":4},{"damage":58,"enemies":"Gremlin Leader","floor":25,"turns":6},{"damage":20,"enemies":"Snake Plant","floor":27,"turns":3},{"damage":2,"enemies":"Centurion and Healer","floor":30,"turns":4},{"damage":69,"enemies":"Automaton","floor":33,"turns":8},{"damage":53,"enemies":"3 Darklings","floor":35,"turns":4},{"damage":12,"enemies":"Orb Walker","floor":36,"turns":3},{"damage":43,"enemies":"Spire Growth","floor":38,"turns":4},{"damage":23,"enemies":"4 Shapes","floor":39,"turns":3},{"damage":82,"enemies":"Giant Head","floor":41,"turns":7}],"seed_played":"-2787519745212841861","potions_obtained":[{"floor":10,"key":"SmokeBomb"},{"floor":12,"key":"GamblersBrew"},{"floor":14,"key":"Fire Potion"},{"floor":16,"key":"Fire Potion"},{"floor":20,"key":"PowerPotion"},{"floor":22,"key":"Elixir"},{"floor":23,"key":"Fire Potion"},{"floor":25,"key":"Block Potion"},{"floor":36,"key":"Fire Potion"}],"is_trial":false,"path_per_floor":["M","M","?","M","$","R","E","R","T","E","R","E","?","E","R","B",null,"M","?","M","$","M","E","R","E","T","M","R","$","M","$","R","B",null,"M","M","?","M","M","R","E"],"character_chosen":"IRONCLAD","items_purchased":["ReplayTheSpireMod:ShopPack","Pommel Strike","Good Instincts","BloodPotion","Sword Boomerang"],"campfire_rested":5,"item_purchase_floors":[5,21,21,31,31],"current_hp_per_floor":[54,58,58,69,69,69,23,47,47,30,54,58,42,47,47,20,80,54,54,45,45,55,58,58,29,29,33,58,58,68,68,85,45,85,65,65,65,49,44,70,0,0],"gold":177,"neow_bonus":"THREE_RARE_CARDS","is_daily":false,"chose_seed":false,"campfire_upgraded":3,"win_rate":0.0,"timestamp":1613915974,"path_taken":["M","M","?","?","$","R","E","R","T","E","R","E","?","E","R","BOSS","M","?","M","$","M","E","R","E","T","?","R","$","M","$","R","BOSS","M","M","?","M","M","R","E"],"items_purchased_type":["Relic","Card","Card","Potion","Card"],"build_version":"2020-12-22","purchased_purges":2,"victory":false,"max_hp_per_floor":[80,80,80,80,80,80,80,80,80,80,80,80,80,80,80,80,80,80,80,80,80,80,85,85,85,85,85,85,85,85,85,85,85,85,85,85,85,88,88,88,88,88],"card_choices":[{"not_picked":["Eclipse","Corruption"],"picked":"Hemogenesis","floor":0},{"not_picked":["Run Through","Perfected Strike"],"picked":"Armaments","floor":1},{"not_picked":["Perfected Strike","Dark Embrace"],"picked":"Uppercut","floor":2},{"not_picked":["Shrug It Off","Wild Strike"],"picked":"Berserk","floor":4},{"not_picked":["Panache","Midas Touch"],"picked":"Metamorphosis","floor":5},{"not_picked":["Impatience","Mind Blast"],"picked":"Flash of Steel","floor":5},{"not_picked":["ReplayTheSpireMod:Necrogeddon","Thinking Ahead"],"picked":"Bandage Up","floor":5},{"not_picked":["Dark Embrace","Bludgeon","Whirlwind"],"picked":"SKIP","floor":7},{"not_picked":["Wild Strike","Clothesline"],"picked":"Life Link","floor":10},{"not_picked":["Anger","Twin Strike"],"picked":"Spot Weakness","floor":12},{"not_picked":["Wild Strike","Metallicize"],"picked":"Hemogenesis","floor":14},{"not_picked":["Corruption","Brutality"],"picked":"Limit Break","floor":16},{"not_picked":["Evolve","Body Slam"],"picked":"Flex","floor":18},{"not_picked":["Anger+1","Flex","Body Slam"],"picked":"SKIP","floor":20},{"not_picked":["Iron Wave","Clothesline"],"picked":"Seeing Red+1","floor":22},{"not_picked":["ReplayTheSpireMod:Strike From Hell+1","Havoc","Run Through"],"picked":"SKIP","floor":23},{"not_picked":["Clash","Second Wind+1"],"picked":"Spot Weakness+1","floor":25},{"not_picked":["Run Through","Sever Soul"],"picked":"Intimidate","floor":27},{"not_picked":["Hemogenesis","Carnage+1"],"picked":"Rampage+1","floor":30},{"not_picked":["Demonic Infusion","Replay:Many Hands"],"picked":"Feed","floor":33},{"not_picked":[],"picked":"Flex+1","floor":35},{"not_picked":["Perfected Strike+1"],"picked":"SKIP","floor":36},{"not_picked":["Dropkick"],"picked":"SKIP","floor":38},{"not_picked":["Run Through"],"picked":"SKIP","floor":39}],"player_experience":54285,"relics_obtained":[{"floor":7,"key":"Replay:Bottled Steam"},{"floor":9,"key":"Dead Branch"},{"floor":10,"key":"Kunai"},{"floor":12,"key":"Meat on the Bone"},{"floor":14,"key":"Charon\u0027s Ashes"},{"floor":23,"key":"Durian"},{"floor":25,"key":"Bronze Scales"},{"floor":26,"key":"ReplayTheSpireMod:TigerMarble"}],"event_choices":[{"damage_healed":0,"gold_gain":0,"player_choice":"1 cards matched","damage_taken":0,"max_hp_gain":0,"max_hp_loss":0,"event_name":"Match and Keep!","floor":3,"gold_loss":0,"cards_obtained":["Swift Strike"]},{"damage_healed":0,"gold_gain":0,"player_choice":"Entered Light","damage_taken":16,"max_hp_gain":0,"max_hp_loss":0,"event_name":"Shining Light","floor":13,"gold_loss":0,"cards_upgraded":["Strike_R","Bandage Up"]},{"cards_removed":["CommonCold"],"damage_healed":0,"gold_gain":0,"player_choice":"Offered Curse","damage_taken":0,"relics_obtained":["Spirit Poop"],"max_hp_gain":0,"max_hp_loss":0,"event_name":"Bonfire Elementals","floor":19,"gold_loss":0},{"cards_removed":["Rampage"],"damage_healed":0,"gold_gain":0,"player_choice":"Removed Attack","damage_taken":0,"max_hp_gain":0,"max_hp_loss":0,"event_name":"Falling","floor":37,"gold_loss":0}],"is_beta":false,"boss_relics":[{"not_picked":["Replay:Wanted Poster","Painkiller Herb"],"picked":"Kintsugi"},{"not_picked":["Ooze Armor","Calling Bell"],"picked":"Busted Crown"}],"items_purged_floors":[21,29],"is_endless":false,"potions_floor_spawned":[10,12,14,16,20,22,23,25,36],"killed_by":"Giant Head","ascension_level":2}}