{"host":"lg1piimdyocafd6j","time":1613915559,"event":{"mods":["AchievementEnabler","BaseMod","Better Third Choice","BetterRewards","Colored Map","Colored Powertips","Downfall","Minty Spire (QoL Compilation)","Quick Restart","Rare Cards Sparkle","Remove Card Discount Mod","Shop Mod","StSLib","SuperFastMode"],"gold_per_floor":[113,133,148,161,161,195,195,224,301,317,336,336,354,354,354,459,459,478,528,543,252,269,269,269,269],"floor_reached":24,"language":"ENG","playtime":867,"items_purged":["Dualcast","Zap","Strike_B","Strike_B","Strike_B","Strike_B","Defend_B"],"score":260,"play_id":"aa0eaec7-4fed-4b84-9a6b-2890e12516fb","local_time":"20210221145239","is_ascension_mode":false,"campfire_choices":[{"floor":7,"key":"REST"},{"floor":12,"key":"REST"},{"floor":15,"key":"REST"},{"data":"Redo","floor":23,"key":"SMITH"}],"circlet_count":0,"master_deck":["Defend_B","Defend_B","Defend_B","Streamline","Conserve Battery","Darkness","Streamline","Redo+1","Redo","Redo","Redo","Multi-Cast","Darkness"],"relics":["Cracked Core","Lantern","Happy Flower","Singing Bowl","Unceasing Top","DollysMirror"],"acts_visited":["Exordium","TheCity"],"potions_floor_usage":[6,6],"damage_taken":[{"damage":0,"enemies":"Cultist","floor":1,"turns":3},{"damage":0,"enemies":"Jaw Worm","floor":2,"turns":2},{"damage":0,"enemies":"Small Slimes","floor":3,"turns":2},{"damage":25,"enemies":"Exordium Thugs","floor":4,"turns":4},{"damage":24,"enemies":"Gremlin Nob","floor":6,"turns":4},{"damage":20,"enemies":"Lagavulin","floor":8,"turns":6},{"damage":9,"enemies":"Exordium Wildlife","floor":10,"turns":3},{"damage":3,"enemies":"Looter","floor":11,"turns":3},{"damage":6,"enemies":"Large Slime","floor":13,"turns":5},{"damage":43,"enemies":"Hexaghost","floor":16,"turns":8},{"damage":11,"enemies":"Chosen","floor":18,"turns":5},{"damage":17,"enemies":"Spheric Guardian","floor":20,"turns":4},{"damage":23,"enemies":"Centurion and Healer","floor":22,"turns":6},{"damage":21,"enemies":"Snake Plant","floor":24,"turns":2}],"seed_played":"-3245279261567829397","potions_obtained":[{"floor":1,"key":"SpeedPotion"},{"floor":2,"key":"Energy Potion"},{"floor":10,"key":"GamblersBrew"},{"floor":13,"key":"GamblersBrew"},{"floor":16,"key":"BlessingOfTheForge"}],"is_trial":false,"path_per_floor":["M","M","M","M","$","E","R","E","T","M","M","R","M","?","R","B",null,"M","?","M","$","M","R","M"],"character_chosen":"DEFECT","items_purchased":["Streamline","Conserve Battery","Darkness","Streamline","Redo","Lantern","Happy Flower","Multi-Cast","DollysMirror"],"campfire_rested":3,"item_purchase_floors":[0,0,0,0,0,0,0,21,21],"current_hp_per_floor":[75,75,75,50,50,28,51,33,33,26,25,49,45,45,70,29,87,78,78,63,63,42,42,21,21],"gold":269,"neow_bonus":"","is_daily":false,"chose_seed":false,"campfire_upgraded":1,"win_rate":0.0,"timestamp":1613915559,"path_taken":["M","?","M","M","$","E","R","E","T","M","M","R","M","?","R","BOSS","M","?","M","$","M","R","M"],"items_purchased_type":["Card","Card","Card","Card","Card","Relic","Relic","Card","Relic"],"build_version":"2020-12-22","purchased_purges":7,"victory":false,"max_hp_per_floor":[75,75,75,75,75,77,77,79,79,81,83,83,85,85,85,87,87,89,89,91,91,93,93,93,93],"card_choices":[{"not_picked":["Hologram","Coolheaded"],"picked":"Redo","floor":1},{"not_picked":["Go for the Eyes","FTL"],"picked":"Redo","floor":2},{"not_picked":["Go for the Eyes","Sweeping Beam"],"picked":"Redo","floor":3},{"not_picked":["Blizzard","Rainbow","Auto Shields"],"picked":"SKIP","floor":4},{"not_picked":["Compile Driver","Storm","Turbo"],"picked":"Singing Bowl","floor":6},{"not_picked":["Machine Learning","Scrape","Force Field"],"picked":"Singing Bowl","floor":8},{"not_picked":["Redo","Doom and Gloom","Barrage"],"picked":"Singing Bowl","floor":10},{"not_picked":["Skim","Hologram","Recycle"],"picked":"Singing Bowl","floor":11},{"not_picked":["Skim","Glacier","Barrage"],"picked":"Singing Bowl","floor":13},{"not_picked":["Thunder Strike","All For One","Electrodynamics"],"picked":"Singing Bowl","floor":16},{"not_picked":["Gash","Hologram","Double Energy"],"picked":"Singing Bowl","floor":18},{"not_picked":["Storm","Compile Driver+1","Beam Cell"],"picked":"Singing Bowl","floor":20},{"not_picked":["Steam","Hologram","Rebound+1"],"picked":"Singing Bowl","floor":22}],"player_experience":173921,"relics_obtained":[{"floor":6,"key":"Singing Bowl"},{"floor":8,"key":"Unceasing Top"}],"event_choices":[{"damage_healed":0,"gold_gain":0,"player_choice":"Ignored","damage_taken":0,"max_hp_gain":0,"max_hp_loss":0,"event_name":"Golden Idol","floor":14,"gold_loss":0},{"damage_healed":0,"gold_gain":100,"player_choice":"Bet on Murderer","damage_taken":0,"max_hp_gain":0,"max_hp_loss":0,"event_name":"The Joust","floor":19,"gold_loss":50}],"is_beta":false,"boss_relics":[{"not_picked":["Ectoplasm","Fusion Hammer","Snecko Eye"]}],"items_purged_floors":[0,0,0,0,0,0,0],"is_endless":false,"potions_floor_spawned":[1,2,10,13,16,18],"killed_by":"Snake Plant","ascension_level":0}}