{"host":"684z1xpuwaoqmmh1","time":1613933164,"event":{"mods":["BaseMod","CatGirl Mod","Downfall","Hermit","Jorbs\u0027s Wanderer Trilogy","Marisa????????","Minty Spire (QoL Compilation)","Robot Space Explorer","Shade Mod","Shapeshifter Mod","StSLib","The Bug Knight","The Clintock","The Dragon Tamer","The Elementalist","The Hayseed","The Hierophant","The Marked","The Mystic","The Poker Player","The Runesmith","The Sage","The Saiyan","The Showman","The Spell Scribe","The Valiant","The Vixen","TheBandit","TheFirefly","TheVacant"],"gold_per_floor":[217,117,91,104,121,121,147,147,147,113,139,170,190,205,205,301,301,314,314,326,48,61,93,93,119,167,167,198,198,212,59,59,158,158,173,173,190,200,50,76,88,108,133,233,233,267,267,292,292,292,292,292,15,40,40],"floor_reached":56,"language":"ENG","playtime":4074,"items_purged":["StSShapeShifter:ShapeShifter_Strike","StSShapeShifter:ShapeShifter_Defend"],"score":1462,"play_id":"1e6e5a2a-7283-4cf1-bcbc-03b0e78d3ada","local_time":"20210221204604","is_ascension_mode":true,"campfire_choices":[{"data":"StSShapeShifter:MonkeyForm","floor":6,"key":"SMITH"},{"data":"StSShapeShifter:Synchronicity","floor":8,"key":"SMITH"},{"data":"StSShapeShifter:SkullBash","floor":15,"key":"SMITH"},{"floor":24,"key":"REST"},{"data":"StSShapeShifter:PowerShifter","floor":27,"key":"SMITH"},{"floor":29,"key":"REST"},{"floor":32,"key":"REST"},{"floor":45,"key":"REST"},{"floor":47,"key":"RECALL"},{"data":"StSShapeShifter:Evolution","floor":49,"key":"SMITH"},{"data":"StSShapeShifter:MooseForm","floor":52,"key":"SMITH"}],"circlet_count":0,"master_deck":["StSShapeShifter:ShapeShifter_Strike","StSShapeShifter:ShapeShifter_Strike","StSShapeShifter:ShapeShifter_Strike","StSShapeShifter:ShapeShifter_Strike","StSShapeShifter:ShapeShifter_Defend","StSShapeShifter:ShapeShifter_Defend","StSShapeShifter:ShapeShifter_Defend","StSShapeShifter:ShapeShifter_Defend+1","StSShapeShifter:Tortoise_Form+1","StSShapeShifter:TopazSkin+1","StSShapeShifter:MonkeyForm+1","StSShapeShifter:BloomingSlash","StSShapeShifter:Bonk","StSShapeShifter:FallingLeaves","StSShapeShifter:Synchronicity+1","StSShapeShifter:LeapingSlash","StSShapeShifter:PoisonIvy","StSShapeShifter:BurstingSpore","StSShapeShifter:SkullBash+1","StSShapeShifter:BladeOfGrass","StSShapeShifter:PowerShifter+1","StSShapeShifter:BarkSkin","StSShapeShifter:Evolution+1","StSShapeShifter:ClimbTree","StSShapeShifter:BurstingSpore+1","StSShapeShifter:HummingbirdForm","StSShapeShifter:MooseForm+1","StSShapeShifter:DeepWound+1","StSShapeShifter:DeerForm+1","StSShapeShifter:Efflorescence+1","StSShapeShifter:FallingLeaves+1","StSShapeShifter:SpiritOfTheEarth"],"relics":["StSShapeShifter:AnimalHeart","StSShapeShifter:TheShapeShiftersMagnolia","Runesmith:Locket","HollowMod:StagPassRelic","Odd Mushroom","Pen Nib","StSShapeShifter:LemurHeaddress","Potion Belt","Toy Ornithopter","Incense Burner","Mercury Hourglass","Oddly Smooth Stone","Slimebound:PreparedRelic","War Paint","Philosopher\u0027s Stone","TheAbacus","StSShapeShifter:WristwrapsOfDiscovery","Ornamental Fan","TungstenRod","Medical Kit","sneckomod:BlankCard"],"acts_visited":["Exordium","TheCity","TheBeyond","TheEnding"],"potions_floor_usage":[11,22,22,22,23,25,28,30,40,46,55,55,55,55,55],"damage_taken":[{"damage":1,"enemies":"Cultist","floor":1,"turns":4},{"damage":0,"enemies":"2 Louse","floor":4,"turns":2},{"damage":6,"enemies":"Jaw Worm","floor":5,"turns":5},{"damage":0,"enemies":"HollowMod:MossKnight","floor":7,"turns":9},{"damage":3,"enemies":"Exordium Thugs","floor":10,"turns":5},{"damage":0,"enemies":"The Mushroom Lair","floor":11,"turns":3},{"damage":4,"enemies":"Lagavulin","floor":12,"turns":7},{"damage":3,"enemies":"Gremlin Gang","floor":13,"turns":5},{"damage":0,"enemies":"3 Louse","floor":14,"turns":4},{"damage":0,"enemies":"Slime Boss","floor":16,"turns":7},{"damage":3,"enemies":"2 Thieves","floor":18,"turns":4},{"damage":5,"enemies":"Chosen","floor":20,"turns":5},{"damage":0,"enemies":"Snake Plant","floor":22,"turns":4},{"damage":53,"enemies":"Gremlin Leader","floor":23,"turns":11},{"damage":21,"enemies":"Book of Stabbing","floor":25,"turns":7},{"damage":29,"enemies":"Slavers","floor":28,"turns":5},{"damage":25,"enemies":"Sentry and Sphere","floor":30,"turns":6},{"damage":22,"enemies":"Champ","floor":33,"turns":9},{"damage":9,"enemies":"Orb Walker","floor":35,"turns":4},{"damage":8,"enemies":"3 Shapes","floor":37,"turns":6},{"damage":0,"enemies":"Maw","floor":38,"turns":6},{"damage":0,"enemies":"Giant Head","floor":40,"turns":9},{"damage":19,"enemies":"Sphere and 2 Shapes","floor":41,"turns":8},{"damage":0,"enemies":"4 Shapes","floor":42,"turns":7},{"damage":0,"enemies":"Nemesis","floor":46,"turns":7},{"damage":8,"enemies":"Giant Head","floor":48,"turns":9},{"damage":57,"enemies":"Time Eater","floor":50,"turns":17},{"damage":0,"enemies":"Shield and Spear","floor":54,"turns":8},{"damage":38,"enemies":"The Heart","floor":55,"turns":7}],"seed_played":"950626393026868349","potions_obtained":[{"floor":7,"key":"Explosive Potion"},{"floor":10,"key":"EntropicBrew"},{"floor":18,"key":"Weak Potion"},{"floor":25,"key":"ColorlessPotion"},{"floor":28,"key":"LiquidBronze"},{"floor":35,"key":"hexamod:SoulburnPotion"},{"floor":38,"key":"SteroidPotion"},{"floor":48,"key":"AttackPotion"}],"is_trial":false,"path_per_floor":["M","$","$","M","M","R","E","R","T","M","?","E","M","M","R","B",null,"M","?","M","$","M","E","R","E","T","R","E","R","M","$","R","B",null,"M","?","M","M","$","E","M","M","T","?","R","E","R","E","R","B",null,"R","$","E","B",null],"character_chosen":"SHAPESHIFTER","items_purchased":["StSShapeShifter:MonkeyForm","StSShapeShifter:BloomingSlash","Toy Ornithopter","StSShapeShifter:Evolution","War Paint","TheAbacus","Medical Kit","EssenceOfSteel","Swift Potion"],"campfire_rested":4,"item_purchase_floors":[2,3,21,21,31,39,53,53,53],"current_hp_per_floor":[77,77,77,77,71,71,71,71,71,68,68,64,61,61,61,61,78,75,75,70,70,78,30,53,37,37,37,13,36,16,16,39,17,78,69,69,61,61,61,66,47,47,47,47,70,78,78,70,70,13,78,78,78,78,60],"gold":40,"neow_bonus":"HUNDRED_GOLD","is_daily":false,"chose_seed":false,"campfire_upgraded":6,"win_rate":0.0,"timestamp":1613933164,"path_taken":["M","?","$","M","?","R","E","R","T","M","?","E","M","M","R","BOSS","M","?","M","?","M","E","R","E","T","R","E","R","?","$","R","BOSS","M","?","M","M","$","E","M","M","T","?","R","E","R","E","R","BOSS","R","$","E","BOSS"],"items_purchased_type":["Card","Card","Relic","Card","Relic","Relic","Relic","Potion","Potion"],"build_version":"2020-12-22","purchased_purges":2,"victory":true,"max_hp_per_floor":[78,78,78,78,78,78,78,78,78,78,78,78,78,78,78,78,78,78,78,78,78,78,78,78,78,78,78,78,78,78,78,78,78,78,78,78,78,78,78,78,78,78,78,78,78,78,78,78,78,78,78,78,78,78,78],"card_choices":[{"not_picked":["StSShapeShifter:OakBlade","StSShapeShifter:BurstingSpore"],"picked":"StSShapeShifter:TopazSkin","floor":1},{"not_picked":["StSShapeShifter:ThornToss","StSShapeShifter:Sapling"],"picked":"StSShapeShifter:Bonk","floor":4},{"not_picked":["StSShapeShifter:MonkeyForm","StSShapeShifter:VineHandcuffs"],"picked":"StSShapeShifter:FallingLeaves","floor":5},{"not_picked":["StSShapeShifter:VineHandcuffs","StSShapeShifter:DeerForm"],"picked":"StSShapeShifter:Synchronicity","floor":7},{"not_picked":["StSShapeShifter:Maul","StSShapeShifter:BaskInBloom"],"picked":"StSShapeShifter:LeapingSlash","floor":10},{"not_picked":["StSShapeShifter:SquirrelForm","StSShapeShifter:Hunt"],"picked":"StSShapeShifter:PoisonIvy","floor":11},{"not_picked":["StSShapeShifter:HummingbirdForm","StSShapeShifter:CursedApple"],"picked":"StSShapeShifter:BurstingSpore","floor":12},{"not_picked":["StSShapeShifter:AdaptiveStrikes","StSShapeShifter:Sapling"],"picked":"StSShapeShifter:SkullBash","floor":13},{"not_picked":["StSShapeShifter:FesteringBite","StSShapeShifter:MonkeyForm"],"picked":"StSShapeShifter:BladeOfGrass","floor":14},{"not_picked":["StSShapeShifter:SkullBash","StSShapeShifter:Summer"],"picked":"StSShapeShifter:PowerShifter","floor":16},{"not_picked":["StSShapeShifter:Flourish","StSShapeShifter:FesteringBite+1","StSShapeShifter:Rest+1"],"picked":"SKIP","floor":18},{"not_picked":["StSShapeShifter:Flourish","StSShapeShifter:FesteringBite+1","StSShapeShifter:Rest+1"],"picked":"SKIP","floor":18},{"not_picked":["StSShapeShifter:SunflowerShuriken","StSShapeShifter:FallingLeaves"],"picked":"StSShapeShifter:BarkSkin","floor":20},{"not_picked":["StSShapeShifter:OakBlade","StSShapeShifter:BarkSkin+1"],"picked":"StSShapeShifter:ClimbTree","floor":22},{"not_picked":["StSShapeShifter:PantherForm+1","StSShapeShifter:OwlForm","StSShapeShifter:VileMushroom"],"picked":"SKIP","floor":23},{"not_picked":["StSShapeShifter:BarkSkin","StSShapeShifter:Ensconce+1"],"picked":"StSShapeShifter:BurstingSpore+1","floor":25},{"not_picked":["StSShapeShifter:Roar","StSShapeShifter:Wildfire2+1","StSShapeShifter:OakBlade"],"picked":"SKIP","floor":28},{"not_picked":["StSShapeShifter:RaptorForm","StSShapeShifter:Winter"],"picked":"StSShapeShifter:HummingbirdForm","floor":30},{"not_picked":["StSShapeShifter:DragonForm","StSShapeShifter:HydraForm"],"picked":"StSShapeShifter:MooseForm","floor":33},{"not_picked":["StSShapeShifter:PoisonIvy+1","StSShapeShifter:OwlForm"],"picked":"StSShapeShifter:DeepWound+1","floor":35},{"not_picked":["StSShapeShifter:BloomingSlash+1","StSShapeShifter:Maul+1"],"picked":"StSShapeShifter:DeerForm+1","floor":37},{"not_picked":["StSShapeShifter:RockSlide","StSShapeShifter:PorcupineForm+1"],"picked":"StSShapeShifter:Efflorescence+1","floor":38},{"not_picked":["StSShapeShifter:SquirrelForm","StSShapeShifter:ThrashAbout+1"],"picked":"StSShapeShifter:FallingLeaves+1","floor":40},{"not_picked":["StSShapeShifter:Mystical_Branch","StSShapeShifter:ShiftingStrike","StSShapeShifter:Rest"],"picked":"SKIP","floor":41},{"not_picked":["StSShapeShifter:Winter","StSShapeShifter:Bonk","StSShapeShifter:BarkSkin+1"],"picked":"SKIP","floor":42},{"not_picked":["StSShapeShifter:Ensconce+1","StSShapeShifter:Sapling+1","StSShapeShifter:ThornToss"],"picked":"SKIP","floor":46},{"not_picked":["StSShapeShifter:EmbraceTheCycle","StSShapeShifter:OakBlade","StSShapeShifter:IntimidatingAura"],"picked":"SKIP","floor":48},{"not_picked":["StSShapeShifter:Rabid","StSShapeShifter:MonkeyForm"],"picked":"StSShapeShifter:SpiritOfTheEarth","floor":54}],"player_experience":3126572,"relics_obtained":[{"floor":7,"key":"Runesmith:Locket"},{"floor":9,"key":"HollowMod:StagPassRelic"},{"floor":11,"key":"Odd Mushroom"},{"floor":12,"key":"Pen Nib"},{"floor":23,"key":"Incense Burner"},{"floor":25,"key":"Mercury Hourglass"},{"floor":26,"key":"Oddly Smooth Stone"},{"floor":28,"key":"Slimebound:PreparedRelic"},{"floor":40,"key":"StSShapeShifter:WristwrapsOfDiscovery"},{"floor":46,"key":"Ornamental Fan"},{"floor":48,"key":"TungstenRod"},{"floor":54,"key":"sneckomod:BlankCard"}],"event_choices":[{"damage_healed":0,"gold_gain":0,"player_choice":"Fought Mushrooms","damage_taken":0,"max_hp_gain":0,"max_hp_loss":0,"event_name":"Mushrooms","floor":11,"gold_loss":0},{"damage_healed":0,"gold_gain":0,"player_choice":"Opened","damage_taken":0,"relics_obtained":["Potion Belt"],"max_hp_gain":0,"max_hp_loss":0,"event_name":"The Mausoleum","floor":19,"gold_loss":0},{"damage_healed":0,"gold_gain":100,"player_choice":"Pray","damage_taken":0,"max_hp_gain":0,"max_hp_loss":0,"event_name":"Golden Shrine","floor":44,"gold_loss":0}],"is_beta":false,"boss_relics":[{"not_picked":["Calling Bell","SlaversCollar"],"picked":"StSShapeShifter:LemurHeaddress"},{"not_picked":["SacredBark","Pandora\u0027s Box"],"picked":"Philosopher\u0027s Stone"}],"items_purged_floors":[2,21],"is_endless":false,"potions_floor_spawned":[7,10,18,25,28,35,38,48],"ascension_level":1}}