{"host":"y0i0tbisecj7yjyn","time":1613876988,"event":{"mods":["2.2 Compatiblity","AchievementEnabler","AlwaysNeverKeys","BaseMod","Better Third Choice","BetterRewards","Colored Map","Colored Powertips","Curses Come First","Disable Question Mark Monsters","Displayed Cursed Tome","Highlight Path","Keyboard Shortcuts","Minty Spire (QoL Compilation)","Quick Restart","Random Character Button","Rare Cards Sparkle","Relic Stats","Reliquary","Smile Girya","StSLib","SuperFastMode","The Marked","Transform Curses","Weighted Paths"],"gold_per_floor":[113,125,125,125,125,125,158,158,181,199,214,214,214,230,230,361,361,385,385,402,418,180,180,211,228,228,242,259,287,287,307,307,307,307],"floor_reached":33,"language":"ENG","playtime":1119,"items_purged":[],"score":370,"play_id":"22a4f5b3-0543-497b-8af0-701eb4b40aec","local_time":"20210220210948","is_ascension_mode":true,"campfire_choices":[{"data":"Cleave","floor":6.0,"key":"SMITH"},{"data":"1","floor":8.0,"key":"LIFT"},{"data":"2","floor":15,"key":"LIFT"},{"data":"3","floor":23,"key":"LIFT"},{"floor":30,"key":"REST"},{"data":"Armaments","floor":32,"key":"SMITH"}],"circlet_count":0,"master_deck":["Strike_R","Strike_R","Strike_R","Strike_R","Strike_R","Defend_R","Defend_R","Defend_R","Defend_R","Bash","Cleave+1","Perfected Strike+1","Perfected Strike","Spot Weakness","Body Slam","Perfected Strike","Feed","Armaments","Ghostly Armor","Armaments+1","Searing Blow","Heavy Blade","Perfected Strike","Spot Weakness"],"relics":["Burning Blood","NeowsBlessing","Bloody Idol","Girya","reliquary:PartyBalloon","reliquary:RedCape","Bottled Flame","Toy Ornithopter","InkBottle","Lantern"],"acts_visited":["Exordium","TheCity"],"potions_floor_usage":[14,16,25,27,29,33],"damage_taken":[{"damage":0.0,"enemies":"Small Slimes","floor":1.0,"turns":1.0},{"damage":0.0,"enemies":"2 Louse","floor":2.0,"turns":1.0},{"damage":0.0,"enemies":"Lagavulin","floor":7.0,"turns":1.0},{"damage":7.0,"enemies":"Jaw Worm","floor":10.0,"turns":2.0},{"damage":0.0,"enemies":"2 Fungi Beasts","floor":11.0,"turns":2.0},{"damage":0,"enemies":"Red Slaver","floor":14,"turns":1},{"damage":71,"enemies":"The Guardian","floor":16,"turns":7},{"damage":12,"enemies":"Chosen","floor":18,"turns":3},{"damage":6,"enemies":"Spheric Guardian","floor":20,"turns":3},{"damage":18,"enemies":"Snake Plant","floor":21,"turns":4},{"damage":26,"enemies":"Gremlin Leader","floor":24,"turns":5},{"damage":0,"enemies":"Snecko","floor":25,"turns":2},{"damage":32,"enemies":"Centurion and Healer","floor":27,"turns":5},{"damage":13,"enemies":"Cultist and Chosen","floor":28,"turns":3},{"damage":30,"enemies":"Book of Stabbing","floor":29,"turns":3},{"damage":10,"enemies":"Snecko","floor":31,"turns":3},{"damage":78,"enemies":"Champ","floor":33,"turns":8}],"seed_played":"5115866545855166506","potions_obtained":[{"floor":1.0,"key":"DuplicationPotion"},{"floor":7.0,"key":"PowerPotion"},{"floor":10.0,"key":"SpeedPotion"},{"floor":18,"key":"SteroidPotion"},{"floor":20,"key":"PowerPotion"},{"floor":21,"key":"Explosive Potion"},{"floor":31,"key":"Weak Potion"}],"is_trial":false,"path_per_floor":["M","M","?","?","?","R","E","R","T","M","M","$","?","M","R","B",null,"M","?","M","M","$","R","E","M","T","M","M","E","R","M","R","B"],"character_chosen":"IRONCLAD","items_purchased":["Bottled Flame"],"campfire_rested":1,"item_purchase_floors":[22],"current_hp_per_floor":[80,80,80,80,60,60,66,66,66,65,71,71,71,77,77,12,80,77,77,82,75,75,75,60,76,76,60,58,44,68,69,69,0,0],"gold":307,"neow_bonus":"THREE_ENEMY_KILL","is_daily":false,"chose_seed":false,"campfire_upgraded":2,"win_rate":0.0,"timestamp":1613876988,"path_taken":["M","M","?","?","?","R","E","R","T","M","?","$","?","M","R","BOSS","M","?","M","M","$","R","E","M","T","M","M","E","R","M","R","BOSS"],"items_purchased_type":["Relic"],"build_version":"2020-12-22","purchased_purges":0,"victory":false,"max_hp_per_floor":[80,80,80,80,80,80,80,80,80,80,80,80,80,80,80,80,80,83,83,83,83,83,83,83,83,83,83,83,83,83,83,83,83,83],"relic_stats":{"counters":[17,54],"Bloody Idol":40,"obtain_stats":[{"Girya":7,"Bottled Flame":22,"Lantern":29,"NeowsBlessing":0,"Golden Idol":5,"reliquary:PartyBalloon":9,"Bloody Idol":19,"reliquary:RedCape":17,"Burning Blood":0,"Toy Ornithopter":24,"InkBottle":26},{"Girya":3,"Bottled Flame":10,"Lantern":15,"NeowsBlessing":0,"Golden Idol":2,"reliquary:PartyBalloon":3,"Bloody Idol":8,"reliquary:RedCape":7,"Burning Blood":0,"Toy Ornithopter":11,"InkBottle":12},{"Girya":3,"Bottled Flame":25,"Lantern":43,"NeowsBlessing":0,"Golden Idol":2,"reliquary:PartyBalloon":3,"Bloody Idol":18,"reliquary:RedCape":15,"Burning Blood":0,"Toy Ornithopter":30,"InkBottle":32}],"Burning Blood":84,"Toy Ornithopter":20,"InkBottle":[5]},"card_choices":[{"not_picked":["Fire Breathing","Headbutt"],"picked":"Cleave","floor":1.0},{"not_picked":["Shockwave","Heavy Blade"],"picked":"Perfected Strike","floor":2.0},{"not_picked":["Juggernaut","Entrench"],"picked":"Perfected Strike","floor":7.0},{"not_picked":["Infernal Blade","Body Slam"],"picked":"Spot Weakness","floor":10.0},{"not_picked":["Heavy Blade","Limit Break"],"picked":"Body Slam","floor":11.0},{"not_picked":["Havoc","Shrug It Off"],"picked":"Perfected Strike","floor":14},{"not_picked":["Brutality","Fiend Fire"],"picked":"Feed","floor":16},{"not_picked":["Disarm","Cleave"],"picked":"Armaments","floor":18},{"not_picked":["Iron Wave","True Grit"],"picked":"Ghostly Armor","floor":20},{"not_picked":["Clash+1","Shrug It Off"],"picked":"Armaments","floor":21},{"not_picked":["Twin Strike+1","Impervious","Exhume"],"picked":"SKIP","floor":24},{"not_picked":["Searing Blow","Rampage","Body Slam"],"picked":"SKIP","floor":25},{"not_picked":["Clash","True Grit"],"picked":"Searing Blow","floor":27},{"not_picked":["Iron Wave","Warcry"],"picked":"Heavy Blade","floor":28},{"not_picked":["Clash+1","Immolate"],"picked":"Perfected Strike","floor":29},{"not_picked":["Shrug It Off","Combust"],"picked":"Spot Weakness","floor":31}],"player_experience":487512,"relics_obtained":[{"floor":7.0,"key":"Girya"},{"floor":9.0,"key":"reliquary:PartyBalloon"},{"floor":24,"key":"Toy Ornithopter"},{"floor":26,"key":"InkBottle"},{"floor":29,"key":"Lantern"}],"event_choices":[{"damage_healed":0.0,"max_hp_gain":0.0,"max_hp_loss":0.0,"gold_gain":0.0,"event_name":"Living Wall","player_choice":"Grow","floor":3.0,"gold_loss":0.0,"damage_taken":0.0,"cards_upgraded":["Perfected Strike"]},{"damage_healed":0.0,"max_hp_gain":0.0,"max_hp_loss":0.0,"gold_gain":0.0,"event_name":"The Cleric","player_choice":"Leave","floor":4.0,"gold_loss":0.0,"damage_taken":0.0},{"damage_healed":0.0,"max_hp_gain":0.0,"max_hp_loss":0.0,"gold_gain":0.0,"event_name":"Golden Idol","player_choice":"Take Damage","floor":5.0,"gold_loss":0.0,"damage_taken":20.0,"relics_obtained":["Golden Idol"]},{"damage_healed":0.0,"max_hp_gain":0.0,"max_hp_loss":0.0,"gold_gain":0.0,"event_name":"Purifier","player_choice":"Ignored","floor":13.0,"gold_loss":0.0,"damage_taken":0.0},{"damage_healed":0,"gold_gain":0,"player_choice":"Gave Idol","damage_taken":0,"relics_obtained":["Bloody Idol"],"max_hp_gain":0,"max_hp_loss":0,"event_name":"Forgotten Altar","floor":19,"relics_lost":["Golden Idol"],"gold_loss":0}],"is_beta":false,"boss_relics":[{"not_picked":["Ectoplasm","Busted Crown"],"picked":"reliquary:RedCape"}],"items_purged_floors":[],"is_endless":false,"potions_floor_spawned":[1,7,10,18,20,21,24,31],"killed_by":"Champ","ascension_level":2}}