{"host":"vxgtqwpb0ulpisda","time":1613871136,"event":{"mods":["BaseMod","Bestiary","Minty Spire (QoL Compilation)","Relic Stats","ojb\u0027s Info Mod"],"gold_per_floor":[118,132,145,161,180,210,210,210,210,210,40,0,0,0],"floor_reached":13,"language":"ENG","playtime":735,"items_purged":[],"score":111,"play_id":"e5a358dd-d256-4f3d-89e1-10dd6db1d0ff","local_time":"20210220203216","is_ascension_mode":true,"campfire_choices":[{"floor":7,"key":"REST"}],"circlet_count":0,"master_deck":["Strike_B","Strike_B","Strike_B","Strike_B","Defend_B","Defend_B","Defend_B","Defend_B","Zap","Dualcast","Capacitor","Cold Snap","Chill","Aggregate","Loop","Leap","Sweeping Beam"],"relics":["Snecko Eye","WingedGreaves","Golden Idol","Regal Pillow","Medical Kit"],"acts_visited":["Exordium"],"potions_floor_usage":[13,13],"damage_taken":[{"damage":2,"enemies":"Jaw Worm","floor":1,"turns":3},{"damage":5,"enemies":"Small Slimes","floor":2,"turns":3},{"damage":0,"enemies":"2 Louse","floor":3,"turns":2},{"damage":3,"enemies":"Blue Slaver","floor":4,"turns":6},{"damage":4,"enemies":"3 Louse","floor":5,"turns":5},{"damage":18,"enemies":"Lagavulin","floor":6,"turns":6},{"damage":55,"enemies":"Gremlin Nob","floor":13,"turns":5}],"seed_played":"-9175340623112268256","potions_obtained":[{"floor":1,"key":"Block Potion"},{"floor":5,"key":"LiquidMemories"}],"is_trial":false,"path_per_floor":["M","M","M","M","M","E","R","?","T","?","$","?","E"],"character_chosen":"DEFECT","items_purchased":["Medical Kit","Sweeping Beam"],"campfire_rested":1,"item_purchase_floors":[11,11],"current_hp_per_floor":[66,61,61,58,54,36,58,58,58,51,51,51,0,0],"gold":0,"neow_bonus":"BOSS_RELIC","is_daily":false,"chose_seed":false,"campfire_upgraded":0,"win_rate":0.0,"timestamp":1613871136,"path_taken":["M","M","M","M","M","E","R","?","T","?","$","?","E"],"items_purchased_type":["Relic","Card"],"build_version":"2020-12-22","purchased_purges":0,"victory":false,"max_hp_per_floor":[75,75,75,75,75,75,75,75,75,75,75,75,75,75],"relic_stats":{"Regal Pillow":0,"counters":[7,30],"Golden Idol":0,"Snecko Eye":[63,47,58,45],"Medical Kit":[0],"obtain_stats":[{"Regal Pillow":9,"Golden Idol":8,"Snecko Eye":0,"WingedGreaves":6,"Cracked Core":0,"Medical Kit":11},{"Regal Pillow":6,"Golden Idol":6,"Snecko Eye":0,"WingedGreaves":6,"Cracked Core":0,"Medical Kit":6},{"Regal Pillow":25,"Golden Idol":25,"Snecko Eye":0,"WingedGreaves":25,"Cracked Core":0,"Medical Kit":25}]},"card_choices":[{"not_picked":["Rebound","Ball Lightning"],"picked":"Capacitor","floor":1},{"not_picked":["Darkness","Gash"],"picked":"Cold Snap","floor":2},{"not_picked":["Undo","Sweeping Beam"],"picked":"Chill","floor":3},{"not_picked":["Coolheaded","Recycle"],"picked":"Aggregate","floor":4},{"not_picked":["Cold Snap","Streamline"],"picked":"Loop","floor":5},{"not_picked":["Redo","Rebound"],"picked":"Leap","floor":6}],"player_experience":421024,"relics_obtained":[{"floor":6,"key":"WingedGreaves"},{"floor":9,"key":"Regal Pillow"}],"event_choices":[{"damage_healed":0,"gold_gain":0,"player_choice":"Take Wound","damage_taken":0,"relics_obtained":["Golden Idol"],"max_hp_gain":0,"max_hp_loss":0,"event_name":"Golden Idol","floor":8,"gold_loss":0,"cards_obtained":["Injury"]},{"cards_removed":["Injury"],"damage_healed":0,"gold_gain":0,"player_choice":"Card Removal","damage_taken":7,"max_hp_gain":0,"max_hp_loss":0,"event_name":"Golden Wing","floor":10,"gold_loss":0},{"damage_healed":0,"gold_gain":0,"player_choice":"Left Gold","damage_taken":0,"max_hp_gain":0,"max_hp_loss":0,"event_name":"World of Goop","floor":12,"gold_loss":40}],"is_beta":false,"boss_relics":[],"items_purged_floors":[],"is_endless":false,"potions_floor_spawned":[1,5],"killed_by":"Gremlin Nob","ascension_level":6}}