{"host":"u7lm8z2rvb4dg2oo","time":1613888104,"event":{"mods":["AchievementEnabler","BaseMod","Bestiary","Block Reminder","Colored Map","Colored Powertips","Curses Come First","DeckTracker","Googly Eyes","Highlight Path","Minty Spire (QoL Compilation)","Quick Restart","StSLib"],"gold_per_floor":[113,113,113,188,188,188,220,240,287,20,20,35,35,67,67,141,141,154,168,186,186,186],"floor_reached":21,"language":"ENG","playtime":993,"items_purged":[],"score":392,"play_id":"4c711997-11c4-443e-98e6-90d7502fb8b9","local_time":"20210221011504","is_ascension_mode":true,"campfire_choices":[{"data":"Neutralize","floor":6.0,"key":"SMITH"},{"data":"Terror","floor":11.0,"key":"SMITH"},{"data":"Catalyst","floor":13.0,"key":"SMITH"},{"floor":15.0,"key":"REST"}],"circlet_count":0,"master_deck":["AscendersBane","Strike_G","Strike_G","Strike_G","Strike_G","Strike_G","Defend_G","Defend_G","Defend_G","Defend_G","Defend_G","Survivor","Neutralize+1","Terror+1","Catalyst+1","Blade Dance","Malaise","Corpse Explosion","Cloak And Dagger","Blade Dance+1","Finisher"],"relics":["Ring of the Snake","NeowsBlessing","Blue Candle","Peace Pipe","Vajra","Bag of Preparation","Pear","Omamori","SlaversCollar"],"acts_visited":["Exordium","TheCity"],"potions_floor_usage":[],"damage_taken":[{"damage":0.0,"enemies":"Cultist","floor":1.0,"turns":1.0},{"damage":0.0,"enemies":"Lagavulin","floor":7.0,"turns":1.0},{"damage":0.0,"enemies":"2 Louse","floor":8.0,"turns":1.0},{"damage":0.0,"enemies":"Jaw Worm","floor":12.0,"turns":2.0},{"damage":10.0,"enemies":"Gremlin Nob","floor":14.0,"turns":4.0},{"damage":32.0,"enemies":"The Guardian","floor":16.0,"turns":13.0},{"damage":0.0,"enemies":"3 Byrds","floor":18.0,"turns":2.0},{"damage":13.0,"enemies":"2 Thieves","floor":19.0,"turns":2.0},{"damage":0.0,"enemies":"Centurion and Healer","floor":20.0,"turns":3.0},{"damage":57,"enemies":"Sentry and Sphere","floor":21,"turns":6}],"seed_played":"2127831384400459579","potions_obtained":[{"floor":7.0,"key":"Block Potion"},{"floor":14.0,"key":"SteroidPotion"},{"floor":16.0,"key":"Energy Potion"},{"floor":18.0,"key":"Swift Potion"},{"floor":19.0,"key":"DuplicationPotion"}],"is_trial":false,"path_per_floor":["M","?","$","?","T","R","E","M","T","$","R","M","R","E","R","B",null,"M","M","M","M"],"character_chosen":"THE_SILENT","items_purchased":["Pear"],"campfire_rested":1,"item_purchase_floors":[10],"current_hp_per_floor":[59,54,54,43,43,43,43,43,43,53,53,53,53,43,65,33,65,65,52,52,0,0],"gold":186,"neow_bonus":"THREE_ENEMY_KILL","is_daily":false,"chose_seed":false,"campfire_upgraded":3,"win_rate":0.0,"timestamp":1613888104,"path_taken":["M","?","$","?","?","R","E","M","T","?","R","M","R","E","R","BOSS","M","M","?","M"],"items_purchased_type":["Relic"],"build_version":"2020-12-22","purchased_purges":0,"victory":false,"max_hp_per_floor":[66,66,66,66,66,66,66,66,66,76,76,76,76,76,76,76,76,76,76,76,76,76],"card_choices":[{"not_picked":["Sucker Punch","Slice","Quick Slash"],"picked":"SKIP","floor":1.0},{"not_picked":["Bouncing Flask","Quick Slash"],"picked":"Terror","floor":7.0},{"not_picked":["Deflect","Bane"],"picked":"Catalyst","floor":8.0},{"not_picked":["Outmaneuver","Quick Slash"],"picked":"Blade Dance","floor":12.0},{"not_picked":["Deadly Poison","Deflect"],"picked":"Malaise","floor":14.0},{"not_picked":["Wraith Form v2","Tools of the Trade"],"picked":"Corpse Explosion","floor":16.0},{"not_picked":["Quick Slash","Flying Knee"],"picked":"Cloak And Dagger","floor":18.0},{"not_picked":["Dash","Dagger Throw"],"picked":"Blade Dance+1","floor":19.0},{"not_picked":["Skewer","Dagger Throw"],"picked":"Finisher","floor":20.0}],"player_experience":769425,"relics_obtained":[{"floor":5.0,"key":"Peace Pipe"},{"floor":7.0,"key":"Vajra"},{"floor":9.0,"key":"Bag of Preparation"},{"floor":14.0,"key":"Omamori"}],"event_choices":[{"damage_healed":0.0,"max_hp_gain":0.0,"max_hp_loss":0.0,"gold_gain":0.0,"event_name":"Scrap Ooze","player_choice":"Success","floor":2.0,"gold_loss":0.0,"damage_taken":5.0,"relics_obtained":["Blue Candle"]},{"damage_healed":0.0,"max_hp_gain":0.0,"max_hp_loss":0.0,"gold_gain":75.0,"event_name":"World of Goop","player_choice":"Gather Gold","floor":4.0,"gold_loss":0.0,"damage_taken":11.0}],"is_beta":false,"boss_relics":[{"not_picked":["SacredBark","Ring of the Serpent"],"picked":"SlaversCollar"}],"items_purged_floors":[],"is_endless":false,"potions_floor_spawned":[7,14,16,18,19],"killed_by":"Sentry and Sphere","ascension_level":17}}