{"host":"yiwf5cuj7e45awf3","time":1613888434,"event":{"mods":["BaseMod","Downfall","Hermit","Highlight Path","Hubris","Infinite Spire","Lobotomy","Marisa£®ÏF”Í°°ƒß¿Ì…≥£©","Minty Spire (QoL Compilation)","READ ME - Guardian Mod","Remilia£®¿Ÿ√◊¿Ú—«£©","Replay The Spire","StSLib","The Animator","The Construct","The Cursed","The Disciple","The Hierophant","The Jungle","The Necromancer","The Runesmith","The Servant 0.9.4"],"gold_per_floor":[110,122,138,156,156,156,181,181,181,356,356,376,386,415,415,518,518,538,538,538,559,559,559,559],"floor_reached":23,"language":"ZHS","playtime":1554,"items_purged":[],"score":371,"play_id":"aaa1f2b7-4f74-4778-a2d2-c96e916eef7b","local_time":"20210221142034","is_ascension_mode":true,"campfire_choices":[{"data":"TheCursedMod:AntiAging","floor":6,"key":"SMITH"},{"data":"TheCursedMod:VoidForm","floor":8,"key":"SMITH"},{"floor":15,"key":"DIG"}],"circlet_count":0,"master_deck":["TheCursedMod:Strike_TheCursed+1","TheCursedMod:Strike_TheCursed+1","TheCursedMod:Strike_TheCursed+1","TheCursedMod:Strike_TheCursed+1","TheCursedMod:Defend_TheCursed+1","TheCursedMod:Defend_TheCursed+1","TheCursedMod:Defend_TheCursed+1","TheCursedMod:CursedWand","TheCursedMod:CleanUpWorkshop","TheCursedMod:Dregs","TheCursedMod:AntiAging+1","TheCursedMod:SoulReap","TheCursedMod:CursedSpellbook","TheCursedMod:CursedShiv","TheCursedMod:VoidForm+1","Doubt","TheCursedMod:SpitefulStrike","TheCursedMod:HellfireBreathing","TheCursedMod:Wield","TheCursedMod:SoulReap","TheCursedMod:CollectTribute","hubris:Greed","TheCursedMod:SpitefulPlan","hubris:Greed","TheCursedMod:CircleOfCorruption","TheCursedMod:HellsGateOpen","hubris:Greed","hubris:Greed"],"relics":["TheCursedMod:BlackMagic101","hubris:Towel","Blue Doll","Bronze Scales","PreservedInsect","infinitespire:Lucky Rock","Black Star","hubris:Icosahedron"],"acts_visited":["Exordium","TheCity"],"potions_floor_usage":[4,7,16,23,23,23],"damage_taken":[{"damage":1,"enemies":"Small Slimes","floor":1,"turns":5},{"damage":3,"enemies":"2 Louse","floor":2,"turns":3},{"damage":0,"enemies":"infinitespire:Voidling","floor":3,"turns":4},{"damage":27,"enemies":"3 Louse","floor":4,"turns":6},{"damage":23,"enemies":"Replay:BlueRogue","floor":7,"turns":12},{"damage":6,"enemies":"Blue Slaver","floor":12,"turns":3},{"damage":3,"enemies":"Red Slaver","floor":13,"turns":3},{"damage":26,"enemies":"Lagavulin","floor":14,"turns":5},{"damage":30,"enemies":"Slime Boss","floor":16,"turns":5},{"damage":34,"enemies":"Shell Parasite","floor":18,"turns":5},{"damage":55,"enemies":"2 Thieves","floor":21,"turns":4},{"damage":46,"enemies":"Slavers","floor":23,"turns":3}],"seed_played":"1383351750603622348","potions_obtained":[{"floor":1,"key":"Block Potion"},{"floor":3,"key":"Reflective Coating"},{"floor":4,"key":"Fire Potion"},{"floor":14,"key":"SteroidPotion"},{"floor":18,"key":"FearPotion"}],"is_trial":false,"path_per_floor":["M","M","M","M","?","R","E","R","T","?","?","M","M","E","R","B",null,"M","?","?","M","?","E"],"character_chosen":"THE_CURSED","items_purchased":[],"campfire_rested":0,"item_purchase_floors":[],"current_hp_per_floor":[76,75,79,59,59,59,43,43,43,43,43,45,50,37,37,36,93,82,82,82,44,44,0,0],"gold":559,"neow_bonus":"ONE_RANDOM_RARE_CARD","is_daily":false,"chose_seed":false,"campfire_upgraded":2,"win_rate":0.0,"timestamp":1613888434,"path_taken":["M","M","M","M","?","R","E","R","T","?","?","?","M","E","R","BOSS","M","?","?","M","?","E"],"items_purchased_type":[],"build_version":"2020-12-22","purchased_purges":0,"victory":false,"max_hp_per_floor":[77,79,79,81,81,81,84,84,84,84,84,87,90,93,93,93,93,93,93,93,96,96,96,96],"card_choices":[{"not_picked":["TheCursedMod:RavingStaff","TheCursedMod:SurpriseAttack"],"picked":"TheCursedMod:SoulReap","floor":1},{"not_picked":["TheCursedMod:Mangle","TheCursedMod:Stigma"],"picked":"TheCursedMod:CursedSpellbook","floor":2},{"not_picked":["TheCursedMod:CursedStaff","TheCursedMod:WearCloak"],"picked":"TheCursedMod:CursedShiv","floor":3},{"not_picked":["TheCursedMod:CursedAmulet","TheCursedMod:SpitefulStrike"],"picked":"TheCursedMod:CircleOfCorruption","floor":4},{"not_picked":["TheCursedMod:SoulReap","TheCursedMod:Stretching"],"picked":"TheCursedMod:VoidForm","floor":7},{"not_picked":["TheCursedMod:FuryStrike","TheCursedMod:CursedArmor"],"picked":"TheCursedMod:HellfireBreathing","floor":12},{"not_picked":["TheCursedMod:SpreadPlague","TheCursedMod:SmokeScreen"],"picked":"TheCursedMod:Wield","floor":13},{"not_picked":["TheCursedMod:SoulCrush","TheCursedMod:CursedBlade"],"picked":"TheCursedMod:SoulReap","floor":14},{"not_picked":["TheCursedMod:DemonicPact","TheCursedMod:ManaCirculation"],"picked":"TheCursedMod:CollectTribute","floor":16},{"not_picked":["TheCursedMod:Torture+1","TheCursedMod:SpreadPlague"],"picked":"TheCursedMod:SpitefulPlan","floor":18},{"not_picked":["TheCursedMod:SurpriseAttack","TheCursedMod:AshesToAshes"],"picked":"TheCursedMod:CircleOfCorruption","floor":21}],"player_experience":91300,"relics_obtained":[{"floor":7,"key":"Blue Doll"},{"floor":9,"key":"Bronze Scales"},{"floor":14,"key":"PreservedInsect"},{"floor":15,"key":"infinitespire:Lucky Rock"}],"event_choices":[{"damage_healed":0,"gold_gain":175,"player_choice":"AGREE","damage_taken":0,"max_hp_gain":0,"max_hp_loss":0,"event_name":"Liars Game","floor":10,"gold_loss":0,"cards_obtained":["Doubt"]},{"damage_healed":0,"gold_gain":0,"cards_transformed":["TheCursedMod:Defend_TheCursed"],"player_choice":"Transformed","damage_taken":0,"max_hp_gain":0,"max_hp_loss":0,"event_name":"Transmorgrifier","floor":11,"gold_loss":0,"cards_obtained":["TheCursedMod:SpitefulStrike"]},{"damage_healed":0,"gold_gain":0,"player_choice":"Simplicity","damage_taken":0,"max_hp_gain":0,"max_hp_loss":0,"event_name":"Back to Basics","floor":20,"gold_loss":0,"cards_upgraded":["TheCursedMod:Strike_TheCursed","TheCursedMod:Strike_TheCursed","TheCursedMod:Strike_TheCursed","TheCursedMod:Strike_TheCursed","TheCursedMod:Defend_TheCursed","TheCursedMod:Defend_TheCursed","TheCursedMod:Defend_TheCursed"]},{"damage_healed":0,"gold_gain":0,"cards_transformed":["TheCursedMod:CircleOfCorruption"],"player_choice":"Transformed","damage_taken":0,"max_hp_gain":0,"max_hp_loss":0,"event_name":"Transmorgrifier","floor":22,"gold_loss":0,"cards_obtained":["TheCursedMod:HellsGateOpen"]}],"is_beta":false,"boss_relics":[{"not_picked":["bronze:MakeshiftBattery","Fusion Hammer"],"picked":"Black Star"}],"items_purged_floors":[],"is_endless":false,"potions_floor_spawned":[1,3,4,14,18],"killed_by":"Slavers","ascension_level":2}}