{"host":"15dd7v8o90xso62x","time":1613921382,"event":{"mods":["BaseMod","Minty Spire (QoL Compilation)","Quick Restart","StSLib","SuperFastMode"],"gold_per_floor":[109,129,129,129,143,143,176,176,176,186,186,203,203,224,224,315,315,328,343,343,358,49,49,72,72,72],"floor_reached":25,"language":"KOR","playtime":684,"items_purged":[],"score":410,"play_id":"7d02ee7d-e98e-478e-9d50-6663c6f52588","local_time":"20210222002942","is_ascension_mode":true,"campfire_choices":[{"data":"Ball Lightning","floor":6.0,"key":"SMITH"},{"data":"Coolheaded","floor":8.0,"key":"SMITH"},{"data":"Ball Lightning","floor":11.0,"key":"SMITH"},{"data":"Capacitor","floor":15.0,"key":"SMITH"},{"floor":23,"key":"REST"}],"circlet_count":0,"master_deck":["AscendersBane","Strike_B","Strike_B","Strike_B","Defend_B","Defend_B","Defend_B+1","Defend_B","Zap+1","Dualcast+1","Ball Lightning+1","Ball Lightning+1","Coolheaded+1","Self Repair","Capacitor+1","Core Surge","Barrage","Turbo","Cold Snap+1","Compile Driver","Thunder Strike"],"relics":["Cracked Core","NeowsBlessing","Question Card","War Paint","Golden Idol","Sozu","Mummified Hand"],"acts_visited":["Exordium","TheCity"],"potions_floor_usage":[],"damage_taken":[{"damage":0.0,"enemies":"Cultist","floor":1.0,"turns":1.0},{"damage":0.0,"enemies":"Small Slimes","floor":2.0,"turns":1.0},{"damage":0.0,"enemies":"2 Louse","floor":5.0,"turns":1.0},{"damage":20.0,"enemies":"3 Sentries","floor":7.0,"turns":6.0},{"damage":6.0,"enemies":"Exordium Thugs","floor":10.0,"turns":4.0},{"damage":15.0,"enemies":"Large Slime","floor":12.0,"turns":4.0},{"damage":2.0,"enemies":"Exordium Wildlife","floor":14.0,"turns":2.0},{"damage":4.0,"enemies":"The Guardian","floor":16.0,"turns":11.0},{"damage":3.0,"enemies":"Spheric Guardian","floor":18.0,"turns":3.0},{"damage":13.0,"enemies":"Chosen","floor":19.0,"turns":4.0},{"damage":35.0,"enemies":"Snecko","floor":21.0,"turns":6.0},{"damage":26,"enemies":"Snake Plant","floor":24,"turns":5},{"damage":26,"enemies":"Shelled Parasite and Fungi","floor":25,"turns":2}],"seed_played":"-2584844407960115563","potions_obtained":[{"floor":5.0,"key":"SteroidPotion"},{"floor":7.0,"key":"BlessingOfTheForge"},{"floor":14.0,"key":"Dexterity Potion"},{"floor":16.0,"key":"DistilledChaos"}],"is_trial":false,"path_per_floor":["M","M","?","?","M","R","E","R","T","M","R","M","?","M","R","B",null,"M","M","?","M","$","R","M","M"],"character_chosen":"DEFECT","items_purchased":["Mummified Hand","Compile Driver"],"campfire_rested":1,"item_purchase_floors":[22,22],"current_hp_per_floor":[64,64,57,57,57,57,37,37,37,31,31,16,16,14,14,17,52,56,50,46,18,18,37,18,0,0],"gold":72,"neow_bonus":"THREE_ENEMY_KILL","is_daily":false,"chose_seed":false,"campfire_upgraded":4,"win_rate":0.0,"timestamp":1613921382,"path_taken":["M","?","?","?","?","R","E","R","T","M","R","M","?","M","R","BOSS","M","M","?","M","$","R","M","?"],"items_purchased_type":["Relic","Card"],"build_version":"2020-12-22","purchased_purges":0,"victory":false,"max_hp_per_floor":[71,71,71,71,71,71,71,71,71,71,71,71,64,64,64,64,64,64,64,64,64,64,64,64,64,64],"card_choices":[{"not_picked":["Redo","Turbo"],"picked":"Ball Lightning","floor":1.0},{"not_picked":["Leap","Blizzard","Chaos"],"picked":"SKIP","floor":2.0},{"not_picked":["Rebound","Scrape"],"picked":"Ball Lightning","floor":5.0},{"not_picked":["Rebound","Melter"],"picked":"Coolheaded","floor":7.0},{"not_picked":["Force Field","Streamline","Reprogram","Steam"],"picked":"SKIP","floor":10.0},{"not_picked":["Conserve Battery","Beam Cell","Steam Power"],"picked":"Self Repair","floor":12.0},{"not_picked":["Ball Lightning","Reinforced Body","Coolheaded"],"picked":"Capacitor","floor":14.0},{"not_picked":["Thunder Strike","Reboot","Amplify"],"picked":"Core Surge","floor":16.0},{"not_picked":["Steam","Undo","Hologram"],"picked":"Barrage","floor":18.0},{"not_picked":["Redo","Streamline","Recycle"],"picked":"Turbo","floor":19.0},{"not_picked":["Undo","Static Discharge","Capacitor"],"picked":"Cold Snap+1","floor":21.0},{"not_picked":["Ball Lightning+1","Go for the Eyes","Aggregate+1"],"picked":"Thunder Strike","floor":24}],"player_experience":960657,"relics_obtained":[{"floor":7.0,"key":"Question Card"},{"floor":9.0,"key":"War Paint"}],"event_choices":[{"cards_removed":["Strike_B"],"damage_healed":0.0,"max_hp_gain":0.0,"max_hp_loss":0.0,"gold_gain":0.0,"event_name":"Golden Wing","player_choice":"Card Removal","floor":3.0,"gold_loss":0.0,"damage_taken":7.0},{"damage_healed":0.0,"max_hp_gain":0.0,"max_hp_loss":0.0,"gold_gain":0.0,"event_name":"Upgrade Shrine","player_choice":"Upgraded","floor":4.0,"gold_loss":0.0,"damage_taken":0.0,"cards_upgraded":["Zap"]},{"damage_healed":0.0,"max_hp_gain":0.0,"max_hp_loss":7.0,"gold_gain":0.0,"event_name":"Golden Idol","player_choice":"Lose Max HP","floor":13.0,"gold_loss":0.0,"damage_taken":0.0,"relics_obtained":["Golden Idol"]},{"damage_healed":0.0,"max_hp_gain":0.0,"max_hp_loss":0.0,"gold_gain":0.0,"event_name":"The Woman in Blue","player_choice":"Bought 0 Potions","floor":20.0,"gold_loss":0.0,"damage_taken":0.0}],"is_beta":false,"boss_relics":[{"not_picked":["Black Star","Coffee Dripper"],"picked":"Sozu"}],"items_purged_floors":[],"is_endless":false,"potions_floor_spawned":[5,7,14,16,18,24],"killed_by":"Shelled Parasite and Fungi","ascension_level":20}}