{"host":"iv24d026eac8pm4e","time":1613866359,"event":{"mods":["BaseMod","Minty Spire (QoL Compilation)"],"gold_per_floor":[214,233,62,75,92,92,102,116,116,148,148,158,158,169,169,243,243,258,238,238,258,258,258],"floor_reached":22,"language":"ENG","playtime":1156,"items_purged":[],"score":384,"play_id":"b4512a90-bfd2-4951-b3b5-210852d91ec0","local_time":"20210220161239","is_ascension_mode":true,"campfire_choices":[{"data":"Caltrops","floor":6,"key":"SMITH"},{"data":"Tools of the Trade","floor":11,"key":"SMITH"},{"data":"Neutralize","floor":13,"key":"SMITH"},{"data":"Noxious Fumes","floor":15,"key":"SMITH"}],"circlet_count":0,"master_deck":["AscendersBane","Defend_G","Defend_G","Defend_G","Defend_G","Defend_G","Survivor","Neutralize+1","Backflip","Deflect","Dagger Throw","Caltrops+1","Predator","Tools of the Trade+1","Corpse Explosion","Noxious Fumes+1","Bullet Time","Accuracy+1","Wraith Form v2+1","Tactician+1","Distraction+1","Tactician","Eviscerate","Masterful Stab"],"relics":["Ring of the Snake","Akabeko","Pear","Centennial Puzzle","Astrolabe"],"acts_visited":["Exordium","TheCity"],"potions_floor_usage":[10,16,16,22],"damage_taken":[{"damage":6,"enemies":"Cultist","floor":1,"turns":5},{"damage":4,"enemies":"Jaw Worm","floor":2,"turns":8},{"damage":0,"enemies":"Small Slimes","floor":4,"turns":4},{"damage":0,"enemies":"Blue Slaver","floor":5,"turns":5},{"damage":11,"enemies":"Red Slaver","floor":7,"turns":4},{"damage":1,"enemies":"Gremlin Gang","floor":8,"turns":5},{"damage":12,"enemies":"3 Sentries","floor":10,"turns":9},{"damage":0,"enemies":"2 Fungi Beasts","floor":12,"turns":2},{"damage":8,"enemies":"Exordium Wildlife","floor":14,"turns":4},{"damage":42,"enemies":"The Guardian","floor":16,"turns":10},{"damage":8,"enemies":"Shell Parasite","floor":18,"turns":5},{"damage":17,"enemies":"2 Thieves","floor":19,"turns":5},{"damage":0,"enemies":"Snake Plant","floor":21,"turns":5},{"damage":39,"enemies":"Centurion and Healer","floor":22,"turns":4}],"seed_played":"244033603892521104","potions_obtained":[{"floor":5,"key":"ColorlessPotion"},{"floor":7,"key":"EntropicBrew"},{"floor":8,"key":"DistilledChaos"},{"floor":12,"key":"FairyPotion"},{"floor":19,"key":"Strength Potion"}],"is_trial":false,"path_per_floor":["M","M","$","M","M","R","M","M","T","E","R","M","R","M","R","B",null,"M","M","?","M","M"],"character_chosen":"THE_SILENT","items_purchased":["Akabeko"],"campfire_rested":0,"item_purchase_floors":[3],"current_hp_per_floor":[53,49,49,49,49,49,38,37,47,35,35,35,35,27,27,16,61,53,36,36,36,0,0],"gold":258,"neow_bonus":"HUNDRED_GOLD","is_daily":false,"chose_seed":false,"campfire_upgraded":4,"win_rate":0.0,"timestamp":1613866359,"path_taken":["M","M","$","M","M","R","M","M","T","E","R","M","R","M","R","BOSS","M","M","?","M","M"],"items_purchased_type":["Relic"],"build_version":"2020-12-22","purchased_purges":0,"victory":false,"max_hp_per_floor":[66,66,66,66,66,66,66,66,76,76,76,76,76,76,76,76,76,76,76,76,76,76,76],"card_choices":[{"not_picked":["Deflect","Slice"],"picked":"Backflip","floor":1},{"not_picked":["Masterful Stab","Eviscerate"],"picked":"Deflect","floor":2},{"not_picked":["Endless Agony","Distraction"],"picked":"Dagger Throw","floor":4},{"not_picked":["Deflect","Masterful Stab"],"picked":"Caltrops","floor":5},{"not_picked":["Deadly Poison","Backflip"],"picked":"Predator","floor":7},{"not_picked":["Dagger Throw","Blade Dance"],"picked":"Tools of the Trade","floor":8},{"not_picked":["Concentrate","Quick Slash"],"picked":"Corpse Explosion","floor":10},{"not_picked":["Skewer","Dagger Throw","Expertise"],"picked":"SKIP","floor":12},{"not_picked":["Accuracy","Deadly Poison"],"picked":"Noxious Fumes","floor":14},{"not_picked":["Night Terror","Tools of the Trade"],"picked":"Bullet Time","floor":16},{"not_picked":["Flying Knee","Riddle With Holes"],"picked":"Distraction+1","floor":18},{"not_picked":["Backflip","Flying Knee"],"picked":"Tactician","floor":19},{"not_picked":["Distraction","Dagger Throw","Heel Hook"],"picked":"SKIP","floor":21}],"player_experience":2540651,"relics_obtained":[{"floor":9,"key":"Pear"},{"floor":10,"key":"Centennial Puzzle"}],"event_choices":[{"damage_healed":0,"gold_gain":0,"cards_transformed":["Strike_G","Strike_G"],"player_choice":"Became Test Subject","damage_taken":0,"max_hp_gain":0,"max_hp_loss":0,"event_name":"Drug Dealer","floor":20,"gold_loss":0,"cards_obtained":["Eviscerate","Masterful Stab"]}],"is_beta":false,"boss_relics":[{"not_picked":["Empty Cage","Black Star"],"picked":"Astrolabe"}],"items_purged_floors":[],"is_endless":false,"potions_floor_spawned":[5,7,8,12,19],"killed_by":"Centurion and Healer","ascension_level":20}}