{"host":"sav7uxregyirlf69","time":1613908126,"event":{"mods":["AchievementEnabler","BaseMod","Colored Map","DeckTracker","Keyboard Shortcuts","Minty Spire (QoL Compilation)","READ ME - Guardian Mod","StSLib","SuperFastMode"],"gold_per_floor":[118,43,43,43,56,82,97,22,22,42,61,61,61,61],"floor_reached":13,"language":"KOR","playtime":126,"items_purged":["Pain"],"score":220,"play_id":"0a028ad1-75c7-4134-878f-57832faa6e74","local_time":"20210221204846","is_ascension_mode":true,"campfire_choices":[{"data":"Chaos","floor":12.0,"key":"SMITH"}],"circlet_count":0,"master_deck":["AscendersBane","Strike_B","Strike_B","Strike_B","Defend_B","Defend_B","Defend_B","Defend_B","Zap","Dualcast","Consume","White Noise","Conserve Battery","Chaos+1"],"relics":["Cracked Core","NeowsBlessing","WarpedTongs","Kunai","Matryoshka"],"acts_visited":["Exordium"],"potions_floor_usage":[13,13],"damage_taken":[{"damage":0.0,"enemies":"2 Louse","floor":1.0,"turns":1.0},{"damage":0.0,"enemies":"Small Slimes","floor":5.0,"turns":1.0},{"damage":2.0,"enemies":"3 Sentries","floor":6.0,"turns":1.0},{"damage":14.0,"enemies":"Cultist","floor":7.0,"turns":4.0},{"damage":11.0,"enemies":"Exordium Thugs","floor":10.0,"turns":3.0},{"damage":6.0,"enemies":"Blue Slaver","floor":11.0,"turns":3.0},{"damage":45,"enemies":"Gremlin Nob","floor":13,"turns":3}],"seed_played":"-5201964300385501556","potions_obtained":[{"floor":1.0,"key":"Explosive Potion"},{"floor":6.0,"key":"ColorlessPotion"}],"is_trial":false,"path_per_floor":["M","?","?","?","M","E","M","$","T","M","M","R","E"],"character_chosen":"DEFECT","items_purchased":[],"campfire_rested":0,"item_purchase_floors":[],"current_hp_per_floor":[64,64,69,69,69,67,53,53,53,42,36,36,0,0],"gold":61,"neow_bonus":"THREE_ENEMY_KILL","is_daily":false,"chose_seed":false,"campfire_upgraded":1,"win_rate":0.0,"timestamp":1613908126,"path_taken":["M","?","?","?","?","E","M","$","T","M","M","R","E"],"items_purchased_type":[],"build_version":"2020-12-22","purchased_purges":1,"victory":false,"max_hp_per_floor":[71,71,76,76,76,76,76,76,76,76,76,76,76,76],"card_choices":[{"not_picked":["Go for the Eyes","Hologram"],"picked":"Consume","floor":1.0},{"not_picked":["Beam Cell","Redo","Turbo"],"picked":"SKIP","floor":5.0},{"not_picked":["Turbo","Skim","Redo"],"picked":"SKIP","floor":6.0},{"not_picked":["Blizzard","Stack"],"picked":"White Noise","floor":7.0},{"not_picked":["Sweeping Beam","Steam"],"picked":"Conserve Battery","floor":10.0},{"not_picked":["Scrape","Amplify"],"picked":"Chaos","floor":11.0}],"player_experience":1643928,"relics_obtained":[{"floor":6.0,"key":"Kunai"},{"floor":9.0,"key":"Matryoshka"}],"event_choices":[{"cards_removed":["Strike_B"],"damage_healed":0.0,"max_hp_gain":0.0,"max_hp_loss":0.0,"gold_gain":0.0,"event_name":"The Cleric","player_choice":"Card Removal","floor":2.0,"gold_loss":75.0,"damage_taken":0.0},{"damage_healed":0.0,"max_hp_gain":5.0,"max_hp_loss":0.0,"gold_gain":0.0,"event_name":"Big Fish","player_choice":"Donut","floor":3.0,"gold_loss":0.0,"damage_taken":0.0},{"damage_healed":0.0,"max_hp_gain":0.0,"max_hp_loss":0.0,"gold_gain":0.0,"event_name":"Accursed Blacksmith","player_choice":"Rummage","floor":4.0,"gold_loss":0.0,"damage_taken":0.0,"relics_obtained":["WarpedTongs"],"cards_obtained":["Pain"]}],"is_beta":false,"boss_relics":[],"items_purged_floors":[8],"is_endless":false,"potions_floor_spawned":[1,6,10],"killed_by":"Gremlin Nob","ascension_level":20}}