{"host":"0g75o2kccvalhtva","time":1613937280,"event":{"mods":["BaseMod","BetterRewards","Downfall","GungeonMod","Hubris","Infinite Spire","Minty Spire (QoL Compilation)","Replay The Spire","StSLib","SuperFastMode"],"gold_per_floor":[112,112,124,124,143,173,189,222,246,246,246,26,26,36,36,132,132,144,176,176,50,60,60,60,60,139,152,180,191,218,237,237,338,338,371,371,114,137,156,156,256,286,312,312,365,390,441,88,88,194,194,220,220,250,276,307,347,347,347,347,394,590,642,697,748,748,874,874,936,1003,1003,1070,1070,1154,1154,1154,1180,1264,1264,1264,1264,1057,1057,1200,1200,1286,1316,1316,1404,1404,1404,1483,1571,1571,1571,1661,1766,1902,1902,1902,2092,2092,2242,1529,1529,1529,1631,1631,1746,1746,1863,1997,2079,2079,1476,1573,1685,1685,1685,1859,1859,1859,1859],"floor_reached":122,"language":"ENG","playtime":8365,"items_purged":["Defend_G+1","Defend_G+1","Defend_G+1","Regret","Survivor","Bite"],"score":2417,"play_id":"9b088106-9351-44c7-9c87-d6318c9f4cda","local_time":"20210221205440","is_ascension_mode":true,"campfire_choices":[{"floor":11.0,"key":"REST"},{"data":"Bullet Time","floor":23.0,"key":"SMITH"},{"data":"infinitespire:Collect","floor":32.0,"key":"SMITH"},{"data":"Blade Dance","floor":40.0,"key":"SMITH"},{"floor":44.0,"key":"REST"},{"data":"ReplayTheSpireMod:Black Plague","floor":44.0,"key":"SMITH"},{"floor":49.0,"key":"REST"},{"data":"Hidden Blade","floor":49.0,"key":"SMITH"},{"data":"Bouncing Flask","floor":58.0,"key":"SMITH"},{"floor":66.0,"key":"DIG"},{"floor":81.0,"key":"REST"},{"data":"Adrenaline","floor":81.0,"key":"SMITH"},{"floor":91.0,"key":"REST"},{"data":"Catalyst","floor":91.0,"key":"SMITH"},{"floor":95.0,"key":"REST"},{"data":"Burst","floor":95.0,"key":"SMITH"},{"data":"infinitespire:Neurotoxin","floor":110.0,"key":"SMITH"},{"data":"infinitespire:Neurotoxin","floor":119.0,"key":"SMITH"}],"circlet_count":0,"master_deck":["Defend_G+1","Neutralize","Infinite Blades","Dagger Spray+1","Hidden Blade+1","infinitespire:Collect+1","Bouncing Flask+1","Bullet Time+1","Finisher+1","infinitespire:Neurotoxin+1","Hidden Blade+1","Deadly Poison+1","Blade Dance+1","Dagger Spray+1","Poison Darts","ReplayTheSpireMod:Black Plague+1","Poisoned Stab+1","Backstab","infinitespire:Neurotoxin+1","Bane","Adrenaline+1","Burst+1","Bite","Bite","Catalyst+1","Distraction+1","Adrenaline+1"],"relics":["Ring of the Serpent","DemoMod:GundromedaStrain","infinitespire:Magic Flask","Boot","Iron Hammer","DemoMod:LamentConfigurum","Bottled Tornado","SlaversCollar","Red Mask","DemoMod:RingOfEthereal","MutagenicStrength","Mummified Hand","Durian","Tiny Chest","infinitespire:EvilPickle","Ring of Chaos","Replay:Kaleidoscope","DemoMod:MonsterBlood","DemoMod:BigBoy","hubris:TenFootPole","Lantern","Blue Doll","DemoMod:MeltedRock","Dream Catcher","hubris:Backtick","The Specimen","Incense Burner","Pen Nib","Toy Ornithopter","Smiling Mask","hubris:CuriousFeather","infinitespire:Joker Card","hubris:SlimyHat","DemoMod:PoisonVial","hubris:MedicalManual","hubris:HollowSoul","Lizard Tail","Replay:Ringing Soul","ReplayTheSpireMod:Lightbulb","Prayer Wheel","DemoMod:WhiteGuonStone","Omamori","Vampiric Spirits","Ninja Scroll","Golden Egg","hubris:PeanutButter","ReplayTheSpireMod:TigerMarble","Ring of Fury","Busted Crown","hubris:CrystalStatue","DemoMod:Relodestone","ReplayTheSpireMod:ShopPack","Bag of Preparation","DemoMod:DecoyRelic","Replay:WaspNest","hubris:MobiusCoin","Oddly Smooth Stone","DemoMod:MeatBun"],"acts_visited":["Exordium","TheCity","TheBeyond","Exordium","TheCity","TheBeyond","Exordium","TheCity"],"potions_floor_usage":[],"damage_taken":[{"damage":0.0,"enemies":"Jaw Worm","floor":1.0,"turns":4.0},{"damage":1.0,"enemies":"Cultist","floor":3.0,"turns":3.0},{"damage":0.0,"enemies":"2 Louse","floor":5.0,"turns":1.0},{"damage":0.0,"enemies":"3 Sentries","floor":6.0,"turns":4.0},{"damage":6.0,"enemies":"Large Slime","floor":7.0,"turns":3.0},{"damage":0.0,"enemies":"Lagavulin","floor":8.0,"turns":6.0},{"damage":1.0,"enemies":"Looter","floor":14.0,"turns":3.0},{"damage":13.0,"enemies":"Fading Forest","floor":16.0,"turns":11.0},{"damage":10.0,"enemies":"Chosen","floor":18.0,"turns":4.0},{"damage":0.0,"enemies":"Masked Bandits","floor":19.0,"turns":2.0},{"damage":0.0,"enemies":"Spheric Guardian","floor":22.0,"turns":2.0},{"damage":0.0,"enemies":"Centurion and Healer","floor":27.0,"turns":3.0},{"damage":3.0,"enemies":"Replay:Snechameleon","floor":28.0,"turns":3.0},{"damage":2.0,"enemies":"Snake Plant","floor":29.0,"turns":2.0},{"damage":9.0,"enemies":"Gremlin Leader","floor":30.0,"turns":3.0},{"damage":0.0,"enemies":"Sentry and Sphere","floor":31.0,"turns":1.0},{"damage":0.0,"enemies":"Pondfish","floor":33.0,"turns":4.0},{"damage":6.0,"enemies":"3 Shapes","floor":35.0,"turns":1.0},{"damage":8.0,"enemies":"3 Darklings","floor":38.0,"turns":2.0},{"damage":12.0,"enemies":"Jaw Worm Horde","floor":39.0,"turns":2.0},{"damage":0.0,"enemies":"infinitespire:Three Voidlings","floor":41.0,"turns":2.0},{"damage":18.0,"enemies":"Nightmare_Alpha","floor":41.0,"turns":4.0},{"damage":7.0,"enemies":"Writhing Mass","floor":42.0,"turns":2.0},{"damage":0.0,"enemies":"R_Hoarder","floor":45.0,"turns":2.0},{"damage":0.0,"enemies":"Reptomancer","floor":47.0,"turns":2.0},{"damage":37.0,"enemies":"Replay:Hell Engine","floor":50.0,"turns":3.0},{"damage":0.0,"enemies":"Small Slimes","floor":52.0,"turns":1.0},{"damage":0.0,"enemies":"Jaw Worm","floor":56.0,"turns":1.0},{"damage":0.0,"enemies":"3 Sentries","floor":57.0,"turns":1.0},{"damage":0.0,"enemies":"Gremlin Nob","floor":61.0,"turns":1.0},{"damage":0.0,"enemies":"2 Louse","floor":63.0,"turns":1.0},{"damage":0.0,"enemies":"Nightmare","floor":64.0,"turns":2.0},{"damage":0.0,"enemies":"Looter","floor":65.0,"turns":1.0},{"damage":0.0,"enemies":"The Guardian","floor":67.0,"turns":1.0},{"damage":0.0,"enemies":"Chosen","floor":69.0,"turns":1.0},{"damage":13.0,"enemies":"Shell Parasite","floor":70.0,"turns":2.0},{"damage":0.0,"enemies":"Sentry and Sphere","floor":72.0,"turns":1.0},{"damage":10.0,"enemies":"Gremlin Leader","floor":74.0,"turns":2.0},{"damage":25.0,"enemies":"Book of Stabbing","floor":78.0,"turns":2.0},{"damage":0.0,"enemies":"Collector","floor":84.0,"turns":3.0},{"damage":20.0,"enemies":"3 Shapes","floor":86.0,"turns":2.0},{"damage":0.0,"enemies":"Mind Bloom Boss Battle","floor":87.0,"turns":2.0},{"damage":0.0,"enemies":"3 Darklings","floor":89.0,"turns":2.0},{"damage":18.0,"enemies":"Nemesis","floor":92.0,"turns":3.0},{"damage":14.0,"enemies":"4 Shapes","floor":93.0,"turns":1.0},{"damage":0.0,"enemies":"Maw","floor":96.0,"turns":2.0},{"damage":0.0,"enemies":"Spire Growth","floor":97.0,"turns":1.0},{"damage":0.0,"enemies":"R_Hoarder","floor":98.0,"turns":2.0},{"damage":24.0,"enemies":"Replay:Hell Engine","floor":101.0,"turns":2.0},{"damage":0.0,"enemies":"Jaw Worm","floor":103.0,"turns":1.0},{"damage":0.0,"enemies":"Small Slimes","floor":107.0,"turns":1.0},{"damage":0.0,"enemies":"infinitespire:Voidling","floor":109.0,"turns":1.0},{"damage":3.0,"enemies":"Replay:BlueRogue","floor":111.0,"turns":2.0},{"damage":0.0,"enemies":"3 Louse","floor":112.0,"turns":1.0},{"damage":0.0,"enemies":"Exordium Thugs","floor":116.0,"turns":1.0},{"damage":0.0,"enemies":"2 Fungi Beasts","floor":117.0,"turns":1.0},{"damage":5.0,"enemies":"Fading Forest","floor":120.0,"turns":3.0},{"damage":0,"enemies":"3 Byrds","floor":122,"turns":1}],"seed_played":"7061369228648938281","potions_obtained":[{"floor":1.0,"key":"EssenceOfSteel"},{"floor":3.0,"key":"hexamod:SoulburnPotion"},{"floor":14.0,"key":"AttackPotion"},{"floor":18.0,"key":"Energy Potion"},{"floor":27.0,"key":"SteroidPotion"},{"floor":33.0,"key":"ColorlessPotion"},{"floor":35.0,"key":"DuplicationPotion"},{"floor":41.0,"key":"FearPotion"},{"floor":42.0,"key":"AttackPotion"},{"floor":45.0,"key":"FairyPotion"},{"floor":52.0,"key":"Reflective Coating"},{"floor":56.0,"key":"EssenceOfSteel"},{"floor":70.0,"key":"DemoMod:LeadSkinPotion"}],"is_trial":false,"path_per_floor":["M","?","M","?","M","E","M","E","T","?","R","$","?","M","R","B",null,"M","?","?","$","M","R","AVR","?","T","M","E","M","E","M","R","B",null,"M","T","$","M","M","R","?","M","T","R","E","T","E","$","R","B",null,"M","?","?","T","M","E","R","?","T","E","?","M","NM","M","R","B",null,"M","M","T","M","AVR","E","?","?","T","E","T","?","R","$","R","B",null,"M","?","?","M","T","R","E","M","T","R","M","M","E","?","R","B",null,"M","$","PTL","PTL","M","?","M","R","E","M","T","T","$","M","M","?","R","B",null,"M"],"character_chosen":"THE_SILENT","items_purchased":["DemoMod:GundromedaStrain","Infinite Blades","Bullet Time","Finisher+1","AttackPotion","DemoMod:MonsterBlood","Dream Catcher","Backstab","Omamori","hubris:CrystalStatue","DemoMod:Relodestone","ReplayTheSpireMod:ShopPack","hubris:MobiusCoin","Oddly Smooth Stone","DemoMod:MeatBun"],"campfire_rested":6,"item_purchase_floors":[0,0,12,12,21,37,48,48,82,104,104,104,115,115,115],"current_hp_per_floor":[56,56,55,39,39,39,33,33,33,26,45,45,45,44,63,50,65,55,55,55,55,55,55,55,55,55,55,57,55,46,46,46,46,70,64,64,71,63,51,51,33,26,26,49,49,49,49,49,72,35,77,77,77,77,77,77,77,77,74,74,74,65,65,65,65,65,65,77,77,64,64,64,64,57,57,57,57,32,32,35,52,52,59,59,59,39,45,45,65,65,65,49,59,59,65,68,68,68,68,68,48,68,68,68,68,68,68,68,68,68,65,68,68,68,68,68,68,68,68,63,68,68,68],"gold":1859,"neow_bonus":"","is_daily":false,"chose_seed":false,"campfire_upgraded":11,"win_rate":0.0,"timestamp":1613937280,"path_taken":["M","?","?","?","M","E","M","E","T","?","R","$","?","?","R","BOSS","M","?","?","$","M","R","AVR","?","T","?","E","M","E","M","R","BOSS","M","?","$","M","?","R","?","M","T","R","E","?","E","?","R","BOSS","M","?","?","?","M","E","R","?","T","E","?","?","NM","M","R","BOSS","M","M","?","?","AVR","E","?","?","T","E","?","?","R","$","R","BOSS","M","?","?","M","?","R","E","?","T","R","M","M","E","?","R","BOSS","M","$","PTL","PTL","M","?","M","R","E","M","T","?","$","M","?","?","R","BOSS","M"],"items_purchased_type":["Relic","Card","Card","Card","Potion","Relic","Relic","Card","Relic","Relic","Relic","Relic","Relic","Relic","Relic"],"build_version":"2020-12-22","purchased_purges":6,"victory":false,"max_hp_per_floor":[65,65,65,65,65,65,65,65,65,65,65,65,65,65,65,65,65,65,65,65,65,65,65,65,65,65,65,70,70,70,70,70,70,70,70,70,77,77,77,77,77,77,77,77,77,77,77,77,77,77,77,77,77,77,77,77,77,77,77,77,77,77,77,77,77,77,77,77,77,77,77,77,77,80,80,80,80,80,80,59,59,59,59,59,59,59,62,62,65,65,65,65,65,65,65,68,68,68,68,68,68,68,68,68,68,68,68,68,68,68,68,68,68,68,68,68,68,68,68,68,68,68,68],"card_choices":[{"not_picked":["Backflip","Dodge and Roll"],"picked":"Dagger Spray","floor":1.0},{"not_picked":["Bane","Quick Slash"],"picked":"Hidden Blade","floor":3.0},{"not_picked":["hubris:Rewind","infinitespire:SealOfDarkness+"],"picked":"infinitespire:Collect","floor":4.0},{"not_picked":["Dagger Throw","Corpse Explosion","Reflex"],"picked":"SKIP","floor":5.0},{"not_picked":["Bane","Slice","Acrobatics"],"picked":"SKIP","floor":6.0},{"not_picked":["Backflip","hubris:SlightOfHand","Underhanded Strike"],"picked":"SKIP","floor":7.0},{"not_picked":["Backflip","All Out Attack"],"picked":"Bouncing Flask","floor":8.0},{"not_picked":["Choke","hubris:SlightOfHand","Dagger Throw"],"picked":"SKIP","floor":14.0},{"not_picked":["After Image","Corpse Explosion"],"picked":"infinitespire:Neurotoxin","floor":16.0},{"not_picked":["Dagger Throw","Flying Knee"],"picked":"Hidden Blade+1","floor":18.0},{"not_picked":["Prepared","Underhanded Strike+1","Expertise"],"picked":"SKIP","floor":22.0},{"not_picked":["hubris:SlightOfHand","ReplayTheSpireMod:Exploit Weakness"],"picked":"Deadly Poison+1","floor":27.0},{"not_picked":["Escape Plan","Expertise+1","Prepared"],"picked":"SKIP","floor":28.0},{"not_picked":["Crippling Poison","Quick Slash"],"picked":"Blade Dance","floor":29.0},{"not_picked":["Flying Knee","PiercingWail+1"],"picked":"Dagger Spray+1","floor":30.0},{"not_picked":["PiercingWail","Sneak Up","Predator"],"picked":"SKIP","floor":31.0},{"not_picked":["Malaise","Wraith Form v2"],"picked":"Poison Darts","floor":33.0},{"not_picked":["Draining Mist","Dodge and Roll","Sucker Punch"],"picked":"SKIP","floor":35.0},{"not_picked":["Slice","PiercingWail+1","Footwork+1"],"picked":"SKIP","floor":38.0},{"not_picked":["Backflip+1","Slice","Acrobatics+1"],"picked":"SKIP","floor":39.0},{"not_picked":["hubris:Rewind","infinitespire:Collect"],"picked":"ReplayTheSpireMod:Black Plague","floor":41.0},{"not_picked":["Deadly Poison+1","Deflect"],"picked":"Poisoned Stab+1","floor":42.0},{"not_picked":["Escape Plan+1","Replay:Bag of Tricks","Sucker Punch"],"picked":"SKIP","floor":45.0},{"not_picked":["hubris:SlightOfHand","Bouncing Flask","Escape Plan+1"],"picked":"SKIP","floor":47.0},{"not_picked":["Corpse Explosion","Poison Darts"],"picked":"infinitespire:Neurotoxin","floor":50.0},{"not_picked":["Dagger Throw","Dodge and Roll","Fluid Movement"],"picked":"SKIP","floor":52.0},{"not_picked":["Fluid Movement","Outmaneuver"],"picked":"Bane","floor":56.0},{"not_picked":["Choke","Flying Knee","ReplayTheSpireMod:From All Sides"],"picked":"SKIP","floor":57.0},{"not_picked":["Sneak Up","Caltrops","Calculated Gamble"],"picked":"SKIP","floor":61.0},{"not_picked":["ReplayTheSpireMod:The Works","ReplayTheSpireMod:Speed Training","Blade Dance"],"picked":"SKIP","floor":63.0},{"not_picked":["Well Laid Plans","hubris:SlightOfHand","Underhanded Strike"],"picked":"SKIP","floor":64.0},{"not_picked":["Deflect","PiercingWail","Leg Sweep"],"picked":"SKIP","floor":65.0},{"not_picked":["Bullet Time","Malaise"],"picked":"Adrenaline","floor":67.0},{"not_picked":["Finisher+1","Choke","Dagger Spray"],"picked":"SKIP","floor":69.0},{"not_picked":["Endless Agony+1","Hidden Blade+1","Sucker Punch"],"picked":"SKIP","floor":70.0},{"not_picked":["Sucker Punch","ReplayTheSpireMod:Tripwire","Bane"],"picked":"SKIP","floor":72.0},{"not_picked":["Footwork","Quick Slash"],"picked":"Burst","floor":74.0},{"not_picked":["Dagger Spray","Footwork","Flechettes"],"picked":"SKIP","floor":78.0},{"not_picked":["Heel Hook","Dagger Spray+1","Reflex+1"],"picked":"SKIP","floor":86.0},{"not_picked":["Blade Dance+1","Dodge and Roll","hubris:SlightOfHand+1"],"picked":"SKIP","floor":86.0},{"not_picked":["Caltrops+1","Predator+1"],"picked":"Catalyst","floor":87.0},{"not_picked":["ReplayTheSpireMod:Speed Training","hubris:TrickCloak+1"],"picked":"Distraction+1","floor":89.0},{"not_picked":["Choke+1","Hidden Blade+1","Poisoned Stab"],"picked":"SKIP","floor":89.0},{"not_picked":["Toxin Wave","Deflect","Draining Mist+1"],"picked":"SKIP","floor":92.0},{"not_picked":["Reflex","Underhanded Strike","Sneak Up"],"picked":"SKIP","floor":93.0},{"not_picked":["hubris:TrickCloak","Terror","Dagger Throw+1"],"picked":"SKIP","floor":93.0},{"not_picked":["Underhanded Strike+1","Riddle With Holes+1"],"picked":"Adrenaline","floor":96.0},{"not_picked":["Backflip+1","Bane","PiercingWail"],"picked":"SKIP","floor":96.0},{"not_picked":["Dodge and Roll","Choke+1","Poisoned Stab+1"],"picked":"SKIP","floor":97.0},{"not_picked":["Prepared+1","Quick Slash+1","hubris:SlightOfHand"],"picked":"SKIP","floor":97.0},{"not_picked":["Deflect","Eviscerate+1","hubris:SlightOfHand+1"],"picked":"SKIP","floor":98.0},{"not_picked":["Caltrops"],"picked":"SKIP","floor":103.0},{"not_picked":["Dagger Throw"],"picked":"SKIP","floor":103.0},{"not_picked":["hubris:SlightOfHand"],"picked":"SKIP","floor":107.0},{"not_picked":["Glass Knife"],"picked":"SKIP","floor":107.0},{"not_picked":["Acrobatics"],"picked":"SKIP","floor":109.0},{"not_picked":["Caltrops"],"picked":"SKIP","floor":109.0},{"not_picked":["Poison Darts"],"picked":"SKIP","floor":111.0},{"not_picked":["Hidden Blade"],"picked":"SKIP","floor":112.0},{"not_picked":["Dagger Throw"],"picked":"SKIP","floor":112.0},{"not_picked":["Deadly Poison"],"picked":"SKIP","floor":116.0},{"not_picked":["Endless Agony"],"picked":"SKIP","floor":116.0},{"not_picked":["Masterful Stab"],"picked":"SKIP","floor":117.0},{"not_picked":["Heel Hook"],"picked":"SKIP","floor":117.0}],"player_experience":20049,"relics_obtained":[{"floor":6.0,"key":"Boot"},{"floor":8.0,"key":"Iron Hammer"},{"floor":9.0,"key":"DemoMod:LamentConfigurum"},{"floor":13.0,"key":"Bottled Tornado"},{"floor":19.0,"key":"Red Mask"},{"floor":26.0,"key":"Mummified Hand"},{"floor":28.0,"key":"Durian"},{"floor":30.0,"key":"Tiny Chest"},{"floor":36.0,"key":"Replay:Kaleidoscope"},{"floor":41.0,"key":"DemoMod:BigBoy"},{"floor":43.0,"key":"hubris:TenFootPole"},{"floor":45.0,"key":"Lantern"},{"floor":46.0,"key":"Blue Doll"},{"floor":47.0,"key":"DemoMod:MeltedRock"},{"floor":55.0,"key":"Toy Ornithopter"},{"floor":57.0,"key":"Smiling Mask"},{"floor":60.0,"key":"infinitespire:Joker Card"},{"floor":61.0,"key":"hubris:SlimyHat"},{"floor":64.0,"key":"DemoMod:PoisonVial"},{"floor":66.0,"key":"hubris:MedicalManual"},{"floor":71.0,"key":"Lizard Tail"},{"floor":77.0,"key":"ReplayTheSpireMod:Lightbulb"},{"floor":78.0,"key":"Prayer Wheel"},{"floor":79.0,"key":"DemoMod:WhiteGuonStone"},{"floor":87.0,"key":"Vampiric Spirits"},{"floor":90.0,"key":"Ninja Scroll"},{"floor":92.0,"key":"Golden Egg"},{"floor":94.0,"key":"hubris:PeanutButter"},{"floor":98.0,"key":"ReplayTheSpireMod:TigerMarble"},{"floor":99.0,"key":"Ring of Fury"},{"floor":111.0,"key":"Bag of Preparation"},{"floor":113.0,"key":"DemoMod:DecoyRelic"},{"floor":114.0,"key":"Replay:WaspNest"}],"event_choices":[{"cards_removed":["Strike_G"],"damage_healed":0.0,"max_hp_gain":0.0,"max_hp_loss":0.0,"gold_gain":0.0,"event_name":"Bonfire Elementals","player_choice":"Offered Basic","floor":2.0,"gold_loss":0.0,"damage_taken":0.0},{"cards_removed":["Strike_G"],"damage_healed":0.0,"max_hp_gain":0.0,"max_hp_loss":0.0,"gold_gain":0.0,"event_name":"Golden Wing","player_choice":"Card Removal","floor":10.0,"gold_loss":0.0,"damage_taken":7.0},{"damage_healed":0.0,"max_hp_gain":0.0,"max_hp_loss":0.0,"gold_gain":0.0,"event_name":"Masked Bandits","player_choice":"Fought Bandits","floor":19.0,"gold_loss":0.0,"damage_taken":0.0},{"damage_healed":0.0,"max_hp_gain":0.0,"max_hp_loss":0.0,"gold_gain":0.0,"event_name":"Back to Basics","player_choice":"Simplicity","floor":20.0,"gold_loss":0.0,"damage_taken":0.0,"cards_upgraded":["Strike_G","Strike_G","Strike_G","Defend_G","Defend_G","Defend_G","Defend_G","Defend_G"]},{"damage_healed":0.0,"max_hp_gain":0.0,"max_hp_loss":0.0,"gold_gain":0.0,"event_name":"Drug Dealer","player_choice":"Inject Mutagens","floor":25.0,"gold_loss":0.0,"damage_taken":0.0,"relics_obtained":["MutagenicStrength"]},{"damage_healed":0.0,"max_hp_gain":0.0,"max_hp_loss":0.0,"gold_gain":0.0,"event_name":"Big Fish","player_choice":"Box","floor":53.0,"gold_loss":0.0,"damage_taken":0.0,"relics_obtained":["Incense Burner"],"cards_obtained":["Regret"]},{"damage_healed":0.0,"max_hp_gain":0.0,"max_hp_loss":0.0,"gold_gain":30.0,"event_name":"Dead Adventurer","player_choice":"Searched \u00273\u0027 times","floor":54.0,"gold_loss":0.0,"damage_taken":0.0,"relics_obtained":["Pen Nib"]},{"damage_healed":0.0,"max_hp_gain":0.0,"max_hp_loss":0.0,"gold_gain":0.0,"event_name":"Scrap Ooze","player_choice":"Success","floor":59.0,"gold_loss":0.0,"damage_taken":7.0,"relics_obtained":["hubris:CuriousFeather"]},{"cards_removed":["Defend_G"],"damage_healed":0.0,"max_hp_gain":0.0,"max_hp_loss":0.0,"gold_gain":0.0,"event_name":"Purifier","player_choice":"Purged","floor":76.0,"gold_loss":0.0,"damage_taken":0.0},{"damage_healed":0.0,"max_hp_gain":0.0,"max_hp_loss":24.0,"gold_gain":0.0,"event_name":"Vampires","player_choice":"Became a vampire","floor":80.0,"gold_loss":0.0,"damage_taken":0.0,"cards_obtained":["Bite","Bite","Bite","Bite","Bite"]},{"damage_healed":0.0,"max_hp_gain":0.0,"max_hp_loss":0.0,"gold_gain":0.0,"event_name":"MindBloom","player_choice":"Fight","floor":87.0,"gold_loss":0.0,"damage_taken":0.0},{"damage_healed":0.0,"max_hp_gain":0.0,"max_hp_loss":0.0,"gold_gain":0.0,"event_name":"SensoryStone","player_choice":"Memory 1","floor":100.0,"gold_loss":0.0,"damage_taken":0.0},{"cards_removed":["Bite"],"damage_healed":5.0,"max_hp_gain":0.0,"max_hp_loss":0.0,"gold_gain":0.0,"event_name":"Bonfire Elementals","player_choice":"Offered Special","floor":108.0,"gold_loss":0.0,"damage_taken":0.0},{"cards_removed":["Bite"],"damage_healed":0.0,"max_hp_gain":0.0,"max_hp_loss":0.0,"gold_gain":0.0,"event_name":"Purifier","player_choice":"Purged","floor":118.0,"gold_loss":0.0,"damage_taken":0.0}],"is_beta":false,"boss_relics":[{"not_picked":["hubris:GrandSneckoEye","Astrolabe"],"picked":"SlaversCollar"},{"not_picked":["HoveringKite","Snecko Eye"],"picked":"Ring of Chaos"},{"not_picked":["ReplayTheSpireMod:SealedPack","Runic Pyramid"],"picked":"hubris:Backtick"},{"not_picked":["Honey Jar","Snecko Scales"],"picked":"hubris:HollowSoul"},{"not_picked":["Runic Pyramid","hubris:VirtuousBlindfold"],"picked":"Ring of the Serpent"},{"not_picked":["Replay:Drink Me","Fusion Hammer"],"picked":"Busted Crown"},{"not_picked":["Honey Jar","hubris:Stopwatch","hubris:VirtuousBlindfold"]}],"items_purged_floors":[21,37,48,82,104,115],"is_endless":true,"potions_floor_spawned":[1,3,14,18,27,33,35,41,42,45,52,56,57,70,87,92,96,101,109,111,116,117],"killed_by":"3 Byrds","ascension_level":1}}