{"host":"7zq0fgva91iwgkd5","time":1613940964,"event":{"mods":["AchievementEnabler","BaseMod","Bestiary","Card Forge","Colored Map","Curses Come First","DeckTracker","Minty Spire (QoL Compilation)","Quick Restart","Rare Cards Sparkle","Remove Card Discount Mod","StSLib"],"gold_per_floor":[109,128,128,128,141,174,174,174,174,188,17,17,34,63,63,135,135,147,164,164,164,181,207,207,234,234,249,249,249,260,277,277,351,351,363,379,390,390,440,440,440],"floor_reached":40,"language":"ENG","playtime":1566,"items_purged":[],"score":930,"play_id":"215da095-e654-4a56-b717-dcee98f98fbb","local_time":"20210221215604","is_ascension_mode":true,"campfire_choices":[{"floor":7,"key":"RECALL"},{"floor":15,"key":"REST"},{"floor":24,"key":"REST"},{"floor":29,"key":"REST"},{"floor":32,"key":"REST"}],"circlet_count":0,"master_deck":["AscendersBane","Strike_R+1","Defend_R+1","Defend_R+1","Bash+1","Anger+1","Barricade+1","Cleave+1","Feed+1","Flame Barrier+1","Ghostly Armor+1","Immolate+1","Inflame+1","Iron Wave+1","Reaper+1","Shockwave+1","Spot Weakness+1","Uppercut+1","Whirlwind+1","Feed+1","Flame Barrier+1","Limit Break+1","Flex+1","Pommel Strike+1","Heavy Blade+1","Inflame+1","Heavy Blade+1","Master of Strategy+1"],"relics":["Burning Blood","Hammer of Thor","Seething Fire","Anvil of the Gods","NeowsBlessing","Question Card","Ancient Tea Set","Toxic Egg 2","Mango","SlaversCollar","Potion Belt","Paper Frog","Prayer Wheel","Busted Crown","Du-Vu Doll"],"acts_visited":["Exordium","TheCity","TheBeyond"],"potions_floor_usage":[6,10,16,23,31,33,37],"damage_taken":[{"damage":0,"enemies":"Jaw Worm","floor":1,"turns":1},{"damage":0,"enemies":"Small Slimes","floor":2,"turns":1},{"damage":0,"enemies":"Cultist","floor":5,"turns":1},{"damage":10,"enemies":"3 Sentries","floor":6,"turns":3},{"damage":8,"enemies":"Blue Slaver","floor":10,"turns":3},{"damage":0,"enemies":"Large Slime","floor":13,"turns":3},{"damage":30,"enemies":"Lagavulin","floor":14,"turns":6},{"damage":30,"enemies":"Hexaghost","floor":16,"turns":7},{"damage":27,"enemies":"Spheric Guardian","floor":18,"turns":5},{"damage":7,"enemies":"Chosen","floor":19,"turns":5},{"damage":19,"enemies":"Snecko","floor":22,"turns":5},{"damage":33,"enemies":"Book of Stabbing","floor":23,"turns":5},{"damage":67,"enemies":"Gremlin Leader","floor":25,"turns":6},{"damage":35,"enemies":"Shelled Parasite and Fungi","floor":27,"turns":6},{"damage":6,"enemies":"Chosen and Byrds","floor":30,"turns":2},{"damage":14,"enemies":"Centurion and Healer","floor":31,"turns":4},{"damage":56,"enemies":"Collector","floor":33,"turns":4},{"damage":8,"enemies":"Orb Walker","floor":35,"turns":3},{"damage":81,"enemies":"3 Shapes","floor":36,"turns":3},{"damage":2,"enemies":"Transient","floor":37,"turns":6},{"damage":48,"enemies":"2 Orb Walkers","floor":39,"turns":4},{"damage":42,"enemies":"Nemesis","floor":40,"turns":6}],"seed_played":"-7682207601203676543","potions_obtained":[{"floor":1,"key":"Block Potion"},{"floor":10,"key":"Fruit Juice"},{"floor":13,"key":"Swift Potion"},{"floor":14,"key":"AttackPotion"},{"floor":22,"key":"Energy Potion"},{"floor":25,"key":"CultistPotion"},{"floor":27,"key":"Block Potion"},{"floor":36,"key":"DistilledChaos"}],"is_trial":false,"path_per_floor":["M","M","?","$","M","E","R","?","T","M","$","?","M","E","R","B",null,"M","M","?","?","M","E","R","E","T","M","?","R","M","M","R","B",null,"M","M","M","?","?","E"],"character_chosen":"IRONCLAD","items_purchased":["Ancient Tea Set"],"campfire_rested":4,"item_purchase_floors":[11],"current_hp_per_floor":[74,75,80,80,84,84,84,84,84,91,91,91,97,91,115,91,109,92,91,91,91,94,80,116,62,62,42,42,78,78,70,106,107,119,121,50,63,63,25,0,0],"gold":440,"neow_bonus":"THREE_ENEMY_KILL","is_daily":false,"chose_seed":false,"campfire_upgraded":0,"win_rate":0.0,"timestamp":1613940964,"path_taken":["M","M","?","$","M","E","R","?","T","M","?","?","M","E","R","BOSS","M","?","?","?","M","E","R","E","T","?","?","R","M","?","R","BOSS","M","?","M","?","?","E"],"items_purchased_type":["Relic"],"build_version":"2020-12-22","purchased_purges":0,"victory":false,"max_hp_per_floor":[75,75,80,80,84,88,88,88,88,97,97,97,97,115,115,115,115,119,119,119,119,123,123,123,123,123,123,123,123,123,123,123,123,123,127,131,131,131,135,135,135],"card_choices":[{"not_picked":["Dual Wield","Spot Weakness","Havoc"],"picked":"SKIP","floor":1},{"not_picked":["Clash","Armaments","Flex"],"picked":"SKIP","floor":2},{"not_picked":["Body Slam","Metallicize","Ghostly Armor"],"picked":"SKIP","floor":5},{"not_picked":["Anger","Clash"],"picked":"Feed","floor":6},{"not_picked":["Flex","Metallicize","Clothesline","Cleave"],"picked":"SKIP","floor":10},{"not_picked":["Pommel Strike","Clash","Heavy Blade"],"picked":"Flame Barrier+1","floor":13},{"not_picked":["Clothesline","Headbutt","Twin Strike","Berserk"],"picked":"SKIP","floor":14},{"not_picked":["Offering+1","Bludgeon","Corruption"],"picked":"Limit Break+1","floor":16},{"not_picked":["Fire Breathing+1","Hemokinesis","Pommel Strike","Reckless Charge"],"picked":"SKIP","floor":18},{"not_picked":["Power Through+1","Clothesline","Dropkick+1","Fire Breathing"],"picked":"SKIP","floor":19},{"not_picked":["Warcry+1","Shockwave+1","Dual Wield+1","Armaments+1"],"picked":"SKIP","floor":22},{"not_picked":["Metallicize","Havoc+1","Dual Wield+1","Clothesline"],"picked":"SKIP","floor":23},{"not_picked":["Headbutt","Metallicize","Fire Breathing","Berserk"],"picked":"SKIP","floor":25},{"not_picked":["Thunderclap","Headbutt","Dual Wield+1"],"picked":"Flex+1","floor":27},{"not_picked":["Thunderclap","Iron Wave+1","Rupture","Cleave"],"picked":"SKIP","floor":27},{"not_picked":["Evolve","Warcry+1","Flame Barrier+1"],"picked":"Pommel Strike+1","floor":30},{"not_picked":["Rage+1","Blood for Blood","Twin Strike"],"picked":"Heavy Blade+1","floor":30},{"not_picked":["Iron Wave","Exhume+1","Havoc+1"],"picked":"Inflame","floor":31},{"not_picked":["Sentinel+1","Rupture","Clash","Cleave"],"picked":"SKIP","floor":31},{"not_picked":["Body Slam","Twin Strike"],"picked":"SKIP","floor":35},{"not_picked":["Heavy Blade","Flame Barrier+1"],"picked":"SKIP","floor":35},{"not_picked":["Anger","Body Slam"],"picked":"SKIP","floor":36},{"not_picked":["Burning Pact+1","Clothesline"],"picked":"SKIP","floor":36},{"not_picked":["Iron Wave"],"picked":"Heavy Blade+1","floor":37},{"not_picked":["Armaments+1","Second Wind+1"],"picked":"SKIP","floor":37},{"not_picked":["Metamorphosis+1"],"picked":"Master of Strategy+1","floor":38}],"player_experience":186170,"relics_obtained":[{"floor":6,"key":"Question Card"},{"floor":14,"key":"Mango"},{"floor":23,"key":"Potion Belt"},{"floor":25,"key":"Paper Frog"},{"floor":26,"key":"Prayer Wheel"},{"floor":39,"key":"Du-Vu Doll"}],"event_choices":[{"damage_healed":0,"gold_gain":0,"player_choice":"Donut","damage_taken":0,"max_hp_gain":5,"max_hp_loss":0,"event_name":"Big Fish","floor":3,"gold_loss":0},{"damage_healed":0,"gold_gain":0,"player_choice":"Leave","damage_taken":0,"max_hp_gain":0,"max_hp_loss":0,"event_name":"The Cleric","floor":8,"gold_loss":0},{"cards_removed":["Twin Strike"],"damage_healed":0,"gold_gain":0,"player_choice":"Gave Card","damage_taken":0,"relics_obtained":["Toxic Egg 2"],"max_hp_gain":0,"max_hp_loss":0,"event_name":"WeMeetAgain","floor":12,"gold_loss":0},{"damage_healed":0,"gold_gain":0,"player_choice":"Simplicity","damage_taken":0,"max_hp_gain":0,"max_hp_loss":0,"event_name":"Back to Basics","floor":20,"gold_loss":0,"cards_upgraded":[]},{"damage_healed":0,"gold_gain":0,"player_choice":"Ignored","damage_taken":0,"max_hp_gain":0,"max_hp_loss":0,"event_name":"Upgrade Shrine","floor":21,"gold_loss":0},{"damage_healed":0,"gold_gain":0,"cards_transformed":["Strike_R"],"player_choice":"Transformed","damage_taken":0,"max_hp_gain":0,"max_hp_loss":0,"event_name":"Transmorgrifier","floor":28,"gold_loss":0,"cards_obtained":["Fire Breathing"]},{"damage_healed":0,"gold_gain":0,"player_choice":"Memory 1","damage_taken":0,"max_hp_gain":0,"max_hp_loss":0,"event_name":"SensoryStone","floor":38,"gold_loss":0},{"damage_healed":0,"gold_gain":0,"player_choice":"Fight","damage_taken":0,"max_hp_gain":0,"max_hp_loss":0,"event_name":"Mysterious Sphere","floor":39,"gold_loss":0}],"is_beta":false,"boss_relics":[{"not_picked":["Tiny House","Runic Pyramid"],"picked":"SlaversCollar"},{"not_picked":["Cursed Key","Calling Bell"],"picked":"Busted Crown"}],"items_purged_floors":[],"is_endless":false,"potions_floor_spawned":[1,10,13,14,22,25,27,36],"killed_by":"Nemesis","ascension_level":18}}