{"host":"sxaoifcprvg3ww0o","time":1613899886,"event":{"mods":["ATMod(∞¢Ë™Mod)","Act Like it!","Arknights","BaseMod","Downfall","Gensokyo","GifTheSpireLib","Hermit","KinomotoSakuraMod(ƒæ÷Æ±æ”£)","Marisa£®ÏF”Í°°ƒß¿Ì…≥£©","Minty Spire (QoL Compilation)","Prisma Mod","Quick Restart","Reimu£®≤©¿ˆ¡È√Œ£©","Reliquary","Remilia£®¿Ÿ√◊¿Ú—«£©","Replay The Spire","StSLib","The Alterego","The Senshi","Waifu the Spire","Yakumo Yukari mod","Youmu£®ªÍ∆«—˝√Œ£©","Yuyuko","°æ“≈ŒÔø®≈∆°øREMEMod"],"gold_per_floor":[131,131,149,162,207,207,207],"floor_reached":6,"language":"ZHS","playtime":587,"items_purged":[],"score":40,"play_id":"58a17b50-5cf2-4617-bb9a-d2b7a542a7e7","local_time":"20210221173126","is_ascension_mode":true,"campfire_choices":[],"circlet_count":0,"master_deck":["AT_purpleEX","AT_purpleEX","AT_purpleEX","AT_purpleEX","Defend_purpleEX","Defend_purpleEX","Defend_purpleEX","Defend_purpleEX","Observe_purple_1","Observe_purple_2","AT_TwilightShroud","BootSequence","DarkRealmRedLine_purple","DimensionStaggered_purple","AdvanceAttack_purple","Realm_recovery_purpleEX"],"relics":["Boundary_crack","Memoryfragments_purpleEX","REME_ComplimentaryCards","AT_ATBox","Potion Belt"],"acts_visited":["Exordium"],"potions_floor_usage":[],"damage_taken":[{"damage":5.0,"enemies":"Gensokyo:Python","floor":1.0,"turns":5.0},{"damage":5.0,"enemies":"Gensokyo:Gryphon","floor":3.0,"turns":5.0},{"damage":0.0,"enemies":"Gensokyo:3_Fairies","floor":4.0,"turns":6.0},{"damage":24.0,"enemies":"Gensokyo:VengefulSpirit","floor":5.0,"turns":10.0},{"damage":61,"enemies":"Gensokyo:Aya","floor":6,"turns":11}],"seed_played":"-6165742798633178904","potions_obtained":[{"floor":1.0,"key":"SpeedPotion"},{"floor":4.0,"key":"REME_GoldPotion"}],"is_trial":false,"path_per_floor":["M","?","M","M","M","E"],"character_chosen":"Youkari","items_purchased":[],"campfire_rested":0,"item_purchase_floors":[],"current_hp_per_floor":[74,59,56,65,52,0,0],"gold":207,"neow_bonus":"TEN_PERCENT_HP_BONUS","is_daily":false,"chose_seed":false,"campfire_upgraded":0,"win_rate":0.0,"timestamp":1613899886,"path_taken":["M","?","M","M","M","E"],"items_purchased_type":[],"build_version":"2020-12-22","purchased_purges":0,"victory":false,"max_hp_per_floor":[77,77,77,77,77,77,77],"card_choices":[{"not_picked":["Shallow_ocean_purpleEX","Nest_LightFlightworm_purple"],"picked":"DarkRealmRedLine_purple","floor":1.0},{"not_picked":["Mirror_FormAndEmptin_purple","MNeedle_purple"],"picked":"DimensionStaggered_purple","floor":3.0},{"not_picked":["Umbrella_purple","StateErode_purple"],"picked":"AdvanceAttack_purple","floor":4.0},{"not_picked":["Umbrella_purple","Worldmountain_purple"],"picked":"Realm_recovery_purpleEX","floor":5.0}],"player_experience":584901,"relics_obtained":[],"event_choices":[],"is_beta":false,"boss_relics":[],"items_purged_floors":[],"is_endless":false,"potions_floor_spawned":[1,4],"killed_by":"Gensokyo:Aya","ascension_level":1}}