{"host":"Kubo","time":1613931933,"event":{"mods":["BaseMod","Downfall","Minty Spire (QoL Compilation)","Replay The Spire","StSLib"],"gold_per_floor":[0,13,29,179,179,179,229,255,255,286,286,315,315,333,347,449,449,449,467,198,229,214,214,214,124,124,124,141,170,190,208,226,327,327,227,245,245,245,259,271,296,493,503,303,323,323,355,378,394,394,394,426,29,29,29,29,29,29],"floor_reached":56,"language":"ENG","playtime":5000,"items_purged":["Amnesia","Shame","downfall:Haunted"],"score":852,"play_id":"66c60e6b-0208-429e-97f9-f7b1f707f671","local_time":"20210221192533","is_ascension_mode":true,"campfire_choices":[{"floor":1,"key":"DIG"},{"data":"bronze:DazingPulse","floor":6,"key":"SMITH"},{"data":"bronze:Invalidate","floor":9,"key":"SMITH"},{"data":"bronze:Format","floor":13,"key":"SMITH"},{"data":"downfall:Icky","floor":18,"key":"PURGE"},{"data":"bronze:Mutator","floor":23,"key":"SMITH"},{"data":"bronze:Frontload","floor":26,"key":"SMITH"},{"floor":35,"key":"RECALL"},{"data":"bronze:Constructor","floor":44,"key":"SMITH"},{"floor":46,"key":"REST"},{"data":"bronze:Iterate","floor":54,"key":"SMITH"}],"circlet_count":0,"master_deck":["bronze:Strike","bronze:Strike","bronze:Strike","bronze:Defend","bronze:Defend","bronze:Defend","bronze:Replicate","bronze:Goto","bronze:WhirlingStrike","bronze:Invalidate+1","bronze:DazingPulse+1","bronze:Iterate+1","bronze:WildBeam","bronze:Format+1","bronze:FineTuning","bronze:OilSpill+1","bronze:Allocate","bronze:Mutator+1","bronze:BuggyMess+1","bronze:Frontload+1","bronze:Constructor","bronze:Constructor+1","bronze:BronzeOrb","bronze:ItsAFeature+1","bronze:SpaghettiCode+1","bronze:BugBarrage+1","bronze:BugBarrage","bronze:Shield","bronze:BugBarrage","bronze:Repair+1"],"relics":["bronze:BronzeCore","Gremlin Food","PreservedInsect","Ginger","Replay:Wax Seal","Pear","Cursed Key","Singing Bowl","Red Mask","Kunai","Toy Ornithopter","downfall:HeartBlessingGreen","downfall:HeartBlessingRed","downfall:HeartBlessingBlue","Sundial","Strawberry","TungstenRod","Lee\u0027s Waffle"],"acts_visited":["Exordium","TheCity","TheBeyond","TheEnding"],"potions_floor_usage":[12,21,30,31,32,33,43,49,50,50,55,56,56],"damage_taken":[{"damage":3,"enemies":"Jaw Worm","floor":2,"turns":4},{"damage":0,"enemies":"Small Slimes","floor":3,"turns":2},{"damage":0,"enemies":"Small Slimes","floor":5,"turns":2},{"damage":10,"enemies":"3 Sentries","floor":8,"turns":4},{"damage":13,"enemies":"Lagavulin","floor":10,"turns":3},{"damage":0,"enemies":"3 Sentries","floor":12,"turns":5},{"damage":0,"enemies":"2 Louse","floor":14,"turns":1},{"damage":6,"enemies":"Red Slaver","floor":15,"turns":3},{"damage":51,"enemies":"DF_ARCHETYPE_STREAMLINE","floor":16,"turns":8},{"damage":0,"enemies":"Spheric Guardian","floor":19,"turns":3},{"damage":0,"enemies":"downfall:FleeingMerchant","floor":20,"turns":4},{"damage":11,"enemies":"Masked Bandits","floor":21,"turns":5},{"damage":0,"enemies":"downfall:FleeingMerchant","floor":22,"turns":4},{"damage":0,"enemies":"downfall:FleeingMerchant","floor":25,"turns":4},{"damage":0,"enemies":"3 Byrds","floor":28,"turns":4},{"damage":21,"enemies":"Book of Stabbing","floor":29,"turns":4},{"damage":27,"enemies":"Shelled Parasite and Fungi","floor":30,"turns":5},{"damage":0,"enemies":"Cultist and Chosen","floor":31,"turns":6},{"damage":0,"enemies":"Snecko","floor":32,"turns":5},{"damage":20,"enemies":"SI_MIRROR_ARCHETYPE","floor":33,"turns":11},{"damage":20,"enemies":"3 Darklings","floor":36,"turns":6},{"damage":10,"enemies":"3 Shapes","floor":39,"turns":7},{"damage":6,"enemies":"Maw","floor":40,"turns":9},{"damage":0,"enemies":"downfall:FleeingMerchant","floor":42,"turns":1},{"damage":8,"enemies":"Spire Growth","floor":43,"turns":5},{"damage":0,"enemies":"Transient","floor":45,"turns":5},{"damage":21,"enemies":"Nemesis","floor":47,"turns":7},{"damage":33,"enemies":"4 Shapes","floor":49,"turns":8},{"damage":16,"enemies":"WA_ARCHETYPE_DIVINITY","floor":50,"turns":10},{"damage":94,"enemies":"downfall:CharBossMerchant","floor":52,"turns":9},{"damage":41,"enemies":"downfall:NeowBoss","floor":55,"turns":17},{"damage":123,"enemies":"downfall:NeowBossFinal","floor":56,"turns":12}],"seed_played":"-8679809624132447859","potions_obtained":[{"floor":2,"key":"Dexterity Potion"},{"floor":5,"key":"Regen Potion"},{"floor":8,"key":"Strength Potion"},{"floor":16,"key":"SmokeBomb"},{"floor":19,"key":"Doom Potion"},{"floor":21,"key":"Doom Potion"},{"floor":28,"key":"sneckomod:MuddlingPotion"},{"floor":30,"key":"LiquidMemories"},{"floor":31,"key":"SneckoOil"},{"floor":36,"key":"SteroidPotion"},{"floor":45,"key":"bronze:FreeFunctionsPotion"},{"floor":47,"key":"bronze:BuildAFunctionPotion"},{"floor":49,"key":"Swift Potion"}],"is_trial":false,"path_per_floor":["R","M","M","?","?","R","T","E","R","E","?","E","R","M","M","B",null,"R","M","$","?","$","R","T","$","R","?","M","E","M","M","M","B",null,"R","M","?","?","M","M","T","$","M","R","M","R","E","T","M","B",null,"E","$","R","B","B"],"character_chosen":"THE_AUTOMATON","items_purchased":["Singing Bowl","bronze:Shield","Lee\u0027s Waffle","SpeedPotion","GamblersBrew"],"campfire_rested":1,"item_purchase_floors":[20,42,53,53,53],"current_hp_per_floor":[70,67,67,67,67,67,67,57,57,44,44,68,68,68,62,11,80,80,80,80,71,73,73,73,75,75,63,65,44,22,27,32,17,88,88,68,70,70,62,56,56,58,57,67,67,98,79,86,58,63,115,33,124,124,88,0,0,0],"gold":29,"neow_bonus":"REMOVE_TWO","is_daily":false,"chose_seed":false,"campfire_upgraded":7,"win_rate":0.0,"timestamp":1613931933,"path_taken":["R","M","M","?","?","R","T","E","R","E","?","E","R","M","M","BOSS","R","M","$","?","$","R","T","$","R","?","M","E","?","M","M","BOSS","R","M","?","?","M","M","T","$","?","R","M","R","E","?","M","BOSS","E","$","R","BOSS","BOSS"],"items_purchased_type":["Relic","Card","Relic","Potion","Potion"],"build_version":"2020-12-18","purchased_purges":3,"victory":false,"max_hp_per_floor":[70,70,70,70,70,70,70,70,70,70,70,80,80,80,80,80,80,80,80,80,82,84,84,84,86,86,86,88,88,88,88,88,88,88,88,88,90,90,92,92,92,94,96,106,106,106,108,115,115,115,115,117,124,124,124,124,124,124],"card_choices":[{"not_picked":["bronze:Overload","bronze:Invalidate"],"picked":"bronze:WhirlingStrike","floor":2},{"not_picked":["bronze:ClassDefault","bronze:Overheat"],"picked":"bronze:Invalidate","floor":3},{"not_picked":[],"picked":"bronze:DazingPulse","floor":5},{"not_picked":["bronze:NullPointer","bronze:CutThrough"],"picked":"bronze:Iterate","floor":5},{"not_picked":["bronze:DigitalCarnage","bronze:NullPointer"],"picked":"bronze:WildBeam","floor":8},{"not_picked":["bronze:BitShift","bronze:Invalidate"],"picked":"bronze:Format","floor":10},{"not_picked":["bronze:DelayedSlice","bronze:Shield"],"picked":"bronze:FineTuning","floor":12},{"not_picked":["bronze:DelayedGuard","bronze:BuggyMess"],"picked":"bronze:OilSpill","floor":14},{"not_picked":["bronze:Iterate","bronze:NullPointer"],"picked":"bronze:Allocate","floor":15},{"not_picked":["bronze:BurnOut","bronze:Format"],"picked":"bronze:Mutator","floor":16},{"not_picked":["bronze:BitShift","bronze:ChosenStrike"],"picked":"bronze:BuggyMess+1","floor":19},{"not_picked":["bronze:Deprecate","bronze:ClassDefault"],"picked":"bronze:Frontload","floor":20},{"not_picked":["bronze:WildBeam","bronze:NullPointer","bronze:Invalidate"],"picked":"Singing Bowl","floor":21},{"not_picked":["bronze:CutThrough","bronze:CloningBeam+1","bronze:Format"],"picked":"Singing Bowl","floor":22},{"not_picked":["bronze:Deprecate","bronze:BuggyMess","bronze:Virus"],"picked":"Singing Bowl","floor":25},{"not_picked":["bronze:WhirlingStrike","bronze:Deprecate+1","bronze:Repair"],"picked":"Singing Bowl","floor":28},{"not_picked":["bronze:Backtrace","bronze:GetLatest"],"picked":"bronze:Constructor","floor":29},{"not_picked":["bronze:BuggyMess","bronze:ForLoop"],"picked":"bronze:Constructor","floor":30},{"not_picked":["bronze:DigitalCarnage","bronze:CutThrough+1"],"picked":"bronze:BronzeOrb","floor":31},{"not_picked":["bronze:ChosenStrike","bronze:Repair"],"picked":"bronze:ItsAFeature+1","floor":32},{"not_picked":["bronze:RecursiveStrike","bronze:HardenedForm"],"picked":"bronze:SpaghettiCode","floor":33},{"not_picked":["bronze:WildBeam+1","bronze:Frontload+1"],"picked":"bronze:BugBarrage+1","floor":36},{"not_picked":["expansioncontent:AwakenDeath","expansioncontent:Chronoboost","Replay:SS_hec_1"],"picked":"Singing Bowl","floor":37},{"not_picked":["bronze:DelayedGuard","bronze:Deprecate+1","bronze:DigitalCarnage"],"picked":"Singing Bowl","floor":39},{"not_picked":["bronze:Constructor","bronze:Invalidate"],"picked":"bronze:BugBarrage","floor":40},{"not_picked":["bronze:Virus","bronze:Repulsor","bronze:Iterate"],"picked":"Singing Bowl","floor":42},{"not_picked":["bronze:BitShift+1","bronze:Safeguard","bronze:Shield"],"picked":"Singing Bowl","floor":43},{"not_picked":["bronze:DelayedSlice+1","bronze:Philosophize"],"picked":"bronze:BugBarrage","floor":45},{"not_picked":["bronze:ForceShield","bronze:DigitalCarnage+1","bronze:OilSpill+1"],"picked":"Singing Bowl","floor":47},{"not_picked":["bronze:Invalidate+1","bronze:BugBarrage"],"picked":"bronze:Repair+1","floor":49},{"not_picked":["bronze:Backtrace","bronze:BronzeArmor+1","bronze:ForceShield"],"picked":"Singing Bowl","floor":52}],"player_experience":549510,"relics_obtained":[{"floor":1,"key":"Gremlin Food"},{"floor":7,"key":"PreservedInsect"},{"floor":8,"key":"Ginger"},{"floor":10,"key":"Replay:Wax Seal"},{"floor":12,"key":"Pear"},{"floor":21,"key":"Red Mask"},{"floor":24,"key":"Kunai"},{"floor":29,"key":"Toy Ornithopter"},{"floor":47,"key":"Sundial"},{"floor":48,"key":"Strawberry"},{"floor":52,"key":"TungstenRod"}],"event_choices":[{"damage_healed":0,"gold_gain":0,"player_choice":"Fought Bandits","damage_taken":0,"max_hp_gain":0,"max_hp_loss":0,"event_name":"Masked Bandits","floor":21,"gold_loss":0}],"is_beta":true,"boss_relics":[{"not_picked":["Coffee Dripper","Replay:Bronze Core"],"picked":"Cursed Key"},{"not_picked":["Painkiller Herb","Replay:Drink Me","Snecko Heart"]}],"items_purged_floors":[25,42,53],"is_endless":false,"potions_floor_spawned":[2,5,8,16,19,21,28,30,31,36,45,47,49],"killed_by":"downfall:NeowBossFinal","ascension_level":1}}