{"host":"s41rn2jhghpwfrvz","time":1613930650,"event":{"mods":["BaseMod","Minty Spire (QoL Compilation)","Quick Restart","Relic Stats","SuperFastMode"],"gold_per_floor":[119,130,130,150,168,193,204,229,229,262,262,262,262],"floor_reached":12,"language":"ENG","playtime":727,"items_purged":[],"score":200,"play_id":"07394a41-e188-43e3-9ab0-0d7bc080fda7","local_time":"20210221200410","daily_mods":["SealedDeck","Diverse","Elite Swarm"],"is_ascension_mode":true,"campfire_choices":[],"circlet_count":0,"master_deck":["AscendersBane","Dagger Spray","Sweeping Beam","Escape Plan","Conserve Battery","White Noise","BootSequence","Burning Pact","Inflame","Whirlwind+1","Second Wind"],"relics":["Burning Blood","Nunchaku","Akabeko","Omamori"],"acts_visited":["Exordium"],"potions_floor_usage":[6],"damage_taken":[{"damage":0,"enemies":"Small Slimes","floor":1,"turns":3},{"damage":14,"enemies":"Cultist","floor":2,"turns":4},{"damage":0,"enemies":"Jaw Worm","floor":4,"turns":3},{"damage":4,"enemies":"Looter","floor":5,"turns":4},{"damage":13,"enemies":"Lagavulin","floor":6,"turns":6},{"damage":16,"enemies":"Blue Slaver","floor":7,"turns":3},{"damage":23,"enemies":"3 Sentries","floor":8,"turns":4},{"damage":26,"enemies":"Lagavulin","floor":10,"turns":6},{"damage":28,"enemies":"Gremlin Nob","floor":12,"turns":3}],"seed_played":"-7746480052352413691","potions_obtained":[{"floor":2,"key":"Regen Potion"},{"floor":4,"key":"FearPotion"},{"floor":6,"key":"Ancient Potion"}],"is_trial":true,"path_per_floor":["M","M","?","M","M","E","M","E","T","E","?","E"],"character_chosen":"IRONCLAD","items_purchased":[],"campfire_rested":0,"item_purchase_floors":[],"current_hp_per_floor":[74,66,66,72,74,67,57,40,40,20,13,0,0],"gold":262,"neow_bonus":"","is_daily":false,"chose_seed":false,"campfire_upgraded":0,"win_rate":0.0,"timestamp":1613930650,"path_taken":["M","M","?","M","M","E","M","E","T","E","?","E"],"items_purchased_type":[],"build_version":"2020-12-22","purchased_purges":0,"victory":false,"max_hp_per_floor":[75,75,75,75,75,75,75,75,75,75,75,75,75],"relic_stats":{"Nunchaku":[1],"counters":[9,36],"obtain_stats":[{"Nunchaku":6,"Omamori":10,"Burning Blood":0,"Akabeko":8},{"Nunchaku":5,"Omamori":8,"Burning Blood":0,"Akabeko":7},{"Nunchaku":20,"Omamori":33,"Burning Blood":0,"Akabeko":27}],"Burning Blood":48},"card_choices":[{"not_picked":["Poisoned Stab","Masterful Stab","Wild Strike"],"picked":"SKIP","floor":1},{"not_picked":["Barrage","Dagger Throw","Searing Blow"],"picked":"SKIP","floor":2},{"not_picked":["PiercingWail","BootSequence"],"picked":"Second Wind","floor":4},{"not_picked":["Body Slam","Cloak And Dagger","ClearTheMind"],"picked":"SKIP","floor":5},{"not_picked":["Night Terror","Doppelganger","Corruption"],"picked":"SKIP","floor":6},{"not_picked":["Evaluate","BowlingBash","Metallicize"],"picked":"SKIP","floor":7},{"not_picked":["Juggernaut","Die Die Die","Venomology"],"picked":"SKIP","floor":8},{"not_picked":["Envenom","Biased Cognition","Demon Form"],"picked":"SKIP","floor":10}],"player_experience":1988137,"relics_obtained":[{"floor":6,"key":"Nunchaku"},{"floor":8,"key":"Akabeko"},{"floor":10,"key":"Omamori"}],"event_choices":[{"damage_healed":0,"gold_gain":0,"player_choice":"Grow","damage_taken":0,"max_hp_gain":0,"max_hp_loss":0,"event_name":"Living Wall","floor":3,"gold_loss":0,"cards_upgraded":["Whirlwind"]},{"cards_removed":["WheelKick"],"damage_healed":0,"gold_gain":0,"player_choice":"Card Removal","damage_taken":7,"max_hp_gain":0,"max_hp_loss":0,"event_name":"Golden Wing","floor":11,"gold_loss":0}],"is_beta":false,"boss_relics":[],"items_purged_floors":[],"is_endless":false,"potions_floor_spawned":[2,4,5,6],"killed_by":"Gremlin Nob","ascension_level":20}}