{"host":"srv5asjf43cuzsar","time":1613947929,"event":{"mods":["100% Spire Juice","2.2 Compatiblity","A Magickal Journey","AchievementEnabler","Act Like it!","Astrologer","Bartender","BaseMod","Best Route Mod","Better Third Choice","Card Forge","CatGirl Mod","Clockwork Mod","Conspire","Duelist Mod","Friendly Minions","GifTheSpireLib","Hermit","Hubris","Infinite Spire","Jorbs\u0027s Wanderer Trilogy","Luminous","Mad Scientist","Magitek Elite","Marisa????????","Minty Spire (QoL Compilation)","Pale of the Ancients","Random Character Button","Reliquary","Replay The Spire","Ruina","StSLib","The Alterego","The Animator","The Construct","The Cursed","The Druid","The Exalted","The Judge","The Jungle","The Mystic","The Necromancer","The Poker Player","The Runesmith","The Saiyan","The Senshi","The Servant 0.9.4","TheBandit","TheSwordswoman"],"gold_per_floor":[116,116,69,69,88,115,26,41,41,56,56,67,99,114,114,162,162,176,176,193,193,209,225,225,260,284,304,304,317,317,344,344,439,439,456,471,487,487,487],"floor_reached":38,"language":"ENG","playtime":2488,"items_purged":[],"score":480,"play_id":"479cc5ad-4380-400c-8e2f-c5d0cd11ddaa","local_time":"20210221225209","is_ascension_mode":false,"campfire_choices":[{"data":"FollowUp","floor":15,"key":"SMITH"},{"floor":24,"key":"RECALL"},{"floor":28,"key":"REST"},{"floor":30,"key":"REST"},{"floor":32,"key":"REST"}],"circlet_count":0,"master_deck":["Strike_P+1","Strike_P+1","Strike_P+1","Strike_P+1","Defend_P+1","Defend_P+1","Defend_P+1","Defend_P+1","Vigilance+1","Consecrate+1","PathToVictory+1","Replay:Hum+1","FollowUp+1","Replay:ManipulateFuture+1","BattleHymn+1","InnerPeace+1","PathToVictory+1","FollowUp+1","ConjureBlade+1","hubris:NaturalOne","EmptyBody+1","BattleHymn+1","Crescendo+1","Halt+1","Replay:Battleflow+1","Brilliance+1","JustLucky+1","ForeignInfluence+1","Alpha+1","PathToVictory+1","FlurryOfBlows+1"],"relics":["HolyWater","Hammer of Thor","Seething Fire","Anvil of the Gods","NeowsBlessing","hubris:Icosahedron","infinitespire:Beetle Shell","ReplayTheSpireMod:Shallot","WarpedTongs","Strawberry","Bromod:ArcaneEnergize","hubris:MysteriousPyramids","Gremlin Food","ReplayTheSpireMod:TigerMarble","Runesmith:Locket"],"acts_visited":["Exordium","TheCity","TheBeyond"],"potions_floor_usage":[22,25,25,25,33,33],"damage_taken":[{"damage":0,"enemies":"Small Slimes","floor":1,"turns":1},{"damage":0,"enemies":"Jaw Worm","floor":5,"turns":1},{"damage":0,"enemies":"Gremlin Nob","floor":6,"turns":1},{"damage":0,"enemies":"conspire:RoseBush","floor":8,"turns":2},{"damage":0,"enemies":"Red Slaver","floor":10,"turns":2},{"damage":0,"enemies":"3 Louse","floor":12,"turns":3},{"damage":8,"enemies":"Lagavulin","floor":13,"turns":4},{"damage":9,"enemies":"Blue Slaver","floor":14,"turns":2},{"damage":28,"enemies":"The Guardian","floor":16,"turns":7},{"damage":0,"enemies":"Shell Parasite","floor":18,"turns":3},{"damage":0,"enemies":"Spheric Guardian","floor":20,"turns":3},{"damage":11,"enemies":"conspire:HollyBat","floor":22,"turns":5},{"damage":13,"enemies":"Sentry and Sphere","floor":23,"turns":4},{"damage":28,"enemies":"Slavers","floor":25,"turns":3},{"damage":0,"enemies":"3 Cultists","floor":27,"turns":3},{"damage":10,"enemies":"Centurion and Healer","floor":29,"turns":3},{"damage":0,"enemies":"conspire:Head Lice","floor":31,"turns":5},{"damage":52,"enemies":"Collector","floor":33,"turns":6},{"damage":0,"enemies":"Orb Walker","floor":35,"turns":3},{"damage":7,"enemies":"3 Darklings","floor":36,"turns":3},{"damage":44,"enemies":"Writhing Mass","floor":37,"turns":5},{"damage":31,"enemies":"conspire:MimicChest","floor":38,"turns":4}],"seed_played":"1115470435870955810","potions_obtained":[{"floor":8,"key":"Energy Potion"},{"floor":12,"key":"SkillPotion"},{"floor":13,"key":"SkillPotion"},{"floor":23,"key":"Explosive Potion"},{"floor":29,"key":"Reflective Coating"},{"floor":31,"key":"Adrenaline Potion"},{"floor":37,"key":"Energy Potion"}],"is_trial":false,"path_per_floor":["M","?","$","?","M","E","?","M","T","M","?","M","E","M","R","B",null,"M","$","M","T","M","M","R","E","T","M","R","M","R","E","R","B",null,"M","M","M","?"],"character_chosen":"WATCHER","items_purchased":["PathToVictory"],"campfire_rested":3,"item_purchase_floors":[3],"current_hp_per_floor":[72,72,72,72,72,72,72,72,72,72,72,72,71,62,62,34,79,79,79,79,79,68,55,55,27,27,27,50,40,63,63,79,27,79,79,72,28,0,0],"gold":487,"neow_bonus":"THREE_ENEMY_KILL","is_daily":false,"chose_seed":false,"campfire_upgraded":1,"win_rate":0.0,"timestamp":1613947929,"path_taken":["M","?","$","?","M","E","?","?","T","M","?","M","E","M","R","BOSS","M","?","?","?","M","?","R","E","T","M","R","M","R","E","R","BOSS","M","?","M","?"],"items_purchased_type":["Card"],"build_version":"2020-12-22","purchased_purges":0,"victory":false,"max_hp_per_floor":[72,72,72,72,72,72,72,72,72,72,72,72,79,79,79,79,79,79,79,79,79,79,79,79,79,79,79,79,79,79,79,79,79,79,79,79,79,79,79],"card_choices":[{"not_picked":["Nirvana","Replay:BluntJabs"],"picked":"Consecrate","floor":1},{"not_picked":["BowlingBash","EmptyBody"],"picked":"Replay:Hum","floor":5},{"not_picked":["CutThroughFate","Tantrum"],"picked":"FollowUp","floor":6},{"not_picked":["Protect","Consecrate"],"picked":"Replay:ManipulateFuture","floor":8},{"not_picked":["Swivel","Sanctity"],"picked":"BattleHymn","floor":10},{"not_picked":["FlyingSleeves","Consecrate"],"picked":"InnerPeace","floor":12},{"not_picked":["Vault","Crescendo"],"picked":"PathToVictory","floor":13},{"not_picked":["Evaluate","TalkToTheHand"],"picked":"FollowUp","floor":14},{"not_picked":["Vault","Replay:AllIn"],"picked":"ConjureBlade","floor":16},{"not_picked":["Worship","FollowUp+1"],"picked":"EmptyBody","floor":18},{"not_picked":["Replay:Hum+1","Halt"],"picked":"BattleHymn","floor":20},{"not_picked":["ThirdEye+1","Omniscience"],"picked":"Crescendo","floor":22},{"not_picked":["Conclude","SashWhip"],"picked":"Halt","floor":23},{"not_picked":["EmptyBody","ForeignInfluence"],"picked":"Replay:Battleflow+1","floor":25},{"not_picked":["Evaluate","SashWhip"],"picked":"Brilliance","floor":27},{"not_picked":["Replay:Hum+1","Consecrate+1"],"picked":"JustLucky","floor":29},{"not_picked":["EmptyFist+1","Crescendo+1"],"picked":"ForeignInfluence","floor":31},{"not_picked":["Omniscience","Ragnarok"],"picked":"Alpha","floor":33},{"not_picked":["CutThroughFate+1","EmptyFist+1"],"picked":"PathToVictory+1","floor":35},{"not_picked":["WreathOfFlame+1","Scrawl","WindmillStrike+1"],"picked":"SKIP","floor":36},{"not_picked":["CrushJoints+1","FearNoEvil"],"picked":"FlurryOfBlows","floor":37}],"player_experience":540875,"relics_obtained":[{"floor":6,"key":"infinitespire:Beetle Shell"},{"floor":13,"key":"Strawberry"},{"floor":21,"key":"hubris:MysteriousPyramids"},{"floor":25,"key":"Gremlin Food"},{"floor":26,"key":"ReplayTheSpireMod:TigerMarble"},{"floor":31,"key":"Runesmith:Locket"}],"event_choices":[{"damage_healed":0,"gold_gain":0,"player_choice":"Paid Gold","damage_taken":0,"relics_obtained":["ReplayTheSpireMod:Shallot"],"max_hp_gain":0,"max_hp_loss":0,"event_name":"WeMeetAgain","floor":7,"gold_loss":89},{"damage_healed":0,"gold_gain":0,"player_choice":"Rummage","damage_taken":0,"relics_obtained":["WarpedTongs"],"max_hp_gain":0,"max_hp_loss":0,"event_name":"Accursed Blacksmith","floor":11,"gold_loss":0,"cards_obtained":["Pain"]}],"is_beta":false,"boss_relics":[{"not_picked":["conspire:SpecialSausage","Velvet Choker"],"picked":"Bromod:ArcaneEnergize"},{"not_picked":["Silver_Glasses","hubris:GrandSneckoEye"],"picked":"HolyWater"}],"items_purged_floors":[],"is_endless":false,"potions_floor_spawned":[8,12,13,14,18,23,29,31,37],"killed_by":"conspire:MimicChest","ascension_level":0}}