{"host":"39ak8fbxntk7f8my","time":1613910606,"event":{"mods":["AchievementEnabler","Act Like it!","Ascension Reborn","BaseMod","Challenge The Spire","Colored Map","Colored Powertips","Custom Start","Hallownest","Highlight Path","Marked Mod","Minty Spire (QoL Compilation)","Quick Restart","Rare Cards Sparkle","Relic Stats","Reorder Act Four","Ryuuou龙王","Shop Mod","Spicy Shops","StSLib","SuperFastMode","The Bug Knight","Uncapped","Waifu the Spire","noobMod","【功能Mod】混沌之环修复补丁","【功能Mod】聪明的最终Boss","【遗物卡牌】REMEMod"],"gold_per_floor":[119,119,137,100250,100354,100354],"floor_reached":7,"language":"ZHS","playtime":317,"items_purged":[],"score":391,"play_id":"ba66d5b0-126e-44ca-b4f0-1b2cc79053c9","local_time":"20210221203006","is_ascension_mode":true,"campfire_choices":[],"circlet_count":0,"master_deck":["HollowMod:NailStrikeStart","HollowMod:NailStrikeStart","HollowMod:NailStrikeStart","HollowMod:NailStrikeStart","HollowMod:QuickDashStart","HollowMod:QuickDashStart","HollowMod:QuickDashStart","HollowMod:FocusHealStart","HollowMod:PogoStrike","HollowMod:AwokenDreamNail","HollowMod:CoiledNail","HollowMod:InfectedCysts","HollowMod:DesolateDive","HollowMod:LifebloodCocoon"],"relics":["HollowMod:VesselMask","ice","REME_ComplimentaryCards","Fusion Hammer","REME_DemonsWealth"],"acts_visited":["Exordium","Exordium","Hallownest:CityofTears"],"potions_floor_usage":[],"damage_taken":[{"damage":13.0,"enemies":"Jaw Worm","floor":1.0,"turns":3.0},{"damage":10.0,"enemies":"Cultist","floor":3.0,"turns":3.0},{"damage":5.0,"enemies":"2 Louse","floor":4.0,"turns":2.0},{"damage":31.0,"enemies":"Hexaghost","floor":4.0,"turns":4.0},{"damage":0.0,"enemies":"Hallownest:BossGrimm","floor":5.0,"turns":1.0},{"damage":0,"enemies":"Hallownest:BossGreyPrinceZote","floor":6,"turns":1}],"seed_played":"-5869327030162585154","potions_obtained":[{"floor":1.0,"key":"AttackPotion"},{"floor":4.0,"key":"SkillPotion"}],"is_trial":false,"path_per_floor":["M","?","M","M",null,null,null],"character_chosen":"THE_BUGKNIGHT","items_purchased":[],"campfire_rested":0,"item_purchase_floors":[],"current_hp_per_floor":[69,69,59,23,64,82],"gold":100354,"neow_bonus":"TEN_PERCENT_HP_BONUS","is_daily":false,"chose_seed":false,"campfire_upgraded":0,"win_rate":0.0,"timestamp":1613910606,"path_taken":["M","?","M","M","BOSS","BOSS","BOSS","BOSS"],"items_purchased_type":[],"build_version":"2020-12-22","purchased_purges":0,"victory":true,"max_hp_per_floor":[82,82,82,82,82,82],"relic_stats":{"counters":[7,16],"obtain_stats":[{"REME_DemonsWealth":6,"HollowMod:VesselMask":0,"Fusion Hammer":5,"ice":0,"REME_ComplimentaryCards":0},{"REME_DemonsWealth":6,"HollowMod:VesselMask":0,"Fusion Hammer":4,"ice":0,"REME_ComplimentaryCards":0},{"REME_DemonsWealth":15,"HollowMod:VesselMask":0,"Fusion Hammer":12,"ice":0,"REME_ComplimentaryCards":0}]},"card_choices":[{"not_picked":["HollowMod:FastStrike","HollowMod:GrimmsGift"],"picked":"HollowMod:CoiledNail","floor":1.0},{"not_picked":["HollowMod:SoulStrike","HollowMod:ShapeofUnn"],"picked":"HollowMod:DesolateDive","floor":3.0},{"not_picked":["HollowMod:DescendingDark","HollowMod:ShadowDash"],"picked":"HollowMod:LifebloodCocoon","floor":4.0}],"player_experience":122054,"relics_obtained":[],"event_choices":[{"damage_healed":0.0,"max_hp_gain":0.0,"max_hp_loss":0.0,"gold_gain":0.0,"cards_transformed":["HollowMod:QuickDashStart"],"event_name":"Transmorgrifier","player_choice":"Transformed","floor":2.0,"gold_loss":0.0,"damage_taken":0.0,"cards_obtained":["HollowMod:InfectedCysts"]}],"is_beta":false,"boss_relics":[{"not_picked":["Busted Crown","Empty Cage"],"picked":"Fusion Hammer"},{"not_picked":["Runic Pyramid","Cursed Key"],"picked":"REME_DemonsWealth"}],"items_purged_floors":[],"is_endless":false,"potions_floor_spawned":[1,4,5],"ascension_level":0}}