{"host":"72n3jwtrlpjobydj","time":1613900992,"event":{"mods":["AchievementEnabler","BaseMod","CapriCore","DeckTracker","Hermit","Koishi","KomeijiMod","Lobotomy","Marisa£¨Ùöéë¡¡Øª×âÞÞ£©","Minty Spire (QoL Compilation)","Permanent Neow","StSLib","SuperFastMode","The Cursed","The Hierophant","The Immortal"],"gold_per_floor":[111,111,41,51,66,66,97,116,142,160,160,185,185,213,213,213,213],"floor_reached":16,"language":"KOR","playtime":393,"items_purged":[],"score":126,"play_id":"d987d266-6977-4ff4-9c12-31fdba4c9c90","local_time":"20210221184952","is_ascension_mode":true,"campfire_choices":[{"floor":6,"key":"RECALL"},{"floor":11,"key":"REST"},{"floor":13,"key":"REST"},{"floor":15,"key":"REST"}],"circlet_count":0,"master_deck":["Strike_P","Strike_P","Strike_P","Strike_P","Defend_P","Defend_P","Defend_P","Defend_P","Eruption","Vigilance","MentalFortress"],"relics":["PureWater","MealTicket","Akabeko","Juzu Bracelet","Strawberry"],"acts_visited":["Exordium"],"potions_floor_usage":[7,12,14],"damage_taken":[{"damage":3,"enemies":"Jaw Worm","floor":1,"turns":4},{"damage":3,"enemies":"Cultist","floor":4,"turns":3},{"damage":12,"enemies":"2 Louse","floor":5,"turns":2},{"damage":27,"enemies":"Lagavulin","floor":7,"turns":8},{"damage":1,"enemies":"2 Fungi Beasts","floor":8,"turns":4},{"damage":6,"enemies":"Exordium Thugs","floor":10,"turns":5},{"damage":35,"enemies":"3 Sentries","floor":12,"turns":8},{"damage":8,"enemies":"Gremlin Nob","floor":14,"turns":3},{"damage":39,"enemies":"Slime Boss","floor":16,"turns":9}],"seed_played":"-1736332211520260961","potions_obtained":[{"floor":5,"key":"StancePotion"},{"floor":7,"key":"AttackPotion"},{"floor":10,"key":"DistilledChaos"}],"is_trial":false,"path_per_floor":["M","?","$","M","M","R","E","M","T","M","R","E","R","E","R","B"],"character_chosen":"WATCHER","items_purchased":["MentalFortress"],"campfire_rested":3,"item_purchase_floors":[3],"current_hp_per_floor":[76,76,76,73,61,61,34,33,33,27,50,15,38,37,62,23,23],"gold":213,"neow_bonus":"TEN_PERCENT_HP_BONUS","is_daily":false,"chose_seed":false,"campfire_upgraded":0,"win_rate":0.0,"timestamp":1613900992,"path_taken":["M","?","$","M","?","R","E","M","T","M","R","E","R","E","R","BOSS"],"items_purchased_type":["Card"],"build_version":"2020-12-22","purchased_purges":0,"victory":false,"max_hp_per_floor":[79,79,79,79,79,79,79,79,79,79,79,79,79,86,86,86,86],"card_choices":[{"not_picked":["FollowUp","Wireheading","JustLucky"],"picked":"SKIP","floor":1},{"not_picked":["FlyingSleeves","WaveOfTheHand","ClearTheMind"],"picked":"SKIP","floor":4},{"not_picked":["Prostrate","Consecrate","Protect"],"picked":"SKIP","floor":5},{"not_picked":["Halt","FollowUp","LessonLearned"],"picked":"SKIP","floor":7},{"not_picked":["Prostrate","ClearTheMind","FollowUp"],"picked":"SKIP","floor":8},{"not_picked":["Pray","SashWhip","JustLucky"],"picked":"SKIP","floor":10},{"not_picked":["CutThroughFate","WindmillStrike","ThirdEye"],"picked":"SKIP","floor":12},{"not_picked":["CutThroughFate","Crescendo","ClearTheMind"],"picked":"SKIP","floor":14}],"player_experience":111603,"relics_obtained":[{"floor":7,"key":"MealTicket"},{"floor":9,"key":"Akabeko"},{"floor":12,"key":"Juzu Bracelet"},{"floor":14,"key":"Strawberry"}],"event_choices":[{"damage_healed":0,"gold_gain":0,"player_choice":"0 cards matched","damage_taken":0,"max_hp_gain":0,"max_hp_loss":0,"event_name":"Match and Keep!","floor":2,"gold_loss":0,"cards_obtained":[]}],"is_beta":false,"boss_relics":[],"items_purged_floors":[],"is_endless":false,"potions_floor_spawned":[5,7,10],"killed_by":"Slime Boss","ascension_level":1}}