{"host":"yp2ga117svxnbcen","time":1613866398,"event":{"mods":["Act Like it!","Aspiration","BaseMod","BetterRewards","ChefMod","Colored Map","Conspire","Custom Start","Downfall","Elementarium","Gensokyo","GifTheSpireLib","Gold Saver","GungeonMod","Halation","Hallownest","Hermit","HornydragonMod","Hubris","Menagerie","Minty Spire (QoL Compilation)","Quick Restart","Remove Card Discount Mod","Replay The Spire","Shop Mod","Spicy Shops","StSLib","Stuff the Spire","The Blue Laboratory","The IronCluck","egg","slay the spire mod where everything is the same but ironclad has a cowboy hat","??????REMEMod"],"gold_per_floor":[233,233,247,247,247,247,278,81,81,95,95,95,121,136,136,236,236,248,498,140,158,158,191,211,211,237,268,268,287,287,297,297,401,401,421,11,11,28,47,79,79,114,114,114,114,114,114,34,34,34],"floor_reached":51,"language":"ENG","playtime":1375,"items_purged":["Strike_B","Strike_B","hubris:Lust","Clumsy"],"score":1152,"play_id":"09b2b9e2-b3eb-4084-ac90-701c940c0e4d","local_time":"20210220161318","is_ascension_mode":true,"campfire_choices":[{"data":"Storm","floor":6,"key":"SMITH"},{"data":"Mayhem","floor":12,"key":"SMITH"},{"data":"ReplayTheSpireMod:Calculation Training","floor":15,"key":"SMITH"},{"data":"Creative AI","floor":28,"key":"SMITH"},{"data":"StuffTheSpire:SnapShoot","floor":30,"key":"SMITH"},{"floor":32,"key":"REST"},{"data":"Defragment","floor":41,"key":"SMITH"},{"data":"Storm","floor":44,"key":"SMITH"},{"data":"Consume","floor":47,"key":"SMITH"},{"data":"Storm","floor":49,"key":"SMITH"}],"circlet_count":0,"master_deck":["Defend_B+1","Defend_B+1","Defend_B+1","Zap+1","FIFO Queue+1","ReplayTheSpireMod:Omega Cannon+1","StuffTheSpire:Plugnplay+1","StuffTheSpire:Plugnplay+1","ReplayTheSpireMod:Calculation Training+1","Thunder Strike+1","REME_SelfUpgrade+1","Creative AI+1","StuffTheSpire:Snapshot+1","Defragment+1","Buffer+1","hubris:DuctTapeCard","Storm+1","Double Energy+1","Consume+1","ReplayTheSpireMod:Calculation Training+1","FIFO Queue+1","Storm+1"],"relics":["Cracked Core","REME_ComplimentaryCards","Ring of Misfortune","Ring of Panic","conspire:DecoderRing","halation:NonexistentMirror","Chameleon Ring","Strawberry","Kintsugi","halation:LettersToHer","Replay:Rubber Ducky","Gensokyo:DirgeOfMelancholy","Shuriken","halation:StarCompass","Slimebound:StickyStick","DemoMod:NanoMachines","halation:HeavySnake","hubris:DuctTape","StuffTheSpire:PointBlank","sneckomod:BlankCard","StuffTheSpire:Barrel","halation:PinkSoulGem"],"acts_visited":["Exordium","Gensokyo:Gensokyo","Gensokyo:Gensokyoer"],"potions_floor_usage":[16,16,16,33,40,50,50],"damage_taken":[{"damage":6,"enemies":"Gensokyo:3_Fairies","floor":1,"turns":4},{"damage":12,"enemies":"Gensokyo:2_Kodama","floor":3,"turns":4},{"damage":24,"enemies":"Gensokyo:Aya","floor":7,"turns":5},{"damage":0,"enemies":"Gensokyo:Python","floor":10,"turns":2},{"damage":0,"enemies":"Gensokyo:Mamizou","floor":13,"turns":4},{"damage":12,"enemies":"Gensokyo:Kitsune","floor":14,"turns":2},{"damage":5,"enemies":"Gensokyo:Kokoro","floor":16,"turns":6},{"damage":15,"enemies":"Gensokyo:3_Dogs","floor":18,"turns":3},{"damage":0,"enemies":"Gensokyo:2_Gloops","floor":21,"turns":4},{"damage":20,"enemies":"Gensokyo:Reisen","floor":23,"turns":5},{"damage":28,"enemies":"Gensokyo:Slime_Group","floor":24,"turns":4},{"damage":0,"enemies":"Gensokyo:Koishi","floor":27,"turns":5},{"damage":0,"enemies":"Gensokyo:Swordslinger","floor":29,"turns":3},{"damage":9,"enemies":"Gensokyo:Chomper_and_Gloop","floor":31,"turns":5},{"damage":25,"enemies":"Gensokyo:Eiki","floor":33,"turns":6},{"damage":7,"enemies":"Gensokyo:3_Boulders","floor":35,"turns":5},{"damage":0,"enemies":"Gensokyo:3_Bats","floor":38,"turns":3},{"damage":0,"enemies":"Gensokyo:AtlasGolem","floor":39,"turns":4},{"damage":0,"enemies":"Gensokyo:Marisa","floor":40,"turns":5},{"damage":4,"enemies":"Gensokyo:Doremy","floor":42,"turns":5},{"damage":7,"enemies":"Gensokyo:Yuyuko","floor":50,"turns":4}],"seed_played":"8236830999559998638","potions_obtained":[{"floor":13,"key":"Dexterity Potion"},{"floor":38,"key":"hexamod:SoulburnPotion"},{"floor":39,"key":"LiquidBronze"}],"is_trial":false,"path_per_floor":["M","?","M","?","?","R","E","$","T","M","?","R","E","M","R","B",null,"M","?","$","M","?","E","M","?","T","E","R","M","R","M","R","B",null,"M","$","?","M","M","E","R","E","T","R","?","COS","R","$","R_BF","B",null],"character_chosen":"DEFECT","items_purchased":["FIFO Queue","SkillPotion","DistilledChaos","halation:NonexistentMirror","Dexterity Potion","halation:LettersToHer","Replay:Rubber Ducky","FocusPotion","hubris:DuctTape","Storm","Guardian:BlockOnCardUsePotion","Storm"],"campfire_rested":1,"item_purchase_floors":[0,0,0,8,8,20,20,20,36,36,36,48],"current_hp_per_floor":[69,69,57,57,65,65,41,41,41,41,41,41,48,36,36,31,82,67,67,67,67,67,47,19,19,19,19,19,19,19,10,33,8,78,71,71,78,78,78,78,78,74,74,74,74,74,74,74,74,74],"gold":34,"neow_bonus":"","is_daily":false,"chose_seed":false,"campfire_upgraded":9,"win_rate":0.0,"timestamp":1613866398,"path_taken":["M","?","M","?","?","R","E","$","T","?","?","R","E","M","R","BOSS","M","?","$","M","?","E","M","?","T","E","R","M","R","M","R","BOSS","M","$","?","?","?","E","R","E","T","R","?","COS","R","$","R_BF","BOSS"],"items_purchased_type":["Card","Potion","Potion","Relic","Potion","Relic","Relic","Potion","Relic","Card","Potion","Card"],"build_version":"2020-12-22","purchased_purges":4,"victory":true,"max_hp_per_floor":[75,75,75,75,75,75,75,75,75,75,75,75,82,82,82,82,82,82,78,78,78,78,78,78,78,78,78,78,78,78,78,78,78,78,78,78,78,78,78,78,78,78,78,78,78,78,78,78,78,78],"card_choices":[{"not_picked":["StuffTheSpire:LoadUp","Steam"],"picked":"Storm","floor":1},{"not_picked":["Conserve Battery","conspire:SharedLibrary","Barrage"],"picked":"SKIP","floor":3},{"not_picked":["ReplaySort","StuffTheSpire:Purify","conspire:Rain"],"picked":"SKIP","floor":7},{"not_picked":["Coolheaded","Darkness","BasicCrystalCard"],"picked":"SKIP","floor":10},{"not_picked":["Go for the Eyes","Rip and Tear"],"picked":"StuffTheSpire:Plugnplay","floor":13},{"not_picked":["REME_Whirling","Self Repair"],"picked":"ReplayTheSpireMod:Calculation Training","floor":14},{"not_picked":["Buffer","Echo Form"],"picked":"Thunder Strike","floor":16},{"not_picked":["Coolheaded","Panic Button"],"picked":"REME_SelfUpgrade+1","floor":18},{"not_picked":["Leap","Compile Driver+1","Gash","Hologram+1","StuffTheSpire:Plugnplay"],"picked":"SKIP","floor":21},{"not_picked":["Compile Driver","Conserve Battery","Beam Cell","Reinforced Body"],"picked":"Creative AI","floor":23},{"not_picked":["Coolheaded","StuffTheSpire:Plugnplay","Leap","Panic Button+1","Go for the Eyes"],"picked":"SKIP","floor":24},{"not_picked":["Compile Driver","ReplayTheSpireMod:Reroute Power","Coolheaded","conspire:SharedLibrary+1","Ball Lightning"],"picked":"SKIP","floor":27},{"not_picked":["Steam","Barrage","Doom and Gloom","Turbo"],"picked":"StuffTheSpire:SnapShoot","floor":29},{"not_picked":["Turbo+1","Go for the Eyes","Gash","Capacitor","Crystallizer"],"picked":"Defragment","floor":31},{"not_picked":["Hyperbeam","REME_Shoggoth","hubris:SpecializedCircuitry","Reboot"],"picked":"Buffer","floor":33},{"not_picked":["Stack+1","Ball Lightning+1","Coolheaded+1","Blizzard","Barrage+1"],"picked":"SKIP","floor":35},{"not_picked":["Darkness+1","Beam Cell+1","FTL+1","REME_ForAll"],"picked":"Double Energy","floor":38},{"not_picked":["Beam Cell","Streamline","Conserve Battery+1","Leap"],"picked":"Consume","floor":39},{"not_picked":["Stack+1","Rip and Tear"],"picked":"ReplayTheSpireMod:Calculation Training+1","floor":40},{"not_picked":["Compile Driver","Steam+1","ReplayTheSpireMod:Omega Cannon","Turbo"],"picked":"FIFO Queue","floor":42}],"player_experience":1184516,"relics_obtained":[{"floor":2,"key":"Ring of Misfortune"},{"floor":2,"key":"Ring of Panic"},{"floor":7,"key":"conspire:DecoderRing"},{"floor":9,"key":"Chameleon Ring"},{"floor":13,"key":"Strawberry"},{"floor":23,"key":"Shuriken"},{"floor":26,"key":"Slimebound:StickyStick"},{"floor":26,"key":"halation:LettersToHer"},{"floor":27,"key":"DemoMod:NanoMachines"},{"floor":40,"key":"StuffTheSpire:PointBlank"},{"floor":42,"key":"sneckomod:BlankCard"},{"floor":43,"key":"halation:LettersToHer"},{"floor":43,"key":"StuffTheSpire:Barrel"}],"event_choices":[],"is_beta":false,"boss_relics":[{"not_picked":["hubris:HollowSoul","Snecko Eye"],"picked":"Kintsugi"},{"not_picked":["aspiration:RunicSpoon","Busted Crown"],"picked":"halation:HeavySnake"}],"items_purged_floors":[8,8,20,20],"is_endless":false,"potions_floor_spawned":[7,13,18,23,31,33,38,39,42],"ascension_level":3}}