{"host":"nb3r5a3er9rrnn3n","time":1613921099,"event":{"mods":["Always Whale","BaseMod","Colored Map","Minty Spire (QoL Compilation)","Relic Stats","StSLib","everything is the same but u backflip on backflip"],"gold_per_floor":[110,110,179,190,210,240,250,284,356,61,89,104,104,29,29,106,106,122,122,122,137,48,73,90,120,120,120,164,9,24,74,83,166,166,186,25,34,34,59,103,103,144,195,204,228,261,261,270,270,270,270],"floor_reached":52,"language":"ENG","playtime":2460,"items_purged":["Strike_P","Writhe"],"score":2303,"play_id":"e67b4360-dc47-4d0c-ba68-5772bb08934c","local_time":"20210222022459","is_ascension_mode":true,"campfire_choices":[{"data":"Conclude","floor":13.0,"key":"SMITH"},{"data":"Vault","floor":15.0,"key":"SMITH"},{"floor":32.0,"key":"REST"},{"data":"1","floor":41,"key":"LIFT"},{"floor":44,"key":"REST"},{"data":"2","floor":47,"key":"LIFT"},{"data":"3","floor":49,"key":"LIFT"}],"circlet_count":0,"master_deck":["AscendersBane","Strike_P","Strike_P","Defend_P+1","Defend_P","Defend_P","Eruption","Vigilance+1","CutThroughFate","Swivel","Meditate","BowlingBash","Vault+1","Adaptation","Halt","Conclude+1","Trip","Wallop","Worship+1","Devotion","Evaluate+1","Discovery+1","WaveOfTheHand+1","TalkToTheHand+1","Judgement+1","Evaluate+1","Ragnarok+1","ForeignInfluence+1","Transmutation+1","TalkToTheHand+1","Prostrate+1","Wallop+1","Halt+1","Devotion","EmptyBody+1"],"relics":["PureWater","Letter Opener","War Paint","Strawberry","Singing Bowl","Damaru","Toxic Egg 2","Black Star","Pear","Dream Catcher","Incense Burner","Potion Belt","Kunai","Bag of Marbles","Ancient Tea Set","Girya","CeramicFish","Philosopher\u0027s Stone","Sling","FossilizedHelix","Shuriken","Calipers","Juzu Bracelet","Bronze Scales","Mango","Sundial"],"acts_visited":["Exordium","TheCity","TheBeyond"],"potions_floor_usage":[33,42,51,51,51,51,51,51],"damage_taken":[{"damage":0.0,"enemies":"Small Slimes","floor":1.0,"turns":2.0},{"damage":0.0,"enemies":"Jaw Worm","floor":4.0,"turns":3.0},{"damage":0.0,"enemies":"Cultist","floor":5.0,"turns":3.0},{"damage":15.0,"enemies":"Lagavulin","floor":6.0,"turns":5.0},{"damage":10.0,"enemies":"Lots of Slimes","floor":7.0,"turns":4.0},{"damage":12.0,"enemies":"3 Sentries","floor":8.0,"turns":9.0},{"damage":12.0,"enemies":"Gremlin Nob","floor":11.0,"turns":4.0},{"damage":0.0,"enemies":"Blue Slaver","floor":12.0,"turns":3.0},{"damage":16.0,"enemies":"The Guardian","floor":16.0,"turns":7.0},{"damage":6.0,"enemies":"2 Thieves","floor":18.0,"turns":4.0},{"damage":39.0,"enemies":"Spheric Guardian","floor":21.0,"turns":7.0},{"damage":3.0,"enemies":"Gremlin Leader","floor":23.0,"turns":5.0},{"damage":10.0,"enemies":"Snake Plant","floor":24.0,"turns":4.0},{"damage":10.0,"enemies":"Slavers","floor":25.0,"turns":3.0},{"damage":12.0,"enemies":"Book of Stabbing","floor":28.0,"turns":7.0},{"damage":1.0,"enemies":"Cultist and Chosen","floor":30.0,"turns":5.0},{"damage":1,"enemies":"Champ","floor":33,"turns":10},{"damage":1,"enemies":"Orb Walker","floor":35,"turns":2},{"damage":18,"enemies":"3 Darklings","floor":39,"turns":5},{"damage":18,"enemies":"Giant Head","floor":40,"turns":8},{"damage":30,"enemies":"Reptomancer","floor":42,"turns":5},{"damage":0,"enemies":"Sphere and 2 Shapes","floor":45,"turns":1},{"damage":0,"enemies":"Giant Head","floor":46,"turns":7},{"damage":45,"enemies":"Awakened One","floor":50,"turns":11},{"damage":0,"enemies":"Donu and Deca","floor":51,"turns":8}],"seed_played":"7799725412204127313","potions_obtained":[{"floor":1.0,"key":"LiquidMemories"},{"floor":5.0,"key":"FearPotion"},{"floor":6.0,"key":"FairyPotion"},{"floor":11.0,"key":"SkillPotion"},{"floor":12.0,"key":"Strength Potion"},{"floor":23.0,"key":"PowerPotion"},{"floor":24.0,"key":"LiquidMemories"},{"floor":28.0,"key":"FearPotion"},{"floor":30.0,"key":"Dexterity Potion"},{"floor":35,"key":"Weak Potion"},{"floor":42,"key":"EntropicBrew"},{"floor":46,"key":"FairyPotion"}],"is_trial":false,"path_per_floor":["M","?","T","M","M","E","M","E","T","$","E","M","R","$","R","B",null,"M","?","T","M","$","E","M","E","T","?","E","$","M","?","R","B",null,"M","$","?","?","M","E","R","E","T","R","M","E","R","?","R","B","B",null],"character_chosen":"WATCHER","items_purchased":["Conclude","Damaru","Trip","Discovery+1","Weak Potion","Sling"],"campfire_rested":2,"item_purchase_floors":[10,10,10,22,29,36],"current_hp_per_floor":[61,61,61,61,61,46,36,31,31,31,19,19,19,19,19,3,53,49,49,59,20,20,19,9,23,23,23,11,11,12,12,37,36,73,72,72,72,72,54,36,36,6,6,31,31,47,47,47,47,2,2],"gold":270,"neow_bonus":"TRANSFORM_TWO_CARDS","is_daily":false,"chose_seed":false,"campfire_upgraded":2,"win_rate":0.0,"timestamp":1613921099,"path_taken":["M","?","?","M","?","E","M","E","T","$","E","M","R","?","R","BOSS","M","?","?","M","$","E","M","E","T","?","E","$","M","?","R","BOSS","M","$","?","?","?","E","R","E","T","R","M","E","R","?","R","BOSS","BOSS"],"items_purchased_type":["Card","Relic","Card","Card","Potion","Relic"],"build_version":"2020-12-22","purchased_purges":2,"victory":true,"max_hp_per_floor":[62,62,62,62,62,62,62,69,69,69,69,69,69,69,69,69,69,71,71,81,81,81,83,83,83,83,83,83,83,85,85,85,85,85,85,85,85,85,85,85,85,85,85,85,85,101,101,101,101,101,101],"relic_stats":{"Singing Bowl":8,"counters":[25,132],"CeramicFish":99,"Juzu Bracelet":0,"Letter Opener":[434],"War Paint":["Vigilance","Defend_P"],"Dream Catcher":2,"Shuriken":[9],"Sundial":[2],"Bronze Scales":[88],"Black Star":6,"Kunai":[15],"obtain_stats":[{"Calipers":42,"Singing Bowl":9,"CeramicFish":28,"Mango":46,"Incense Burner":23,"Juzu Bracelet":42,"Ancient Tea Set":27,"Sling":36,"Dream Catcher":23,"Sundial":46,"Strawberry":8,"Philosopher\u0027s Stone":34,"Kunai":25,"Toxic Egg 2":11,"Potion Belt":25,"Girya":28,"Pear":20,"Damaru":10,"Letter Opener":3,"War Paint":6,"Shuriken":40,"Bronze Scales":43,"Black Star":17,"Bag of Marbles":26,"PureWater":0,"FossilizedHelix":40},{"Calipers":21,"Singing Bowl":6,"CeramicFish":15,"Mango":23,"Incense Burner":12,"Juzu Bracelet":21,"Ancient Tea Set":14,"Sling":18,"Dream Catcher":12,"Sundial":23,"Strawberry":6,"Philosopher\u0027s Stone":17,"Kunai":14,"Toxic Egg 2":7,"Potion Belt":14,"Girya":15,"Pear":10,"Damaru":6,"Letter Opener":1,"War Paint":4,"Shuriken":20,"Bronze Scales":21,"Black Star":9,"Bag of Marbles":14,"PureWater":0,"FossilizedHelix":20},{"Calipers":105,"Singing Bowl":26,"CeramicFish":70,"Mango":113,"Incense Burner":56,"Juzu Bracelet":105,"Ancient Tea Set":63,"Sling":87,"Dream Catcher":56,"Sundial":113,"Strawberry":26,"Philosopher\u0027s Stone":85,"Kunai":63,"Toxic Egg 2":30,"Potion Belt":63,"Girya":70,"Pear":44,"Damaru":26,"Letter Opener":2,"War Paint":13,"Shuriken":100,"Bronze Scales":105,"Black Star":40,"Bag of Marbles":63,"PureWater":0,"FossilizedHelix":100}]},"card_choices":[{"not_picked":["Study","FlyingSleeves"],"picked":"Meditate","floor":1.0},{"not_picked":["FollowUp","ClearTheMind"],"picked":"BowlingBash","floor":4.0},{"not_picked":["CutThroughFate","FlyingSleeves","JustLucky"],"picked":"SKIP","floor":5.0},{"not_picked":["EmptyFist","EmptyMind"],"picked":"Vault","floor":6.0},{"not_picked":["WheelKick","EmptyFist"],"picked":"Adaptation","floor":7.0},{"not_picked":["Protect","Wireheading"],"picked":"Halt","floor":8.0},{"not_picked":["SandsOfTime","Establishment"],"picked":"Wallop","floor":11.0},{"not_picked":["Adaptation","Consecrate"],"picked":"Worship+1","floor":12.0},{"not_picked":["DevaForm","MasterReality"],"picked":"Devotion","floor":16.0},{"not_picked":["Consecrate","SashWhip","Halt+1"],"picked":"Singing Bowl","floor":18.0},{"not_picked":["Halt+1","EmptyFist"],"picked":"Evaluate+1","floor":21.0},{"not_picked":["FlurryOfBlows","SashWhip","MentalFortress+1"],"picked":"Singing Bowl","floor":23.0},{"not_picked":["ClearTheMind+1","WheelKick"],"picked":"WaveOfTheHand+1","floor":24.0},{"not_picked":["Devotion","SashWhip"],"picked":"TalkToTheHand+1","floor":25.0},{"not_picked":["InnerPeace+1","SashWhip"],"picked":"Judgement+1","floor":28.0},{"not_picked":["CrushJoints","ClearTheMind+1","EmptyFist"],"picked":"Singing Bowl","floor":30.0},{"not_picked":["WindmillStrike","BowlingBash"],"picked":"Evaluate+1","floor":32.0},{"not_picked":["Establishment","DevaForm"],"picked":"Ragnarok","floor":33},{"not_picked":["Consecrate","Crescendo+1"],"picked":"ForeignInfluence+1","floor":35},{"not_picked":["Deep Breath+1","Forethought+1"],"picked":"Transmutation+1","floor":37},{"not_picked":["Adaptation","Crescendo+1"],"picked":"TalkToTheHand+1","floor":39},{"not_picked":["CutThroughFate","WaveOfTheHand+1"],"picked":"Prostrate+1","floor":40},{"not_picked":["WaveOfTheHand+1","FlurryOfBlows"],"picked":"Wallop+1","floor":42},{"not_picked":["Crescendo+1","ClearTheMind+1"],"picked":"Halt+1","floor":44},{"not_picked":["JustLucky+1","ClearTheMind+1"],"picked":"Devotion","floor":45},{"not_picked":["Crescendo+1","SashWhip","InnerPeace+1"],"picked":"Singing Bowl","floor":46}],"player_experience":1668218,"relics_obtained":[{"floor":3.0,"key":"Letter Opener"},{"floor":6.0,"key":"War Paint"},{"floor":8.0,"key":"Strawberry"},{"floor":9.0,"key":"Singing Bowl"},{"floor":11.0,"key":"Toxic Egg 2"},{"floor":20.0,"key":"Pear"},{"floor":23.0,"key":"Dream Catcher"},{"floor":23.0,"key":"Incense Burner"},{"floor":25.0,"key":"Potion Belt"},{"floor":25.0,"key":"Kunai"},{"floor":26.0,"key":"Bag of Marbles"},{"floor":28.0,"key":"Girya"},{"floor":28.0,"key":"CeramicFish"},{"floor":40,"key":"FossilizedHelix"},{"floor":40,"key":"Shuriken"},{"floor":42,"key":"Calipers"},{"floor":42,"key":"Juzu Bracelet"},{"floor":43,"key":"Bronze Scales"},{"floor":46,"key":"Mango"},{"floor":46,"key":"Sundial"}],"event_choices":[{"damage_healed":0.0,"max_hp_gain":0.0,"max_hp_loss":0.0,"gold_gain":0.0,"event_name":"Liars Game","player_choice":"Ignored","floor":2.0,"gold_loss":0.0,"damage_taken":0.0},{"damage_healed":0.0,"max_hp_gain":0.0,"max_hp_loss":0.0,"gold_gain":0.0,"event_name":"Vampires","player_choice":"Ignored","floor":19.0,"gold_loss":0.0,"damage_taken":0.0},{"damage_healed":0.0,"max_hp_gain":0.0,"max_hp_loss":0.0,"gold_gain":0.0,"event_name":"The Mausoleum","player_choice":"Opened","floor":27.0,"gold_loss":0.0,"damage_taken":0.0,"relics_obtained":["Ancient Tea Set"],"cards_obtained":["Writhe"]},{"damage_healed":0.0,"max_hp_gain":0.0,"max_hp_loss":0.0,"gold_gain":50.0,"event_name":"Nest","player_choice":"Stole From Cult","floor":31.0,"gold_loss":0.0,"damage_taken":0.0},{"damage_healed":0,"gold_gain":0,"player_choice":"Memory 1","damage_taken":0,"max_hp_gain":0,"max_hp_loss":0,"event_name":"SensoryStone","floor":37,"gold_loss":0},{"damage_healed":0,"gold_gain":0,"player_choice":"Upgraded","damage_taken":0,"max_hp_gain":0,"max_hp_loss":0,"event_name":"Upgrade Shrine","floor":38,"gold_loss":0,"cards_upgraded":["Ragnarok"]},{"damage_healed":0,"gold_gain":0,"player_choice":"1 cards matched","damage_taken":0,"max_hp_gain":0,"max_hp_loss":0,"event_name":"Match and Keep!","floor":48,"gold_loss":0,"cards_obtained":["EmptyBody"]}],"is_beta":false,"boss_relics":[{"not_picked":["Calling Bell","Velvet Choker"],"picked":"Black Star"},{"not_picked":["Tiny House","Runic Dome"],"picked":"Philosopher\u0027s Stone"}],"items_purged_floors":[14,29],"is_endless":false,"potions_floor_spawned":[1,5,6,11,12,23,24,28,30,35,42,46],"ascension_level":20}}