{"host":"nsiiwrl41ak9l0n5","time":1613886890,"event":{"mods":["Act Like it!","BaseMod","Better Altar","Better Match","Better Note","Better Sensory Stone","Better Skull","BetterRewards","Colored Map","Colored Powertips","Downfall","Emptier Cage","GifTheSpireLib","HexUI Lib","Highlight Path","MarisaÅiñ∂âJÅ@ñÇóùçπÅj","Minty Spire (QoL Compilation)","Permanent Neow","Quick Restart","Rare Cards Sparkle","Relic Sorter","Ruina","SacredBarkPlus","StSLib","The Cursed","The Servant 0.9.4"],"gold_per_floor":[115,190,190,365,381,381,76,76,100,114,114,133,148,162,162,265,265,285,303,228,228,178,178,178,191,191,211,87,87,97,125,125,227,227,247,267,367,386,31,31,31,51,51,51,51,61,61,81,81,81],"floor_reached":51,"language":"ENG","playtime":4320,"items_purged":["Doubt"],"score":759,"play_id":"c7538a19-c1db-46ea-9afb-c8025feb4578","local_time":"20210221155450","is_ascension_mode":false,"campfire_choices":[{"floor":6,"key":"REST"},{"data":"Zap","floor":11,"key":"SMITH"},{"floor":15,"key":"REST"},{"data":"Buffer","floor":23,"key":"SMITH"},{"floor":29,"key":"REST"},{"data":"Creative AI","floor":32,"key":"SMITH"},{"data":"Amplify","floor":40,"key":"SMITH"},{"data":"Thunder Strike","floor":45,"key":"SMITH"},{"data":"Storm","floor":47,"key":"SMITH"},{"data":"Echo Form","floor":49,"key":"SMITH"}],"circlet_count":0,"master_deck":["Zap+1","Dualcast","Dramatic Entrance","Stack","Ball Lightning","Capacitor","FTL","Creative AI+1","Double Energy","Buffer+1","Go for the Eyes+1","Undo","Echo Form+1","Chill","Reprogram","Heatsinks","Force Field","Auto Shields","Ball Lightning","Leap+1","Clumsy","ruina:Nihil","Storm","Coolheaded+1","Thunder Strike+1","Thunder Strike+1","Redo+1","Reboot","downfall:Haunted","downfall:Haunted","downfall:Bewildered","Amplify+1","Shame","TheCursedMod:Dregs","Storm+1","Capacitor+1","Writhe","Parasite","Consume+1","Storm+1","Consume+1","Tempest+1"],"relics":["Cracked Core","Blue Candle","Tiny Chest","Dead Branch","Orichalcum","Pandora\u0027s Box","Kunai","ruina:FalsePresent","Sundial","TungstenRod","Philosopher\u0027s Stone","Du-Vu Doll","Chemical X","Whetstone","Prayer Wheel"],"acts_visited":["Exordium","Exordium","TheBeyond"],"potions_floor_usage":[16,16,19,22,27,33,33,36,50,50,50],"damage_taken":[{"damage":0,"enemies":"Small Slimes","floor":1,"turns":1},{"damage":0,"enemies":"2 Louse","floor":5,"turns":2},{"damage":4,"enemies":"Jaw Worm","floor":10,"turns":3},{"damage":5,"enemies":"Blue Slaver","floor":12,"turns":3},{"damage":0,"enemies":"Lots of Slimes","floor":13,"turns":1},{"damage":5,"enemies":"3 Louse","floor":14,"turns":2},{"damage":40,"enemies":"Hexaghost","floor":16,"turns":7},{"damage":2,"enemies":"ruina:3_Bats","floor":18,"turns":4},{"damage":4,"enemies":"ruina:Nosferatu","floor":19,"turns":5},{"damage":4,"enemies":"ruina:KingOfGreed","floor":25,"turns":6},{"damage":7,"enemies":"ruina:KnightOfDespair","floor":27,"turns":4},{"damage":6,"enemies":"ruina:QueenOfHate","floor":30,"turns":5},{"damage":0,"enemies":"ruina:ServantOfWrath","floor":31,"turns":5},{"damage":13,"enemies":"ruina:Red_and_Wolf","floor":33,"turns":11},{"damage":2,"enemies":"3 Shapes","floor":35,"turns":3},{"damage":16,"enemies":"3 Darklings","floor":36,"turns":4},{"damage":0,"enemies":"Transient","floor":38,"turns":5},{"damage":0,"enemies":"Sphere and 2 Shapes","floor":42,"turns":3},{"damage":4,"enemies":"Writhing Mass","floor":46,"turns":4},{"damage":0,"enemies":"Maw","floor":48,"turns":4},{"damage":27,"enemies":"Time Eater","floor":50,"turns":5}],"seed_played":"4532851722977969080","potions_obtained":[{"floor":5,"key":"FocusPotion"},{"floor":14,"key":"EssenceOfSteel"},{"floor":18,"key":"Guardian:BlockOnCardUsePotion"},{"floor":19,"key":"Fruit Juice"},{"floor":22,"key":"Fruit Juice"},{"floor":33,"key":"ColorlessPotion"},{"floor":38,"key":"Fire Potion"}],"is_trial":false,"path_per_floor":["M","?","?","?","M","R","$","?","T","M","R","M","M","M","R","B",null,"M","M","?","T","?","R","?","M","T","M","$","R","M","E","R","B",null,"M","M","?","M","$","R","T","M","T","?","R","M","R","M","R","B",null],"character_chosen":"DEFECT","items_purchased":["Tiny Chest","Capacitor","Block Potion","Regen Potion","Chemical X","Storm","Regen Potion","Block Potion"],"campfire_rested":3,"item_purchase_floors":[7,7,28,28,39,39,39,39],"current_hp_per_floor":[75,64,52,52,52,74,74,74,74,70,70,65,65,60,75,35,75,73,74,74,74,75,75,74,70,70,63,63,74,68,68,68,65,74,72,56,61,61,61,61,61,61,61,79,79,75,75,75,75,60],"gold":81,"neow_bonus":"RANDOM_COLORLESS","is_daily":false,"chose_seed":false,"campfire_upgraded":7,"win_rate":0.0,"timestamp":1613886890,"path_taken":["M","?","?","?","M","R","$","?","T","M","R","M","?","M","R","BOSS","M","M","?","?","?","R","?","M","T","M","$","R","M","E","R","BOSS","M","M","?","M","$","R","?","M","T","?","R","M","R","M","R","BOSS"],"items_purchased_type":["Relic","Card","Potion","Potion","Relic","Card","Potion","Potion"],"build_version":"2020-12-22","purchased_purges":1,"victory":true,"max_hp_per_floor":[75,75,75,75,75,75,75,75,75,75,75,75,75,75,75,75,75,75,80,80,80,80,80,74,74,74,74,74,74,74,74,74,74,74,74,74,79,79,79,79,79,79,79,79,79,79,79,79,79,79],"card_choices":[{"not_picked":["Madness","Discovery"],"picked":"Dramatic Entrance","floor":0},{"not_picked":["Streamline","Compile Driver"],"picked":"Stack","floor":1},{"not_picked":["Coolheaded","Darkness"],"picked":"Ball Lightning","floor":5},{"not_picked":["Force Field","Compile Driver"],"picked":"FTL","floor":10},{"not_picked":["Reprogram","Gash","White Noise"],"picked":"SKIP","floor":12},{"not_picked":["Compile Driver","Hologram"],"picked":"Creative AI","floor":13},{"not_picked":["Auto Shields","Compile Driver"],"picked":"Double Energy","floor":14},{"not_picked":["Meteor Strike","Biased Cognition"],"picked":"Buffer","floor":16},{"not_picked":["Stack","Leap"],"picked":"Ball Lightning","floor":18},{"not_picked":["Double Energy+1","Genetic Algorithm"],"picked":"Leap+1","floor":19},{"not_picked":["ruina:CobaltScar","ruina:FadedMemories"],"picked":"ruina:Nihil","floor":24},{"not_picked":["Streamline","Meteor Strike"],"picked":"Storm","floor":25},{"not_picked":["Conserve Battery","Double Energy"],"picked":"Coolheaded+1","floor":27},{"not_picked":["Coolheaded","Rebound","Steam+1"],"picked":"SKIP","floor":30},{"not_picked":["Creative AI","Beam Cell"],"picked":"Thunder Strike","floor":31},{"not_picked":["Amplify","Creative AI"],"picked":"Thunder Strike","floor":33},{"not_picked":["Cold Snap+1","Streamline"],"picked":"Redo+1","floor":35},{"not_picked":["FTL+1","Compile Driver"],"picked":"Reboot","floor":36},{"not_picked":["Redo+1","Sweeping Beam","Force Field+1"],"picked":"SKIP","floor":38},{"not_picked":["Coolheaded","Stack"],"picked":"Capacitor+1","floor":42},{"not_picked":["Stack","Rebound"],"picked":"Consume+1","floor":46},{"not_picked":["Rebound+1","Gash"],"picked":"Storm+1","floor":46},{"not_picked":["Leap+1","Auto Shields+1"],"picked":"Consume+1","floor":48},{"not_picked":["Cold Snap+1","Rip and Tear+1"],"picked":"Tempest+1","floor":48}],"player_experience":185395,"relics_obtained":[{"floor":9,"key":"Orichalcum"},{"floor":21,"key":"Kunai"},{"floor":26,"key":"Sundial"},{"floor":31,"key":"TungstenRod"},{"floor":41,"key":"Whetstone"},{"floor":43,"key":"Prayer Wheel"}],"event_choices":[{"damage_healed":0,"gold_gain":75,"player_choice":"Gather Gold","damage_taken":11,"max_hp_gain":0,"max_hp_loss":0,"event_name":"World of Goop","floor":2,"gold_loss":0},{"damage_healed":0,"gold_gain":0,"player_choice":"Success","damage_taken":12,"relics_obtained":["Blue Candle"],"max_hp_gain":0,"max_hp_loss":0,"event_name":"Scrap Ooze","floor":3,"gold_loss":0},{"damage_healed":0,"gold_gain":175,"player_choice":"AGREE","damage_taken":0,"max_hp_gain":0,"max_hp_loss":0,"event_name":"Liars Game","floor":4,"gold_loss":0,"cards_obtained":["Doubt"]},{"damage_healed":0,"gold_gain":0,"player_choice":"Box","damage_taken":0,"relics_obtained":["Dead Branch"],"max_hp_gain":0,"max_hp_loss":0,"event_name":"Big Fish","floor":8,"gold_loss":0,"cards_obtained":["Regret"]},{"damage_healed":0,"gold_gain":0,"player_choice":"3","damage_taken":0,"max_hp_gain":0,"max_hp_loss":0,"event_name":"betterMatch:BetterMatch","floor":20,"gold_loss":0,"cards_obtained":[]},{"damage_healed":20,"gold_gain":0,"player_choice":"Writhe","damage_taken":0,"max_hp_gain":0,"max_hp_loss":0,"event_name":"Winding Halls","floor":44,"gold_loss":0,"cards_obtained":["Writhe"]}],"is_beta":false,"boss_relics":[{"not_picked":["Runic Dome","Ectoplasm"],"picked":"Pandora\u0027s Box"},{"not_picked":["Coffee Dripper","Velvet Choker"],"picked":"Philosopher\u0027s Stone"}],"items_purged_floors":[7],"is_endless":false,"potions_floor_spawned":[5,14,18,19,33,35,38],"ascension_level":0}}