{"host":"gop1q6bv59twswbp","time":1613885269,"event":{"mods":["AlwaysNeverKeys","BaseMod","Downfall","Hermit","Minty Spire (QoL Compilation)","Permanent Neow","Rare Cards Sparkle","StSLib","The Cursed"],"gold_per_floor":[369,544,558,538,550,550,583,583,607,607,626,646,646,674,674,771,771,784,680,595,595,440,474,474,457,457,6,6,36,84,101,101,203,203,218,233,245,48,98,126,126,137,137,156,187,201,151,151,151,156,156,156,2,37,37],"floor_reached":56,"language":"ENG","playtime":4151,"items_purged":["Bite"],"score":1378,"play_id":"54d5fa49-c645-4b13-985c-19f2b375d984","local_time":"20210221002749","is_ascension_mode":false,"campfire_choices":[{"data":"hermit:Dive","floor":6.0,"key":"SMITH"},{"floor":8.0,"key":"REST"},{"data":"hermit:GoldenBullet","floor":10.0,"key":"SMITH"},{"data":"hermit:Gestalt","floor":13.0,"key":"SMITH"},{"data":"hermit:Determination","floor":15.0,"key":"SMITH"},{"data":"hermit:Deadeye","floor":32.0,"key":"SMITH"},{"data":"hermit:SprayPray","floor":41,"key":"SMITH"},{"data":"hermit:ShadowCloak","floor":49,"key":"SMITH"},{"data":"hermit:Scavenge","floor":52,"key":"SMITH"}],"circlet_count":0,"master_deck":["hermit:Defend_Hermit","hermit:Defend_Hermit","hermit:Defend_Hermit","hermit:Defend_Hermit","hermit:Snapshot","hermit:Covet","hermit:GoldenBullet+1","Doubt","hermit:Vantage+1","hermit:Dive+1","hermit:Determination+1","hermit:Gestalt+1","hermit:Deadeye+1","hermit:HoleUp+1","hermit:RoundhouseKick","hermit:SprayPray+1","CurseOfTheBell","CurseOfTheBell","hermit:Dive+1","hermit:Ricochet+1","Bite","Bite","Bite","Bite","hermit:Enervate","hermit:HoleUp+1","hermit:Gambit","hermit:Desperado+1","hermit:Dive+1","hermit:GhostlyPresence+1","hermit:EyeOfTheStorm+1","hermit:ShadowCloak+1","hermit:Scavenge+1","hermit:TrackingShot+1"],"relics":["hermit:Momento","Bronze Scales","TungstenRod","SlaversCollar","Tiny Chest","downfall:ExtraCursedBell","Centennial Puzzle","Eternal Feather","FossilizedHelix","DollysMirror","War Paint","Anchor","champ:DuelingGlove","ClockworkSouvenir","Boot","Letter Opener","Smiling Mask","hermit:BartenderGlass","Lee\u0027s Waffle","Guardian:GemstoneGun","Potion Belt","Pocketwatch","HornCleat","Vajra","bronze:BronzeIdol"],"acts_visited":["Exordium","TheCity","TheBeyond","TheEnding"],"potions_floor_usage":[33,36,39,39,40,40,45,50,50,54,54,55,55,55,55,55],"damage_taken":[{"damage":0.0,"enemies":"2 Louse","floor":1.0,"turns":2.0},{"damage":10.0,"enemies":"Small Slimes","floor":3.0,"turns":4.0},{"damage":1.0,"enemies":"Jaw Worm","floor":5.0,"turns":7.0},{"damage":24.0,"enemies":"Gremlin Nob","floor":7.0,"turns":6.0},{"damage":0.0,"enemies":"3 Louse","floor":11.0,"turns":4.0},{"damage":2.0,"enemies":"Blue Slaver","floor":12.0,"turns":2.0},{"damage":2.0,"enemies":"3 Sentries","floor":14.0,"turns":9.0},{"damage":16.0,"enemies":"The Guardian","floor":16.0,"turns":12.0},{"damage":0.0,"enemies":"3 Byrds","floor":18.0,"turns":4.0},{"damage":24.0,"enemies":"Slavers","floor":23.0,"turns":7.0},{"damage":16.0,"enemies":"2 Thieves","floor":25.0,"turns":4.0},{"damage":19.0,"enemies":"Gremlin Leader","floor":29.0,"turns":7.0},{"damage":0.0,"enemies":"Centurion and Healer","floor":31.0,"turns":5.0},{"damage":0,"enemies":"Automaton","floor":33,"turns":11},{"damage":0,"enemies":"3 Darklings","floor":35,"turns":5},{"damage":0,"enemies":"Orb Walker","floor":36,"turns":5},{"damage":22,"enemies":"3 Darklings","floor":37,"turns":8},{"damage":0,"enemies":"Mind Bloom Boss Battle","floor":39,"turns":8},{"damage":0,"enemies":"Giant Head","floor":40,"turns":10},{"damage":10,"enemies":"4 Shapes","floor":42,"turns":7},{"damage":0,"enemies":"Sphere and 2 Shapes","floor":44,"turns":5},{"damage":0,"enemies":"Reptomancer","floor":45,"turns":6},{"damage":0,"enemies":"Maw","floor":46,"turns":8},{"damage":9,"enemies":"Awakened One","floor":50,"turns":18},{"damage":12,"enemies":"Shield and Spear","floor":54,"turns":8},{"damage":75,"enemies":"The Heart","floor":55,"turns":12}],"seed_played":"6119838627812425017","potions_obtained":[{"floor":1.0,"key":"Guardian:BlockOnCardUsePotion"},{"floor":5.0,"key":"bronze:BurnAndBuffPotion"},{"floor":7.0,"key":"PowerPotion"},{"floor":18.0,"key":"champ:CounterPotion"},{"floor":23.0,"key":"LiquidMemories"},{"floor":33,"key":"Strength Potion"},{"floor":40,"key":"Regen Potion"},{"floor":42,"key":"FairyPotion"},{"floor":46,"key":"Block Potion"}],"is_trial":false,"path_per_floor":["M","?","M","?","M","R","E","R","T","R","M","M","R","E","R","B",null,"M","$","?","?","$","E","?","M","T","$","?","E","T","M","R","B",null,"M","M","M","$","?","E","R","M","T","M","E","M","$","?","R","B",null,"R","$","E","B",null],"character_chosen":"HERMIT","items_purchased":["EntropicBrew","DollysMirror","champ:DuelingGlove","ClockworkSouvenir","Lee\u0027s Waffle","SkillPotion","Vajra"],"campfire_rested":1,"item_purchase_floors":[19,22,27,27,38,38,53],"current_hp_per_floor":[54,54,44,44,43,43,19,41,41,41,43,43,43,43,43,29,75,75,75,75,75,75,51,51,45,45,45,45,40,40,50,65,75,75,75,75,67,82,82,82,82,74,74,80,82,82,82,82,82,82,82,82,82,82,13],"gold":37,"neow_bonus":"TWO_FIFTY_GOLD","is_daily":false,"chose_seed":false,"campfire_upgraded":8,"win_rate":0.0,"timestamp":1613885269,"path_taken":["M","?","M","?","M","R","E","R","T","R","M","M","R","E","R","BOSS","M","$","?","?","$","E","?","M","T","$","?","E","?","M","R","BOSS","M","M","M","$","?","E","R","M","T","M","E","M","$","?","R","BOSS","R","$","E","BOSS"],"items_purchased_type":["Potion","Relic","Relic","Relic","Relic","Potion","Relic"],"build_version":"2020-12-22","purchased_purges":1,"victory":true,"max_hp_per_floor":[75,75,75,75,75,75,75,75,75,75,75,75,75,75,75,75,75,75,75,75,75,75,75,75,75,75,75,75,75,75,75,75,75,75,75,75,75,82,82,82,82,82,82,82,82,82,82,82,82,82,82,82,82,82,82],"card_choices":[{"not_picked":["hermit:BigShot","hermit:Vantage"],"picked":"hermit:GoldenBullet","floor":1.0},{"not_picked":["hermit:LoneWolf","hermit:PistolWhip"],"picked":"hermit:Vantage","floor":3.0},{"not_picked":["hermit:LoneWolf","hermit:HoleUp"],"picked":"hermit:Dive","floor":5.0},{"not_picked":["hermit:Desperado","hermit:Quickdraw"],"picked":"hermit:Determination","floor":7.0},{"not_picked":["hermit:Snipe","hermit:Roughhouse"],"picked":"hermit:Gestalt","floor":11.0},{"not_picked":["hermit:Shortfuse","hermit:Combo"],"picked":"hermit:Deadeye","floor":12.0},{"not_picked":["hermit:CalledShot","hermit:Quickdraw"],"picked":"hermit:HoleUp","floor":14.0},{"not_picked":["hermit:Adapt","hermit:FatalDesire"],"picked":"hermit:RoundhouseKick","floor":16.0},{"not_picked":["hermit:Feint","hermit:LowProfile"],"picked":"hermit:SprayPray","floor":18.0},{"not_picked":["hermit:Brawl","hermit:Dive"],"picked":"hermit:Ricochet+1","floor":23.0},{"not_picked":["hermit:Coalescence","hermit:Showdown"],"picked":"hermit:Enervate","floor":25.0},{"not_picked":["hermit:Snipe","hermit:SprayPray+1"],"picked":"hermit:HoleUp+1","floor":29.0},{"not_picked":["hermit:SprayPray","hermit:Vantage","hermit:Misfire+1"],"picked":"SKIP","floor":31.0},{"not_picked":["hermit:Purgatory","hermit:Dissolve"],"picked":"hermit:Gambit","floor":33},{"not_picked":["hermit:PistolWhip+1","hermit:Coalescence"],"picked":"hermit:Desperado+1","floor":35},{"not_picked":["hermit:Quickdraw+1","hermit:Gestalt+1"],"picked":"hermit:Dive+1","floor":36},{"not_picked":["hermit:CalledShot+1","hermit:LowProfile"],"picked":"hermit:GhostlyPresence+1","floor":37},{"not_picked":["hermit:WideOpen","hermit:Coalescence"],"picked":"hermit:EyeOfTheStorm+1","floor":40},{"not_picked":["hermit:Quickdraw","hermit:Manifest+1","hermit:Snipe"],"picked":"SKIP","floor":42},{"not_picked":["hermit:Maintenance+1","hermit:BlackWind"],"picked":"hermit:ShadowCloak","floor":44},{"not_picked":["hermit:Desperado+1","hermit:Maintenance"],"picked":"hermit:Scavenge","floor":45},{"not_picked":["hermit:HoleUp+1","hermit:Ricochet"],"picked":"hermit:TrackingShot+1","floor":46},{"not_picked":["hermit:LowProfile","hermit:Snipe+1","hermit:NoHoldsBarred+1"],"picked":"SKIP","floor":54}],"player_experience":966660,"relics_obtained":[{"floor":7.0,"key":"Bronze Scales"},{"floor":9.0,"key":"Blood Vial"},{"floor":14.0,"key":"TungstenRod"},{"floor":21.0,"key":"Centennial Puzzle"},{"floor":21.0,"key":"Eternal Feather"},{"floor":21.0,"key":"FossilizedHelix"},{"floor":23.0,"key":"War Paint"},{"floor":26.0,"key":"Anchor"},{"floor":29.0,"key":"Letter Opener"},{"floor":30.0,"key":"Smiling Mask"},{"floor":39,"key":"Guardian:GemstoneGun"},{"floor":40,"key":"Potion Belt"},{"floor":43,"key":"Pocketwatch"},{"floor":45,"key":"HornCleat"},{"floor":54,"key":"bronze:BronzeIdol"}],"event_choices":[{"damage_healed":0.0,"max_hp_gain":0.0,"max_hp_loss":0.0,"gold_gain":175.0,"event_name":"Liars Game","player_choice":"AGREE","floor":2.0,"gold_loss":0.0,"damage_taken":0.0,"cards_obtained":["Doubt"]},{"damage_healed":0.0,"max_hp_gain":0.0,"max_hp_loss":0.0,"gold_gain":0.0,"event_name":"World of Goop","player_choice":"Left Gold","floor":4.0,"gold_loss":20.0,"damage_taken":0.0},{"damage_healed":0.0,"max_hp_gain":0.0,"max_hp_loss":0.0,"gold_gain":0.0,"event_name":"Addict","player_choice":"Obtained Relic","floor":20.0,"gold_loss":85.0,"damage_taken":0.0,"relics_obtained":["Tiny Chest"]},{"damage_healed":0.0,"max_hp_gain":0.0,"max_hp_loss":0.0,"gold_gain":0.0,"event_name":"Vampires","player_choice":"Became a vampire (Vial)","floor":24.0,"relics_lost":["Blood Vial"],"gold_loss":0.0,"damage_taken":0.0,"cards_obtained":["Bite","Bite","Bite","Bite","Bite"]},{"damage_healed":0.0,"max_hp_gain":0.0,"max_hp_loss":0.0,"gold_gain":0.0,"event_name":"The Mausoleum","player_choice":"Opened","floor":28.0,"gold_loss":0.0,"damage_taken":0.0,"relics_obtained":["Boot"]},{"damage_healed":0,"gold_gain":0,"player_choice":"Fight","damage_taken":0,"max_hp_gain":0,"max_hp_loss":0,"event_name":"MindBloom","floor":39,"gold_loss":0},{"damage_healed":0,"gold_gain":0,"player_choice":"Bought 0 Potions","damage_taken":0,"max_hp_gain":0,"max_hp_loss":0,"event_name":"The Woman in Blue","floor":48,"gold_loss":0}],"is_beta":false,"boss_relics":[{"not_picked":["Busted Crown","expansioncontent:StudyCardRelic"],"picked":"SlaversCollar"},{"not_picked":["Fusion Hammer","bronze:MakeshiftBattery"],"picked":"hermit:BartenderGlass"}],"items_purged_floors":[47],"is_endless":false,"potions_floor_spawned":[1,5,7,18,23,33,39,40,42,44,46],"ascension_level":0}}