{"host":"g5ocrzbvbwpvypv7","time":1613887749,"event":{"mods":["AchievementEnabler","BaseMod","Colored Map","Custom Start","DeckTracker","KOR Keyword Fix","Minty Spire (QoL Compilation)","Rare Cards Sparkle","StSLib","SuperFastMode","everything is the same but u backflip on backflip"],"gold_per_floor":[109,129,129,129,144,179,179,193,244,256,256,271,284,297,297,400,400,410,112,124,223,242,242,270,370,370,390,403,403,403],"floor_reached":29,"language":"KOR","playtime":990,"items_purged":["Strike_B"],"score":351,"play_id":"2b9941c4-d12d-4940-9083-60d5207af406","local_time":"20210221150909","is_ascension_mode":true,"campfire_choices":[{"floor":7.0,"key":"REST"},{"data":"Genetic Algorithm","floor":11.0,"key":"SMITH"},{"data":"Hologram","floor":15.0,"key":"SMITH"},{"floor":23.0,"key":"REST"}],"circlet_count":0,"master_deck":["Strike_B","Defend_B","Defend_B","Defend_B","Zap","Dualcast","Turbo","Hologram+1","Sweeping Beam+1","Ball Lightning+1","Cold Snap+1","Genetic Algorithm+1","Lockon+1","Capacitor","Echo Form","Coolheaded+1","Heatsinks","White Noise","Compile Driver+1","Leap","Buffer+1"],"relics":["Cracked Core","Molten Egg 2","Regal Pillow","Strawberry","Fusion Hammer","MealTicket","Kunai","Frozen Egg 2"],"acts_visited":["Exordium","TheCity"],"potions_floor_usage":[],"damage_taken":[{"damage":0.0,"enemies":"Small Slimes","floor":1.0,"turns":3.0},{"damage":1.0,"enemies":"Cultist","floor":2.0,"turns":3.0},{"damage":7.0,"enemies":"Jaw Worm","floor":5.0,"turns":3.0},{"damage":24.0,"enemies":"Gremlin Nob","floor":6.0,"turns":4.0},{"damage":1.0,"enemies":"Looter","floor":8.0,"turns":2.0},{"damage":6.0,"enemies":"Lots of Slimes","floor":10.0,"turns":2.0},{"damage":5.0,"enemies":"Red Slaver","floor":12.0,"turns":3.0},{"damage":3.0,"enemies":"Blue Slaver","floor":13.0,"turns":2.0},{"damage":1.0,"enemies":"2 Fungi Beasts","floor":14.0,"turns":2.0},{"damage":36.0,"enemies":"Hexaghost","floor":16.0,"turns":9.0},{"damage":12.0,"enemies":"Shell Parasite","floor":18.0,"turns":5.0},{"damage":5.0,"enemies":"3 Byrds","floor":20.0,"turns":2.0},{"damage":26.0,"enemies":"Centurion and Healer","floor":22.0,"turns":7.0},{"damage":31.0,"enemies":"Slavers","floor":24.0,"turns":6.0},{"damage":11.0,"enemies":"Cultist and Chosen","floor":27.0,"turns":5.0},{"damage":4.0,"enemies":"3 Cultists","floor":28.0,"turns":5.0},{"damage":9,"enemies":"Book of Stabbing","floor":29,"turns":2}],"seed_played":"6623297784765718868","potions_obtained":[{"floor":1.0,"key":"Weak Potion"},{"floor":6.0,"key":"Energy Potion"},{"floor":12.0,"key":"Ancient Potion"},{"floor":14.0,"key":"LiquidBronze"},{"floor":22.0,"key":"SpeedPotion"},{"floor":24.0,"key":"FocusPotion"},{"floor":27.0,"key":"SteroidPotion"},{"floor":28.0,"key":"BlessingOfTheForge"}],"is_trial":false,"path_per_floor":["M","M","?","?","M","E","R","M","T","M","R","M","M","M","R","B",null,"M","$","M","?","M","R","E","?","T","M","M","E"],"character_chosen":"DEFECT","items_purchased":["MealTicket","Heatsinks"],"campfire_rested":2,"item_purchase_floors":[19,19],"current_hp_per_floor":[50,49,42,42,35,11,48,47,54,48,48,43,40,39,39,3,62,50,50,45,45,19,58,27,27,27,16,12,3,3],"gold":403,"neow_bonus":"REMOVE_TWO","is_daily":false,"chose_seed":false,"campfire_upgraded":2,"win_rate":0.0,"timestamp":1613887749,"path_taken":["M","M","?","?","M","E","R","M","T","M","R","M","M","M","R","BOSS","M","?","?","?","M","R","E","?","T","?","M","E"],"items_purchased_type":["Relic","Card"],"build_version":"2020-12-22","purchased_purges":1,"victory":false,"max_hp_per_floor":[75,75,75,75,75,75,75,75,82,82,82,82,82,82,82,82,82,82,82,82,82,82,82,82,82,82,82,82,82,82],"card_choices":[{"not_picked":["Storm","Steam"],"picked":"Turbo","floor":1.0},{"not_picked":["Gash","Barrage"],"picked":"Hologram","floor":2.0},{"not_picked":["Glacier","Cold Snap+1"],"picked":"Sweeping Beam+1","floor":5.0},{"not_picked":["Stack","Streamline+1"],"picked":"Ball Lightning+1","floor":6.0},{"not_picked":["Recycle","Barrage+1"],"picked":"Cold Snap+1","floor":8.0},{"not_picked":["Leap","Double Energy"],"picked":"Genetic Algorithm","floor":10.0},{"not_picked":["Reboot","Streamline+1"],"picked":"Lockon+1","floor":12.0},{"not_picked":["Turbo","Storm","Sunder+1"],"picked":"SKIP","floor":13.0},{"not_picked":["Doom and Gloom+1","Sweeping Beam+1"],"picked":"Capacitor","floor":14.0},{"not_picked":["Biased Cognition","Electrodynamics"],"picked":"Echo Form","floor":16.0},{"not_picked":["Rebound+1","Melter+1"],"picked":"Coolheaded+1","floor":18.0},{"not_picked":["Barrage+1","Compile Driver+1"],"picked":"White Noise","floor":20.0},{"not_picked":["Steam","Ball Lightning+1"],"picked":"Compile Driver+1","floor":22.0},{"not_picked":["Compile Driver+1","Turbo","Conserve Battery"],"picked":"SKIP","floor":24.0},{"not_picked":["Cold Snap+1","Skim"],"picked":"Leap","floor":27.0},{"not_picked":["Turbo+1","Ball Lightning+1"],"picked":"Buffer+1","floor":28.0}],"player_experience":360507,"relics_obtained":[{"floor":6.0,"key":"Regal Pillow"},{"floor":9.0,"key":"Strawberry"},{"floor":24.0,"key":"Kunai"},{"floor":26.0,"key":"Frozen Egg 2"}],"event_choices":[{"cards_removed":["Strike_B"],"damage_healed":0.0,"max_hp_gain":0.0,"max_hp_loss":0.0,"gold_gain":0.0,"event_name":"Golden Wing","player_choice":"Card Removal","floor":3.0,"gold_loss":0.0,"damage_taken":7.0},{"damage_healed":0.0,"max_hp_gain":0.0,"max_hp_loss":0.0,"gold_gain":0.0,"event_name":"WeMeetAgain","player_choice":"Gave Potion","floor":4.0,"gold_loss":0.0,"damage_taken":0.0,"relics_obtained":["Molten Egg 2"]},{"damage_healed":0.0,"max_hp_gain":0.0,"max_hp_loss":0.0,"gold_gain":99.0,"event_name":"Nest","player_choice":"Stole From Cult","floor":21.0,"gold_loss":0.0,"damage_taken":0.0},{"damage_healed":0.0,"max_hp_gain":0.0,"max_hp_loss":0.0,"gold_gain":100.0,"event_name":"Golden Shrine","player_choice":"Pray","floor":25.0,"gold_loss":0.0,"damage_taken":0.0}],"is_beta":false,"boss_relics":[{"not_picked":["Ectoplasm","SlaversCollar"],"picked":"Fusion Hammer"}],"items_purged_floors":[19],"is_endless":false,"potions_floor_spawned":[1,6,12,14,16,22,24,27,28],"killed_by":"Book of Stabbing","ascension_level":8}}