{"host":"6nqy62k7v1jh46lb","time":1613912151,"event":{"mods":["AchievementEnabler","BaseMod","Bestiary","Block Reminder","Colored Powertips","Highlight Path","Minty Spire (QoL Compilation)","Relic Stats"],"gold_per_floor":[113,131,150,161,161,161,193,193,219,251,267,277,377,391,391,486,486,505,517,46,91,23,23,32,32,83,111,137,147,147,147],"floor_reached":30,"language":"ENG","playtime":3651,"items_purged":["Barricade","Evolve"],"score":300,"play_id":"c741c241-fb47-4f97-a028-13a73dbcdffc","local_time":"20210221135551","is_ascension_mode":true,"campfire_choices":[{"floor":6,"key":"REST"},{"floor":8,"key":"RECALL"},{"data":"Searing Blow+1","floor":15,"key":"SMITH"},{"floor":23,"key":"REST"},{"floor":25,"key":"REST"}],"circlet_count":0,"master_deck":["Bash","Panacea","Headbutt","Whirlwind","Warcry","Searing Blow+2","Rupture","Battle Trance","Inflame","Metallicize","Anger","Juggernaut","Feel No Pain","Clothesline","Twin Strike","Sever Soul","Dual Wield","Heavy Blade","Armaments","True Grit","Disarm","Carnage","Flex","Ghostly","Ghostly","Ghostly","Ghostly","Ghostly","Shrug It Off","J.A.X.","Iron Wave"],"relics":["Burning Blood","Bag of Marbles","Oddly Smooth Stone","Pandora\u0027s Box","Membership Card","CeramicFish","Vajra","Lantern","Champion Belt"],"acts_visited":["Exordium","TheCity"],"potions_floor_usage":[7,10,16,16,19,25,27,27,28],"damage_taken":[{"damage":1,"enemies":"Cultist","floor":1,"turns":3},{"damage":11,"enemies":"Jaw Worm","floor":2,"turns":3},{"damage":5,"enemies":"Small Slimes","floor":3,"turns":3},{"damage":24,"enemies":"Exordium Thugs","floor":4,"turns":6},{"damage":26,"enemies":"3 Sentries","floor":7,"turns":6},{"damage":6,"enemies":"Gremlin Nob","floor":10,"turns":3},{"damage":12,"enemies":"Blue Slaver","floor":11,"turns":3},{"damage":2,"enemies":"Large Slime","floor":12,"turns":5},{"damage":7,"enemies":"3 Louse","floor":14,"turns":3},{"damage":51,"enemies":"The Guardian","floor":16,"turns":11},{"damage":47,"enemies":"2 Thieves","floor":18,"turns":5},{"damage":24,"enemies":"Shell Parasite","floor":19,"turns":6},{"damage":39,"enemies":"Gremlin Leader","floor":27,"turns":10},{"damage":4,"enemies":"Centurion and Healer","floor":28,"turns":7},{"damage":11,"enemies":"Shelled Parasite and Fungi","floor":29,"turns":9},{"damage":14,"enemies":"Slavers","floor":30,"turns":3}],"seed_played":"7963806201259883426","potions_obtained":[{"floor":2,"key":"AttackPotion"},{"floor":4,"key":"Explosive Potion"},{"floor":7,"key":"SkillPotion"},{"floor":11,"key":"DistilledChaos"},{"floor":16,"key":"Dexterity Potion"},{"floor":27,"key":"FearPotion"}],"is_trial":false,"path_per_floor":["M","M","M","M","?","R","E","R","T","E","M","M","?","M","R","B",null,"M","M","$","?","$","R","?","R","T","E","M","M","E"],"character_chosen":"IRONCLAD","items_purchased":["Membership Card","Fruit Juice","EssenceOfSteel","Energy Potion","CeramicFish","Vajra","Carnage","Flex","Shrug It Off"],"campfire_rested":3,"item_purchase_floors":[20,20,20,20,20,20,20,20,22],"current_hp_per_floor":[80,75,76,58,58,80,60,60,60,60,54,58,58,57,57,12,80,39,21,21,21,21,33,33,45,45,12,14,9,0,0],"gold":147,"neow_bonus":"RANDOM_COLORLESS","is_daily":false,"chose_seed":false,"campfire_upgraded":1,"win_rate":0.0,"timestamp":1613912151,"path_taken":["M","M","M","?","?","R","E","R","T","E","M","M","?","M","R","BOSS","M","M","$","?","$","R","?","R","T","E","M","M","E"],"items_purchased_type":["Relic","Potion","Potion","Potion","Relic","Relic","Card","Card","Card"],"build_version":"2020-12-22","purchased_purges":2,"victory":false,"max_hp_per_floor":[80,80,80,80,80,80,80,80,80,80,80,80,80,80,80,80,80,80,80,80,40,40,40,40,45,45,45,45,45,45,45],"relic_stats":{"counters":[16,86],"CeramicFish":90,"Pandora\u0027s Box":["Feel No Pain","Clothesline","Barricade","Evolve","Twin Strike","Sever Soul","Dual Wield","Heavy Blade","Armaments"],"Champion Belt":[10],"obtain_stats":[{"Lantern":26,"CeramicFish":20,"Oddly Smooth Stone":10,"Vajra":20,"Pandora\u0027s Box":17,"Bag of Marbles":7,"Membership Card":20,"Champion Belt":27,"Burning Blood":0},{"Lantern":12,"CeramicFish":12,"Oddly Smooth Stone":6,"Vajra":12,"Pandora\u0027s Box":10,"Bag of Marbles":5,"Membership Card":12,"Champion Belt":13,"Burning Blood":0},{"Lantern":57,"CeramicFish":57,"Oddly Smooth Stone":24,"Vajra":57,"Pandora\u0027s Box":46,"Bag of Marbles":21,"Membership Card":57,"Champion Belt":67,"Burning Blood":0}],"Burning Blood":85},"card_choices":[{"not_picked":["Flash of Steel","Discovery"],"picked":"Panacea","floor":0},{"not_picked":["True Grit","Seeing Red"],"picked":"Headbutt","floor":1},{"not_picked":["True Grit","Headbutt"],"picked":"Whirlwind","floor":2},{"not_picked":["Headbutt","Pommel Strike"],"picked":"Warcry","floor":3},{"not_picked":["Thunderclap","Hemokinesis"],"picked":"Searing Blow","floor":4},{"not_picked":["Wild Strike","Iron Wave"],"picked":"Rupture","floor":7},{"not_picked":["Impervious","Heavy Blade"],"picked":"Battle Trance","floor":10},{"not_picked":["Perfected Strike","Headbutt"],"picked":"Inflame","floor":11},{"not_picked":["Iron Wave","Armaments"],"picked":"Metallicize","floor":12},{"not_picked":["Heavy Blade","Thunderclap"],"picked":"Anger","floor":14},{"not_picked":["Double Tap","Exhume"],"picked":"Juggernaut","floor":16},{"not_picked":["Evolve+1","Anger"],"picked":"True Grit","floor":18},{"not_picked":["Cleave+1","Spot Weakness"],"picked":"Disarm","floor":19},{"not_picked":["Sword Boomerang","Warcry","Bludgeon"],"picked":"SKIP","floor":27},{"not_picked":["Dual Wield","Warcry+1"],"picked":"Iron Wave","floor":28},{"not_picked":["Perfected Strike","Anger","Pummel"],"picked":"SKIP","floor":29}],"player_experience":227611,"relics_obtained":[{"floor":7,"key":"Bag of Marbles"},{"floor":10,"key":"Oddly Smooth Stone"},{"floor":26,"key":"Lantern"},{"floor":27,"key":"Champion Belt"}],"event_choices":[{"damage_healed":0,"gold_gain":0,"player_choice":"Grow","damage_taken":0,"max_hp_gain":0,"max_hp_loss":0,"event_name":"Living Wall","floor":5,"gold_loss":0,"cards_upgraded":["Searing Blow"]},{"damage_healed":0,"gold_gain":100,"player_choice":"Pray","damage_taken":0,"max_hp_gain":0,"max_hp_loss":0,"event_name":"Golden Shrine","floor":13,"gold_loss":0},{"damage_healed":0,"gold_gain":0,"player_choice":"Became a Ghost","damage_taken":0,"max_hp_gain":0,"max_hp_loss":40,"event_name":"Ghosts","floor":21,"gold_loss":0,"cards_obtained":["Ghostly","Ghostly","Ghostly","Ghostly","Ghostly"]},{"damage_healed":0,"gold_gain":0,"player_choice":"Obtain J.A.X.","damage_taken":0,"max_hp_gain":0,"max_hp_loss":0,"event_name":"Drug Dealer","floor":24,"gold_loss":0,"cards_obtained":["J.A.X."]}],"is_beta":false,"boss_relics":[{"not_picked":["Tiny House","Runic Dome"],"picked":"Pandora\u0027s Box"}],"items_purged_floors":[20,22],"is_endless":false,"potions_floor_spawned":[2,4,7,11,16,27],"killed_by":"Slavers","ascension_level":1}}