{"host":"p0hktren06injwdf","time":1613883810,"event":{"mods":["AchievementEnabler","BaseMod","Colored Map","DeckTracker","Minty Spire (QoL Compilation)","Permanent Neow","StSLib","SuperFastMode"],"gold_per_floor":[111,124,124,124,140,167,167,167,467,266,277,288,288,316,316,393,393,407,407,407,217,227,257,257,271,297,322,322,352,364,464,464,542,542,554,554,222,238,263,290,290,315,315,329,329,358,404,414,414,414,414],"floor_reached":52,"language":"KOR","playtime":1406,"items_purged":["Defend_G","Defend_G","Strike_G"],"score":2287,"play_id":"70d5ca95-7752-4f38-97b1-f4c8ea24f5ba","local_time":"20210221140330","is_ascension_mode":true,"campfire_choices":[{"data":"Dash","floor":7.0,"key":"SMITH"},{"floor":13.0,"key":"REST"},{"data":"Choke","floor":15.0,"key":"SMITH"},{"floor":24.0,"key":"REST"},{"floor":32.0,"key":"REST"},{"data":"A Thousand Cuts","floor":41.0,"key":"SMITH"},{"floor":49.0,"key":"REST"}],"circlet_count":0,"master_deck":["AscendersBane","Strike_G","Strike_G","Defend_G","Defend_G","Defend_G","Neutralize","Flying Knee","Dash+1","Dagger Throw","Choke+1","Bouncing Flask","Eviscerate","Dash","Underhanded Strike","Corpse Explosion","Dash","Eviscerate","Backflip","Dash","Riddle With Holes","A Thousand Cuts+1","Dash+1","Bullet Time","Dash+1","Headbutt+1","Creative AI"],"relics":["Snecko Eye","Pocketwatch","Old Coin","Mercury Hourglass","Philosopher\u0027s Stone","Meat on the Bone","Ancient Tea Set","Torii","Dream Catcher","Tough Bandages","Molten Egg 2","HoveringKite","PrismaticShard","Mango","Lizard Tail","Du-Vu Doll","Bronze Scales","Ginger"],"acts_visited":["Exordium","TheCity","TheBeyond"],"potions_floor_usage":[51],"damage_taken":[{"damage":0.0,"enemies":"2 Louse","floor":1.0,"turns":5.0},{"damage":0.0,"enemies":"Jaw Worm","floor":2.0,"turns":5.0},{"damage":0.0,"enemies":"Small Slimes","floor":5.0,"turns":4.0},{"damage":32.0,"enemies":"Lagavulin","floor":6.0,"turns":7.0},{"damage":0.0,"enemies":"3 Louse","floor":11.0,"turns":2.0},{"damage":0.0,"enemies":"Large Slime","floor":12.0,"turns":2.0},{"damage":0.0,"enemies":"Gremlin Nob","floor":14.0,"turns":3.0},{"damage":0.0,"enemies":"Slime Boss","floor":16.0,"turns":3.0},{"damage":0.0,"enemies":"Chosen","floor":18.0,"turns":3.0},{"damage":2.0,"enemies":"Shell Parasite","floor":22.0,"turns":3.0},{"damage":37.0,"enemies":"Book of Stabbing","floor":23.0,"turns":5.0},{"damage":0.0,"enemies":"Sentry and Sphere","floor":25.0,"turns":2.0},{"damage":0.0,"enemies":"Gremlin Leader","floor":27.0,"turns":3.0},{"damage":12.0,"enemies":"Book of Stabbing","floor":29.0,"turns":4.0},{"damage":17.0,"enemies":"Snake Plant","floor":30.0,"turns":3.0},{"damage":0.0,"enemies":"Colosseum Slavers","floor":31.0,"turns":3.0},{"damage":0.0,"enemies":"Colosseum Nobs","floor":31.0,"turns":2.0},{"damage":42.0,"enemies":"Collector","floor":33.0,"turns":6.0},{"damage":0.0,"enemies":"3 Shapes","floor":35.0,"turns":2.0},{"damage":0.0,"enemies":"Orb Walker","floor":38.0,"turns":2.0},{"damage":3.0,"enemies":"Mind Bloom Boss Battle","floor":39.0,"turns":6.0},{"damage":40.0,"enemies":"Nemesis","floor":40.0,"turns":7.0},{"damage":25.0,"enemies":"Giant Head","floor":42.0,"turns":7.0},{"damage":0.0,"enemies":"Maw","floor":44.0,"turns":5.0},{"damage":18.0,"enemies":"Reptomancer","floor":46.0,"turns":4.0},{"damage":19.0,"enemies":"2 Orb Walkers","floor":47.0,"turns":2.0},{"damage":0.0,"enemies":"Transient","floor":48.0,"turns":6.0},{"damage":65.0,"enemies":"Time Eater","floor":50.0,"turns":8.0},{"damage":20,"enemies":"Donu and Deca","floor":51,"turns":4}],"seed_played":"4451762852472160467","potions_obtained":[{"floor":5.0,"key":"CunningPotion"},{"floor":11.0,"key":"Explosive Potion"},{"floor":12.0,"key":"Dexterity Potion"},{"floor":23.0,"key":"GamblersBrew"},{"floor":31.0,"key":"EntropicBrew"},{"floor":33.0,"key":"Fruit Juice"},{"floor":35.0,"key":"Regen Potion"}],"is_trial":false,"path_per_floor":["M","M","?","?","M","E","R","?","T","$","M","M","R","E","R","B",null,"M","?","?","$","M","E","R","M","T","E","?","E","M","?","R","B",null,"M","?","$","M","?","E","R","E","T","M","?","E","?","M","R","B","B",null],"character_chosen":"THE_SILENT","items_purchased":["Bouncing Flask","Eviscerate","Dash","Dash+1","PrismaticShard"],"campfire_rested":4,"item_purchase_floors":[10,10,21,37,37],"current_hp_per_floor":[59,59,52,52,52,20,20,20,20,20,20,20,39,39,39,39,59,59,59,59,59,57,20,39,39,39,39,39,39,34,34,53,28,60,60,60,60,60,71,43,43,30,30,42,42,36,29,41,66,28,20],"gold":414,"neow_bonus":"BOSS_RELIC","is_daily":false,"chose_seed":false,"campfire_upgraded":3,"win_rate":0.0,"timestamp":1613883810,"path_taken":["M","M","?","?","M","E","R","?","T","?","M","M","R","E","R","BOSS","M","?","?","$","M","E","R","M","T","E","?","E","M","?","R","BOSS","M","?","$","M","?","E","R","E","T","?","?","E","?","M","R","BOSS","BOSS"],"items_purchased_type":["Card","Card","Card","Card","Relic"],"build_version":"2020-12-22","purchased_purges":3,"victory":true,"max_hp_per_floor":[66,66,66,66,66,66,66,66,66,66,66,66,66,66,66,66,66,66,66,66,66,66,66,66,66,66,66,66,66,66,66,66,71,71,71,71,71,71,85,85,85,85,85,85,85,85,85,85,85,85,85],"card_choices":[{"not_picked":["Escape Plan","Prepared"],"picked":"Flying Knee","floor":1.0},{"not_picked":["Sucker Punch","Slice"],"picked":"Dash","floor":2.0},{"not_picked":["Catalyst","Masterful Stab"],"picked":"Dagger Throw","floor":5.0},{"not_picked":["After Image","Slice"],"picked":"Choke","floor":6.0},{"not_picked":["Dagger Throw","Tactician"],"picked":"Dash","floor":11.0},{"not_picked":["Deflect","Flying Knee","Poisoned Stab"],"picked":"SKIP","floor":12.0},{"not_picked":["Concentrate","Burst"],"picked":"Underhanded Strike","floor":14.0},{"not_picked":["Grand Finale","Adrenaline"],"picked":"Corpse Explosion","floor":16.0},{"not_picked":["Deadly Poison","Catalyst","Acrobatics"],"picked":"SKIP","floor":18.0},{"not_picked":["Outmaneuver","Backstab","Cloak And Dagger"],"picked":"SKIP","floor":22.0},{"not_picked":["Heel Hook","Skewer"],"picked":"Eviscerate","floor":23.0},{"not_picked":["Concentrate","Underhanded Strike"],"picked":"Backflip","floor":25.0},{"not_picked":["Infinite Blades","Tactician"],"picked":"Dash","floor":27.0},{"not_picked":["Backflip","Reflex","Well Laid Plans"],"picked":"SKIP","floor":29.0},{"not_picked":["Acrobatics","Underhanded Strike"],"picked":"Riddle With Holes","floor":30.0},{"not_picked":["Outmaneuver","Sucker Punch+1"],"picked":"A Thousand Cuts","floor":31.0},{"not_picked":["Bane+1","PiercingWail"],"picked":"Dash+1","floor":32.0},{"not_picked":["Wraith Form v2","Unload+1"],"picked":"Bullet Time","floor":33.0},{"not_picked":["Infinite Blades+1","Escape Plan","Slice+1"],"picked":"SKIP","floor":35.0},{"not_picked":["Heel Hook+1","Jack Of All Trades"],"picked":"Headbutt+1","floor":38.0},{"not_picked":["Vengeance+1","CutThroughFate+1","Dramatic Entrance+1"],"picked":"SKIP","floor":40.0},{"not_picked":["Flying Knee+1","Combust","Sever Soul+1"],"picked":"SKIP","floor":42.0},{"not_picked":["Self Repair","Havoc","Panacea"],"picked":"SKIP","floor":44.0},{"not_picked":["Cleave+1","Study","FTL+1"],"picked":"SKIP","floor":46.0},{"not_picked":["Evaluate+1","Hologram"],"picked":"Creative AI","floor":48.0}],"player_experience":1101009,"relics_obtained":[{"floor":6.0,"key":"Pocketwatch"},{"floor":9.0,"key":"Old Coin"},{"floor":14.0,"key":"Mercury Hourglass"},{"floor":23.0,"key":"Meat on the Bone"},{"floor":26.0,"key":"Ancient Tea Set"},{"floor":27.0,"key":"Torii"},{"floor":29.0,"key":"Dream Catcher"},{"floor":31.0,"key":"Tough Bandages"},{"floor":31.0,"key":"Molten Egg 2"},{"floor":39.0,"key":"Mango"},{"floor":40.0,"key":"Lizard Tail"},{"floor":42.0,"key":"Du-Vu Doll"},{"floor":46.0,"key":"Bronze Scales"},{"floor":47.0,"key":"Ginger"}],"event_choices":[{"cards_removed":["Strike_G"],"damage_healed":0.0,"max_hp_gain":0.0,"max_hp_loss":0.0,"gold_gain":0.0,"event_name":"Golden Wing","player_choice":"Card Removal","floor":3.0,"gold_loss":0.0,"damage_taken":7.0},{"damage_healed":0.0,"max_hp_gain":0.0,"max_hp_loss":0.0,"gold_gain":0.0,"event_name":"Scrap Ooze","player_choice":"Fled","floor":4.0,"gold_loss":0.0,"damage_taken":0.0},{"damage_healed":0.0,"max_hp_gain":0.0,"max_hp_loss":0.0,"gold_gain":0.0,"event_name":"Dead Adventurer","player_choice":"Searched \u00270\u0027 times","floor":8.0,"gold_loss":0.0,"damage_taken":0.0},{"damage_healed":0.0,"max_hp_gain":0.0,"max_hp_loss":0.0,"gold_gain":0.0,"event_name":"The Mausoleum","player_choice":"Ignored","floor":19.0,"gold_loss":0.0,"damage_taken":0.0},{"cards_removed":["Strike_G"],"damage_healed":0.0,"max_hp_gain":0.0,"max_hp_loss":0.0,"gold_gain":0.0,"event_name":"Back to Basics","player_choice":"Elegance","floor":20.0,"gold_loss":0.0,"damage_taken":0.0},{"damage_healed":0.0,"max_hp_gain":0.0,"max_hp_loss":0.0,"gold_gain":0.0,"event_name":"Cursed Tome","player_choice":"Ignored","floor":28.0,"gold_loss":0.0,"damage_taken":0.0},{"damage_healed":0.0,"max_hp_gain":0.0,"max_hp_loss":0.0,"gold_gain":0.0,"event_name":"Colosseum","player_choice":"Fight","floor":31.0,"gold_loss":0.0,"damage_taken":0.0},{"damage_healed":0.0,"max_hp_gain":0.0,"max_hp_loss":0.0,"gold_gain":0.0,"event_name":"Colosseum","player_choice":"Fought Nobs","floor":31.0,"gold_loss":0.0,"damage_taken":0.0},{"damage_healed":0.0,"max_hp_gain":0.0,"max_hp_loss":0.0,"gold_gain":0.0,"event_name":"Tomb of Lord Red Mask","player_choice":"Ignored","floor":36.0,"gold_loss":0.0,"damage_taken":0.0},{"damage_healed":0.0,"max_hp_gain":0.0,"max_hp_loss":0.0,"gold_gain":0.0,"event_name":"MindBloom","player_choice":"Fight","floor":39.0,"gold_loss":0.0,"damage_taken":0.0},{"cards_removed":["Survivor"],"damage_healed":0.0,"max_hp_gain":0.0,"max_hp_loss":0.0,"gold_gain":0.0,"event_name":"Falling","player_choice":"Removed Skill","floor":45.0,"gold_loss":0.0,"damage_taken":0.0},{"damage_healed":0.0,"max_hp_gain":0.0,"max_hp_loss":0.0,"gold_gain":0.0,"event_name":"Mysterious Sphere","player_choice":"Fight","floor":47.0,"gold_loss":0.0,"damage_taken":0.0}],"is_beta":false,"boss_relics":[{"not_picked":["Runic Pyramid","WristBlade"],"picked":"Philosopher\u0027s Stone"},{"not_picked":["Cursed Key","Sozu"],"picked":"HoveringKite"}],"items_purged_floors":[10,21,37],"is_endless":false,"potions_floor_spawned":[5,11,12,14,16,18,23,25,31,33,35,39,40,44,48],"ascension_level":20}}