{"host":"qnonbmyem8gan59d","time":1613929628,"event":{"mods":["BaseMod","Colored Powertips","Downfall","Hermit","Minty Spire (QoL Compilation)","Replay The Spire","StSLib"],"gold_per_floor":[99,110,95,107,169,169,169,69,69,85,85,260,260,288,302,398,398,198,209,226,136,136,136,136,136,147,222,241,255,255,272,291,388,388,388,407,418,418,438,457,507,507,68,68,85,85,45,65,85,85,85,112,42,42,42,42,42],"floor_reached":55,"language":"ENG","playtime":5350,"items_purged":["Parasite"],"score":721,"play_id":"cf62895b-4b98-49f2-9666-bdce60e7f068","local_time":"20210221114708","is_ascension_mode":false,"campfire_choices":[{"data":"hexamod:Sear","floor":1.0,"key":"SMITH"},{"data":"hexamod:BurningTouch","floor":6.0,"key":"SMITH"},{"floor":8.0,"key":"RECALL"},{"data":"hexamod:ChargedBarrage","floor":9.0,"key":"SMITH"},{"data":"hexamod:BurningTouch","floor":11.0,"key":"SMITH"},{"data":"hexamod:GhostflameInferno","floor":18.0,"key":"SMITH"},{"data":"hexamod:SearingWound","floor":30.0,"key":"SMITH"},{"floor":42.0,"key":"REST"},{"data":"hexamod:Hexaguard","floor":44.0,"key":"SMITH"},{"data":"hexamod:DynamicBlow","floor":46.0,"key":"SMITH"},{"floor":54,"key":"REST"}],"circlet_count":0,"master_deck":["hexamod:Strike","hexamod:Strike","hexamod:Strike","hexamod:Strike","hexamod:Defend","hexamod:Defend","hexamod:Defend","hexamod:Defend","hexamod:Sear+1","hexamod:Float","hexamod:SpectersWail","hexamod:BurningTouch+1","hexamod:ChargedBarrage+1","hexamod:Hexaguard+1","hexamod:BurningTouch+1","hexamod:HeatMetal","hexamod:GhostflameInferno+1","hexamod:Firestarter+1","hexamod:PhantomFireball","hexamod:SearingWound+1","hexamod:ThermalTransfer+1","hexamod:DynamicBlow+1","hexamod:ChargedBarrage+1","hexamod:GhostShield+1","hexamod:ChargedBarrage+1","hexamod:SpectersWail","hexamod:GhostflameInferno+1","hexamod:GhostShield+1","hexamod:ThermalTransfer+1","hexamod:SoulSteal+1","Parasite","hexamod:Hexaguard+1","hexamod:HeatShield+1"],"relics":["hexamod:SpiritBrand","WingedGreaves","downfall:HeartBlessingBlue","ReplayTheSpireMod:Lightbulb","Honey Jar","downfall:HeartBlessingGreen","downfall:HeartBlessingRed","InkBottle","Thread and Needle","Toxic Egg 2","SlaversCollar","Art of War","Lizard Tail","Lee\u0027s Waffle","Pear"],"acts_visited":["Exordium","TheCity","TheBeyond","TheEnding"],"potions_floor_usage":[50,55],"damage_taken":[{"damage":2.0,"enemies":"2 Louse","floor":2.0,"turns":3.0},{"damage":0.0,"enemies":"downfall:FleeingMerchant","floor":3.0,"turns":4.0},{"damage":1.0,"enemies":"Jaw Worm","floor":4.0,"turns":3.0},{"damage":10.0,"enemies":"Gremlin Nob","floor":5.0,"turns":3.0},{"damage":5.0,"enemies":"Small Slimes","floor":10.0,"turns":3.0},{"damage":30.0,"enemies":"Lagavulin","floor":14.0,"turns":6.0},{"damage":8.0,"enemies":"3 Louse","floor":15.0,"turns":4.0},{"damage":40.0,"enemies":"WA_ARCHETYPE_RETAIN","floor":16.0,"turns":6.0},{"damage":1.0,"enemies":"Shell Parasite","floor":19.0,"turns":3.0},{"damage":0.0,"enemies":"Chosen","floor":20.0,"turns":3.0},{"damage":4.0,"enemies":"downfall:FleeingMerchant","floor":21.0,"turns":4.0},{"damage":0.0,"enemies":"Snecko","floor":26.0,"turns":3.0},{"damage":11.0,"enemies":"downfall:FleeingMerchant","floor":27.0,"turns":4.0},{"damage":0.0,"enemies":"3 Cultists","floor":28.0,"turns":5.0},{"damage":0.0,"enemies":"Snake Plant","floor":29.0,"turns":2.0},{"damage":2.0,"enemies":"Centurion and Healer","floor":31.0,"turns":5.0},{"damage":14.0,"enemies":"3 Cultists","floor":32.0,"turns":4.0},{"damage":30.0,"enemies":"SI_MIRROR_ARCHETYPE","floor":33.0,"turns":9.0},{"damage":10.0,"enemies":"3 Shapes","floor":36.0,"turns":4.0},{"damage":0.0,"enemies":"Orb Walker","floor":37.0,"turns":2.0},{"damage":9.0,"enemies":"Transient","floor":39.0,"turns":5.0},{"damage":23.0,"enemies":"Jaw Worm Horde","floor":40.0,"turns":5.0},{"damage":0.0,"enemies":"Spire Growth","floor":45.0,"turns":3.0},{"damage":0,"enemies":"Writhing Mass","floor":48,"turns":3},{"damage":18,"enemies":"4 Shapes","floor":49,"turns":3},{"damage":111,"enemies":"DF_ARCHETYPE_ORBS","floor":50,"turns":12},{"damage":87,"enemies":"downfall:CharBossMerchant","floor":52,"turns":6},{"damage":47,"enemies":"downfall:NeowBoss","floor":55,"turns":18}],"seed_played":"-8714744057140729830","potions_obtained":[{"floor":2.0,"key":"Fire Potion"},{"floor":5.0,"key":"Weak Potion"},{"floor":19.0,"key":"AttackPotion"},{"floor":28.0,"key":"Dexterity Potion"},{"floor":31.0,"key":"EssenceOfSteel"},{"floor":32.0,"key":"DuplicationPotion"},{"floor":33.0,"key":"Energy Potion"},{"floor":35.0,"key":"AttackPotion"},{"floor":35.0,"key":"GamblersBrew"},{"floor":39.0,"key":"FairyPotion"},{"floor":45.0,"key":"EssenceOfSteel"},{"floor":48,"key":"Dexterity Potion"}],"is_trial":false,"path_per_floor":["R","M","$","M","?","R","T","R","R","M","R","?","?","E","M","B",null,"R","M","M","$","?","T","T","?","M","$","M","M","R","M","M","B",null,"R","M","M","?","M","M","T","R","$","R","M","R","$","M","M","B",null,"E","$","R","B"],"character_chosen":"THE_SPIRIT","items_purchased":["Toxic Egg 2","Lizard Tail","Lee\u0027s Waffle","hexamod:SoulSteal+1","hexamod:HeatShield+1"],"campfire_rested":2,"item_purchase_floors":[27,43,43,47,53],"current_hp_per_floor":[77,75,75,74,64,64,64,74,74,69,69,69,87,57,49,9,87,87,86,86,82,82,82,82,82,82,71,71,71,71,69,55,25,84,84,74,74,74,65,42,42,67,91,91,91,91,91,91,73,45,91,14,14,44,0,0,0],"gold":42,"neow_bonus":"TEN_PERCENT_HP_BONUS","is_daily":false,"chose_seed":false,"campfire_upgraded":8,"win_rate":0.0,"timestamp":1613929628,"path_taken":["R","M","$","M","?","R","T","R","R","M","R","?","?","E","M","BOSS","R","M","M","$","?","?","T","?","M","$","M","M","R","M","M","BOSS","R","M","M","?","?","M","T","R","$","R","M","R","?","M","M","BOSS","E","$","R","BOSS"],"items_purchased_type":["Relic","Relic","Relic","Card","Card"],"build_version":"2020-12-22","purchased_purges":1,"victory":false,"max_hp_per_floor":[77,77,77,77,77,77,77,87,87,87,87,87,87,87,87,87,87,87,87,87,84,84,84,84,84,84,84,84,84,84,84,84,84,84,84,84,84,84,84,84,84,84,91,91,91,91,91,91,91,91,91,101,101,101,101,101,101],"card_choices":[{"not_picked":["hexamod:FastForward","hexamod:Hexaguard"],"picked":"hexamod:SpectersWail","floor":2.0},{"not_picked":["hexamod:HeatCrush","hexamod:Firestarter"],"picked":"hexamod:BurningTouch","floor":3.0},{"not_picked":["hexamod:CatchUp","hexamod:DynamicBlow"],"picked":"hexamod:ChargedBarrage","floor":4.0},{"not_picked":["hexamod:InspiringFlames","hexamod:ShieldOfDarkness"],"picked":"hexamod:Hexaguard","floor":5.0},{"not_picked":["hexamod:SwordOfDarkness","hexamod:FastForward"],"picked":"hexamod:BurningTouch","floor":10.0},{"not_picked":["hexamod:GhostflameInferno","hexamod:FastForward"],"picked":"hexamod:HeatMetal","floor":14.0},{"not_picked":["hexamod:FastForward","hexamod:Haunt","hexamod:NightmareStrike"],"picked":"SKIP","floor":15.0},{"not_picked":["hexamod:ParanormalForm","hexamod:ForkedFlame"],"picked":"hexamod:GhostflameInferno","floor":16.0},{"not_picked":["hexamod:FastForward","hexamod:NightmareStrike","hexamod:BacktrackSmack"],"picked":"hexamod:Firestarter+1","floor":19.0},{"not_picked":["hexamod:Hexaguard","hexamod:HeatCrush","hexamod:InspiringFlames"],"picked":"hexamod:PhantomFireball","floor":20.0},{"not_picked":["hexamod:ShieldOfDarkness+1","hexamod:NightmareGuise","hexamod:HeatShield"],"picked":"hexamod:SearingWound","floor":21.0},{"not_picked":["hexamod:FourthSeal","hexamod:SwordOfDarkness+1","hexamod:Incineration"],"picked":"hexamod:ThermalTransfer+1","floor":26.0},{"not_picked":["hexamod:FirstSeal","hexamod:RainOfEmbers","hexamod:SpectersWail"],"picked":"hexamod:DynamicBlow","floor":27.0},{"not_picked":["hexamod:SkipABeat+1","hexamod:WildfireWeapon","hexamod:HauntingEcho+1"],"picked":"hexamod:ChargedBarrage+1","floor":28.0},{"not_picked":["hexamod:HeatMetal","hexamod:FastForward+1","hexamod:NightmareGuise+1"],"picked":"hexamod:GhostShield+1","floor":29.0},{"not_picked":["hexamod:Firestarter","hexamod:ShieldOfDarkness+1","hexamod:GhostOfSpireFuture"],"picked":"hexamod:ChargedBarrage+1","floor":31.0},{"not_picked":["hexamod:InspiringFlames+1","hexamod:NightmareGuise+1","hexamod:NightmareStrike+1"],"picked":"hexamod:SpectersWail","floor":32.0},{"not_picked":["hexamod:GhostOfSpirePresent","hexamod:FifthSeal","hexamod:UnlimitedPower+1"],"picked":"hexamod:GhostflameInferno+1","floor":33.0},{"not_picked":["hexamod:GhostLash","hexamod:InspiringFlames+1","hexamod:NightmareGuise+1","hexamod:HauntingEcho+1"],"picked":"SKIP","floor":36.0},{"not_picked":["hexamod:SixthSeal","hexamod:BacktrackSmack+1","hexamod:FastForward+1","hexamod:ShieldOfDarkness+1"],"picked":"SKIP","floor":37.0},{"not_picked":["hexamod:GhostOfSpirePast","hexamod:SkipABeat+1","hexamod:InspiringFlames+1","hexamod:ShieldOfDarkness+1"],"picked":"SKIP","floor":39.0},{"not_picked":["hexamod:GhostOfSpirePast","hexamod:SwordOfDarkness+1","hexamod:Again+1"],"picked":"hexamod:GhostShield+1","floor":40.0},{"not_picked":["hexamod:GhostShield+1","hexamod:Firestarter","hexamod:HauntingEcho"],"picked":"hexamod:ThermalTransfer+1","floor":45.0},{"not_picked":["hexamod:BacktrackSmack+1","hexamod:SpectersWail+1","hexamod:RecurringNightmare+1"],"picked":"hexamod:Hexaguard+1","floor":48},{"not_picked":["hexamod:HeatShield+1","hexamod:SpectersWail+1","hexamod:FifthSeal","hexamod:InspiringFlames+1"],"picked":"SKIP","floor":49},{"not_picked":["hexamod:HeatMetal","hexamod:BacktrackSmack+1","hexamod:GhostLash","hexamod:NightmareGuise+1"],"picked":"SKIP","floor":52}],"player_experience":110891,"relics_obtained":[{"floor":5.0,"key":"WingedGreaves"},{"floor":14.0,"key":"ReplayTheSpireMod:Lightbulb"},{"floor":23.0,"key":"InkBottle"},{"floor":24.0,"key":"Thread and Needle"},{"floor":41.0,"key":"Art of War"},{"floor":52,"key":"Pear"}],"event_choices":[{"damage_healed":21.0,"max_hp_gain":0.0,"max_hp_loss":0.0,"gold_gain":0.0,"event_name":"Mushrooms","player_choice":"Healed and dodged fight","floor":13.0,"gold_loss":0.0,"damage_taken":0.0,"cards_obtained":["Parasite"]}],"is_beta":false,"boss_relics":[{"not_picked":["Replay:Wanted Poster","Sozu"],"picked":"Honey Jar"},{"not_picked":["Painkiller Herb","Replay:Grab Bag"],"picked":"SlaversCollar"}],"items_purged_floors":[21],"is_endless":false,"potions_floor_spawned":[2,5,19,28,31,32,33,39,45,48],"killed_by":"downfall:NeowBoss","ascension_level":0}}