{"host":"9pdg8buogrkk8pz5","time":1613879555,"event":{"mods":["AchievementEnabler","Act Like it!","Bard","BaseMod","ChefMod","Dark Map","Downfall","Minty Spire (QoL Compilation)","Potionbrewer","StSLib","The Bug Knight","The Cursed","The Disciple","The Forsaken","The Marked","The Runesmith","The Showman","The Spell Scribe","TheVacant"],"gold_per_floor":[110,110,126,126,141,141,159,173,173,188,188,188,32,45,45,169,169,193,212,212,212,312,355,355,371,416,441,441,462,478,478,478],"floor_reached":31,"language":"ENG","playtime":2334,"items_purged":[],"score":276,"play_id":"0ed4af4e-63b8-412a-8c7c-4f4fd54cae9f","local_time":"20210220225235","is_ascension_mode":false,"campfire_choices":[{"data":"theVacant:Release","floor":6,"key":"SMITH"},{"data":"theVacant:Throttle","floor":15,"key":"SMITH"},{"floor":24,"key":"REST"}],"circlet_count":0,"master_deck":["theVacant:VacantStarterStrike","theVacant:VacantStarterStrike","theVacant:VacantStarterStrike","theVacant:VacantStarterStrike","theVacant:VacantStarterDefend","theVacant:VacantStarterDefend","theVacant:VacantStarterDefend","theVacant:VacantStarterDefend","theVacant:Release+1","theVacant:Crunch","theVacant:Throttle+1","Injury","theVacant:Jab","theVacant:FranticBlow","theVacant:GraveDigger","theVacant:Barrage","theVacant:Sneeze","theVacant:Exorcise","theVacant:FiendFrost","theVacant:ShriekingBlast+1","theVacant:Whip","theVacant:CursedBlast","theVacant:SurpriseAttack","theVacant:Throttle","theVacant:Enrage","theVacant:BrassMagnet"],"relics":["theVacant:BrassGoblet","Golden Idol","Matryoshka","Lee\u0027s Waffle","Sozu","MutagenicStrength","Darkstone Periapt","Vajra","Art of War","Smiling Mask","MealTicket"],"acts_visited":["Exordium","TheCity"],"potions_floor_usage":[16,16,16],"damage_taken":[{"damage":5,"enemies":"2 Louse","floor":1,"turns":3},{"damage":0,"enemies":"Jaw Worm","floor":3,"turns":2},{"damage":6,"enemies":"Cultist","floor":5,"turns":3},{"damage":9,"enemies":"Gremlin Gang","floor":7,"turns":4},{"damage":0,"enemies":"Blue Slaver","floor":8,"turns":3},{"damage":0,"enemies":"Looter","floor":10,"turns":2},{"damage":0,"enemies":"Exordium Wildlife","floor":14,"turns":4},{"damage":67,"enemies":"The Guardian","floor":16,"turns":10},{"damage":8,"enemies":"Shell Parasite","floor":18,"turns":3},{"damage":0,"enemies":"Chosen","floor":19,"turns":3},{"damage":12,"enemies":"Gremlin Leader","floor":23,"turns":3},{"damage":24,"enemies":"3 Cultists","floor":25,"turns":5},{"damage":22,"enemies":"Centurion and Healer","floor":27,"turns":3},{"damage":16,"enemies":"Snake Plant","floor":29,"turns":3},{"damage":31,"enemies":"Chosen and Byrds","floor":30,"turns":5},{"damage":7,"enemies":"Slavers","floor":31,"turns":1}],"seed_played":"-4657934040006290341","potions_obtained":[{"floor":4,"key":"SneckoOil"},{"floor":4,"key":"Regen Potion"},{"floor":4,"key":"LiquidBronze"},{"floor":5,"key":"Fire Potion"},{"floor":8,"key":"LiquidMemories"}],"is_trial":false,"path_per_floor":["M","?","M","?","M","R","M","M","T","M","?","?","$","M","R","B",null,"M","M","?","?","?","E","R","M","T","M","T","M","M","E"],"character_chosen":"THE_VACANT","items_purchased":["Lee\u0027s Waffle"],"campfire_rested":1,"item_purchase_floors":[13],"current_hp_per_floor":[83,83,83,83,77,77,68,68,68,68,73,73,100,100,100,46,100,92,92,92,92,92,80,100,76,76,54,54,38,7,0,0],"gold":478,"neow_bonus":"TEN_PERCENT_HP_BONUS","is_daily":false,"chose_seed":false,"campfire_upgraded":2,"win_rate":0.0,"timestamp":1613879555,"path_taken":["M","?","M","?","?","R","?","M","T","M","?","?","?","M","R","BOSS","M","M","?","?","?","E","R","M","T","?","?","M","M","E"],"items_purchased_type":["Relic"],"build_version":"2020-12-22","purchased_purges":0,"victory":false,"max_hp_per_floor":[88,88,88,88,88,88,88,88,88,88,93,93,100,100,100,100,100,100,100,100,100,100,100,100,100,100,100,100,100,100,100,100],"card_choices":[{"not_picked":["theVacant:Enrage","theVacant:GraveDigger"],"picked":"theVacant:Throttle","floor":1},{"not_picked":["theVacant:Threat","theVacant:Cower"],"picked":"theVacant:Jab","floor":3},{"not_picked":["theVacant:OnSecondThought","theVacant:HolyWater"],"picked":"theVacant:FranticBlow","floor":5},{"not_picked":["theVacant:OnSecondThought","theVacant:BattleScars"],"picked":"theVacant:GraveDigger","floor":7},{"not_picked":["theVacant:Hex","theVacant:FranticBlow"],"picked":"theVacant:Barrage","floor":8},{"not_picked":["theVacant:EyePoke","theVacant:Fling"],"picked":"theVacant:Sneeze","floor":10},{"not_picked":["theVacant:ShriekingBlast","theVacant:GraveDigger"],"picked":"theVacant:Exorcise","floor":14},{"not_picked":["theVacant:FromNothing","theVacant:Exorcise"],"picked":"theVacant:FiendFrost","floor":16},{"not_picked":["theVacant:FranticBlow","theVacant:Soothe+1"],"picked":"theVacant:ShriekingBlast+1","floor":18},{"not_picked":["theVacant:BellToll","theVacant:VoidEmbrace+1"],"picked":"theVacant:Whip","floor":19},{"not_picked":["theVacant:FranticBlow","theVacant:Thoughtseize"],"picked":"theVacant:CursedBlast","floor":23},{"not_picked":["theVacant:Barrage+1","theVacant:LichStrike"],"picked":"theVacant:SurpriseAttack","floor":25},{"not_picked":["theVacant:ShriekingBlast","theVacant:Exorcise"],"picked":"theVacant:Throttle","floor":27},{"not_picked":["theVacant:VoidEmbrace+1","theVacant:Barrage+1"],"picked":"theVacant:Enrage","floor":29},{"not_picked":["theVacant:CursedBlast+1","theVacant:Hex"],"picked":"theVacant:BrassMagnet","floor":30}],"player_experience":90394,"relics_obtained":[{"floor":9,"key":"Matryoshka"},{"floor":23,"key":"Darkstone Periapt"},{"floor":26,"key":"Vajra"},{"floor":26,"key":"Art of War"},{"floor":28,"key":"Smiling Mask"},{"floor":28,"key":"MealTicket"}],"event_choices":[{"damage_healed":0,"gold_gain":0,"player_choice":"Take Wound","damage_taken":0,"relics_obtained":["Golden Idol"],"max_hp_gain":0,"max_hp_loss":0,"event_name":"Golden Idol","floor":2,"gold_loss":0,"cards_obtained":["Injury"]},{"damage_healed":0,"gold_gain":0,"player_choice":"Got Potions","damage_taken":0,"max_hp_gain":0,"max_hp_loss":0,"event_name":"Lab","floor":4,"gold_loss":0},{"damage_healed":0,"gold_gain":0,"player_choice":"Donut","damage_taken":0,"max_hp_gain":5,"max_hp_loss":0,"event_name":"Big Fish","floor":11,"gold_loss":0},{"damage_healed":0,"gold_gain":0,"player_choice":"Ignored","damage_taken":0,"max_hp_gain":0,"max_hp_loss":0,"event_name":"Liars Game","floor":12,"gold_loss":0},{"damage_healed":0,"gold_gain":0,"player_choice":"Inject Mutagens","damage_taken":0,"relics_obtained":["MutagenicStrength"],"max_hp_gain":0,"max_hp_loss":0,"event_name":"Drug Dealer","floor":20,"gold_loss":0},{"damage_healed":0,"gold_gain":100,"player_choice":"Pray","damage_taken":0,"max_hp_gain":0,"max_hp_loss":0,"event_name":"Golden Shrine","floor":22,"gold_loss":0}],"is_beta":false,"boss_relics":[{"not_picked":["Runesmith:UraniumAnvil","Coffee Dripper"],"picked":"Sozu"}],"items_purged_floors":[],"is_endless":false,"potions_floor_spawned":[5,7,8,23,27,29],"killed_by":"Slavers","ascension_level":0}}