{"host":"xgo7i0560n9mwvr8","time":1613938019,"event":{"mods":["BaseMod","Colored Map","Downfall","Minty Spire (QoL Compilation)","Permanent Neow","StSLib"],"gold_per_floor":[99,116,116,130,230,230,230,255,270,352,369,396,296,307,318,414,414,314,327,346,346,363,397,397,297,314,333,364,20,40,66,81,181,181,181,200,200,300,320,51,75,90,125,136,162,162,162,7,26,26,26,53,2,2,2,2,2],"floor_reached":55,"language":"ENG","playtime":7668,"items_purged":["Slimebound:Strike_Slimebound","Slimebound:Grow"],"score":960,"play_id":"782d3bd2-61a1-4c88-b6bd-cc42ec3ca2a5","local_time":"20210221150659","is_ascension_mode":true,"campfire_choices":[{"data":"Blind","floor":1.0,"key":"SMITH"},{"floor":13.0,"key":"RECALL"},{"data":"Slimebound:Split","floor":18.0,"key":"SMITH"},{"floor":25.0,"key":"REST"},{"data":"Slimebound:SelfFormingGoo","floor":35.0,"key":"SMITH"},{"floor":47.0,"key":"REST"},{"floor":54,"key":"REST"}],"circlet_count":0,"master_deck":["Slimebound:Tackle","Slimebound:Split+1","Slimebound:CorrosiveSpit","Blind+1","Slimebound:SplitAcid","Slimebound:Replication","Slimebound:GoopSpray","Slimebound:Prepare","Slimebound:DivideAndConquer","Slimebound:ServeAndProtect","Slimebound:ForwardTackle+1","Slimebound:SplitBruiser","Slimebound:Prepare","Slimebound:Overexert","Slimebound:Equalize+1","Slimebound:RejuvenatingLick","Slimebound:LivingWall","Slimebound:Equalize","Slimebound:FinishingTackle+1","Slimebound:SplitAcid+1","Slimebound:MassFeed","Slimebound:SplitMire+1","expansioncontent:QuickStudy","Slimebound:Prepare","Slimebound:Grow","Slimebound:FinishingTackle+1","Slimebound:SelfFormingGoo+1","Slimebound:Gluttony","Slimebound:MegaLick","Slimebound:ComboTackle","Slimebound:GoopSpray","Slimebound:MassFeed","Slimebound:SlimeTap+1","expansioncontent:Hexaburn","expansioncontent:LastStand","Slimebound:Replication","Slimebound:Split","Slimebound:LeechingTouch","Slimebound:MegaLick","Slimebound:DouseInSlime","Bandage Up","Injury","Slimebound:Repurpose","Slimebound:SplitSpecialist+1","Slimebound:RainOfGoop+1","Slimebound:LivingWall","Slimebound:SelfFormingGoo","Slimebound:Equalize","Slimebound:SplitLeeching","Slimebound:SplitLeeching","Slimebound:SplitLeeching"],"relics":["Slimebound:AbsorbEndCombat","Slimebound:AggressiveSlimeRelic","Nunchaku","StoneCalendar","downfall:HeartBlessingBlue","Black Star","downfall:HeartBlessingRed","Whetstone","Question Card","Potion Belt","downfall:HeartBlessingGreen","Vajra","Orichalcum","PreservedInsect","Lantern","Pandora\u0027s Box","downfall:GremlinSack","Cauldron","Oddly Smooth Stone","Happy Flower","Strawberry","Singing Bowl","Art of War","CaptainsWheel","Blood Vial"],"acts_visited":["Exordium","TheCity","TheBeyond","TheEnding"],"potions_floor_usage":[55],"damage_taken":[{"damage":4.0,"enemies":"Jaw Worm","floor":2.0,"turns":3.0},{"damage":9.0,"enemies":"Small Slimes","floor":4.0,"turns":4.0},{"damage":0.0,"enemies":"Cultist","floor":6.0,"turns":1.0},{"damage":15.0,"enemies":"Lagavulin","floor":8.0,"turns":6.0},{"damage":5.0,"enemies":"Exordium Wildlife","floor":9.0,"turns":4.0},{"damage":0.0,"enemies":"2 Fungi Beasts","floor":11.0,"turns":3.0},{"damage":14.0,"enemies":"Gremlin Nob","floor":12.0,"turns":4.0},{"damage":3.0,"enemies":"Lots of Slimes","floor":14.0,"turns":4.0},{"damage":4.0,"enemies":"3 Louse","floor":15.0,"turns":2.0},{"damage":0.0,"enemies":"SI_SHIV_ARCHETYPE","floor":16.0,"turns":7.0},{"damage":12.0,"enemies":"3 Byrds","floor":19.0,"turns":4.0},{"damage":8.0,"enemies":"Shell Parasite","floor":20.0,"turns":4.0},{"damage":4.0,"enemies":"Cultist and Chosen","floor":22.0,"turns":7.0},{"damage":83.0,"enemies":"Gremlin Leader","floor":23.0,"turns":6.0},{"damage":15.0,"enemies":"Centurion and Healer","floor":26.0,"turns":6.0},{"damage":0.0,"enemies":"Snecko","floor":27.0,"turns":4.0},{"damage":15.0,"enemies":"Slavers","floor":28.0,"turns":7.0},{"damage":3.0,"enemies":"downfall:FleeingMerchant","floor":29.0,"turns":4.0},{"damage":11.0,"enemies":"Shelled Parasite and Fungi","floor":30.0,"turns":4.0},{"damage":14.0,"enemies":"Book of Stabbing","floor":31.0,"turns":4.0},{"damage":0.0,"enemies":"Cultist and Chosen","floor":32.0,"turns":4.0},{"damage":84.0,"enemies":"DF_ARCHETYPE_CLAW","floor":33.0,"turns":8.0},{"damage":1.0,"enemies":"Orb Walker","floor":36.0,"turns":3.0},{"damage":6.0,"enemies":"Orb Walker","floor":38.0,"turns":2.0},{"damage":3.0,"enemies":"3 Shapes","floor":39.0,"turns":4.0},{"damage":10.0,"enemies":"downfall:FleeingMerchant","floor":40.0,"turns":4.0},{"damage":31.0,"enemies":"Sphere and 2 Shapes","floor":42.0,"turns":4.0},{"damage":6.0,"enemies":"downfall:FleeingMerchant","floor":43.0,"turns":3.0},{"damage":35.0,"enemies":"Transient","floor":44.0,"turns":5.0},{"damage":16.0,"enemies":"Giant Head","floor":45.0,"turns":6.0},{"damage":12.0,"enemies":"Giant Head","floor":46.0,"turns":4.0},{"damage":27.0,"enemies":"Spire Growth","floor":49.0,"turns":4.0},{"damage":33.0,"enemies":"IC_BLOCK_ARCHETYPE","floor":50.0,"turns":7.0},{"damage":47,"enemies":"downfall:CharBossMerchant","floor":52,"turns":7},{"damage":204,"enemies":"downfall:NeowBoss","floor":55,"turns":23}],"seed_played":"4444192182180204299","potions_obtained":[{"floor":8.0,"key":"Slimebound:SpawnSlimePotion"},{"floor":11.0,"key":"Dexterity Potion"},{"floor":12.0,"key":"Weak Potion"},{"floor":14.0,"key":"hexamod:SoulburnPotion"},{"floor":16.0,"key":"Ancient Potion"},{"floor":23.0,"key":"SpeedPotion"},{"floor":26.0,"key":"Dexterity Potion"},{"floor":27.0,"key":"GamblersBrew"},{"floor":28.0,"key":"Fruit Juice"},{"floor":30.0,"key":"Block Potion"},{"floor":36.0,"key":"Slimebound:SlimedPotion"},{"floor":39.0,"key":"Energy Potion"},{"floor":40.0,"key":"Fire Potion"},{"floor":40.0,"key":"PowerPotion"},{"floor":40.0,"key":"CultistPotion"},{"floor":40.0,"key":"SpeedPotion"},{"floor":40.0,"key":"Dexterity Potion"},{"floor":45.0,"key":"FairyPotion"},{"floor":46.0,"key":"Fire Potion"},{"floor":49.0,"key":"PowerPotion"},{"floor":52,"key":"Strength Potion"}],"is_trial":false,"path_per_floor":["R","M","?","M","?","M","T","E","M","T","M","E","R","M","M","B",null,"R","M","M","?","M","E","T","R","M","M","E","$","M","E","M","B",null,"R","M","?","?","M","$","T","M","?","M","E","?","R","$","M","B",null,"E","$","R","B"],"character_chosen":"SLIMEBOUND","items_purchased":["expansioncontent:QuickStudy","Slimebound:Prepare","Slimebound:Grow","Cauldron","CultistPotion","Happy Flower","Dexterity Potion","Art of War","Slimebound:SplitLeeching"],"campfire_rested":3,"item_purchase_floors":[29,29,29,40,40,43,43,48,53],"current_hp_per_floor":[65,64,64,59,59,59,59,52,51,51,55,47,57,62,58,64,75,75,67,59,59,73,10,10,32,45,67,72,75,72,62,75,28,80,80,79,74,70,77,80,80,63,59,40,49,60,87,87,78,73,90,61,61,88,0,0,0],"gold":2,"neow_bonus":"RANDOM_COLORLESS","is_daily":false,"chose_seed":false,"campfire_upgraded":3,"win_rate":0.0,"timestamp":1613938019,"path_taken":["R","M","?","M","?","M","T","E","M","?","M","E","R","M","M","BOSS","R","M","M","?","M","E","T","R","M","M","E","$","M","E","M","BOSS","R","M","?","?","M","$","T","?","?","M","E","?","R","$","M","BOSS","E","$","R","BOSS"],"items_purchased_type":["Card","Card","Card","Relic","Potion","Relic","Potion","Relic","Card"],"build_version":"2020-12-22","purchased_purges":2,"victory":false,"max_hp_per_floor":[65,65,65,65,65,65,65,65,65,65,65,65,75,75,75,75,75,75,75,75,75,75,75,75,75,75,75,75,75,75,75,75,80,80,80,80,80,80,80,80,80,80,80,80,87,90,90,90,90,90,90,90,90,90,90,90,90],"card_choices":[{"not_picked":["Swift Strike","Madness"],"picked":"Blind","floor":0.0},{"not_picked":["Slimebound:SamplingLick","Slimebound:ComboTackle"],"picked":"Slimebound:SplitAcid","floor":2.0},{"not_picked":["Slimebound:SplitSpecialist","Slimebound:SamplingLick"],"picked":"Slimebound:Replication","floor":4.0},{"not_picked":["Slimebound:Schlurp","Slimebound:Replication"],"picked":"Slimebound:GoopSpray","floor":6.0},{"not_picked":["Slimebound:LeechEnergy","Slimebound:Replication"],"picked":"Slimebound:Prepare","floor":8.0},{"not_picked":["Slimebound:SplitBruiser","Slimebound:SlimeSpikes"],"picked":"Slimebound:DivideAndConquer","floor":9.0},{"not_picked":["Slimebound:RollThrough","Slimebound:ComboTackle"],"picked":"Slimebound:ServeAndProtect","floor":11.0},{"not_picked":["Slimebound:SpikyOuterGoop","Slimebound:RollThrough"],"picked":"Slimebound:ForwardTackle","floor":12.0},{"not_picked":["Slimebound:Chomp","Slimebound:Gluttony"],"picked":"Slimebound:SplitBruiser","floor":14.0},{"not_picked":["Slimebound:Dissolve","Slimebound:Gluttony"],"picked":"Slimebound:Prepare","floor":15.0},{"not_picked":["Slimebound:FirmFortitude","Slimebound:TagTeam"],"picked":"Slimebound:Overexert","floor":16.0},{"not_picked":["Slimebound:LeechEnergy+1","Slimebound:TongueLash+1"],"picked":"Slimebound:Equalize+1","floor":19.0},{"not_picked":["Slimebound:FinishingTackle","Slimebound:FormOfPuddle"],"picked":"Slimebound:RejuvenatingLick","floor":20.0},{"not_picked":["Slimebound:Gluttony","Slimebound:FinishingTackle"],"picked":"Slimebound:LivingWall","floor":22.0},{"not_picked":["Slimebound:SamplingLick","Slimebound:Replication"],"picked":"Slimebound:Equalize","floor":23.0},{"not_picked":["Slimebound:DisruptingSlam","Slimebound:PressTheAttack","Slimebound:DivideAndConquer"],"picked":"Slimebound:FinishingTackle+1","floor":26.0},{"not_picked":["Slimebound:SamplingLick","Slimebound:Schlurp","Slimebound:SplitBruiser"],"picked":"Slimebound:SplitAcid+1","floor":27.0},{"not_picked":["Slimebound:LevelUp","Slimebound:Prepare+1","Slimebound:Schlurp"],"picked":"Slimebound:MassFeed","floor":28.0},{"not_picked":["Slimebound:ItLooksTasty","Slimebound:Prepare","Slimebound:LivingWall"],"picked":"Slimebound:SplitMire+1","floor":29.0},{"not_picked":["Slimebound:SlimeSpikes","Slimebound:LeechingTouch","Slimebound:LeadByExample","Slimebound:SamplingLick"],"picked":"SKIP","floor":30.0},{"not_picked":["Slimebound:LeechEnergy","Slimebound:LeechingTouch","Slimebound:ComboTackle","Slimebound:Schlurp"],"picked":"SKIP","floor":31.0},{"not_picked":["Slimebound:SamplingLick","Slimebound:SlimeBarrage","Slimebound:LeechingTouch"],"picked":"Slimebound:FinishingTackle+1","floor":32.0},{"not_picked":["Slimebound:CheckThePlaybook","Slimebound:PrepareCrush","Slimebound:DouseInSlime"],"picked":"Slimebound:SelfFormingGoo","floor":33.0},{"not_picked":["Slimebound:Prepare","Slimebound:LeechingTouch+1","Slimebound:MegaLick+1"],"picked":"Slimebound:SlimeTap+1","floor":36.0},{"not_picked":["expansioncontent:GuardianWhirl","expansioncontent:Chronoboost"],"picked":"expansioncontent:Hexaburn","floor":37.0},{"not_picked":["expansioncontent:InvincibleStrength","expansioncontent:GuardianWhirl"],"picked":"expansioncontent:LastStand","floor":37.0},{"not_picked":["Slimebound:ItLooksTasty","Slimebound:PressTheAttack","Slimebound:SlimeBrawl"],"picked":"Slimebound:Replication","floor":38.0},{"not_picked":["Slimebound:GoopTackle","Slimebound:LeechEnergy+1","Slimebound:ComboTackle+1"],"picked":"Slimebound:Repurpose","floor":39.0},{"not_picked":["Slimebound:ItLooksTasty+1","Slimebound:RollThrough","Slimebound:Dissolve+1"],"picked":"Slimebound:SplitSpecialist+1","floor":40.0},{"not_picked":["Slimebound:PressTheAttack","Slimebound:ComboTackle+1","Slimebound:Dissolve+1"],"picked":"Slimebound:RainOfGoop+1","floor":42.0},{"not_picked":["Slimebound:ItLooksTasty+1","Slimebound:Schlurp","Slimebound:PressTheAttack"],"picked":"Slimebound:LivingWall","floor":43.0},{"not_picked":["Slimebound:DisruptingSlam","Slimebound:DivideAndConquer+1","Slimebound:Schlurp+1","Slimebound:SlimeBarrage+1"],"picked":"SKIP","floor":44.0},{"not_picked":["Slimebound:GoopTackle+1","Slimebound:Schlurp","Slimebound:MegaLick"],"picked":"Slimebound:SelfFormingGoo","floor":45.0},{"not_picked":["Slimebound:FinishingTackle","Slimebound:ServeAndProtect","Slimebound:LeechingTouch+1"],"picked":"Slimebound:Equalize","floor":46.0},{"not_picked":["Slimebound:HauntingLick","Slimebound:FinishingTackle+1","Slimebound:RollThrough+1"],"picked":"Slimebound:SplitLeeching","floor":49.0},{"not_picked":["Slimebound:Overexert","Slimebound:ItLooksTasty+1","Slimebound:Schlurp"],"picked":"Slimebound:SplitLeeching","floor":52}],"player_experience":1071404,"relics_obtained":[{"floor":7.0,"key":"Slimebound:AggressiveSlimeRelic"},{"floor":8.0,"key":"Nunchaku"},{"floor":12.0,"key":"StoneCalendar"},{"floor":23.0,"key":"Whetstone"},{"floor":23.0,"key":"Question Card"},{"floor":24.0,"key":"Potion Belt"},{"floor":28.0,"key":"Vajra"},{"floor":28.0,"key":"Orichalcum"},{"floor":31.0,"key":"PreservedInsect"},{"floor":31.0,"key":"Lantern"},{"floor":38.0,"key":"downfall:GremlinSack"},{"floor":41.0,"key":"Oddly Smooth Stone"},{"floor":45.0,"key":"Strawberry"},{"floor":45.0,"key":"Singing Bowl"},{"floor":52,"key":"CaptainsWheel"},{"floor":52,"key":"Blood Vial"}],"event_choices":[{"damage_healed":0.0,"max_hp_gain":0.0,"max_hp_loss":0.0,"gold_gain":0.0,"event_name":"Vampires","player_choice":"Ignored","floor":21.0,"gold_loss":0.0,"damage_taken":0.0}],"is_beta":false,"boss_relics":[{"not_picked":["Slimebound:TarBlob","Velvet Choker"],"picked":"Black Star"},{"not_picked":["Coffee Dripper","bronze:MakeshiftBattery"],"picked":"Pandora\u0027s Box"}],"items_purged_floors":[29,43],"is_endless":false,"potions_floor_spawned":[8,11,12,14,16,23,26,27,28,30,36,39,45,46,49,52],"killed_by":"downfall:NeowBoss","ascension_level":1}}