{"host":"5bsc0nab6whpyrbj","time":1613869965,"event":{"mods":["BaseMod","Highlight Path","Minty Spire (QoL Compilation)"],"gold_per_floor":[118,118,136,136,152,185,185,196,247,281,456,384,384,73,73,171,171,181,199,114,114,114,114,64,64,64,64,82,95,194,194,194,295,345,358,59,59,59,72,72,72,84,108,61,78,95,95,95,95,95,95],"floor_reached":50,"language":"ENG","playtime":1519,"items_purged":["Doubt"],"score":521,"play_id":"300d298e-fa79-4482-a884-3e09ab550cf2","local_time":"20210220201245","is_ascension_mode":false,"campfire_choices":[{"floor":7.0,"key":"REST"},{"floor":15.0,"key":"REST"},{"data":"Infinite Blades","floor":23.0,"key":"SMITH"},{"data":"Accuracy","floor":25.0,"key":"SMITH"},{"data":"Accuracy","floor":27.0,"key":"SMITH"},{"floor":32.0,"key":"REST"},{"floor":40.0,"key":"REST"},{"floor":49.0,"key":"REST"}],"circlet_count":0,"master_deck":["Strike_G","Strike_G+1","Strike_G","Strike_G+1","Strike_G","Defend_G","Defend_G","Defend_G","Defend_G","Survivor","Poisoned Stab+1","Infinite Blades+1","Storm of Steel","Blade Dance","Dagger Spray+1","Accuracy+1","Accuracy+1","Cloak And Dagger","A Thousand Cuts","Accuracy","Tools of the Trade","A Thousand Cuts","Blade Dance","Infinite Blades","HandOfGreed","Slice","Slice","Deflect"],"relics":["Ring of the Snake","Juzu Bracelet","Ninja Scroll","PreservedInsect","Centennial Puzzle","Strawberry","WristBlade","Mango","Ornamental Fan","InkBottle","Tiny House","Sling","Blood Vial","Whetstone"],"acts_visited":["Exordium","TheCity","TheBeyond"],"potions_floor_usage":[50,50,50],"damage_taken":[{"damage":0.0,"enemies":"Small Slimes","floor":1.0,"turns":3.0},{"damage":6.0,"enemies":"Cultist","floor":3.0,"turns":4.0},{"damage":0.0,"enemies":"Jaw Worm","floor":5.0,"turns":3.0},{"damage":18.0,"enemies":"Gremlin Nob","floor":6.0,"turns":4.0},{"damage":0.0,"enemies":"Large Slime","floor":8.0,"turns":5.0},{"damage":26.0,"enemies":"Lagavulin","floor":10.0,"turns":4.0},{"damage":23.0,"enemies":"Hexaghost","floor":16.0,"turns":6.0},{"damage":0.0,"enemies":"Shell Parasite","floor":18.0,"turns":1.0},{"damage":10.0,"enemies":"Spheric Guardian","floor":19.0,"turns":3.0},{"damage":6.0,"enemies":"Cultist and Chosen","floor":28.0,"turns":2.0},{"damage":15.0,"enemies":"Snecko","floor":29.0,"turns":3.0},{"damage":38.0,"enemies":"Collector","floor":33.0,"turns":5.0},{"damage":11.0,"enemies":"Orb Walker","floor":35.0,"turns":2.0},{"damage":27.0,"enemies":"3 Darklings","floor":39.0,"turns":3.0},{"damage":60.0,"enemies":"Spire Growth","floor":42.0,"turns":4.0},{"damage":24.0,"enemies":"Maw","floor":45.0,"turns":5.0},{"damage":8.0,"enemies":"3 Darklings","floor":46.0,"turns":4.0},{"damage":60,"enemies":"Time Eater","floor":50,"turns":4}],"seed_played":"-8318828981901014105","potions_obtained":[{"floor":5.0,"key":"Fire Potion"},{"floor":10.0,"key":"Regen Potion"},{"floor":16.0,"key":"PowerPotion"},{"floor":18.0,"key":"Weak Potion"},{"floor":28.0,"key":"Dexterity Potion"},{"floor":34.0,"key":"CultistPotion"},{"floor":35.0,"key":"Block Potion"},{"floor":39.0,"key":"LiquidBronze"},{"floor":48.0,"key":"Regen Potion"},{"floor":48.0,"key":"LiquidMemories"},{"floor":48.0,"key":"Swift Potion"}],"is_trial":false,"path_per_floor":["M","?","M","?","M","E","R","M","T","E","?","$","?","$","R","B",null,"M","M","?","?","?","R","?","R","T","R","M","M","?","?","R","B",null,"M","$","?","?","M","R","?","M","T","$","M","M","?","?","R","B"],"character_chosen":"THE_SILENT","items_purchased":["Accuracy","Accuracy","Cloak And Dagger","Strawberry","Sling","Blood Vial","Slice"],"campfire_rested":5,"item_purchase_floors":[12,14,14,14,36,36,44],"current_hp_per_floor":[70,70,64,69,69,51,73,73,73,47,47,47,32,39,63,54,82,82,72,86,86,86,86,86,86,86,86,80,65,65,65,93,55,101,90,90,90,90,65,95,95,37,37,37,15,9,9,9,39,0,0],"gold":95,"neow_bonus":"RANDOM_COMMON_RELIC","is_daily":false,"chose_seed":false,"campfire_upgraded":3,"win_rate":0.0,"timestamp":1613869965,"path_taken":["M","?","M","?","M","E","R","M","T","E","?","$","?","$","R","BOSS","M","M","?","?","?","R","?","R","T","R","M","M","?","?","R","BOSS","M","$","?","?","M","R","?","M","T","?","M","M","?","?","R","BOSS"],"items_purchased_type":["Card","Card","Card","Relic","Relic","Relic","Card"],"build_version":"2020-12-22","purchased_purges":1,"victory":false,"max_hp_per_floor":[70,70,70,75,75,75,75,75,75,75,75,75,75,82,82,82,82,82,82,96,96,96,96,96,96,96,96,96,96,96,96,96,96,101,101,101,101,101,101,101,101,101,101,101,101,101,101,101,101,101,101],"card_choices":[{"not_picked":["Underhanded Strike","Quick Slash"],"picked":"Distraction","floor":1.0},{"not_picked":["Acrobatics","Flying Knee"],"picked":"Poisoned Stab","floor":3.0},{"not_picked":["Footwork","Backflip"],"picked":"Infinite Blades","floor":5.0},{"not_picked":["Outmaneuver","Calculated Gamble"],"picked":"Storm of Steel","floor":6.0},{"not_picked":["Tactician","Slice"],"picked":"Blade Dance","floor":8.0},{"not_picked":["Bouncing Flask","Deadly Poison"],"picked":"Dagger Spray","floor":10.0},{"not_picked":["Night Terror","Grand Finale"],"picked":"A Thousand Cuts","floor":16.0},{"not_picked":["Leg Sweep","PiercingWail","Backflip"],"picked":"SKIP","floor":18.0},{"not_picked":["Backflip+1","Dagger Spray"],"picked":"Terror","floor":19.0},{"not_picked":["Sucker Punch","Dash","Heel Hook+1"],"picked":"SKIP","floor":28.0},{"not_picked":["Bane","Tactician","Backflip"],"picked":"SKIP","floor":29.0},{"not_picked":["Die Die Die","Corpse Explosion"],"picked":"A Thousand Cuts","floor":33.0},{"not_picked":["Bouncing Flask","Calculated Gamble"],"picked":"Blade Dance","floor":34.0},{"not_picked":["Flechettes","Backflip"],"picked":"Infinite Blades","floor":35.0},{"not_picked":["Dark Shackles","Transmutation"],"picked":"HandOfGreed","floor":38.0},{"not_picked":["Endless Agony","Dagger Spray"],"picked":"Slice","floor":39.0},{"not_picked":["Distraction+1","Heel Hook+1","Bane"],"picked":"SKIP","floor":42.0},{"not_picked":["Bane","Deadly Poison+1"],"picked":"Deflect","floor":45.0},{"not_picked":["Tactician","Escape Plan","Underhanded Strike"],"picked":"SKIP","floor":46.0}],"player_experience":81339,"relics_obtained":[{"floor":6.0,"key":"Ninja Scroll"},{"floor":9.0,"key":"PreservedInsect"},{"floor":10.0,"key":"Centennial Puzzle"},{"floor":26.0,"key":"Ornamental Fan"},{"floor":43.0,"key":"Whetstone"}],"event_choices":[{"cards_removed":["Distraction"],"damage_healed":0.0,"max_hp_gain":0.0,"max_hp_loss":0.0,"gold_gain":0.0,"event_name":"Bonfire Elementals","player_choice":"Offered Uncommon","floor":2.0,"gold_loss":0.0,"damage_taken":0.0},{"damage_healed":0.0,"max_hp_gain":5.0,"max_hp_loss":0.0,"gold_gain":0.0,"event_name":"Big Fish","player_choice":"Donut","floor":4.0,"gold_loss":0.0,"damage_taken":0.0},{"damage_healed":0.0,"max_hp_gain":0.0,"max_hp_loss":0.0,"gold_gain":175.0,"event_name":"Liars Game","player_choice":"AGREE","floor":11.0,"gold_loss":0.0,"damage_taken":0.0,"cards_obtained":["Doubt"]},{"damage_healed":0.0,"max_hp_gain":0.0,"max_hp_loss":0.0,"gold_gain":0.0,"event_name":"Shining Light","player_choice":"Entered Light","floor":13.0,"gold_loss":0.0,"damage_taken":15.0,"cards_upgraded":["Poisoned Stab","Strike_G"]},{"damage_healed":0.0,"max_hp_gain":0.0,"max_hp_loss":0.0,"gold_gain":0.0,"event_name":"Addict","player_choice":"Obtained Relic","floor":20.0,"gold_loss":85.0,"damage_taken":0.0,"relics_obtained":["Mango"]},{"damage_healed":0.0,"max_hp_gain":0.0,"max_hp_loss":0.0,"gold_gain":0.0,"event_name":"Beggar","player_choice":"Ignored","floor":21.0,"gold_loss":0.0,"damage_taken":0.0},{"damage_healed":0.0,"max_hp_gain":0.0,"max_hp_loss":0.0,"gold_gain":0.0,"cards_transformed":["Terror","Neutralize"],"event_name":"Drug Dealer","player_choice":"Became Test Subject","floor":22.0,"gold_loss":0.0,"damage_taken":0.0,"cards_obtained":["Accuracy","Tools of the Trade"]},{"damage_healed":0.0,"max_hp_gain":0.0,"max_hp_loss":0.0,"gold_gain":0.0,"event_name":"The Joust","player_choice":"Bet on Murderer","floor":24.0,"gold_loss":50.0,"damage_taken":0.0},{"damage_healed":0.0,"max_hp_gain":0.0,"max_hp_loss":0.0,"gold_gain":99.0,"event_name":"Nest","player_choice":"Stole From Cult","floor":30.0,"gold_loss":0.0,"damage_taken":0.0},{"damage_healed":0.0,"max_hp_gain":0.0,"max_hp_loss":0.0,"gold_gain":0.0,"event_name":"The Mausoleum","player_choice":"Opened","floor":31.0,"gold_loss":0.0,"damage_taken":0.0,"relics_obtained":["InkBottle"],"cards_obtained":["Writhe"]},{"damage_healed":0.0,"max_hp_gain":0.0,"max_hp_loss":0.0,"gold_gain":0.0,"event_name":"SecretPortal","player_choice":"Ignored","floor":37.0,"gold_loss":0.0,"damage_taken":0.0},{"damage_healed":0.0,"max_hp_gain":0.0,"max_hp_loss":0.0,"gold_gain":0.0,"event_name":"SensoryStone","player_choice":"Memory 1","floor":38.0,"gold_loss":0.0,"damage_taken":0.0},{"cards_removed":["Writhe"],"damage_healed":0.0,"max_hp_gain":0.0,"max_hp_loss":0.0,"gold_gain":0.0,"event_name":"Fountain of Cleansing","player_choice":"Removed Curses","floor":41.0,"gold_loss":0.0,"damage_taken":0.0},{"cards_removed":["Defend_G"],"damage_healed":0.0,"max_hp_gain":0.0,"max_hp_loss":0.0,"gold_gain":0.0,"event_name":"Falling","player_choice":"Removed Skill","floor":47.0,"gold_loss":0.0,"damage_taken":0.0},{"damage_healed":0.0,"max_hp_gain":0.0,"max_hp_loss":0.0,"gold_gain":0.0,"event_name":"Lab","player_choice":"Got Potions","floor":48.0,"gold_loss":0.0,"damage_taken":0.0}],"is_beta":false,"boss_relics":[{"not_picked":["Black Star","Fusion Hammer"],"picked":"WristBlade"},{"not_picked":["Ring of the Serpent","Philosopher\u0027s Stone"],"picked":"Tiny House"}],"items_purged_floors":[14],"is_endless":false,"potions_floor_spawned":[5,10,16,18,28,35,39],"killed_by":"Time Eater","ascension_level":0}}