{"host":"arn2jcql7xd3a3xg","time":1613898900,"event":{"mods":["AchievementEnabler","Act Like it!","AlwaysNeverKeys","BaseMod","Better Third Choice","Colored Map","Colored Powertips","Downfall","GifTheSpireLib","Hallownest","Highlight Path","Infinite Spire","Minty Spire (QoL Compilation)","Permanent Neow","Quick Restart","Rare Cards Sparkle","Replay The Spire","StSLib","SuperFastMode","The Bug Knight"],"gold_per_floor":[116,116,116,134,53,85,85,99,99,99,134,134,159,159],"floor_reached":13,"language":"ENG","playtime":1001,"items_purged":[],"score":126,"play_id":"c59fa0cc-e52f-4aa8-8011-4f79a3e7835f","local_time":"20210221011500","is_ascension_mode":false,"campfire_choices":[{"data":"HollowMod:GoodIntentions","floor":7,"key":"SMITH"},{"data":"HollowMod:FocusHealStart","floor":10,"key":"SMITH"}],"circlet_count":0,"master_deck":["HollowMod:NailStrikeStart","HollowMod:NailStrikeStart","HollowMod:NailStrikeStart","HollowMod:NailStrikeStart","HollowMod:QuickDashStart","HollowMod:QuickDashStart","HollowMod:QuickDashStart","HollowMod:QuickDashStart","HollowMod:FocusHealStart+1","HollowMod:PogoStrike","HollowMod:MothsMistake+1","HollowMod:CloakDash","HollowMod:SoulVessel","HollowMod:GoodIntentions+1","HollowMod:ChannelNail","HollowMod:DashSlash"],"relics":["HollowMod:VesselMask","Hallownest:DreamNailRelic","Durian","WingedGreaves","ReplayTheSpireMod:Ninjato","Girya","Prayer Wheel"],"acts_visited":["Exordium"],"potions_floor_usage":[],"damage_taken":[{"damage":3,"enemies":"Hallownest:2_MossCreeps","floor":1,"turns":6},{"damage":1,"enemies":"Hallownest:monsterHuskWarrior","floor":4,"turns":4},{"damage":19,"enemies":"Hallownest:eliteMossKnight","floor":6,"turns":12},{"damage":2,"enemies":"Hallownest:2_Baldur","floor":8,"turns":6},{"damage":0,"enemies":"Hallownest:eliteVengeflyKing","floor":11,"turns":9},{"damage":29,"enemies":"Hallownest:eliteCrystalGuardian","floor":13,"turns":8}],"seed_played":"6239839943054418653","potions_obtained":[{"floor":0,"key":"CultistPotion"},{"floor":0,"key":"Venom Potion"},{"floor":0,"key":"sneckomod:MuddlingPotion"}],"is_trial":false,"path_per_floor":["M","?","?","M","$","E","R","M","T","R","E","T","E"],"character_chosen":"THE_BUGKNIGHT","items_purchased":["HollowMod:SoulVessel"],"campfire_rested":0,"item_purchase_floors":[5],"current_hp_per_floor":[73,73,73,75,75,73,73,80,80,80,80,80,61,61],"gold":159,"neow_bonus":"THREE_SMALL_POTIONS","is_daily":false,"chose_seed":false,"campfire_upgraded":2,"win_rate":0.0,"timestamp":1613898900,"path_taken":["M","?","?","?","?","E","R","M","T","R","E","?","E"],"items_purchased_type":["Card"],"build_version":"2020-12-22","purchased_purges":0,"victory":false,"max_hp_per_floor":[75,75,75,75,75,80,80,80,80,80,80,80,80,80],"card_choices":[{"not_picked":["HollowMod:SoulStrike","HollowMod:InfectedAttack"],"picked":"HollowMod:MothsMistake","floor":1},{"not_picked":["HollowMod:CornifersMapStart","HollowMod:SiblingsShadow"],"picked":"HollowMod:CloakDash","floor":4},{"not_picked":["HollowMod:FallenFury","HollowMod:SoulSplash"],"picked":"HollowMod:GoodIntentions","floor":6},{"not_picked":["HollowMod:ShapeofUnn","HollowMod:HeavyBlow","HollowMod:GreatSlash"],"picked":"SKIP","floor":8},{"not_picked":["HollowMod:BlackTendrils","HollowMod:theNailsmith"],"picked":"HollowMod:ChannelNail","floor":11},{"not_picked":["HollowMod:SharpenedShadows","HollowMod:WraithStrike"],"picked":"HollowMod:DashSlash","floor":13}],"player_experience":100257,"relics_obtained":[{"floor":6,"key":"Durian"},{"floor":9,"key":"WingedGreaves"},{"floor":11,"key":"ReplayTheSpireMod:Ninjato"},{"floor":12,"key":"Girya"},{"floor":13,"key":"Prayer Wheel"}],"event_choices":[],"is_beta":false,"boss_relics":[],"items_purged_floors":[],"is_endless":false,"potions_floor_spawned":[8,13],"killed_by":"Hallownest:eliteCrystalGuardian","ascension_level":0}}