{"host":"lg1piimdyocafd6j","time":1613900198,"event":{"mods":["AchievementEnabler","BaseMod","Better Third Choice","BetterRewards","Colored Map","Colored Powertips","Downfall","Minty Spire (QoL Compilation)","Quick Restart","Rare Cards Sparkle","Remove Card Discount Mod","Shop Mod","StSLib","SuperFastMode"],"gold_per_floor":[117,117,133,133,133,161,161,195,195,214,214,224,140,120,120,220,220,240,240,240,95,112,145,158,158,182,202,202,202,202],"floor_reached":29,"language":"ENG","playtime":1449,"items_purged":["Defend_R","Defend_R","Defend_R","Defend_R","Bash","Strike_R","Shockwave","Strike_R","Strike_R","Strike_R","Strike_R"],"score":251,"play_id":"4178db78-0c77-4291-8b40-a40a59a6aaea","local_time":"20210221103638","is_ascension_mode":false,"campfire_choices":[{"floor":7,"key":"RECALL"},{"data":"Searing Blow","floor":11,"key":"SMITH"},{"data":"Searing Blow+1","floor":15,"key":"SMITH"},{"data":"Searing Blow+2","floor":25,"key":"SMITH"},{"floor":28,"key":"REST"}],"circlet_count":0,"master_deck":["Armaments","Armaments+1","Body Slam","Armaments+1","Metallicize","Body Slam","Searing Blow+3","Demon Form","Cleave","Metallicize","Iron Wave","Iron Wave","Searing Blow","Barricade","Iron Wave+1"],"relics":["Burning Blood","Membership Card","DollysMirror","Toy Ornithopter","Pen Nib","Orrery","SlaversCollar","Ice Cream","Oddly Smooth Stone","Red Skull"],"acts_visited":["Exordium","TheCity"],"potions_floor_usage":[23,23],"damage_taken":[{"damage":6,"enemies":"Small Slimes","floor":1,"turns":3},{"damage":0,"enemies":"2 Louse","floor":3,"turns":3},{"damage":8,"enemies":"Gremlin Nob","floor":6,"turns":4},{"damage":9,"enemies":"3 Sentries","floor":8,"turns":9},{"damage":3,"enemies":"Cultist","floor":10,"turns":4},{"damage":15,"enemies":"Exordium Thugs","floor":12,"turns":4},{"damage":21,"enemies":"Slime Boss","floor":16,"turns":12},{"damage":9,"enemies":"Spheric Guardian","floor":18,"turns":5},{"damage":4,"enemies":"Chosen","floor":22,"turns":5},{"damage":20,"enemies":"Gremlin Leader","floor":23,"turns":5},{"damage":18,"enemies":"3 Cultists","floor":24,"turns":7},{"damage":5,"enemies":"Snecko","floor":27,"turns":5}],"seed_played":"5492274366027664245","potions_obtained":[{"floor":1,"key":"ColorlessPotion"},{"floor":6,"key":"ColorlessPotion"},{"floor":12,"key":"SteroidPotion"},{"floor":24,"key":"DistilledChaos"}],"is_trial":false,"path_per_floor":["M","?","M","?","?","E","R","E","T","M","R","M","$","$","R","B",null,"M","$","?","$","M","E","M","R","T","M","R","$"],"character_chosen":"IRONCLAD","items_purchased":["Membership Card","Armaments","Armaments","Body Slam","Armaments","Metallicize","DollysMirror","Orrery","Searing Blow","Ice Cream"],"campfire_rested":1,"item_purchase_floors":[0,0,0,0,0,0,0,13,14,21],"current_hp_per_floor":[80,80,80,80,80,78,78,75,75,78,78,69,69,69,69,54,80,77,77,74,74,76,72,60,60,60,61,80,80,80],"gold":202,"neow_bonus":"","is_daily":false,"chose_seed":false,"campfire_upgraded":3,"win_rate":0.0,"timestamp":1613900198,"path_taken":["M","?","M","?","?","E","R","E","T","M","R","?","?","$","R","BOSS","M","$","?","$","?","E","M","R","T","M","R","?"],"items_purchased_type":["Relic","Card","Card","Card","Card","Card","Relic","Relic","Card","Relic"],"build_version":"2020-12-22","purchased_purges":11,"victory":false,"max_hp_per_floor":[80,80,80,80,80,80,80,80,80,80,80,80,80,80,80,80,80,80,80,80,80,80,80,80,80,80,80,80,80,80],"card_choices":[{"not_picked":["True Grit","Bloodletting","Dropkick"],"picked":"SKIP","floor":1},{"not_picked":["Feel No Pain","Perfected Strike","Warcry"],"picked":"SKIP","floor":3},{"not_picked":["Cleave","Rage","Thunderclap"],"picked":"SKIP","floor":6},{"not_picked":["Flex","Heavy Blade"],"picked":"Searing Blow","floor":8},{"not_picked":["Warcry","Infernal Blade","Rupture"],"picked":"SKIP","floor":10},{"not_picked":["Feel No Pain","Sever Soul","Anger"],"picked":"SKIP","floor":12},{"not_picked":["Twin Strike","Armaments"],"picked":"Demon Form","floor":13},{"not_picked":["Wild Strike","Twin Strike"],"picked":"Cleave","floor":13},{"not_picked":["Impervious","True Grit"],"picked":"Metallicize","floor":13},{"not_picked":["Battle Trance","Second Wind"],"picked":"Iron Wave","floor":13},{"not_picked":["Anger","Ghostly Armor"],"picked":"Iron Wave","floor":13},{"not_picked":["Brutality","Feed"],"picked":"Barricade","floor":16},{"not_picked":["Evolve+1","Clothesline+1"],"picked":"Iron Wave+1","floor":18},{"not_picked":["Iron Wave","Twin Strike+1","Rage"],"picked":"SKIP","floor":22},{"not_picked":["Anger+1","Flex","Headbutt"],"picked":"SKIP","floor":23},{"not_picked":["Clothesline","Reckless Charge","Shrug It Off+1"],"picked":"SKIP","floor":24},{"not_picked":["Demon Form","Intimidate","Heavy Blade"],"picked":"SKIP","floor":27}],"player_experience":169139,"relics_obtained":[{"floor":6,"key":"Toy Ornithopter"},{"floor":8,"key":"Pen Nib"},{"floor":23,"key":"Oddly Smooth Stone"},{"floor":26,"key":"Red Skull"}],"event_choices":[{"damage_healed":0,"gold_gain":0,"player_choice":"Ignored","damage_taken":0,"max_hp_gain":0,"max_hp_loss":0,"event_name":"Golden Wing","floor":2,"gold_loss":0},{"damage_healed":0,"gold_gain":0,"player_choice":"Grow","damage_taken":0,"max_hp_gain":0,"max_hp_loss":0,"event_name":"Living Wall","floor":4,"gold_loss":0,"cards_upgraded":["Armaments"]},{"damage_healed":0,"gold_gain":0,"player_choice":"Forge","damage_taken":0,"max_hp_gain":0,"max_hp_loss":0,"event_name":"Accursed Blacksmith","floor":5,"gold_loss":0,"cards_upgraded":["Armaments"]},{"damage_healed":0,"gold_gain":0,"player_choice":"Punched","damage_taken":3,"max_hp_gain":0,"max_hp_loss":0,"event_name":"Designer","floor":20,"gold_loss":0}],"is_beta":false,"boss_relics":[{"not_picked":["Fusion Hammer","Busted Crown"],"picked":"SlaversCollar"}],"items_purged_floors":[0,0,0,0,0,0,0,13,13,13,13],"is_endless":false,"potions_floor_spawned":[1,6,12,16,24],"ascension_level":0}}