{"host":"8nfgyavc0jwp3wyx","time":1613881648,"event":{"mods":["Act Like it!","Aspiration","BaseMod","Gremlin Mod","Halation","Hallownest","Minty Spire (QoL Compilation)","Replay The Spire","Somnambulant","StSLib","The Bug Knight","The Construct","The Disciple","The Hierophant","The Jungle"],"gold_per_floor":[112,112,112,130,150,179,106,122,122,150,150,150,205,246,246,359,359,380,270,295,317,326,326,326],"floor_reached":23,"language":"ENG","playtime":5714,"items_purged":[],"score":284,"play_id":"e0c32a05-5b39-4b25-bfd5-e737e866c39b","local_time":"20210220212727","is_ascension_mode":false,"campfire_choices":[{"data":"PatternShift","floor":11.0,"key":"SMITH"},{"data":"LockedWhetstone","floor":15,"key":"SMITH"}],"circlet_count":0,"master_deck":["Strike_Br","Strike_Br","Strike_Br+1","Strike_Br","Defend_Br","Defend_Br","Defend_Br","Defend_Br","SecondHand","PatternShift+1","LockedBlood","Echoward","ExoVibe","FormalWear","ExoVibe","BlueShift","LockedWhetstone+1","Backlash","CrunchTime","LockedLightning","AlternateTimeline","WatchCommand","WatchCommand","ExoVibe","LockedBlood","DaylightSavings","VestedLegacy","Necronomicurse"],"relics":["Chronometer","NeowsBlessing","halation:EternalFortune","Replay:Ringing Soul","MealTicket","IceCream?","CeramicFish","halation:HeavySnake","Necronomicon"],"acts_visited":["Exordium","TheCity"],"potions_floor_usage":[16],"damage_taken":[{"damage":0.0,"enemies":"Small Slimes","floor":1.0,"turns":1.0},{"damage":0.0,"enemies":"2 Louse","floor":4.0,"turns":2.0},{"damage":0.0,"enemies":"Jaw Worm","floor":5.0,"turns":1.0},{"damage":47.0,"enemies":"3 Sentries","floor":6.0,"turns":23.0},{"damage":14.0,"enemies":"Large Slime","floor":8.0,"turns":12.0},{"damage":0.0,"enemies":"Lagavulin","floor":10.0,"turns":12.0},{"damage":2.0,"enemies":"3 Sentries","floor":14.0,"turns":15.0},{"damage":42,"enemies":"Fading Forest","floor":16,"turns":11},{"damage":34,"enemies":"3 Byrds","floor":18,"turns":7},{"damage":12,"enemies":"Shell Parasite","floor":20,"turns":6},{"damage":0,"enemies":"Sentry and Sphere","floor":21,"turns":6},{"damage":97,"enemies":"Gremlin Leader","floor":23,"turns":7}],"seed_played":"5957578583364791560","potions_obtained":[{"floor":6.0,"key":"Adrenaline Potion"},{"floor":10.0,"key":"LiquidBronze"},{"floor":14.0,"key":"LiquidBronze"}],"is_trial":false,"path_per_floor":["M","?","?","M","M","E","$","M","T","E","R","?","?","E","R","B",null,"M","$","M","M","?","E"],"character_chosen":"CHRONO_CLASS","items_purchased":["ExoVibe","BlueShift","WatchCommand","ExoVibe","LockedBlood"],"campfire_rested":0,"item_purchase_floors":[7,7,19,19,19],"current_hp_per_floor":[65,65,68,68,68,33,36,34,34,43,43,43,43,50,50,17,92,70,88,83,94,81,0,0],"gold":326,"neow_bonus":"THREE_ENEMY_KILL","is_daily":false,"chose_seed":false,"campfire_upgraded":2,"win_rate":0.0,"timestamp":1613881647,"path_taken":["M","?","?","M","M","E","?","M","T","E","R","?","?","E","R","BOSS","M","$","M","M","?","E"],"items_purchased_type":["Card","Card","Card","Card","Card"],"build_version":"2020-12-22","purchased_purges":0,"victory":false,"max_hp_per_floor":[65,65,68,68,68,74,77,83,83,86,86,86,86,89,89,92,92,98,101,104,107,110,110,110],"card_choices":[{"not_picked":["Engulf","LockedAnchor"],"picked":"LockedBlood","floor":1.0},{"not_picked":["ReapSow","TickedOff"],"picked":"Echoward","floor":4.0},{"not_picked":["Keepsakes","Echoward"],"picked":"ExoVibe","floor":5.0},{"not_picked":["CrunchTime","LockedMedicine"],"picked":"FormalWear","floor":6.0},{"not_picked":["Engulf","CrunchTime"],"picked":"LockedWhetstone","floor":8.0},{"not_picked":["BiteCommand","HandsUpB"],"picked":"Backlash","floor":10.0},{"not_picked":["RageCommand","BiteCommand"],"picked":"CrunchTime","floor":14.0},{"not_picked":["Fragmentalize","LockedAstrolabe"],"picked":"LockedLightning","floor":16},{"not_picked":["Engulf","Tempo"],"picked":"AlternateTimeline","floor":18},{"not_picked":["LockedScales+1","SlimeSpray"],"picked":"DaylightSavings","floor":20},{"not_picked":["AlternateTimeline","BlueShift"],"picked":"VestedLegacy","floor":21}],"player_experience":732073,"relics_obtained":[{"floor":6.0,"key":"halation:EternalFortune"},{"floor":6.0,"key":"Replay:Ringing Soul"},{"floor":8.0,"key":"halation:EternalFortune"},{"floor":10.0,"key":"MealTicket"},{"floor":14.0,"key":"CeramicFish"},{"floor":18,"key":"halation:EternalFortune"},{"floor":22,"key":"Necronomicon"}],"event_choices":[{"damage_healed":0.0,"max_hp_gain":0.0,"max_hp_loss":0.0,"gold_gain":55.0,"event_name":"Golden Wing","player_choice":"Gained Gold","floor":13.0,"gold_loss":0.0,"damage_taken":0.0},{"damage_healed":0,"gold_gain":0,"player_choice":"Obtained Book","damage_taken":16,"max_hp_gain":0,"max_hp_loss":0,"event_name":"Cursed Tome","floor":22,"gold_loss":0}],"is_beta":false,"boss_relics":[{"not_picked":["Empty Cage","aspiration:FutureDiary"],"picked":"halation:HeavySnake"}],"items_purged_floors":[],"is_endless":false,"potions_floor_spawned":[6,10,14],"killed_by":"Gremlin Leader","ascension_level":0}}