{"host":"w97dq1whmpm6b2tc","time":1613932464,"event":{"mods":["BaseMod","Challenge The Spire","Downfall","Minty Spire (QoL Compilation)","StSLib"],"gold_per_floor":[99,99,99,99,99,99,171,346,370,388,388,421,23,54,54,156,156,156,175,193,211,211,11,87,414,514,514,514,514,514],"floor_reached":28,"language":"ENG","playtime":1472,"items_purged":["Doubt"],"score":302,"play_id":"a4e83726-ede0-489a-8190-b4385baf5f31","local_time":"20210221203424","is_ascension_mode":true,"campfire_choices":[{"data":"champ:Taunt","floor":1.0,"key":"SMITH"},{"data":"champ:EndlessRage","floor":11.0,"key":"SMITH"},{"floor":18.0,"key":"RECALL"},{"data":"champ:FaceSlap","floor":23.0,"key":"SMITH"}],"circlet_count":0,"master_deck":["champ:Strike","champ:Strike+1","champ:Strike","champ:Defend","champ:Defend","champ:Defend","champ:Execute","champ:Taunt+1","champ:EndlessRage+1","champ:Endure","champ:Shatter","champ:FaceSlap+1","champ:BerserkersShout","champ:VampiricStrike","champ:CrookedStrike","champ:Encircle","champ:Lariat","champ:FanOfKnives"],"relics":["champ:ChampionCrown","downfall:HeartsMalice","hexamod:CandleOfCauterizing","Ginger","Calipers","champ:SignatureFinisher","Black Star","downfall:HeartBlessingRed","downfall:HeartBlessingBlue","Matryoshka","Dream Catcher","Old Coin","hexamod:Sixitude","HornCleat"],"acts_visited":["Exordium","TheCity"],"potions_floor_usage":[],"damage_taken":[{"damage":0.0,"enemies":"Small Slimes","floor":2.0,"turns":1.0},{"damage":0.0,"enemies":"Cultist","floor":4.0,"turns":1.0},{"damage":0.0,"enemies":"Jaw Worm","floor":6.0,"turns":1.0},{"damage":7.0,"enemies":"downfall:LooterAlt","floor":10.0,"turns":4.0},{"damage":64.0,"enemies":"Lagavulin","floor":12.0,"turns":8.0},{"damage":20.0,"enemies":"downfall:FleeingMerchant","floor":13.0,"turns":4.0},{"damage":35.0,"enemies":"Gremlin Nob","floor":14.0,"turns":4.0},{"damage":5.0,"enemies":"Blue Slaver","floor":15.0,"turns":1.0},{"damage":62.0,"enemies":"SI_SHIV_ARCHETYPE","floor":16.0,"turns":5.0},{"damage":10.0,"enemies":"Chosen","floor":19.0,"turns":3.0},{"damage":43.0,"enemies":"3 Byrds","floor":20.0,"turns":5.0},{"damage":72.0,"enemies":"Centurion and Healer","floor":21.0,"turns":6.0},{"damage":84.0,"enemies":"Book of Stabbing","floor":25.0,"turns":4.0},{"damage":37,"enemies":"IC_STATUS_ARCHETYPE","floor":26,"turns":4},{"damage":17,"enemies":"Snake Plant","floor":28,"turns":2}],"seed_played":"-5929727802093650019","potions_obtained":[{"floor":10.0,"key":"PowerPotion"},{"floor":12.0,"key":"SneckoOil"},{"floor":14.0,"key":"SmokeBomb"},{"floor":16.0,"key":"ColorlessPotion"},{"floor":21.0,"key":"Strength Potion"},{"floor":25.0,"key":"PowerPotion"}],"is_trial":false,"path_per_floor":["R","M","?","M","?","M","T","?","T","M","R","E","$","E","M","B",null,"R","M","M","M","?","R","T","E","?","?","M"],"character_chosen":"THE_CHAMP","items_purchased":["Calipers"],"campfire_rested":0,"item_purchase_floors":[13],"current_hp_per_floor":[90,90,90,90,95,95,95,95,95,93,93,54,49,24,24,13,95,95,95,77,50,50,60,60,31,24,16,0,0,0],"gold":514,"neow_bonus":"THREE_ENEMY_KILL","is_daily":false,"chose_seed":false,"campfire_upgraded":3,"win_rate":0.0,"timestamp":1613932464,"path_taken":["R","M","?","?","?","M","T","?","?","M","R","E","$","E","M","BOSS","R","M","M","M","?","R","T","E","?","?","?"],"items_purchased_type":["Relic"],"build_version":"2020-12-22","purchased_purges":1,"victory":false,"max_hp_per_floor":[90,90,90,90,95,95,95,95,95,95,95,95,95,95,95,95,95,95,95,95,95,95,105,105,105,105,105,105,105,105],"card_choices":[{"not_picked":["champ:PreciseThrust","champ:Backstep","champ:IronFortress"],"picked":"SKIP","floor":2.0},{"not_picked":["champ:ShieldSigil","champ:PreciseThrust"],"picked":"champ:EndlessRage","floor":4.0},{"not_picked":["champ:Shatter","champ:PerfectedStrike"],"picked":"champ:Endure","floor":6.0},{"not_picked":["champ:LastStand","champ:Backstep"],"picked":"champ:Shatter","floor":10.0},{"not_picked":["champ:Haymaker","champ:AdrenalArmor"],"picked":"champ:FaceSlap","floor":12.0},{"not_picked":["champ:GladiatorStyle","champ:PreemptiveStrike"],"picked":"champ:BerserkersShout","floor":13.0},{"not_picked":["champ:TornadoPunch","champ:PerfectedStrike","champ:Parry"],"picked":"SKIP","floor":14.0},{"not_picked":["champ:TornadoPunch","champ:PerfectedStrike","champ:Parry"],"picked":"SKIP","floor":14.0},{"not_picked":["champ:SteelEdge","champ:TripleStrike"],"picked":"champ:VampiricStrike","floor":16.0},{"not_picked":["champ:FlashCut","champ:Shatter","champ:Haymaker"],"picked":"SKIP","floor":19.0},{"not_picked":["champ:PreciseThrust","champ:FlashCut"],"picked":"champ:CrookedStrike","floor":20.0},{"not_picked":["champ:FalseCounter","champ:FlashCut"],"picked":"champ:Encircle","floor":21.0},{"not_picked":["champ:Shatter","champ:FocusedDefense+1"],"picked":"champ:Lariat","floor":25.0},{"not_picked":["champ:FalseCounter+1","champ:BerserkersShout+1"],"picked":"champ:FanOfKnives","floor":26}],"player_experience":3805938,"relics_obtained":[{"floor":7.0,"key":"hexamod:CandleOfCauterizing"},{"floor":12.0,"key":"Ginger"},{"floor":14.0,"key":"champ:SignatureFinisher"},{"floor":24.0,"key":"Matryoshka"},{"floor":25.0,"key":"Dream Catcher"},{"floor":25.0,"key":"Old Coin"},{"floor":26,"key":"hexamod:Sixitude"},{"floor":26,"key":"HornCleat"}],"event_choices":[{"cards_removed":["champ:Defend"],"damage_healed":0.0,"max_hp_gain":0.0,"max_hp_loss":0.0,"gold_gain":0.0,"event_name":"Bonfire Elementals","player_choice":"Offered Basic","floor":3.0,"gold_loss":0.0,"damage_taken":0.0},{"damage_healed":0.0,"max_hp_gain":5.0,"max_hp_loss":0.0,"gold_gain":0.0,"event_name":"Big Fish","player_choice":"Donut","floor":5.0,"gold_loss":0.0,"damage_taken":0.0}],"is_beta":false,"boss_relics":[{"not_picked":["Coffee Dripper","Runic Dome"],"picked":"Black Star"}],"items_purged_floors":[13],"is_endless":false,"potions_floor_spawned":[10,12,14,16,21,25],"killed_by":"Snake Plant","ascension_level":1}}