{"host":"91blwi3hgehj6ch9","time":1613950814,"event":{"mods":["2.2 Compatiblity","AchievementEnabler","BaseMod","Colored Map","DeckTracker","Keyboard Shortcuts","Minty Spire (QoL Compilation)","Permanent Neow","Relic Stats","StSLib","SuperFastMode","everything is the same but u backflip on backflip"],"gold_per_floor":[117,42,42,7,20,20,50,50,131,31,106,131,131,131,131,205,205,217,51,51,62,81,81,95,95,95,95,95],"floor_reached":27,"language":"KOR","playtime":941,"items_purged":["Defend_G","Strike_G"],"score":584,"play_id":"80370f64-b465-43a6-9e40-578060f5f27d","local_time":"20210222084014","is_ascension_mode":true,"campfire_choices":[{"data":"Well Laid Plans","floor":6.0,"key":"SMITH"},{"data":"Masterful Stab","floor":8.0,"key":"SMITH"},{"data":"Blade Dance","floor":15.0,"key":"SMITH"},{"data":"Backflip","floor":23,"key":"SMITH"},{"data":"Blur","floor":25,"key":"SMITH"}],"circlet_count":0,"master_deck":["AscendersBane","Defend_G","Defend_G","Survivor","Neutralize","Well Laid Plans+1","Blade Dance+1","Masterful Stab+1","PiercingWail","Corpse Explosion","Quick Slash+1","After Image+1","Sucker Punch+1","Escape Plan+1","Dagger Throw+1","Underhanded Strike","Backflip+1","Reflex+1","Blur+1"],"relics":["Ring of the Snake","NeowsBlessing","Centennial Puzzle","Question Card","Nunchaku","Astrolabe","Orrery","Pantograph"],"acts_visited":["Exordium","TheCity"],"potions_floor_usage":[16,21],"damage_taken":[{"damage":0.0,"enemies":"Cultist","floor":1.0,"turns":1.0},{"damage":0.0,"enemies":"Small Slimes","floor":5.0,"turns":1.0},{"damage":0.0,"enemies":"3 Sentries","floor":7.0,"turns":2.0},{"damage":11.0,"enemies":"Gremlin Nob","floor":12.0,"turns":3.0},{"damage":0,"enemies":"The Guardian","floor":16,"turns":11},{"damage":6,"enemies":"Shell Parasite","floor":18,"turns":4},{"damage":3,"enemies":"2 Thieves","floor":21,"turns":4},{"damage":0,"enemies":"Snake Plant","floor":22,"turns":4},{"damage":5,"enemies":"Snecko","floor":24,"turns":5},{"damage":61,"enemies":"Gremlin Leader","floor":27,"turns":7}],"seed_played":"-9011398974399877986","potions_obtained":[{"floor":1.0,"key":"CultistPotion"},{"floor":5.0,"key":"Fire Potion"},{"floor":18,"key":"CunningPotion"}],"is_trial":false,"path_per_floor":["M","$","?","?","M","R","E","R","T","$","?","E","?","?","R","B",null,"M","$","?","M","M","R","M","R","T","E"],"character_chosen":"THE_SILENT","items_purchased":["Orrery"],"campfire_rested":0,"item_purchase_floors":[19],"current_hp_per_floor":[59,59,52,66,66,66,66,66,66,66,55,44,44,44,44,44,61,55,55,55,52,52,52,47,47,47,0,0],"gold":95,"neow_bonus":"THREE_ENEMY_KILL","is_daily":false,"chose_seed":false,"campfire_upgraded":5,"win_rate":0.0,"timestamp":1613950814,"path_taken":["M","$","?","?","?","R","E","R","T","$","?","E","?","?","R","BOSS","M","$","?","M","M","R","M","R","T","E"],"items_purchased_type":["Relic"],"build_version":"2020-12-22","purchased_purges":2,"victory":false,"max_hp_per_floor":[66,66,66,66,66,66,66,66,66,66,66,66,66,66,66,66,66,66,66,66,66,66,66,66,66,66,66,66],"relic_stats":{"Centennial Puzzle":[15],"Nunchaku":[10],"counters":[10,42],"Astrolabe":["Quick Slash","After Image","Sucker Punch"],"Pantograph":0,"Question Card":11,"obtain_stats":[{"Centennial Puzzle":7,"Nunchaku":12,"NeowsBlessing":0,"Astrolabe":17,"Pantograph":26,"Orrery":19,"Question Card":9,"Ring of the Snake":0},{"Centennial Puzzle":3,"Nunchaku":4,"NeowsBlessing":0,"Astrolabe":5,"Pantograph":9,"Orrery":6,"Question Card":3,"Ring of the Snake":0},{"Centennial Puzzle":4,"Nunchaku":7,"NeowsBlessing":0,"Astrolabe":18,"Pantograph":35,"Orrery":22,"Question Card":4,"Ring of the Snake":0}],"Ring of the Snake":[20]},"card_choices":[{"not_picked":["Finisher","Dagger Spray"],"picked":"Well Laid Plans","floor":1.0},{"not_picked":["Finisher","Sucker Punch"],"picked":"Blade Dance","floor":5.0},{"not_picked":["Infinite Blades","Noxious Fumes"],"picked":"Masterful Stab","floor":7.0},{"not_picked":["Expertise","Slice","Blade Dance"],"picked":"PiercingWail","floor":12.0},{"not_picked":["Doppelganger","Bullet Time","Unload"],"picked":"Corpse Explosion","floor":16},{"not_picked":["Deadly Poison","Choke","Deflect"],"picked":"Escape Plan+1","floor":18},{"not_picked":["Deflect","Heel Hook","Bane"],"picked":"Dagger Throw+1","floor":19},{"not_picked":["Blade Dance","Prepared","PiercingWail"],"picked":"Underhanded Strike","floor":19},{"not_picked":["Prepared","Dagger Spray","Storm of Steel"],"picked":"Backflip","floor":19},{"not_picked":["Slice","Deflect","Eviscerate"],"picked":"Reflex+1","floor":21},{"not_picked":["PiercingWail","Blade Dance","Catalyst","Quick Slash"],"picked":"SKIP","floor":22},{"not_picked":["Burst","Accuracy","Backflip"],"picked":"Blur","floor":24}],"player_experience":299235,"relics_obtained":[{"floor":7.0,"key":"Centennial Puzzle"},{"floor":9.0,"key":"Question Card"},{"floor":12.0,"key":"Nunchaku"},{"floor":26,"key":"Pantograph"}],"event_choices":[{"cards_removed":["Strike_G"],"damage_healed":0.0,"max_hp_gain":0.0,"max_hp_loss":0.0,"gold_gain":0.0,"event_name":"Golden Wing","player_choice":"Card Removal","floor":3.0,"gold_loss":0.0,"damage_taken":7.0},{"damage_healed":16.0,"max_hp_gain":0.0,"max_hp_loss":0.0,"gold_gain":0.0,"event_name":"The Cleric","player_choice":"Healed","floor":4.0,"gold_loss":35.0,"damage_taken":0.0},{"damage_healed":0.0,"max_hp_gain":0.0,"max_hp_loss":0.0,"gold_gain":75.0,"event_name":"World of Goop","player_choice":"Gather Gold","floor":11.0,"gold_loss":0.0,"damage_taken":11.0},{"damage_healed":0.0,"max_hp_gain":0.0,"max_hp_loss":0.0,"gold_gain":0.0,"event_name":"Liars Game","player_choice":"Ignored","floor":13.0,"gold_loss":0.0,"damage_taken":0.0},{"cards_removed":["Strike_G"],"damage_healed":0.0,"max_hp_gain":0.0,"max_hp_loss":0.0,"gold_gain":0.0,"event_name":"Living Wall","player_choice":"Forget","floor":14.0,"gold_loss":0.0,"damage_taken":0.0},{"cards_removed":["Defend_G"],"damage_healed":0,"gold_gain":0,"player_choice":"Elegance","damage_taken":0,"max_hp_gain":0,"max_hp_loss":0,"event_name":"Back to Basics","floor":20,"gold_loss":0}],"is_beta":false,"boss_relics":[{"not_picked":["Runic Pyramid","Philosopher\u0027s Stone"],"picked":"Astrolabe"}],"items_purged_floors":[2,10],"is_endless":false,"potions_floor_spawned":[1,5,18],"killed_by":"Gremlin Leader","ascension_level":20}}