{"host":"or8fr2mp0k3eluj8","time":1613907999,"event":{"mods":["AchievementEnabler","BaseMod","Colored Map","DeckTracker","Keyboard Shortcuts","Minty Spire (QoL Compilation)","StSLib","SuperFastMode","everything is the same but u backflip on backflip"],"gold_per_floor":[114,114,114,38,52,86,101,130,156,186,186,198,208,236,236,343,343,362,381,398,398,398,398,433,448,448,448,35,35,35,35,35],"floor_reached":31,"language":"KOR","playtime":963,"items_purged":[],"score":354,"play_id":"7d85eac2-7a97-4f9a-bc4a-43c751205f65","local_time":"20210221204639","is_ascension_mode":true,"campfire_choices":[{"data":"Uppercut","floor":15,"key":"SMITH"},{"floor":23,"key":"REST"},{"floor":27,"key":"REST"},{"data":"Rupture","floor":29,"key":"SMITH"}],"circlet_count":0,"master_deck":["Strike_R","Strike_R","Strike_R","Strike_R","Strike_R","Defend_R","Defend_R","Defend_R","Bash+1","Flame Barrier","Uppercut+1","Cleave","Shrug It Off","Pommel Strike","Disarm","Barricade","Immolate","Rupture+1"],"relics":["Burning Blood","Lantern","Orichalcum","Du-Vu Doll","Lizard Tail","CeramicFish","Runic Cube","Calipers","Self Forming Clay","Oddly Smooth Stone","Nloth\u0027s Gift"],"acts_visited":["Exordium","TheCity"],"potions_floor_usage":[8,24,24,25],"damage_taken":[{"damage":1,"enemies":"2 Louse","floor":1,"turns":3},{"damage":4,"enemies":"Jaw Worm","floor":5,"turns":6},{"damage":31,"enemies":"Gremlin Nob","floor":6,"turns":5},{"damage":0,"enemies":"Cultist","floor":7,"turns":3},{"damage":19,"enemies":"3 Sentries","floor":8,"turns":6},{"damage":15,"enemies":"Gremlin Nob","floor":10,"turns":4},{"damage":4,"enemies":"Blue Slaver","floor":12,"turns":3},{"damage":9,"enemies":"2 Fungi Beasts","floor":13,"turns":3},{"damage":9,"enemies":"Lagavulin","floor":14,"turns":5},{"damage":12,"enemies":"The Guardian","floor":16,"turns":12},{"damage":29,"enemies":"2 Thieves","floor":18,"turns":3},{"damage":16,"enemies":"Spheric Guardian","floor":19,"turns":4},{"damage":18,"enemies":"3 Cultists","floor":20,"turns":4},{"damage":53,"enemies":"Slavers","floor":24,"turns":6},{"damage":12,"enemies":"Snake Plant","floor":25,"turns":3},{"damage":54,"enemies":"Centurion and Healer","floor":31,"turns":9}],"seed_played":"6909117257574337743","potions_obtained":[{"floor":1,"key":"ColorlessPotion"},{"floor":7,"key":"SteroidPotion"},{"floor":12,"key":"BlessingOfTheForge"},{"floor":14,"key":"Fire Potion"},{"floor":16,"key":"Energy Potion"},{"floor":20,"key":"PowerPotion"},{"floor":24,"key":"LiquidMemories"}],"is_trial":false,"path_per_floor":["M","?","?","$","M","E","M","E","T","E","T","M","M","E","R","B",null,"M","M","M","?","?","R","E","M","T","R","$","R","?","M"],"character_chosen":"IRONCLAD","items_purchased":["Uppercut","Self Forming Clay","Oddly Smooth Stone"],"campfire_rested":2,"item_purchase_floors":[4,28,28],"current_hp_per_floor":[80,80,73,73,75,50,56,43,43,34,34,36,33,30,30,24,66,43,33,21,6,6,31,28,22,22,47,47,47,47,0,0],"gold":35,"neow_bonus":"UPGRADE_CARD","is_daily":false,"chose_seed":false,"campfire_upgraded":2,"win_rate":0.0,"timestamp":1613907999,"path_taken":["M","?","?","?","M","E","M","E","T","E","?","M","M","E","R","BOSS","M","M","?","?","?","R","E","M","T","R","$","R","?","M"],"items_purchased_type":["Card","Relic","Relic"],"build_version":"2020-12-22","purchased_purges":0,"victory":false,"max_hp_per_floor":[80,80,80,80,80,80,80,80,80,80,80,80,80,80,80,80,80,80,80,80,85,85,85,85,85,85,85,85,85,85,85,85],"card_choices":[{"not_picked":["Searing Blow","Sever Soul"],"picked":"Flame Barrier","floor":1},{"not_picked":["Twin Strike","Sever Soul"],"picked":"Cleave","floor":5},{"not_picked":["Body Slam","Flex"],"picked":"Shrug It Off","floor":6},{"not_picked":["Ghostly Armor","Rage"],"picked":"Pommel Strike","floor":7},{"not_picked":["Havoc","Cleave"],"picked":"Disarm","floor":8},{"not_picked":["Spot Weakness","Metallicize"],"picked":"Barricade","floor":10},{"not_picked":["Armaments","Shockwave","Wild Strike"],"picked":"SKIP","floor":12},{"not_picked":["True Grit","Thunderclap","Twin Strike"],"picked":"SKIP","floor":13},{"not_picked":["Sword Boomerang","Fire Breathing","Shockwave"],"picked":"SKIP","floor":14},{"not_picked":["Exhume","Limit Break"],"picked":"Immolate","floor":16},{"not_picked":["Spot Weakness","Flame Barrier","Burning Pact"],"picked":"SKIP","floor":18},{"not_picked":["Havoc","Cleave+1","Headbutt"],"picked":"SKIP","floor":19},{"not_picked":["Iron Wave+1","Twin Strike","Heavy Blade"],"picked":"SKIP","floor":20},{"not_picked":["Shrug It Off+1","Perfected Strike"],"picked":"Rupture","floor":24},{"not_picked":["Dropkick","Feel No Pain","Disarm"],"picked":"SKIP","floor":25}],"player_experience":422377,"relics_obtained":[{"floor":6,"key":"Bronze Scales"},{"floor":8,"key":"Lantern"},{"floor":9,"key":"Orichalcum"},{"floor":10,"key":"Du-Vu Doll"},{"floor":11,"key":"Lizard Tail"},{"floor":14,"key":"CeramicFish"},{"floor":24,"key":"Calipers"}],"event_choices":[{"damage_healed":0,"gold_gain":0,"player_choice":"Ignored","damage_taken":0,"max_hp_gain":0,"max_hp_loss":0,"event_name":"Liars Game","floor":2,"gold_loss":0},{"cards_removed":["Defend_R"],"damage_healed":0,"gold_gain":0,"player_choice":"Card Removal","damage_taken":7,"max_hp_gain":0,"max_hp_loss":0,"event_name":"Golden Wing","floor":3,"gold_loss":0},{"damage_healed":0,"gold_gain":0,"player_choice":"Shed Blood","damage_taken":20,"max_hp_gain":5,"max_hp_loss":0,"event_name":"Forgotten Altar","floor":21,"gold_loss":0},{"damage_healed":0,"gold_gain":0,"player_choice":"Ignored","damage_taken":0,"max_hp_gain":0,"max_hp_loss":0,"event_name":"Ghosts","floor":22,"gold_loss":0},{"damage_healed":0,"gold_gain":0,"player_choice":"Traded Relic","damage_taken":0,"relics_obtained":["Nloth\u0027s Gift"],"max_hp_gain":0,"max_hp_loss":0,"event_name":"N\u0027loth","floor":30,"relics_lost":["Bronze Scales"],"gold_loss":0}],"is_beta":false,"boss_relics":[{"not_picked":["Fusion Hammer","Coffee Dripper"],"picked":"Runic Cube"}],"items_purged_floors":[],"is_endless":false,"potions_floor_spawned":[1,7,12,14,16,20,24],"killed_by":"Centurion and Healer","ascension_level":5}}