{"host":"u0qetpmu4y58k1tf","time":1613885859,"event":{"mods":["100% Spire Juice","AchievementEnabler","Act Like it!","BaseMod","CapriCore","Colored Map","Colored Powertips","Hermit","Koishi","Marisa£¨Ùöéë¡¡Øª×âÞÞ£©","Minty Spire (QoL Compilation)","Quick Restart","Reliquary","Replay The Spire","StSLib","Td1madao Mod","The Bug Knight","The Cursed","The Dragon Tamer","The Gatherer","The Hierophant","The Immortal","The Jungle","The Runesmith","WarShipGirlsR/??á´Ò³R mod"],"gold_per_floor":[118,135,135,173,223,223,258,277,323,335,371,401,413,450,462,474,474],"floor_reached":16,"language":"KOR","playtime":312,"items_purged":["Pain"],"score":177,"play_id":"21cd1f26-6fb9-449f-8d1a-4fe366e44d36","local_time":"20210221143739","is_ascension_mode":true,"campfire_choices":[{"data":"Zap","floor":6,"key":"SMITH"},{"data":"Dualcast","floor":15,"key":"SMITH"}],"circlet_count":0,"master_deck":["Strike_B","Strike_B","Strike_B","Defend_B","Defend_B","Defend_B","Defend_B","Zap+1","Dualcast+1","Time Bomb","Steam+1","Amnesia","FTL","Chill","Conserve Battery","TheCursedMod:Dregs"],"relics":["Cracked Core","NeowsBlessing","ReplayTheSpireMod:CursedCoin","Ring of Hypnosis","Ring of Greed","Smiling Mask","Replay:Wax Seal","Vajra","MawBank","Golden Idol","Spirit Poop"],"acts_visited":["Exordium"],"potions_floor_usage":[16,16],"damage_taken":[{"damage":0,"enemies":"Small Slimes","floor":1,"turns":1},{"damage":0,"enemies":"2 Louse","floor":2,"turns":1},{"damage":0,"enemies":"Lagavulin","floor":7,"turns":1},{"damage":0,"enemies":"Jaw Worm","floor":8,"turns":2},{"damage":0,"enemies":"Looter","floor":11,"turns":2},{"damage":16,"enemies":"Red Slaver","floor":12,"turns":4},{"damage":12,"enemies":"2 Fungi Beasts","floor":14,"turns":4},{"damage":26,"enemies":"Slime Boss","floor":16,"turns":3}],"seed_played":"5736961655500448311","potions_obtained":[{"floor":7,"key":"CultistPotion"},{"floor":8,"key":"Languid Potion"},{"floor":12,"key":"Weak Potion"},{"floor":14,"key":"DistilledChaos"}],"is_trial":false,"path_per_floor":["M","M","?","$","?","R","E","M","T","?","M","M","?","M","R","B"],"character_chosen":"DEFECT","items_purchased":["Steam+1","ReplayTheSpireMod:CursedCoin"],"campfire_rested":0,"item_purchase_floors":[4,4],"current_hp_per_floor":[68,68,61,61,61,61,61,61,61,43,43,27,27,15,15,0,0],"gold":474,"neow_bonus":"THREE_ENEMY_KILL","is_daily":false,"chose_seed":false,"campfire_upgraded":2,"win_rate":0.0,"timestamp":1613885859,"path_taken":["M","M","?","$","?","R","E","M","T","?","M","?","?","M","R","BOSS"],"items_purchased_type":["Card","Relic"],"build_version":"2020-12-22","purchased_purges":1,"victory":false,"max_hp_per_floor":[75,75,75,75,75,75,75,75,75,75,75,75,75,75,75,75,75],"card_choices":[{"not_picked":["Hologram","BasicCrystalCard","Rebound"],"picked":"SKIP","floor":1},{"not_picked":["Go for the Eyes","Melter"],"picked":"Time Bomb","floor":2},{"not_picked":["Cold Snap","Go for the Eyes"],"picked":"FTL","floor":7},{"not_picked":["Heatsinks","Stack","Rebound"],"picked":"SKIP","floor":8},{"not_picked":["Redo","Creative AI"],"picked":"Chill","floor":11},{"not_picked":["Redo","BasicCrystalCard"],"picked":"Conserve Battery","floor":12},{"not_picked":["Heatsinks","Redo","Streamline"],"picked":"SKIP","floor":14}],"player_experience":189084,"relics_obtained":[{"floor":5,"key":"Ring of Hypnosis"},{"floor":5,"key":"Ring of Greed"},{"floor":5,"key":"Smiling Mask"},{"floor":5,"key":"Replay:Wax Seal"},{"floor":7,"key":"Vajra"},{"floor":9,"key":"MawBank"}],"event_choices":[{"cards_removed":["Strike_B"],"damage_healed":0,"gold_gain":0,"player_choice":"Card Removal","damage_taken":7,"max_hp_gain":0,"max_hp_loss":0,"event_name":"Golden Wing","floor":3,"gold_loss":0},{"damage_healed":0,"gold_gain":0,"player_choice":"Take Damage","damage_taken":18,"relics_obtained":["Golden Idol"],"max_hp_gain":0,"max_hp_loss":0,"event_name":"Golden Idol","floor":10,"gold_loss":0},{"cards_removed":["Doubt"],"damage_healed":0,"gold_gain":0,"player_choice":"Offered Curse","damage_taken":0,"relics_obtained":["Spirit Poop"],"max_hp_gain":0,"max_hp_loss":0,"event_name":"Bonfire Elementals","floor":13,"gold_loss":0}],"is_beta":false,"boss_relics":[],"items_purged_floors":[4],"is_endless":false,"potions_floor_spawned":[7,8,12,14],"killed_by":"Slime Boss","ascension_level":8}}