{"host":"3pgt7cyequ6zy3lm","time":1613935474,"event":{"mods":["Aspiration","BaseMod","Better Synergies","Bossed Relics","Colored Powertips","Conspire","Displayed Cursed Tome","Downfall","Energized Spire","Halation","Hubris","Infinite Spire","Minty Spire (QoL Compilation)","Quick Restart","Reliquary","Replay The Spire","Shop Mod","StSLib","SuperFastMode","The Construct","everything is the same but u backflip on backflip"],"gold_per_floor":[99,111,129,129,129,161,161,208,7,26,26,26,26,26,42,143,143,143,154,154,168,168,5,29,29,40,40,40,40],"floor_reached":27,"language":"RUS","playtime":1340,"items_purged":["Injury"],"score":209,"play_id":"149d3271-f1b4-46d1-a86f-7e3c4532a4af","local_time":"20210221222434","is_ascension_mode":false,"campfire_choices":[{"data":"bronze:Goto","floor":1,"key":"SMITH"},{"floor":11,"key":"REST"},{"data":"expansioncontent:DashGenerateEvil","floor":13,"key":"SMITH"},{"data":"bronze:ClassDefault","floor":18,"key":"SMITH"},{"floor":25,"key":"REST"}],"circlet_count":0,"master_deck":["bronze:Strike+1","bronze:Strike+1","bronze:Strike+1","bronze:Strike+1","bronze:Defend+1","bronze:Defend+1","bronze:Defend+1","bronze:Defend+1","bronze:Replicate+1","bronze:Goto+1","bronze:GetLatest+1","bronze:ClassDefault+1","bronze:FineTuning","bronze:DigitalCarnage","expansioncontent:DashGenerateEvil+1","bronze:Optimize+1","bronze:Mutator+1","bronze:CutThrough","bronze:ItsAFeature+1","bronze:GetLatest","bronze:Overload"],"relics":["bronze:BronzeCore","Frozen Egg 2","Anchor","halation:SwordOfLegend","infinitespire:Satchel","halation:Prosthetics","aspiration:HiddenCompartment"],"acts_visited":["Exordium","TheCity"],"potions_floor_usage":[],"damage_taken":[{"damage":1,"enemies":"Cultist","floor":2,"turns":3},{"damage":0,"enemies":"conspire:RoseBush","floor":3,"turns":3},{"damage":9,"enemies":"Replay:BlueRogue","floor":6,"turns":10},{"damage":44,"enemies":"conspire:MimicChest","floor":8,"turns":12},{"damage":0,"enemies":"downfall:FleeingMerchant","floor":9,"turns":4},{"damage":0,"enemies":"Jaw Worm","floor":10,"turns":2},{"damage":0,"enemies":"Large Slime","floor":15,"turns":2},{"damage":26,"enemies":"IC_STATUS_ARCHETYPE","floor":16,"turns":7},{"damage":27,"enemies":"conspire:FuzzyDice","floor":19,"turns":4},{"damage":2,"enemies":"Shell Parasite","floor":21,"turns":3},{"damage":2,"enemies":"downfall:FleeingMerchant","floor":23,"turns":4},{"damage":12,"enemies":"Snake Plant","floor":26,"turns":4},{"damage":18,"enemies":"downfall:FleeingMerchant","floor":27,"turns":2}],"seed_played":"3824396982159340310","potions_obtained":[{"floor":2,"key":"Elixir"},{"floor":8,"key":"bronze:CleanCodePotion"},{"floor":15,"key":"Elixir"}],"is_trial":false,"path_per_floor":["R","M","M","?","?","E","T","?","$","M","R","?","R","?","M","B",null,"R","M","?","M","?","$","T","R","M","$"],"character_chosen":"THE_AUTOMATON","items_purchased":["expansioncontent:DashGenerateEvil","bronze:GetLatest"],"campfire_rested":2,"item_purchase_floors":[9,23],"current_hp_per_floor":[77,76,76,76,76,67,67,23,23,23,49,49,49,49,49,23,42,42,15,15,13,13,11,11,29,17,0,0,0],"gold":40,"neow_bonus":"TEN_PERCENT_HP_BONUS","is_daily":false,"chose_seed":false,"campfire_upgraded":3,"win_rate":0.0,"timestamp":1613935474,"path_taken":["R","M","?","?","?","E","T","?","$","M","R","?","R","?","M","BOSS","R","M","?","M","?","?","T","R","M","$"],"items_purchased_type":["Card","Card"],"build_version":"2020-12-22","purchased_purges":1,"victory":false,"max_hp_per_floor":[77,77,77,77,77,77,77,77,77,77,77,77,77,77,77,77,42,42,42,42,42,42,42,42,42,42,42,42,42],"card_choices":[{"not_picked":["bronze:Philosophize","bronze:Overheat"],"picked":"bronze:GetLatest","floor":2},{"not_picked":["bronze:OilSpill","bronze:Repulsor"],"picked":"bronze:ClassDefault","floor":3},{"not_picked":["bronze:Return","bronze:Overheat","bronze:NullPointer"],"picked":"SKIP","floor":6},{"not_picked":["bronze:NullPointer","bronze:Safeguard"],"picked":"bronze:FineTuning","floor":8},{"not_picked":["bronze:Invalidate","bronze:WhirlingStrike"],"picked":"bronze:DigitalCarnage","floor":9},{"not_picked":["bronze:ItsAFeature+1","bronze:Frontload"],"picked":"bronze:Optimize+1","floor":10},{"not_picked":["bronze:BuggyMess","bronze:Deprecate","bronze:OilSpill"],"picked":"SKIP","floor":15},{"not_picked":["bronze:Format","bronze:SpaghettiCode"],"picked":"bronze:Mutator+1","floor":16},{"not_picked":["bronze:WildBeam","bronze:OilSpill"],"picked":"bronze:CutThrough","floor":19},{"not_picked":["bronze:Flail","bronze:Deprecate"],"picked":"bronze:ItsAFeature+1","floor":21},{"not_picked":["bronze:WildBeam","bronze:Shield+1","bronze:DelayedSlice"],"picked":"SKIP","floor":23},{"not_picked":["bronze:WhirlingStrike+1","bronze:BitShift+1"],"picked":"bronze:Overload","floor":26}],"player_experience":155385,"relics_obtained":[{"floor":6,"key":"Anchor"},{"floor":7,"key":"halation:SwordOfLegend"},{"floor":8,"key":"infinitespire:Satchel"},{"floor":24,"key":"aspiration:HiddenCompartment"}],"event_choices":[{"damage_healed":0,"gold_gain":0,"player_choice":"Grow","damage_taken":0,"max_hp_gain":0,"max_hp_loss":0,"event_name":"Living Wall","floor":14,"gold_loss":0,"cards_upgraded":["bronze:Replicate"]}],"is_beta":false,"boss_relics":[{"not_picked":["energizedSpire:HugeHouse","aspiration:DefectSkillbook"],"picked":"halation:Prosthetics"}],"items_purged_floors":[23],"is_endless":false,"potions_floor_spawned":[2,8,15,16,26],"killed_by":"downfall:FleeingMerchant","ascension_level":0}}