{"host":"Hutts","time":1613889138,"event":{"mods":["BaseMod","Downfall","Googly Eyes","Minty Spire (QoL Compilation)","StSLib","The Cursed","The IronCluck"],"gold_per_floor":[118,118,118,138,150,150,180,180,180,214,228,228,257,275,275,378,378,390,390,390,390,403,403,446,446,524,554,574,574,574,595,595,696,696,722,731,303,303,320,362,28,63,136,165,191,191,59,80,80,80],"floor_reached":51,"language":"ENG","playtime":3500,"items_purged":["Regret","TheCursedMod:Strike_TheCursed"],"score":879,"play_id":"144e355e-0b71-49ba-8742-cb124f734cd3","local_time":"20210221003218","is_ascension_mode":true,"campfire_choices":[{"data":"TheCursedMod:HellfireBreathing","floor":6,"key":"SMITH"},{"data":"TheCursedMod:CleanUpWorkshop","floor":8,"key":"SMITH"},{"floor":12,"key":"REST"},{"floor":15,"key":"REST"},{"floor":23,"key":"REST"},{"floor":25,"key":"REST"},{"floor":29,"key":"REST"},{"data":"TheCursedMod:VoidForm","floor":32,"key":"SMITH"},{"floor":46,"key":"REST"},{"data":"TheCursedMod:SpitefulPlan","floor":49,"key":"SMITH"}],"circlet_count":0,"master_deck":["TheCursedMod:Strike_TheCursed","TheCursedMod:Strike_TheCursed","TheCursedMod:Defend_TheCursed","TheCursedMod:Defend_TheCursed","TheCursedMod:Defend_TheCursed","TheCursedMod:Defend_TheCursed","TheCursedMod:CursedWand+1","TheCursedMod:CleanUpWorkshop+1","TheCursedMod:Dregs","TheCursedMod:HellfireBreathing+1","TheCursedMod:CursedBlade","TheCursedMod:SpitefulStrike+1","TheCursedMod:VoidForm+1","TheCursedMod:ManaBullet+1","TheCursedMod:CursedStaff+1","TheCursedMod:CursedRelics+1","TheCursedMod:WearCloak","TheCursedMod:SpitefulStrike+1","Decay","TheCursedMod:BlessingInDisguise","TheCursedMod:WearCloak","TheCursedMod:SpitefulStrike+1","TheCursedMod:CursedBoomerang+1","TheCursedMod:ReleasedStrength+1","Writhe","TheCursedMod:CollectTribute","Master of Strategy","TheCursedMod:CursedShiv+1","TheCursedMod:SpitefulStrike+1","TheCursedMod:HellsGateOpen","TheCursedMod:AshesToAshes","TheCursedMod:SpitefulPlan+1","TheCursedMod:CursedAmulet+1","TheCursedMod:SpitefulPray","TheCursedMod:CursedSpellbook"],"relics":["TheCursedMod:BlackMagic101","NeowsBlessing","TheCursedMod:CrystalBall","Molten Egg 2","StrikeDummy","Boot","Turnip","Black Star","Oddly Smooth Stone","CeramicFish","Pantograph","Kunai","Sundial","MutagenicStrength","Sozu","Ginger","Orichalcum","Question Card","TheCursedMod:Tack","Mummified Hand","Bottled Flame","Eternal Feather","Torii"],"acts_visited":["Exordium","TheCity","TheBeyond"],"potions_floor_usage":[18,27,33,45,50],"damage_taken":[{"damage":0,"enemies":"Jaw Worm","floor":1,"turns":1},{"damage":0,"enemies":"Small Slimes","floor":4,"turns":1},{"damage":0,"enemies":"2 Louse","floor":5,"turns":1},{"damage":14,"enemies":"3 Sentries","floor":7,"turns":5},{"damage":4,"enemies":"Gremlin Nob","floor":10,"turns":3},{"damage":11,"enemies":"2 Fungi Beasts","floor":11,"turns":3},{"damage":11,"enemies":"Lagavulin","floor":13,"turns":5},{"damage":14,"enemies":"Exordium Thugs","floor":14,"turns":4},{"damage":45,"enemies":"Hexaghost","floor":16,"turns":6},{"damage":0,"enemies":"Spheric Guardian","floor":18,"turns":3},{"damage":29,"enemies":"2 Thieves","floor":22,"turns":4},{"damage":53,"enemies":"Book of Stabbing","floor":24,"turns":7},{"damage":5,"enemies":"Gremlin Leader","floor":27,"turns":5},{"damage":18,"enemies":"Cultist and Chosen","floor":28,"turns":6},{"damage":9,"enemies":"Snake Plant","floor":31,"turns":4},{"damage":37,"enemies":"Champ","floor":33,"turns":8},{"damage":1,"enemies":"Orb Walker","floor":35,"turns":3},{"damage":5,"enemies":"3 Darklings","floor":39,"turns":4},{"damage":8,"enemies":"Reptomancer","floor":40,"turns":6},{"damage":19,"enemies":"Giant Head","floor":42,"turns":6},{"damage":0,"enemies":"Nemesis","floor":44,"turns":3},{"damage":12,"enemies":"Transient","floor":45,"turns":5},{"damage":1,"enemies":"Jaw Worm Horde","floor":48,"turns":3},{"damage":38,"enemies":"Awakened One","floor":50,"turns":6}],"seed_played":"7671516178655814468","potions_obtained":[{"floor":1,"key":"Regen Potion"},{"floor":7,"key":"SneckoOil"},{"floor":14,"key":"Swift Potion"},{"floor":27,"key":"EssenceOfSteel"},{"floor":31,"key":"Block Potion"}],"is_trial":false,"path_per_floor":["M","?","?","M","M","R","E","R","T","E","M","R","E","M","R","B",null,"M","?","?","?","M","R","E","R","T","E","M","R","?","M","R","B",null,"M","?","$","?","M","E","$","E","T","E","M","R","$","M","R","B",null],"character_chosen":"THE_CURSED","items_purchased":["TheCursedMod:CollectTribute","Master of Strategy","TheCursedMod:CursedShiv+1","TheCursedMod:HellsGateOpen","TheCursedMod:AshesToAshes","Question Card","TheCursedMod:SpitefulPray"],"campfire_rested":6,"item_purchase_floors":[37,37,37,41,41,41,47],"current_hp_per_floor":[75,75,75,75,75,75,61,61,61,57,46,68,57,43,65,20,75,75,75,75,75,46,68,15,37,37,46,28,50,50,41,41,29,75,74,75,75,75,70,62,62,43,43,43,31,71,71,70,75,37],"gold":80,"neow_bonus":"THREE_ENEMY_KILL","is_daily":false,"chose_seed":false,"campfire_upgraded":4,"win_rate":0.0,"timestamp":1613889138,"path_taken":["M","?","?","M","M","R","E","R","T","E","M","R","E","M","R","BOSS","M","?","?","?","M","R","E","R","T","E","M","R","?","M","R","BOSS","M","?","?","?","M","E","$","E","T","E","?","R","$","M","R","BOSS"],"items_purchased_type":["Card","Card","Card","Card","Card","Relic","Card"],"build_version":"2020-12-18","purchased_purges":2,"victory":true,"max_hp_per_floor":[75,75,75,75,75,75,75,75,75,75,75,75,75,75,75,75,75,75,75,75,75,75,75,75,75,75,75,75,75,75,75,75,75,75,75,75,75,75,75,75,75,75,75,75,75,75,75,75,75,75],"card_choices":[{"not_picked":["TheCursedMod:SpreadPlague","TheCursedMod:RapidMovement"],"picked":"TheCursedMod:HellfireBreathing","floor":1},{"not_picked":["TheCursedMod:RapidMovement","TheCursedMod:CircleOfFlame"],"picked":"TheCursedMod:CursedBlade","floor":4},{"not_picked":["TheCursedMod:CursedMace","TheCursedMod:BlessingInDisguise","TheCursedMod:CircleOfFlame"],"picked":"SKIP","floor":5},{"not_picked":["TheCursedMod:Obscuration","TheCursedMod:CursedBlade+1"],"picked":"TheCursedMod:SpitefulStrike+1","floor":7},{"not_picked":["TheCursedMod:Obscuration","TheCursedMod:Evocation"],"picked":"TheCursedMod:VoidForm","floor":10},{"not_picked":["TheCursedMod:CircleOfBlood","TheCursedMod:StingEye+1","TheCursedMod:RavingStaff+1"],"picked":"SKIP","floor":11},{"not_picked":["TheCursedMod:CursedMace+1","TheCursedMod:DoubleShield"],"picked":"TheCursedMod:ManaBullet+1","floor":13},{"not_picked":["TheCursedMod:Stigma+1","TheCursedMod:Wield+1"],"picked":"TheCursedMod:CursedStaff+1","floor":14},{"not_picked":["TheCursedMod:StunningStrike+1","TheCursedMod:UltimatePain"],"picked":"TheCursedMod:CursedRelics+1","floor":16},{"not_picked":["TheCursedMod:ReleasedKnowledge+1","TheCursedMod:SpreadPlague"],"picked":"TheCursedMod:WearCloak","floor":18},{"not_picked":["TheCursedMod:HellfireBreathing","TheCursedMod:Evocation"],"picked":"TheCursedMod:BlessingInDisguise","floor":22},{"not_picked":["TheCursedMod:CursedStaff+1","TheCursedMod:FuryStrike+1"],"picked":"TheCursedMod:WearCloak","floor":24},{"not_picked":["TheCursedMod:Mangle+1","TheCursedMod:CircleOfCorruption","TheCursedMod:SoulCrush+1"],"picked":"SKIP","floor":27},{"not_picked":["TheCursedMod:RapidMovement","TheCursedMod:FleshFromBone"],"picked":"TheCursedMod:SpitefulStrike+1","floor":28},{"not_picked":["TheCursedMod:TacticalStrike+1","TheCursedMod:CursedAmulet"],"picked":"TheCursedMod:CursedBoomerang+1","floor":31},{"not_picked":["TheCursedMod:Wield+1","TheCursedMod:TacticalStrike+1"],"picked":"TheCursedMod:ReleasedStrength+1","floor":35},{"not_picked":["TheCursedMod:Stigma+1","TheCursedMod:CursedStaff+1","TheCursedMod:VitalStrike+1"],"picked":"SKIP","floor":39},{"not_picked":["TheCursedMod:TacticalStrike+1","TheCursedMod:EmpowerCircles"],"picked":"TheCursedMod:SpitefulStrike+1","floor":40},{"not_picked":["TheCursedMod:TacticalStrike+1","TheCursedMod:CursedStaff+1","TheCursedMod:DemonicPact"],"picked":"TheCursedMod:SpitefulPlan","floor":42},{"not_picked":["TheCursedMod:Hemoplague+1","TheCursedMod:Wield+1","TheCursedMod:SmokeScreen","TheCursedMod:CursedBlade+1"],"picked":"SKIP","floor":44},{"not_picked":["TheCursedMod:Grudge+1","TheCursedMod:RavingStaff+1","TheCursedMod:EmpowerCircles"],"picked":"TheCursedMod:CursedAmulet+1","floor":45},{"not_picked":["TheCursedMod:RavingStaff+1","TheCursedMod:AbyssShockwave+1","TheCursedMod:ReleasedKnowledge"],"picked":"TheCursedMod:CursedSpellbook","floor":48}],"player_experience":1066010,"relics_obtained":[{"floor":7,"key":"Molten Egg 2"},{"floor":9,"key":"StrikeDummy"},{"floor":10,"key":"Boot"},{"floor":13,"key":"Turnip"},{"floor":24,"key":"Oddly Smooth Stone"},{"floor":24,"key":"CeramicFish"},{"floor":26,"key":"Pantograph"},{"floor":27,"key":"Kunai"},{"floor":27,"key":"Sundial"},{"floor":40,"key":"Ginger"},{"floor":40,"key":"Orichalcum"},{"floor":42,"key":"TheCursedMod:Tack"},{"floor":42,"key":"Mummified Hand"},{"floor":43,"key":"Bottled Flame"},{"floor":44,"key":"Eternal Feather"},{"floor":44,"key":"Torii"}],"event_choices":[{"damage_healed":0,"gold_gain":0,"player_choice":"Grow","damage_taken":0,"max_hp_gain":0,"max_hp_loss":0,"event_name":"Living Wall","floor":2,"gold_loss":0,"cards_upgraded":["TheCursedMod:CursedWand"]},{"damage_healed":0,"gold_gain":0,"player_choice":"Box","damage_taken":0,"relics_obtained":["TheCursedMod:CrystalBall"],"max_hp_gain":0,"max_hp_loss":0,"event_name":"Big Fish","floor":3,"gold_loss":0,"cards_obtained":["Regret"]},{"damage_healed":0,"gold_gain":0,"player_choice":"Read","damage_taken":0,"max_hp_gain":0,"max_hp_loss":0,"event_name":"The Library","floor":19,"gold_loss":0,"cards_obtained":["TheCursedMod:SpitefulStrike"]},{"damage_healed":0,"gold_gain":0,"player_choice":"Smashed Altar","damage_taken":0,"max_hp_gain":0,"max_hp_loss":0,"event_name":"Forgotten Altar","floor":20,"gold_loss":0,"cards_obtained":["Decay"]},{"damage_healed":0,"gold_gain":0,"player_choice":"Ignored","damage_taken":0,"max_hp_gain":0,"max_hp_loss":0,"event_name":"Ghosts","floor":21,"gold_loss":0},{"damage_healed":0,"gold_gain":0,"player_choice":"Inject Mutagens","damage_taken":0,"relics_obtained":["MutagenicStrength"],"max_hp_gain":0,"max_hp_loss":0,"event_name":"Drug Dealer","floor":30,"gold_loss":0},{"damage_healed":19,"gold_gain":0,"player_choice":"Writhe","damage_taken":0,"max_hp_gain":0,"max_hp_loss":0,"event_name":"Winding Halls","floor":36,"gold_loss":0,"cards_obtained":["Writhe"]},{"cards_removed":["TheCursedMod:Strike_TheCursed"],"damage_healed":0,"gold_gain":0,"player_choice":"Purged","damage_taken":0,"max_hp_gain":0,"max_hp_loss":0,"event_name":"Purifier","floor":38,"gold_loss":0}],"is_beta":true,"boss_relics":[{"not_picked":["Astrolabe","bronze:MakeshiftBattery"],"picked":"Black Star"},{"not_picked":["Calling Bell","expansioncontent:StudyCardRelic"],"picked":"Sozu"}],"items_purged_floors":[37,47],"is_endless":false,"potions_floor_spawned":[1,7,14,27,31,35,40,45],"ascension_level":1}}