{"host":"vumwfieg2b2mnrfl","time":1613872367,"event":{"mods":["AchievementEnabler","BaseMod","Minty Spire (QoL Compilation)","Rare Cards Sparkle","Relic Stats"],"gold_per_floor":[114,132,143,143,58,101,116,116,141,179,216,228,276,288,300,408,483,520,532,596,629,431,431,431,356,429,462,462,500,553,553,553],"floor_reached":31,"language":"ENG","playtime":822,"items_purged":["Pain"],"score":558,"play_id":"5d30420a-38a4-43f3-8b61-29668f07888c","local_time":"20210220195247","is_ascension_mode":true,"campfire_choices":[{"floor":8.0,"key":"REST"},{"data":"Armaments","floor":12.0,"key":"SMITH"},{"floor":15.0,"key":"REST"},{"data":"Limit Break","floor":23.0,"key":"SMITH"},{"data":"Disarm","floor":28.0,"key":"SMITH"}],"circlet_count":0,"master_deck":["AscendersBane","Strike_R","Strike_R","Strike_R","Strike_R","Defend_R","Defend_R","Defend_R","Defend_R","Bash","Thunderclap+1","Clash","Armaments+1","Fire Breathing","Disarm","Spot Weakness","Dual Wield","Limit Break+1","Warcry","Flame Barrier","Disarm+1","Shrug It Off","Double Tap","Headbutt"],"relics":["Burning Blood","Blood Vial","Golden Idol","Ancient Tea Set","MawBank","Bag of Marbles","Akabeko","WarpedTongs","Tiny House","Oddly Smooth Stone","Shuriken","Eternal Feather","Smiling Mask","Lantern"],"acts_visited":["Exordium","TheCity"],"potions_floor_usage":[31,31],"damage_taken":[{"damage":5.0,"enemies":"2 Louse","floor":1.0,"turns":3.0},{"damage":14.0,"enemies":"Jaw Worm","floor":2.0,"turns":4.0},{"damage":1.0,"enemies":"Cultist","floor":3.0,"turns":3.0},{"damage":20.0,"enemies":"3 Sentries","floor":6.0,"turns":4.0},{"damage":30.0,"enemies":"Large Slime","floor":7.0,"turns":5.0},{"damage":0.0,"enemies":"Blue Slaver","floor":11.0,"turns":2.0},{"damage":36.0,"enemies":"Lagavulin","floor":13.0,"turns":7.0},{"damage":26.0,"enemies":"Hexaghost","floor":16.0,"turns":6.0},{"damage":33.0,"enemies":"2 Thieves","floor":18.0,"turns":4.0},{"damage":24.0,"enemies":"Spheric Guardian","floor":21.0,"turns":6.0},{"damage":26.0,"enemies":"Book of Stabbing","floor":27.0,"turns":8.0},{"damage":32.0,"enemies":"Slavers","floor":29.0,"turns":6.0},{"damage":29,"enemies":"Centurion and Healer","floor":31,"turns":4}],"seed_played":"3371743850810847423","potions_obtained":[{"floor":2.0,"key":"DuplicationPotion"},{"floor":11.0,"key":"DistilledChaos"},{"floor":13.0,"key":"BloodPotion"},{"floor":18.0,"key":"BloodPotion"},{"floor":29.0,"key":"PowerPotion"}],"is_trial":false,"path_per_floor":["M","M","M","?","$","E","M","R","T","T","M","R","E","?","R","B",null,"M","$","T","M","$","R","?","?","T","E","R","E","T","M"],"character_chosen":"IRONCLAD","items_purchased":["Fire Breathing","Shrug It Off","LiquidMemories"],"campfire_rested":2,"item_purchase_floors":[5,22,22],"current_hp_per_floor":[71,65,72,46,46,34,12,34,34,34,42,42,14,14,36,18,66,41,41,41,25,41,41,41,41,41,23,35,11,11,0,0],"gold":553,"neow_bonus":"RANDOM_COMMON_RELIC","is_daily":false,"chose_seed":false,"campfire_upgraded":3,"win_rate":0.0,"timestamp":1613872367,"path_taken":["M","M","M","?","$","E","M","R","T","?","M","R","E","?","R","BOSS","M","$","?","M","$","R","?","?","T","E","R","E","?","?"],"items_purchased_type":["Card","Card","Potion"],"build_version":"2020-12-22","purchased_purges":1,"victory":false,"max_hp_per_floor":[75,75,75,75,75,75,75,75,75,75,75,75,75,75,75,75,80,80,80,80,80,80,80,80,80,80,80,80,80,80,80,80],"relic_stats":{"Blood Vial":26,"counters":[13,62],"Golden Idol":80,"Shuriken":[1],"Eternal Feather":12,"MawBank":156,"Smiling Mask":0,"obtain_stats":[{"Lantern":30,"Tiny House":17,"Golden Idol":4,"Oddly Smooth Stone":20,"Eternal Feather":27,"Ancient Tea Set":6,"MawBank":9,"Smiling Mask":29,"Burning Blood":0,"Akabeko":13,"WarpedTongs":14,"Blood Vial":0,"Shuriken":26,"Bag of Marbles":10},{"Lantern":12,"Tiny House":8,"Golden Idol":3,"Oddly Smooth Stone":9,"Eternal Feather":11,"Ancient Tea Set":4,"MawBank":5,"Smiling Mask":12,"Burning Blood":0,"Akabeko":7,"WarpedTongs":7,"Blood Vial":0,"Shuriken":10,"Bag of Marbles":5},{"Lantern":58,"Tiny House":34,"Golden Idol":10,"Oddly Smooth Stone":38,"Eternal Feather":52,"Ancient Tea Set":14,"MawBank":19,"Smiling Mask":58,"Burning Blood":0,"Akabeko":28,"WarpedTongs":28,"Blood Vial":0,"Shuriken":44,"Bag of Marbles":19}],"Burning Blood":72,"WarpedTongs":[33]},"card_choices":[{"not_picked":["True Grit","Sentinel"],"picked":"Thunderclap","floor":1.0},{"not_picked":["Reckless Charge","Headbutt"],"picked":"Clash","floor":2.0},{"not_picked":["Shrug It Off","Body Slam"],"picked":"Armaments","floor":3.0},{"not_picked":["Carnage","True Grit"],"picked":"Disarm","floor":6.0},{"not_picked":["Clash","Twin Strike"],"picked":"Spot Weakness","floor":7.0},{"not_picked":["Sword Boomerang","Wild Strike"],"picked":"Dual Wield","floor":11.0},{"not_picked":["Sword Boomerang","Fiend Fire","Perfected Strike"],"picked":"SKIP","floor":13.0},{"not_picked":["Immolate","Bludgeon"],"picked":"Limit Break","floor":16.0},{"not_picked":["Thunderclap","Iron Wave"],"picked":"Warcry","floor":17.0},{"not_picked":["Clothesline+1","Carnage+1"],"picked":"Flame Barrier","floor":18.0},{"not_picked":["Searing Blow","Wild Strike"],"picked":"Disarm","floor":21.0},{"not_picked":["Shrug It Off","Warcry"],"picked":"Double Tap","floor":27.0},{"not_picked":["Body Slam","Second Wind"],"picked":"Headbutt","floor":29.0}],"player_experience":575927,"relics_obtained":[{"floor":6.0,"key":"Ancient Tea Set"},{"floor":9.0,"key":"MawBank"},{"floor":10.0,"key":"Bag of Marbles"},{"floor":13.0,"key":"Akabeko"},{"floor":20.0,"key":"Oddly Smooth Stone"},{"floor":26.0,"key":"Shuriken"},{"floor":27.0,"key":"Eternal Feather"},{"floor":29.0,"key":"Smiling Mask"},{"floor":30.0,"key":"Lantern"}],"event_choices":[{"damage_healed":0.0,"max_hp_gain":0.0,"max_hp_loss":0.0,"gold_gain":0.0,"event_name":"Golden Idol","player_choice":"Take Damage","floor":4.0,"gold_loss":0.0,"damage_taken":26.0,"relics_obtained":["Golden Idol"]},{"damage_healed":0.0,"max_hp_gain":0.0,"max_hp_loss":0.0,"gold_gain":0.0,"event_name":"Accursed Blacksmith","player_choice":"Rummage","floor":14.0,"gold_loss":0.0,"damage_taken":0.0,"relics_obtained":["WarpedTongs"],"cards_obtained":["Pain"]},{"damage_healed":0.0,"max_hp_gain":0.0,"max_hp_loss":0.0,"gold_gain":0.0,"event_name":"The Mausoleum","player_choice":"Ignored","floor":24.0,"gold_loss":0.0,"damage_taken":0.0},{"cards_removed":["Strike_R"],"damage_healed":0.0,"max_hp_gain":0.0,"max_hp_loss":0.0,"gold_gain":0.0,"event_name":"Beggar","player_choice":"Gave Gold","floor":25.0,"gold_loss":75.0,"damage_taken":0.0}],"is_beta":false,"boss_relics":[{"not_picked":["Runic Dome","Runic Pyramid"],"picked":"Tiny House"}],"items_purged_floors":[22],"is_endless":false,"potions_floor_spawned":[2,11,13,16,18,27,29],"killed_by":"Centurion and Healer","ascension_level":20}}