{"host":"mvhzznpw3ffw85pv","time":1613916468,"event":{"mods":["AchievementEnabler","BaseMod","Bestiary","Block Reminder","Colored Map","Highlight Path","Minty Spire (QoL Compilation)","Relic Stats"],"gold_per_floor":[118,137,137,154,172,172,207,207,207,207,235,245,262,282,282,282,282],"floor_reached":16,"language":"ENG","playtime":856,"items_purged":[],"score":207,"play_id":"f1eabd6b-afbc-46e7-a1fe-738559478971","local_time":"20210221090748","is_ascension_mode":true,"campfire_choices":[{"data":"Bash","floor":6,"key":"SMITH"},{"data":"Feed","floor":8,"key":"SMITH"},{"data":"Pommel Strike","floor":10,"key":"SMITH"},{"data":"True Grit","floor":15,"key":"SMITH"}],"circlet_count":0,"master_deck":["AscendersBane","Strike_R","Strike_R","Strike_R","Strike_R","Strike_R","Defend_R","Defend_R","Defend_R","Defend_R","Bash+1","Pommel Strike+1","Headbutt","Feed+1","Feed","True Grit+1"],"relics":["Burning Blood","Darkstone Periapt","Tiny Chest","Juzu Bracelet","Pen Nib"],"acts_visited":["Exordium"],"potions_floor_usage":[7,16,16],"damage_taken":[{"damage":1,"enemies":"Cultist","floor":1,"turns":3},{"damage":10,"enemies":"2 Louse","floor":2,"turns":4},{"damage":4,"enemies":"Jaw Worm","floor":4,"turns":4},{"damage":8,"enemies":"Large Slime","floor":5,"turns":5},{"damage":30,"enemies":"3 Sentries","floor":7,"turns":5},{"damage":53,"enemies":"Lagavulin","floor":11,"turns":7},{"damage":1,"enemies":"2 Fungi Beasts","floor":12,"turns":3},{"damage":4,"enemies":"3 Louse","floor":13,"turns":3},{"damage":6,"enemies":"Looter","floor":14,"turns":2},{"damage":37,"enemies":"The Guardian","floor":16,"turns":9}],"seed_played":"5097010276047656596","potions_obtained":[{"floor":1,"key":"BlessingOfTheForge"},{"floor":2,"key":"PowerPotion"},{"floor":12,"key":"Explosive Potion"}],"is_trial":false,"path_per_floor":["M","M","T","M","M","R","E","R","T","R","E","M","M","M","R","B"],"character_chosen":"IRONCLAD","items_purchased":[],"campfire_rested":0,"item_purchase_floors":[],"current_hp_per_floor":[85,81,81,83,81,81,57,57,57,57,14,23,32,36,36,0,0],"gold":282,"neow_bonus":"TEN_PERCENT_HP_BONUS","is_daily":false,"chose_seed":false,"campfire_upgraded":4,"win_rate":0.0,"timestamp":1613916468,"path_taken":["M","M","?","M","M","R","E","R","T","R","E","M","M","M","R","BOSS"],"items_purchased_type":[],"build_version":"2020-12-22","purchased_purges":0,"victory":false,"max_hp_per_floor":[88,88,88,88,88,88,88,88,88,88,92,96,103,107,107,107,107],"relic_stats":{"Darkstone Periapt":0,"counters":[10,45],"Tiny Chest":0,"Pen Nib":[3],"Juzu Bracelet":0,"obtain_stats":[{"Darkstone Periapt":3,"Tiny Chest":7,"Pen Nib":11,"Juzu Bracelet":9,"Burning Blood":0},{"Darkstone Periapt":2,"Tiny Chest":5,"Pen Nib":6,"Juzu Bracelet":5,"Burning Blood":0},{"Darkstone Periapt":7,"Tiny Chest":21,"Pen Nib":28,"Juzu Bracelet":21,"Burning Blood":0}],"Burning Blood":54},"card_choices":[{"not_picked":["Rampage","Havoc","Thunderclap"],"picked":"SKIP","floor":1},{"not_picked":["Thunderclap","Anger"],"picked":"Pommel Strike","floor":2},{"not_picked":["Warcry","Armaments","Entrench"],"picked":"SKIP","floor":4},{"not_picked":["Sword Boomerang","Metallicize"],"picked":"Headbutt","floor":5},{"not_picked":["Sword Boomerang","Perfected Strike"],"picked":"Feed","floor":7},{"not_picked":["Perfected Strike","Blood for Blood","Body Slam"],"picked":"SKIP","floor":11},{"not_picked":["Evolve","Body Slam"],"picked":"Feed","floor":12},{"not_picked":["Carnage","Evolve","Pommel Strike"],"picked":"SKIP","floor":13},{"not_picked":["Seeing Red","Uppercut"],"picked":"True Grit","floor":14}],"player_experience":642063,"relics_obtained":[{"floor":3,"key":"Darkstone Periapt"},{"floor":7,"key":"Tiny Chest"},{"floor":9,"key":"Juzu Bracelet"},{"floor":11,"key":"Pen Nib"}],"event_choices":[],"is_beta":false,"boss_relics":[],"items_purged_floors":[],"is_endless":false,"potions_floor_spawned":[1,2,12,14],"killed_by":"The Guardian","ascension_level":12}}