{"host":"3c8x8j1h2jyrixpf","time":1613867753,"event":{"mods":["BaseMod","Colored Powertips","Highlight Path","Minty Spire (QoL Compilation)","StSLib"],"gold_per_floor":[110,185,203,219,96,96,126,36,36,66,66,66,12,25,25,25,25],"floor_reached":16,"language":"ENG","playtime":390,"items_purged":["Defend_P"],"score":219,"play_id":"b1b2d479-a3cb-46a3-8cee-22b6ecd337e5","local_time":"20210220183553","is_ascension_mode":true,"campfire_choices":[{"data":"TalkToTheHand","floor":6,"key":"SMITH"},{"data":"1","floor":12,"key":"LIFT"},{"data":"2","floor":15,"key":"LIFT"}],"circlet_count":0,"master_deck":["AscendersBane","Strike_P","Strike_P","Strike_P","Strike_P","Defend_P","Defend_P","Defend_P","Eruption","Vigilance","CarveReality","TalkToTheHand+1","Wallop","FlurryOfBlows","Meditate","Wireheading","CutThroughFate","ThirdEye","Consecrate","JustLucky"],"relics":["PureWater","NeowsBlessing","Gambling Chip","Girya","Juzu Bracelet","Matryoshka"],"acts_visited":["Exordium"],"potions_floor_usage":[10,16,16],"damage_taken":[{"damage":0,"enemies":"Jaw Worm","floor":1,"turns":1},{"damage":0,"enemies":"Cultist","floor":3,"turns":1},{"damage":0,"enemies":"2 Louse","floor":4,"turns":1},{"damage":31,"enemies":"3 Sentries","floor":7,"turns":10},{"damage":0,"enemies":"Lagavulin","floor":10,"turns":4},{"damage":0,"enemies":"Exordium Wildlife","floor":14,"turns":2},{"damage":30,"enemies":"Slime Boss","floor":16,"turns":4}],"seed_played":"-348961385895241467","potions_obtained":[{"floor":1,"key":"CultistPotion"},{"floor":10,"key":"BottledMiracle"},{"floor":14,"key":"AttackPotion"}],"is_trial":false,"path_per_floor":["M","?","M","M","$","R","E","$","T","E","?","R","$","M","R","B"],"character_chosen":"WATCHER","items_purchased":["FlurryOfBlows","Wireheading","CutThroughFate","Consecrate"],"campfire_rested":0,"item_purchase_floors":[5,8,8,13],"current_hp_per_floor":[65,58,58,58,58,58,27,27,27,27,20,20,20,20,20,0,0],"gold":25,"neow_bonus":"THREE_ENEMY_KILL","is_daily":false,"chose_seed":false,"campfire_upgraded":1,"win_rate":0.0,"timestamp":1613867753,"path_taken":["M","?","M","?","?","R","E","$","T","E","?","R","?","M","R","BOSS"],"items_purchased_type":["Card","Card","Card","Card"],"build_version":"2020-12-22","purchased_purges":1,"victory":false,"max_hp_per_floor":[72,72,72,72,72,72,72,72,72,72,72,72,72,72,72,72,72],"card_choices":[{"not_picked":["FlurryOfBlows","CrushJoints"],"picked":"CarveReality","floor":1},{"not_picked":["Protect","SashWhip"],"picked":"TalkToTheHand","floor":3},{"not_picked":["BowlingBash","SignatureMove"],"picked":"Wallop","floor":4},{"not_picked":["Alpha","Evaluate"],"picked":"Meditate","floor":7},{"not_picked":["BattleHymn","Perseverance"],"picked":"ThirdEye","floor":10},{"not_picked":["Halt","Indignation"],"picked":"JustLucky","floor":14}],"player_experience":285550,"relics_obtained":[{"floor":7,"key":"Gambling Chip"},{"floor":9,"key":"Girya"},{"floor":10,"key":"Juzu Bracelet"}],"event_choices":[{"damage_healed":0,"gold_gain":75,"player_choice":"Touch","damage_taken":7,"max_hp_gain":0,"max_hp_loss":0,"event_name":"FaceTrader","floor":2,"gold_loss":0},{"damage_healed":0,"gold_gain":0,"player_choice":"Success","damage_taken":7,"relics_obtained":["Matryoshka"],"max_hp_gain":0,"max_hp_loss":0,"event_name":"Scrap Ooze","floor":11,"gold_loss":0}],"is_beta":false,"boss_relics":[],"items_purged_floors":[5],"is_endless":false,"potions_floor_spawned":[1,10,14],"killed_by":"Slime Boss","ascension_level":13}}