{"host":"delta","time":1613892243,"event":{"mods":["Act Like it!","BaseMod","Lobotomy","Minty Spire (QoL Compilation)","StSLib","The Hierophant","WarShipGirlsR/战舰少女R mod","残留之物"],"gold_per_floor":[117,136,155,170,180,214,214,43,91,91,16,44,44,57,57,153,153,169,169],"floor_reached":18,"language":"ZHS","playtime":859,"items_purged":["SpecialBullet"],"score":224,"play_id":"641a411a-5ab8-4bd8-9eab-e555d11e8b78","local_time":"20210221152403","is_ascension_mode":false,"campfire_choices":[],"circlet_count":0,"master_deck":["SpecialBullet","SpecialBullet","SpecialBullet","SpecialBullet","SpecialBullet","SpecialBullet","SpecialBullet","CentralCode","ControlCode","WelfareCode","SolemnVow","Heaven","SpecialBullet","SomewhereSpear","MagicBullet","CrimsonScar","TT2Protocol","Soda","SoundOfStar","CherryBlossom","SummonCall","SoundOfStar","SpecialBullet","FourthMatchFlame"],"relics":["SacredBark","Blood Vial","Orichalcum","Lantern","Kunai","Fusion Hammer"],"acts_visited":["Exordium","TheCity"],"potions_floor_usage":[6,12],"damage_taken":[{"damage":0,"enemies":"Cultist","floor":1,"turns":3},{"damage":8,"enemies":"Small Slimes","floor":2,"turns":2},{"damage":0,"enemies":"Jaw Worm","floor":3,"turns":2},{"damage":7,"enemies":"Blue Slaver","floor":4,"turns":3},{"damage":10,"enemies":"Looter","floor":5,"turns":3},{"damage":0,"enemies":"Gremlin Nob","floor":6,"turns":2},{"damage":0,"enemies":"Lagavulin","floor":12,"turns":3},{"damage":1,"enemies":"Exordium Wildlife","floor":14,"turns":3},{"damage":30,"enemies":"Hexaghost","floor":16,"turns":6},{"damage":4,"enemies":"Chosen","floor":18,"turns":3}],"seed_played":"5644314652956319194","potions_obtained":[{"floor":1,"key":"Explosive Potion"},{"floor":4,"key":"LiquidMemories"},{"floor":5,"key":"Fire Potion"},{"floor":6,"key":"PowerPotion"},{"floor":14,"key":"Fire Potion"}],"is_trial":false,"path_per_floor":["M","M","M","M","M","E","R","$","T","?","$","E","R","M","R","B",null,"M"],"character_chosen":"Angela","items_purchased":["Orichalcum","Soda"],"campfire_rested":0,"item_purchase_floors":[8,8],"current_hp_per_floor":[70,62,62,55,45,45,45,45,45,45,45,47,47,54,54,28,70,69,69],"gold":169,"neow_bonus":"BOSS_RELIC","is_daily":false,"chose_seed":false,"campfire_upgraded":0,"win_rate":0.0,"timestamp":1613892243,"path_taken":["M","M","M","?","M","E","R","$","T","?","?","E","R","M","R","BOSS","M"],"items_purchased_type":["Relic","Card"],"build_version":"2020-12-18","purchased_purges":1,"victory":false,"max_hp_per_floor":[70,70,70,70,70,70,70,70,70,70,70,70,70,70,70,70,70,70,70],"card_choices":[{"not_picked":["WristCuter"],"picked":"SolemnVow","floor":1},{"not_picked":["Loneliness"],"picked":"Heaven","floor":2},{"not_picked":["RapturousDream","CherryBlossom"],"picked":"SKIP","floor":3},{"not_picked":["Diffraction"],"picked":"SomewhereSpear","floor":4},{"not_picked":["Penitence"],"picked":"MagicBullet","floor":5},{"not_picked":["GrinderMk4"],"picked":"CrimsonScar","floor":6},{"not_picked":["Penitence"],"picked":"SoundOfStar","floor":12},{"not_picked":["TodaysExpression"],"picked":"CherryBlossom","floor":14},{"not_picked":["Twilight"],"picked":"SoundOfStar","floor":16},{"not_picked":["Tough"],"picked":"FourthMatchFlame","floor":18}],"player_experience":341877,"relics_obtained":[{"floor":6,"key":"Blood Vial"},{"floor":9,"key":"Lantern"},{"floor":12,"key":"Kunai"}],"event_choices":[{"damage_healed":0,"gold_gain":0,"player_choice":"Bought 0 Potions","damage_taken":0,"max_hp_gain":0,"max_hp_loss":0,"event_name":"The Woman in Blue","floor":10,"gold_loss":0}],"is_beta":true,"boss_relics":[{"not_picked":["Runic Dome","Busted Crown"],"picked":"Fusion Hammer"}],"items_purged_floors":[11],"is_endless":false,"potions_floor_spawned":[1,4,5,6,14],"killed_by":"Chosen","ascension_level":0}}