{"host":"1bux2ns9kwx2qu1n","time":1613949761,"event":{"mods":["BaseMod","Colored Map","Colored Powertips","Hermit","Minty Spire (QoL Compilation)","Quick Restart","Relic Sorter","StSLib"],"gold_per_floor":[15,32,32,52,52,96,96,171,171,18,18,59,59,105,105,235,235,263,293,392,74,74,74,74,79,79,103,128,128,128,147,147,154,154],"floor_reached":33,"language":"ENG","playtime":1286,"items_purged":["hermit:Strike_Hermit"],"score":352,"play_id":"d32c477f-bc39-4f20-86e1-9c6adcd73349","local_time":"20210221182241","is_ascension_mode":true,"campfire_choices":[{"floor":11,"key":"REST"},{"floor":13,"key":"REST"},{"data":"hermit:Malice","floor":15,"key":"SMITH"},{"floor":23,"key":"REST"},{"floor":30,"key":"REST"},{"floor":32,"key":"REST"}],"circlet_count":0,"master_deck":["hermit:Strike_Hermit","hermit:Strike_Hermit","hermit:Strike_Hermit","hermit:Defend_Hermit","hermit:Defend_Hermit","hermit:Defend_Hermit","hermit:Defend_Hermit","hermit:Snapshot","hermit:Covet","hermit:FinalCanter","hermit:Malice+1","hermit:Scavenge","Parasite","hermit:Ricochet+1","hermit:ShadowCloak","hermit:Magnum+1","Apotheosis","hermit:Manifest","hermit:FlashPowder","Injury","hermit:Midnight+1","hermit:Midnight+1"],"relics":["hermit:ClaspedLocket","Golden Idol","Molten Egg 2","hermit:Spyglass","Tiny Chest","Singing Bowl","Happy Flower","Question Card","Juzu Bracelet"],"acts_visited":["Exordium","TheCity"],"potions_floor_usage":[8,16,18,18,18,24,25,33,33],"damage_taken":[{"damage":12,"enemies":"Jaw Worm","floor":1,"turns":2},{"damage":2,"enemies":"Small Slimes","floor":2,"turns":3},{"damage":8,"enemies":"2 Louse","floor":4,"turns":2},{"damage":21,"enemies":"Gremlin Nob","floor":6,"turns":4},{"damage":37,"enemies":"Lagavulin Event","floor":8,"turns":6},{"damage":18,"enemies":"3 Sentries","floor":12,"turns":7},{"damage":20,"enemies":"Slime Boss","floor":16,"turns":9},{"damage":30,"enemies":"3 Byrds","floor":18,"turns":5},{"damage":8,"enemies":"Chosen","floor":19,"turns":4},{"damage":16,"enemies":"Slavers","floor":24,"turns":2},{"damage":16,"enemies":"3 Cultists","floor":25,"turns":5},{"damage":9,"enemies":"Chosen and Byrds","floor":27,"turns":6},{"damage":17,"enemies":"Shelled Parasite and Fungi","floor":31,"turns":4},{"damage":42,"enemies":"Champ","floor":33,"turns":14}],"seed_played":"8114688719818522232","potions_obtained":[{"floor":2,"key":"Swift Potion"},{"floor":8,"key":"SteroidPotion"},{"floor":16,"key":"EntropicBrew"},{"floor":18,"key":"SmokeBomb"},{"floor":27,"key":"Fire Potion"},{"floor":31,"key":"SpeedPotion"}],"is_trial":false,"path_per_floor":["M","M","?","M","?","E","?","?","T","$","R","E","R","T","R","B",null,"M","M","?","$","?","R","E","M","T","M","T","?","R","M","R","B"],"character_chosen":"HERMIT","items_purchased":["hermit:ShadowCloak","Apotheosis","hermit:Manifest","hermit:FlashPowder"],"campfire_rested":5,"item_purchase_floors":[10,21,21,21],"current_hp_per_floor":[56,54,54,46,46,25,42,5,5,5,25,9,30,30,30,10,56,28,22,22,22,22,44,28,12,12,3,3,3,25,10,33,0,0],"gold":154,"neow_bonus":"THREE_RARE_CARDS","is_daily":false,"chose_seed":false,"campfire_upgraded":1,"win_rate":0.0,"timestamp":1613949761,"path_taken":["M","M","?","M","?","E","?","?","T","$","R","E","R","?","R","BOSS","M","M","?","$","?","R","E","M","T","M","?","?","R","M","R","BOSS"],"items_purchased_type":["Card","Card","Card","Card"],"build_version":"2020-12-22","purchased_purges":1,"victory":false,"max_hp_per_floor":[75,75,69,69,69,69,69,69,69,69,69,71,71,71,71,71,71,73,75,75,75,75,75,75,75,75,75,75,75,75,77,77,77,77],"card_choices":[{"not_picked":["hermit:RoundhouseKick","hermit:Adapt"],"picked":"hermit:FinalCanter","floor":0},{"not_picked":["hermit:CalledShot","hermit:Enervate","hermit:Coalescence"],"picked":"SKIP","floor":1},{"not_picked":["hermit:SprayPray","hermit:BodyArmor"],"picked":"hermit:Malice","floor":2},{"not_picked":["hermit:Feint","hermit:TrackingShot"],"picked":"hermit:Scavenge","floor":4},{"not_picked":["hermit:LowProfile","hermit:TakeAim","hermit:Brawl"],"picked":"SKIP","floor":6},{"not_picked":["hermit:Coalescence","hermit:Desperado+1"],"picked":"hermit:Ricochet+1","floor":8},{"not_picked":["hermit:HighNoon","hermit:Virtue","hermit:CalledShot+1"],"picked":"Singing Bowl","floor":12},{"not_picked":["hermit:OverwhelmingPower","hermit:BlackWind+1"],"picked":"hermit:Magnum+1","floor":16},{"not_picked":["hermit:GoldenBullet+1","hermit:Grudge+1","hermit:CalledShot+1"],"picked":"Singing Bowl","floor":18},{"not_picked":["hermit:CursedWeapon+1","hermit:Showdown+1","hermit:Roulette+1"],"picked":"Singing Bowl","floor":19},{"not_picked":["hermit:CalledShot+1","hermit:Headshot+1","hermit:Feint+1"],"picked":"hermit:Midnight+1","floor":27},{"not_picked":["hermit:Headshot+1","hermit:Dive","hermit:HoleUp","hermit:Glare"],"picked":"Singing Bowl","floor":31}],"player_experience":866071,"relics_obtained":[{"floor":6,"key":"Molten Egg 2"},{"floor":8,"key":"hermit:Spyglass"},{"floor":9,"key":"Tiny Chest"},{"floor":12,"key":"Singing Bowl"},{"floor":14,"key":"Happy Flower"},{"floor":26,"key":"Question Card"},{"floor":28,"key":"Juzu Bracelet"}],"event_choices":[{"damage_healed":0,"gold_gain":0,"player_choice":"Lose Max HP","damage_taken":0,"relics_obtained":["Golden Idol"],"max_hp_gain":0,"max_hp_loss":6,"event_name":"Golden Idol","floor":3,"gold_loss":0},{"damage_healed":0,"gold_gain":0,"player_choice":"Leave","damage_taken":0,"max_hp_gain":0,"max_hp_loss":0,"event_name":"The Cleric","floor":5,"gold_loss":0},{"damage_healed":17,"gold_gain":0,"player_choice":"Healed and dodged fight","damage_taken":0,"max_hp_gain":0,"max_hp_loss":0,"event_name":"Mushrooms","floor":7,"gold_loss":0,"cards_obtained":["Parasite"]},{"damage_healed":0,"gold_gain":0,"player_choice":"Searched \u00272\u0027 times","damage_taken":0,"max_hp_gain":0,"max_hp_loss":0,"event_name":"Dead Adventurer","floor":8,"gold_loss":0},{"damage_healed":0,"gold_gain":99,"player_choice":"Stole From Cult","damage_taken":0,"max_hp_gain":0,"max_hp_loss":0,"event_name":"Nest","floor":20,"gold_loss":0},{"damage_healed":0,"gold_gain":0,"player_choice":"1 cards matched","damage_taken":0,"max_hp_gain":0,"max_hp_loss":0,"event_name":"Match and Keep!","floor":22,"gold_loss":0,"cards_obtained":["Injury"]},{"damage_healed":0,"gold_gain":0,"player_choice":"Copied","damage_taken":0,"max_hp_gain":0,"max_hp_loss":0,"event_name":"Duplicator","floor":29,"gold_loss":0,"cards_obtained":["hermit:Midnight"]}],"is_beta":false,"boss_relics":[{"not_picked":["hermit:BartenderGlass","Philosopher\u0027s Stone"],"picked":"hermit:ClaspedLocket"}],"items_purged_floors":[10],"is_endless":false,"potions_floor_spawned":[2,8,16,18,27,31],"killed_by":"Champ","ascension_level":6}}