{"host":"ugys05tpep779cl6","time":1613938471,"event":{"mods":["AchievementEnabler","Aspiration","BaseMod","Beaked The Cultist","CatGirl Mod","Colored Powertips","HololiveMod","Lobotomy","Minty Spire (QoL Compilation)","Quick Restart","Replay The Spire","Spicy Shops","StSLib","The Druid"],"gold_per_floor":[109,126,201,201,33,66,66,96,96,114,140,158,185,185,185,283,283,302,318,329,329,384,410,410,440,467,467,392,491,391,426,426,525,575,589,464,557,657,657,690,740,768,843,875,725,750,750,770,770,770,770,770,58,93,93,93],"floor_reached":55,"language":"ENG","playtime":2800,"items_purged":["Strike_R","Defend_R","Strike_R","Strike_R","Defend_R"],"score":834,"play_id":"fb57446d-2551-47a7-a2c1-0f97a460d2b4","local_time":"20210221211431","is_ascension_mode":true,"campfire_choices":[{"data":"Body Slam","floor":7.0,"key":"SMITH"},{"data":"Entrench","floor":15.0,"key":"SMITH"},{"data":"Juggernaut","floor":24.0,"key":"SMITH"},{"data":"Limit Break","floor":27.0,"key":"SMITH"},{"floor":32.0,"key":"RECALL"},{"data":"Sword Boomerang","floor":47,"key":"SMITH"},{"data":"Barricade","floor":49,"key":"SMITH"},{"data":"Demon Form","floor":52,"key":"SMITH"}],"circlet_count":0,"master_deck":["Strike_R","Defend_R+1","Bash","Body Slam+1","Shrug It Off","Entrench+1","Limit Break+1","Juggernaut+1","Warcry","Iron Wave+1","Flex","Demon Form+1","Metallicize","Sword Boomerang+1","Barricade+1"],"relics":["Burning Blood","aspiration:DSix","Replay:Baseball","CaptainsWheel","Letter Opener","Pear","Juzu Bracelet","Snecko Heart","ReplayTheSpireMod:Ring of Exchange","Replay:Rubber Ducky","Hololive_LightStick","Bag of Preparation","Red Skull","Anchor","Tiny House","Boot","Du-Vu Doll","Nunchaku","aspiration:ChemicalBlood","Darkstone Periapt","Another Sword","Bottled Lightning","White Beast Statue"],"acts_visited":["Exordium","TheCity","TheBeyond","TheEnding"],"potions_floor_usage":[46,55,55,55,55,55],"damage_taken":[{"damage":7.0,"enemies":"Small Slimes","floor":1.0,"turns":3.0},{"damage":3.0,"enemies":"2 Louse","floor":2.0,"turns":3.0},{"damage":44.0,"enemies":"Gremlin Nob","floor":6.0,"turns":5.0},{"damage":9.0,"enemies":"3 Sentries","floor":8.0,"turns":8.0},{"damage":0.0,"enemies":"Cultist","floor":10.0,"turns":3.0},{"damage":14.0,"enemies":"Gremlin Nob","floor":11.0,"turns":4.0},{"damage":1.0,"enemies":"Looter","floor":12.0,"turns":3.0},{"damage":15.0,"enemies":"3 Sentries","floor":13.0,"turns":10.0},{"damage":8.0,"enemies":"The Guardian","floor":16.0,"turns":14.0},{"damage":29.0,"enemies":"2 Thieves","floor":18.0,"turns":4.0},{"damage":0.0,"enemies":"Chosen","floor":19.0,"turns":4.0},{"damage":20.0,"enemies":"Shelled Parasite and Fungi","floor":20.0,"turns":7.0},{"damage":26.0,"enemies":"Slavers","floor":23.0,"turns":6.0},{"damage":1.0,"enemies":"Replay:Snechameleon","floor":25.0,"turns":5.0},{"damage":4.0,"enemies":"Slavers","floor":31.0,"turns":5.0},{"damage":45.0,"enemies":"Champ","floor":33.0,"turns":10.0},{"damage":5.0,"enemies":"Orb Walker","floor":35.0,"turns":5.0},{"damage":8.0,"enemies":"Nemesis","floor":40.0,"turns":7.0},{"damage":0.0,"enemies":"Mind Bloom Boss Battle","floor":41.0,"turns":5.0},{"damage":14.0,"enemies":"R_Hoarder","floor":42.0,"turns":7.0},{"damage":8.0,"enemies":"Giant Head","floor":44.0,"turns":6.0},{"damage":0,"enemies":"Nemesis","floor":46,"turns":5},{"damage":0,"enemies":"3 Darklings","floor":48,"turns":4},{"damage":0,"enemies":"Replay:Hell Engine","floor":50,"turns":6},{"damage":22,"enemies":"Shield and Spear","floor":54,"turns":7},{"damage":80,"enemies":"The Heart","floor":55,"turns":8}],"seed_played":"-3417430562033472233","potions_obtained":[{"floor":2.0,"key":"Explosive Potion"},{"floor":6.0,"key":"Dexterity Potion"},{"floor":11.0,"key":"HeartOfIron"},{"floor":13.0,"key":"EssenceOfSteel"},{"floor":16.0,"key":"HeartOfIron"},{"floor":20.0,"key":"Strength Potion"},{"floor":23.0,"key":"DuplicationPotion"},{"floor":33.0,"key":"Dexterity Potion"},{"floor":35.0,"key":"SkillPotion"},{"floor":46,"key":"Adrenaline Potion"},{"floor":48,"key":"Block Potion"}],"is_trial":false,"path_per_floor":["M","M","?","?","$","E","R","E","T","M","E","M","E","?","R","B",null,"M","M","M","?","T","E","R","E","T","R","$","?","$","E","R","B",null,"M","$","?","?","?","E","?","E","T","E","$","E","R","M","R","B",null,"R","$","E","B"],"character_chosen":"IRONCLAD","items_purchased":["Shrug It Off","Replay:Baseball","Another Sword","Bottled Lightning"],"campfire_rested":0,"item_purchase_floors":[5,5,53,53],"current_hp_per_floor":[79,80,69,77,77,39,39,36,36,42,44,49,40,33,33,31,90,67,73,59,59,59,39,39,44,44,44,44,44,44,46,46,7,95,95,95,95,95,95,93,95,87,87,85,85,91,91,95,95,95,95,95,95,79,0,0],"gold":93,"neow_bonus":"DSIX","is_daily":false,"chose_seed":false,"campfire_upgraded":7,"win_rate":0.0,"timestamp":1613938471,"path_taken":["M","M","?","?","$","E","R","E","T","M","E","M","E","?","R","BOSS","M","M","M","?","?","E","R","E","T","R","?","?","$","E","R","BOSS","M","$","?","?","?","E","?","E","T","E","?","E","R","M","R","BOSS","R","$","E","BOSS"],"items_purchased_type":["Card","Relic","Relic","Relic"],"build_version":"2020-12-22","purchased_purges":5,"victory":false,"max_hp_per_floor":[80,80,80,80,80,80,80,80,80,80,90,90,90,90,90,90,90,90,90,90,90,90,90,90,90,90,90,90,90,90,90,90,90,95,95,95,95,95,95,95,95,95,95,95,95,95,95,95,95,95,95,95,95,95,95,95],"card_choices":[{"not_picked":["Sword Boomerang","Clash"],"picked":"Body Slam","floor":1.0},{"not_picked":["Whirlwind","Thunderclap","Clash"],"picked":"SKIP","floor":2.0},{"not_picked":["Body Slam","True Grit","Intimidate"],"picked":"SKIP","floor":6.0},{"not_picked":["True Grit","ReplayTheSpireMod:Strike From Hell","Replay:Undeath\u0027s Touch"],"picked":"SKIP","floor":8.0},{"not_picked":["Replay:Undeath\u0027s Touch","Inflame"],"picked":"Entrench","floor":10.0},{"not_picked":["Fire Breathing","Sword Boomerang","Combust"],"picked":"SKIP","floor":11.0},{"not_picked":["ReplayTheSpireMod:Strike From Hell","Abandon"],"picked":"Limit Break","floor":12.0},{"not_picked":["Body Slam","Run Through","Clash"],"picked":"SKIP","floor":13.0},{"not_picked":["Feed","Double Tap"],"picked":"Juggernaut","floor":16.0},{"not_picked":["Burning Pact","Clash"],"picked":"Warcry","floor":18.0},{"not_picked":["Bloodletting","Body Slam"],"picked":"Iron Wave+1","floor":19.0},{"not_picked":["Armaments","Heavy Blade","Thunderclap"],"picked":"SKIP","floor":20.0},{"not_picked":["Exhume","Heavy Blade+1","Clothesline+1"],"picked":"SKIP","floor":23.0},{"not_picked":["Reckless Charge","Shrug It Off"],"picked":"Flex","floor":25.0},{"not_picked":["Cleave","Reckless Charge","Thunderclap+1"],"picked":"SKIP","floor":31.0},{"not_picked":["Reaper","Exhume"],"picked":"Demon Form","floor":33.0},{"not_picked":["Cleave","ReplayTheSpireMod:Stacked+1"],"picked":"Metallicize","floor":34.0},{"not_picked":["Havoc","Clothesline+1","Flex"],"picked":"SKIP","floor":35.0},{"not_picked":["Replay:Undeath\u0027s Touch+1","Body Slam","True Grit"],"picked":"SKIP","floor":40.0},{"not_picked":["Flex+1","True Grit"],"picked":"Sword Boomerang","floor":42.0},{"not_picked":["Impervious","Seeing Red+1"],"picked":"Barricade","floor":44.0},{"not_picked":["Twin Strike","Wild Strike","Clash"],"picked":"SKIP","floor":46},{"not_picked":["Sword Boomerang+1","Sentinel","Battle Trance"],"picked":"SKIP","floor":48},{"not_picked":["Dark Embrace+1","Shrug It Off","Run Through"],"picked":"SKIP","floor":54}],"player_experience":764483,"relics_obtained":[{"floor":6.0,"key":"CaptainsWheel"},{"floor":8.0,"key":"Letter Opener"},{"floor":11.0,"key":"Pear"},{"floor":13.0,"key":"Juzu Bracelet"},{"floor":21.0,"key":"ReplayTheSpireMod:Ring of Exchange"},{"floor":22.0,"key":"Replay:Rubber Ducky"},{"floor":23.0,"key":"Hololive_LightStick"},{"floor":25.0,"key":"Bag of Preparation"},{"floor":26.0,"key":"Red Skull"},{"floor":31.0,"key":"Anchor"},{"floor":40.0,"key":"Boot"},{"floor":41.0,"key":"Du-Vu Doll"},{"floor":42.0,"key":"Nunchaku"},{"floor":44.0,"key":"aspiration:ChemicalBlood"},{"floor":46,"key":"Darkstone Periapt"},{"floor":54,"key":"White Beast Statue"}],"event_choices":[{"damage_healed":0.0,"max_hp_gain":0.0,"max_hp_loss":0.0,"gold_gain":75.0,"event_name":"World of Goop","player_choice":"Gather Gold","floor":3.0,"gold_loss":0.0,"damage_taken":11.0},{"cards_removed":["Strike_R"],"damage_healed":0.0,"max_hp_gain":0.0,"max_hp_loss":0.0,"gold_gain":0.0,"event_name":"Golden Wing","player_choice":"Card Removal","floor":14.0,"gold_loss":0.0,"damage_taken":7.0},{"damage_healed":0.0,"max_hp_gain":0.0,"max_hp_loss":0.0,"gold_gain":99.0,"event_name":"Nest","player_choice":"Stole From Cult","floor":29.0,"gold_loss":0.0,"damage_taken":0.0},{"damage_healed":0.0,"max_hp_gain":0.0,"max_hp_loss":0.0,"gold_gain":100.0,"event_name":"Golden Shrine","player_choice":"Pray","floor":38.0,"gold_loss":0.0,"damage_taken":0.0},{"cards_removed":["Defend_R"],"damage_healed":0.0,"max_hp_gain":0.0,"max_hp_loss":0.0,"gold_gain":0.0,"event_name":"Falling","player_choice":"Removed Skill","floor":39.0,"gold_loss":0.0,"damage_taken":0.0},{"damage_healed":0.0,"max_hp_gain":0.0,"max_hp_loss":0.0,"gold_gain":0.0,"event_name":"MindBloom","player_choice":"Fight","floor":41.0,"gold_loss":0.0,"damage_taken":0.0}],"is_beta":false,"boss_relics":[{"not_picked":["Ooze Armor","Replay:Grab Bag"],"picked":"Snecko Heart"},{"not_picked":["aspiration:SilentSkillbook","Fusion Hammer"],"picked":"Tiny House"}],"items_purged_floors":[28,30,36,45,53],"is_endless":false,"potions_floor_spawned":[2,6,11,13,16,20,23,31,33,35,40,46,48],"killed_by":"The Heart","ascension_level":2}}