{"host":"jt67skv49snb75sm","time":1613926641,"event":{"mods":["BaseMod","Bestiary","Minty Spire (QoL Compilation)","Relic Stats"],"gold_per_floor":[117,134,151,151,162,162,195,195,221,221,244,169,169,169],"floor_reached":13,"language":"ENG","playtime":595,"items_purged":["Strike_G"],"score":170,"play_id":"740d99ee-b3c7-47f6-80e5-40ea38e7d0e9","local_time":"20210221175721","is_ascension_mode":true,"campfire_choices":[{"data":"Neutralize","floor":6.0,"key":"SMITH"},{"data":"Sucker Punch","floor":8.0,"key":"SMITH"}],"circlet_count":0,"master_deck":["AscendersBane","Strike_G","Strike_G","Strike_G","Strike_G","Defend_G","Defend_G","Defend_G","Defend_G","Defend_G","Survivor","Neutralize+1","Leg Sweep","Storm of Steel","Dodge and Roll","Well Laid Plans","Sucker Punch+1","Poisoned Stab"],"relics":["Ring of the Snake","Happy Flower","Potion Belt","Golden Idol"],"acts_visited":["Exordium"],"potions_floor_usage":[],"damage_taken":[{"damage":12.0,"enemies":"Small Slimes","floor":1.0,"turns":6.0},{"damage":0.0,"enemies":"Jaw Worm","floor":2.0,"turns":5.0},{"damage":0.0,"enemies":"2 Louse","floor":3.0,"turns":3.0},{"damage":0.0,"enemies":"Looter","floor":5.0,"turns":4.0},{"damage":22.0,"enemies":"Gremlin Nob","floor":7.0,"turns":4.0},{"damage":2.0,"enemies":"Large Slime","floor":11.0,"turns":11.0},{"damage":27,"enemies":"Lagavulin","floor":13,"turns":7}],"seed_played":"-6641418585163122256","potions_obtained":[{"floor":2.0,"key":"SteroidPotion"},{"floor":3.0,"key":"GhostInAJar"}],"is_trial":false,"path_per_floor":["M","M","M","?","M","R","E","R","T","?","M","$","E"],"character_chosen":"THE_SILENT","items_purchased":[],"campfire_rested":0,"item_purchase_floors":[],"current_hp_per_floor":[53,53,53,58,58,58,36,36,36,36,34,34,7,7],"gold":169,"neow_bonus":"TEN_PERCENT_HP_BONUS","is_daily":false,"chose_seed":false,"campfire_upgraded":2,"win_rate":0.0,"timestamp":1613926641,"path_taken":["M","M","M","?","M","R","E","R","T","?","M","$","E"],"items_purchased_type":[],"build_version":"2020-12-22","purchased_purges":1,"victory":false,"max_hp_per_floor":[72,72,72,77,77,77,77,77,77,70,70,70,70,70],"relic_stats":{"Happy Flower":[6],"counters":[7,40],"Golden Idol":5,"obtain_stats":[{"Potion Belt":9,"Happy Flower":7,"Golden Idol":10,"Ring of the Snake":0},{"Potion Belt":5,"Happy Flower":5,"Golden Idol":5,"Ring of the Snake":0},{"Potion Belt":22,"Happy Flower":22,"Golden Idol":22,"Ring of the Snake":0}],"Ring of the Snake":[14]},"card_choices":[{"not_picked":["Deflect","Bane"],"picked":"Leg Sweep","floor":1.0},{"not_picked":["Well Laid Plans","Bane"],"picked":"Storm of Steel","floor":2.0},{"not_picked":["Bane","Deflect"],"picked":"Dodge and Roll","floor":3.0},{"not_picked":["Deflect","Outmaneuver"],"picked":"Well Laid Plans","floor":5.0},{"not_picked":["Deadly Poison","Well Laid Plans"],"picked":"Sucker Punch","floor":7.0},{"not_picked":["Infinite Blades","Underhanded Strike"],"picked":"Poisoned Stab","floor":11.0}],"player_experience":849623,"relics_obtained":[{"floor":7.0,"key":"Happy Flower"},{"floor":9.0,"key":"Potion Belt"}],"event_choices":[{"damage_healed":0.0,"max_hp_gain":5.0,"max_hp_loss":0.0,"gold_gain":0.0,"event_name":"Big Fish","player_choice":"Donut","floor":4.0,"gold_loss":0.0,"damage_taken":0.0},{"damage_healed":0.0,"max_hp_gain":0.0,"max_hp_loss":7.0,"gold_gain":0.0,"event_name":"Golden Idol","player_choice":"Lose Max HP","floor":10.0,"gold_loss":0.0,"damage_taken":0.0,"relics_obtained":["Golden Idol"]}],"is_beta":false,"boss_relics":[],"items_purged_floors":[12],"is_endless":false,"potions_floor_spawned":[2,3,5],"killed_by":"Lagavulin","ascension_level":20}}