{"host":"x723o2td8y6yx7sq","time":1613951916,"event":{"mods":["AchievementEnabler","Aspiration","BaseMod","Better Third Choice","ChefMod","Conspire","Halation","Hermit","Hubris","Infinite Spire","Jorbs\u0027s Wanderer Trilogy","Marked Mod","Minty Spire (QoL Compilation)","Reliquary","Replay The Spire","Robot Space Explorer","StSLib","The Blue Laboratory"],"gold_per_floor":[114,128,28,43,43,43,43,43,43,43,57,70,87,103,103,205,205,219,27,47,58,0,0,0,18,45,58,58,92,102,121,121,219,219,233,36,85,85,85,85,85,85,130,130,145,145,156,169,169,169,169],"floor_reached":50,"language":"ENG","playtime":5144,"items_purged":["chefmod:Defend"],"score":531,"play_id":"ddd01ff2-ecc0-49cb-9979-ecae01fa206b","local_time":"20210222005836","is_ascension_mode":false,"campfire_choices":[{"data":"chefmod:QuickThaw","floor":6,"key":"SMITH"},{"floor":10,"key":"REST"},{"data":"chefmod:TastyDistraction","floor":10,"key":"SMITH"},{"floor":15,"key":"REST"},{"data":"chefmod:FreezerBurn","floor":15,"key":"SMITH"},{"floor":23,"key":"REST"},{"data":"chefmod:OrderUp","floor":23,"key":"SMITH"},{"floor":32,"key":"REST"},{"data":"chefmod:FrozenTuna","floor":32,"key":"SMITH"},{"floor":40,"key":"REST"},{"data":"chefmod:FreezerBurn","floor":40,"key":"SMITH"},{"floor":42,"key":"REST"},{"data":"chefmod:FreezeSolid","floor":42,"key":"SMITH"},{"data":"chefmod:SaveForLater","floor":44,"key":"SMITH"},{"floor":49,"key":"REST"}],"circlet_count":0,"master_deck":["chefmod:Strike","chefmod:Strike","chefmod:Strike","chefmod:Strike","chefmod:QuickThaw+1","chefmod:Defend","chefmod:TodaysSpecial","chefmod:ZaruSoba","chefmod:IcePick","chefmod:FreezeSolid+1","chefmod:Gelato","chefmod:Gelato","chefmod:TastyDistraction+1","chefmod:IceCreamCone","chefmod:Sorbet","chefmod:Granita","chefmod:FreezerBurn+1","chefmod:OrderUp+1","chefmod:Chop+1","chefmod:SaveForLater+1","chefmod:HotSoup","chefmod:DoubleChop","chefmod:VegetableTart","stsjorbsmod:Defend_Wanderer","chefmod:FarmersMarket+1","chefmod:FiveAlarmChili","chefmod:FrozenTuna+1","chefmod:Omelette+1","chefmod:Fillet","chefmod:RaidPantry","chefmod:FreezerBurn+1","chefmod:IcePick","chefmod:Granita+1","chefmod:ZaruSoba+1","chefmod:HotSoup"],"relics":["chefmod:TrustyPot","NeowsBlessing","halation:PinkSoulGem","halation:AfternoonTea","hubris:FruitBowl","reliquary:RoseTintedGlasses","infinitespire:Magic Flask","reliquary:HotPoker","SacredBark","Bag of Preparation","betterThird:NestCultRelic","hubris:CuriousFeather","Painkiller Herb","halation:QuantumPhysicsTextbook","halation:PapillonHeart","hubris:Towel","Vajra","reliquary:BrokenClock","conspire:SlowCooker"],"acts_visited":["Exordium","TheCity","TheBeyond"],"potions_floor_usage":[11,16,18,27,33,35,37,37,45,50],"damage_taken":[{"damage":0,"enemies":"conspire:RoseBush","floor":1,"turns":1},{"damage":0,"enemies":"Jaw Worm","floor":2,"turns":1},{"damage":0,"enemies":"Cultist","floor":4,"turns":1},{"damage":0,"enemies":"Exordium Thugs","floor":11,"turns":6},{"damage":12,"enemies":"2 Fungi Beasts","floor":12,"turns":4},{"damage":0,"enemies":"Looter","floor":13,"turns":5},{"damage":9,"enemies":"Exordium Thugs","floor":14,"turns":6},{"damage":0,"enemies":"Slime Boss","floor":16,"turns":8},{"damage":58,"enemies":"3 Byrds","floor":18,"turns":9},{"damage":17,"enemies":"2 Thieves","floor":20,"turns":5},{"damage":0,"enemies":"Snecko","floor":21,"turns":2},{"damage":10,"enemies":"Centurion and Healer","floor":25,"turns":8},{"damage":0,"enemies":"conspire:HollyBat","floor":27,"turns":8},{"damage":10,"enemies":"conspire:Head Lice","floor":29,"turns":8},{"damage":6,"enemies":"Snake Plant","floor":30,"turns":4},{"damage":10,"enemies":"Snecko","floor":31,"turns":4},{"damage":7,"enemies":"Collector","floor":33,"turns":9},{"damage":50,"enemies":"3 Darklings","floor":35,"turns":5},{"damage":0,"enemies":"2 Orb Walkers","floor":37,"turns":2},{"damage":4,"enemies":"3 Shapes","floor":45,"turns":4},{"damage":40,"enemies":"Transient","floor":47,"turns":5},{"damage":22,"enemies":"3 Darklings","floor":48,"turns":4},{"damage":57,"enemies":"infinitespire:MassOfShapes","floor":50,"turns":4}],"seed_played":"7846335107511083363","potions_obtained":[{"floor":2,"key":"blueLaboratory:BottleOfVodka"},{"floor":4,"key":"Regen Potion"},{"floor":12,"key":"conspire:TimeTravelPotion"},{"floor":14,"key":"AttackPotion"},{"floor":18,"key":"SteroidPotion"},{"floor":27,"key":"SpeedPotion"},{"floor":29,"key":"EssenceOfSteel"},{"floor":31,"key":"GamblersBrew"},{"floor":33,"key":"Ancient Potion"},{"floor":35,"key":"blueLaboratory:FruitPunch"},{"floor":37,"key":"blueLaboratory:FruitPunch"}],"is_trial":false,"path_per_floor":["M","M","$","M","?","R","?","$","T","R","M","M","M","M","R","B",null,"M","$","M","M","?","R","?","M","T","M","?","E","M","M","R","B",null,"?","T","?","?","?","T","?","T","T","T","?","AVR","?","?","T","B"],"character_chosen":"THE_CHEF","items_purchased":["chefmod:FreezeSolid","chefmod:Gelato","halation:AfternoonTea","hubris:FruitBowl","reliquary:RoseTintedGlasses","infinitespire:Magic Flask","chefmod:SaveForLater","chefmod:HotSoup","chefmod:DoubleChop","chefmod:FreezerBurn","chefmod:IcePick"],"campfire_rested":7,"item_purchase_floors":[3,3,8,8,8,8,19,19,19,36,36],"current_hp_per_floor":[76,76,76,76,76,76,76,17,17,39,76,64,64,55,76,76,76,45,45,28,28,28,50,50,55,55,55,55,45,39,29,51,59,76,26,26,32,32,32,54,54,76,76,76,81,81,41,19,43,0,0],"gold":169,"neow_bonus":"THREE_ENEMY_KILL","is_daily":false,"chose_seed":false,"campfire_upgraded":8,"win_rate":0.0,"timestamp":1613951916,"path_taken":["M","M","$","M","?","R","?","?","T","R","M","M","M","?","R","BOSS","M","$","M","M","?","R","?","M","T","?","?","E","M","M","R","BOSS","?","T","?","?","?","T","?","T","T","T","?","AVR","?","?","T","BOSS"],"items_purchased_type":["Card","Card","Relic","Relic","Relic","Relic","Card","Card","Card","Card","Card"],"build_version":"2020-12-22","purchased_purges":1,"victory":false,"max_hp_per_floor":[76,76,76,76,76,76,76,76,76,76,76,76,76,76,76,76,76,76,76,76,76,76,76,76,76,76,76,76,76,76,76,76,76,76,76,76,82,82,76,76,76,76,76,76,82,82,82,82,82,82,82],"card_choices":[{"not_picked":["chefmod:SliceAndDice","chefmod:DinoKale"],"picked":"chefmod:ZaruSoba","floor":1},{"not_picked":["chefmod:BananaSplit","chefmod:ZaruSoba"],"picked":"chefmod:IcePick","floor":2},{"not_picked":["chefmod:FreshProduce","chefmod:FryPan"],"picked":"chefmod:Gelato","floor":4},{"not_picked":["chefmod:IcePick","chefmod:FullCourseMeal"],"picked":"chefmod:IceCreamCone","floor":11},{"not_picked":["chefmod:ZaruSoba","chefmod:BaoBuns"],"picked":"chefmod:Sorbet","floor":12},{"not_picked":["chefmod:SliceAndDice","chefmod:NewMenu"],"picked":"chefmod:Granita","floor":13},{"not_picked":["chefmod:Bruschetta","chefmod:Flambe"],"picked":"chefmod:FreezerBurn","floor":14},{"not_picked":["chefmod:CandyBowl","chefmod:RisingDough"],"picked":"chefmod:OrderUp","floor":16},{"not_picked":["chefmod:Puree+1","chefmod:KnifeFlurry"],"picked":"chefmod:Chop+1","floor":18},{"not_picked":["chefmod:BaoBuns+1","chefmod:Defrost"],"picked":"chefmod:VegetableTart","floor":20},{"not_picked":["chefmod:AllYouCanEat","chefmod:BaoBuns","chefmod:NoSoupForYou"],"picked":"SKIP","floor":21},{"not_picked":["chefmod:MonsterBait","chefmod:AllYouCanEat"],"picked":"chefmod:FarmersMarket+1","floor":25},{"not_picked":["chefmod:ColdSteel","chefmod:SliceAndDice"],"picked":"chefmod:FiveAlarmChili","floor":27},{"not_picked":["chefmod:NoSoupForYou","chefmod:ZaruSoba"],"picked":"chefmod:FrozenTuna","floor":29},{"not_picked":["chefmod:ZaruSoba","chefmod:AlooGobi"],"picked":"chefmod:Omelette+1","floor":30},{"not_picked":["chefmod:Granita","chefmod:Defrost"],"picked":"chefmod:Fillet","floor":31},{"not_picked":["chefmod:DeepFreeze","chefmod:BananaSplit"],"picked":"chefmod:RaidPantry","floor":33},{"not_picked":["chefmod:AllYouCanEat+1","chefmod:SliceAndDice","chefmod:Sorbet"],"picked":"SKIP","floor":35},{"not_picked":["chefmod:HotSoup","chefmod:FireUp+1"],"picked":"chefmod:Granita+1","floor":37},{"not_picked":["chefmod:SliceAndDice+1","chefmod:FreshProduce"],"picked":"chefmod:ZaruSoba+1","floor":45},{"not_picked":["chefmod:Granita","chefmod:Gelato","chefmod:Defrost+1"],"picked":"SKIP","floor":47},{"not_picked":["chefmod:Sorbet+1","chefmod:FreezeSolid"],"picked":"chefmod:HotSoup","floor":48}],"player_experience":142466,"relics_obtained":[{"floor":9,"key":"reliquary:HotPoker"},{"floor":26,"key":"Bag of Preparation"},{"floor":29,"key":"hubris:CuriousFeather"},{"floor":37,"key":"halation:QuantumPhysicsTextbook"},{"floor":43,"key":"Vajra"}],"event_choices":[{"damage_healed":0,"gold_gain":0,"cards_transformed":["chefmod:Defend"],"player_choice":"Change","damage_taken":0,"max_hp_gain":0,"max_hp_loss":0,"event_name":"Living Wall","floor":5,"gold_loss":0,"cards_obtained":["chefmod:TastyDistraction"]},{"damage_healed":0,"gold_gain":0,"player_choice":"Paid Fearfully","damage_taken":0,"max_hp_gain":0,"max_hp_loss":0,"event_name":"Masked Bandits","floor":22,"gold_loss":58},{"cards_removed":["chefmod:Defend"],"damage_healed":0,"gold_gain":0,"player_choice":"Took Card","damage_taken":0,"max_hp_gain":0,"max_hp_loss":0,"event_name":"NoteForYourself","floor":24,"gold_loss":0,"cards_obtained":["stsjorbsmod:Defend_Wanderer"]},{"damage_healed":0,"gold_gain":0,"player_choice":"Madness","damage_taken":0,"relics_obtained":["betterThird:NestCultRelic"],"max_hp_gain":0,"max_hp_loss":0,"event_name":"betterThird:BetterNest","floor":28,"gold_loss":0},{"damage_healed":0,"gold_gain":0,"player_choice":"Fight","damage_taken":0,"max_hp_gain":0,"max_hp_loss":0,"event_name":"Mysterious Sphere","floor":37,"gold_loss":0}],"is_beta":false,"boss_relics":[{"not_picked":["Runic Pyramid","hubris:GrandSneckoEye"],"picked":"SacredBark"},{"not_picked":["hubris:ScarierMask","Busted Crown"],"picked":"Painkiller Herb"}],"items_purged_floors":[36],"is_endless":false,"potions_floor_spawned":[2,4,12,14,18,27,29,31,33,35,37],"killed_by":"infinitespire:MassOfShapes","ascension_level":0}}