{"host":"cjhtzh7tp54jdfyv","time":1613910813,"event":{"mods":["AchievementEnabler","BaseMod","Colored Map","Colored Powertips","Curses Come First","DeckTracker","Filter the Spire","Minty Spire (QoL Compilation)","RNG Fix","Relic Sorter","Relic Stats","StSLib","UnlockEverythingMod","ojb\u0027s Better Paths Mod","ojb\u0027s Info Mod"],"gold_per_floor":[115,134,134,134,148,148,159,185,259,273,323,323,348,363,363,436,436,456,468,482,206,223,258,218,218,218,232,258,258,18,50,50,127,127,144,170,170,195,217,261,261,261,261],"floor_reached":42,"language":"ENG","playtime":3023,"items_purged":["Defend_P"],"score":1466,"play_id":"dac3c8c1-a2fa-49c0-93b3-967050ab1533","local_time":"20210221073333","is_ascension_mode":true,"campfire_choices":[{"data":"Eruption","floor":6.0,"key":"SMITH"},{"data":"CrushJoints","floor":15.0,"key":"SMITH"},{"data":"Vault","floor":25.0,"key":"SMITH"},{"data":"EmptyMind","floor":29.0,"key":"SMITH"},{"data":"SignatureMove","floor":32.0,"key":"SMITH"},{"floor":41,"key":"REST"}],"circlet_count":0,"master_deck":["AscendersBane","Strike_P","Strike_P+1","Strike_P+1","Strike_P","Defend_P","Defend_P","Defend_P","Eruption+1","Vigilance","EmptyMind+1","Tantrum","TalkToTheHand","CrushJoints+1","CutThroughFate","Vault+1","Adaptation","InnerPeace","InnerPeace","CrushJoints","SignatureMove+1","TalkToTheHand+1","Sanctity+1","Meditate"],"relics":["Velvet Choker","Bird Faced Urn","TeardropLocket","Question Card","Lantern","Philosopher\u0027s Stone","OrangePellets","Du-Vu Doll","CeramicFish","Frozen Eye","Calipers","Snecko Eye","Turnip","Blood Vial"],"acts_visited":["Exordium","TheCity","TheBeyond"],"potions_floor_usage":[],"damage_taken":[{"damage":3.0,"enemies":"Small Slimes","floor":1.0,"turns":3.0},{"damage":2.0,"enemies":"2 Louse","floor":2.0,"turns":2.0},{"damage":0.0,"enemies":"Cultist","floor":5.0,"turns":3.0},{"damage":0.0,"enemies":"Looter","floor":7.0,"turns":2.0},{"damage":9.0,"enemies":"Gremlin Nob","floor":8.0,"turns":3.0},{"damage":0.0,"enemies":"Blue Slaver","floor":10.0,"turns":2.0},{"damage":8.0,"enemies":"Lagavulin","floor":11.0,"turns":6.0},{"damage":0.0,"enemies":"Gremlin Nob","floor":13.0,"turns":2.0},{"damage":0.0,"enemies":"3 Louse","floor":14.0,"turns":3.0},{"damage":0.0,"enemies":"Slime Boss","floor":16.0,"turns":4.0},{"damage":6.0,"enemies":"2 Thieves","floor":18.0,"turns":3.0},{"damage":0.0,"enemies":"Chosen","floor":19.0,"turns":2.0},{"damage":0.0,"enemies":"3 Cultists","floor":20.0,"turns":4.0},{"damage":3.0,"enemies":"Snecko","floor":22.0,"turns":4.0},{"damage":0.0,"enemies":"Gremlin Leader","floor":23.0,"turns":2.0},{"damage":0.0,"enemies":"Cultist and Chosen","floor":27.0,"turns":3.0},{"damage":0.0,"enemies":"Slavers","floor":28.0,"turns":2.0},{"damage":0.0,"enemies":"Gremlin Leader","floor":31.0,"turns":4.0},{"damage":0.0,"enemies":"Collector","floor":33.0,"turns":3.0},{"damage":0.0,"enemies":"Orb Walker","floor":35.0,"turns":2.0},{"damage":14.0,"enemies":"3 Darklings","floor":36.0,"turns":3.0},{"damage":4.0,"enemies":"Mind Bloom Boss Battle","floor":38.0,"turns":5.0},{"damage":0.0,"enemies":"Sphere and 2 Shapes","floor":39.0,"turns":2.0},{"damage":40,"enemies":"Nemesis","floor":40,"turns":4},{"damage":2,"enemies":"Giant Head","floor":42,"turns":4}],"seed_played":"-3158173225561827922","potions_obtained":[{"floor":5.0,"key":"Regen Potion"},{"floor":8.0,"key":"ColorlessPotion"},{"floor":10.0,"key":"AttackPotion"},{"floor":14.0,"key":"BlessingOfTheForge"},{"floor":18.0,"key":"Ambrosia"},{"floor":24.0,"key":"Strength Potion"},{"floor":31.0,"key":"StancePotion"},{"floor":38.0,"key":"Explosive Potion"}],"is_trial":false,"path_per_floor":["M","M","?","?","M","R","M","E","T","M","E","?","E","M","R","B",null,"M","M","M","$","M","E","?","R","T","M","E","R","$","E","R","B",null,"M","M","?","?","M","E","R","E"],"character_chosen":"WATCHER","items_purchased":["OrangePellets","CrushJoints","Frozen Eye","SignatureMove"],"campfire_rested":1,"item_purchase_floors":[21,21,30,30],"current_hp_per_floor":[58,56,56,36,36,36,36,27,27,27,19,19,19,19,19,19,56,50,52,54,54,51,53,53,53,53,55,55,55,55,57,57,59,66,66,54,44,40,40,2,22,24,24],"gold":261,"neow_bonus":"BOSS_RELIC","is_daily":false,"chose_seed":false,"campfire_upgraded":5,"win_rate":0.0,"timestamp":1613910813,"path_taken":["M","M","?","?","M","R","M","E","T","M","E","?","E","?","R","BOSS","M","M","M","$","M","E","?","R","T","M","E","R","$","E","R","BOSS","M","M","?","?","M","E","R","E"],"items_purchased_type":["Relic","Card","Relic","Card"],"build_version":"2020-12-22","purchased_purges":1,"victory":false,"max_hp_per_floor":[68,68,68,68,68,68,68,68,68,68,68,68,68,68,68,68,68,68,68,68,68,68,68,68,68,68,68,68,68,68,68,68,68,68,68,68,68,68,68,68,68,68,68],"relic_stats":{"Blood Vial":2,"OrangePellets":[4],"counters":[25,77],"Bird Faced Urn":[18],"CeramicFish":36,"Snecko Eye":[37,40,37,32],"Turnip":[0],"Question Card":20,"obtain_stats":[{"Lantern":13,"Calipers":31,"CeramicFish":28,"Velvet Choker":0,"TeardropLocket":9,"Question Card":11,"Du-Vu Doll":23,"Blood Vial":40,"OrangePellets":21,"Frozen Eye":30,"Bird Faced Urn":8,"Snecko Eye":34,"Philosopher\u0027s Stone":17,"Turnip":38,"PureWater":0},{"Lantern":8,"Calipers":18,"CeramicFish":17,"Velvet Choker":0,"TeardropLocket":5,"Question Card":7,"Du-Vu Doll":15,"Blood Vial":24,"OrangePellets":13,"Frozen Eye":17,"Bird Faced Urn":5,"Snecko Eye":19,"Philosopher\u0027s Stone":10,"Turnip":22,"PureWater":0},{"Lantern":23,"Calipers":54,"CeramicFish":50,"Velvet Choker":0,"TeardropLocket":13,"Question Card":21,"Du-Vu Doll":45,"Blood Vial":73,"OrangePellets":39,"Frozen Eye":50,"Bird Faced Urn":13,"Snecko Eye":57,"Philosopher\u0027s Stone":30,"Turnip":67,"PureWater":0}]},"card_choices":[{"not_picked":["ForeignInfluence","FlyingSleeves","ClearTheMind"],"picked":"SKIP","floor":1.0},{"not_picked":["Halt","JustLucky"],"picked":"EmptyMind","floor":2.0},{"not_picked":["Study","Adaptation"],"picked":"Tantrum","floor":5.0},{"not_picked":["FlyingSleeves","EmptyFist"],"picked":"TalkToTheHand","floor":7.0},{"not_picked":["Protect","Consecrate"],"picked":"CrushJoints","floor":8.0},{"not_picked":["Halt","BattleHymn"],"picked":"CutThroughFate","floor":10.0},{"not_picked":["Wallop","FlurryOfBlows","WaveOfTheHand"],"picked":"SKIP","floor":11.0},{"not_picked":["ReachHeaven","Perseverance","EmptyFist","Vengeance"],"picked":"SKIP","floor":13.0},{"not_picked":["Collect","Devotion","FlurryOfBlows","ClearTheMind"],"picked":"SKIP","floor":14.0},{"not_picked":["ConjureBlade","Blasphemy","Judgement"],"picked":"Vault","floor":16.0},{"not_picked":["Tantrum","CrushJoints","EmptyBody"],"picked":"Adaptation","floor":18.0},{"not_picked":["Perseverance","CutThroughFate","WreathOfFlame"],"picked":"InnerPeace","floor":19.0},{"not_picked":["BowlingBash","BattleHymn","FollowUp"],"picked":"InnerPeace","floor":20.0},{"not_picked":["PathToVictory","EmptyFist","BowlingBash","MasterReality"],"picked":"SKIP","floor":22.0},{"not_picked":["Alpha","Consecrate","Evaluate","ForeignInfluence"],"picked":"SKIP","floor":23.0},{"not_picked":["Perseverance+1","JustLucky","Evaluate","Judgement"],"picked":"SKIP","floor":27.0},{"not_picked":["BowlingBash","ClearTheMind","FlurryOfBlows","SashWhip"],"picked":"SKIP","floor":28.0},{"not_picked":["SpiritShield","Halt","Crescendo","Protect"],"picked":"SKIP","floor":31.0},{"not_picked":["Crescendo","CutThroughFate","ThirdEye","Vengeance"],"picked":"SKIP","floor":35.0},{"not_picked":["Halt","ForeignInfluence","Meditate"],"picked":"TalkToTheHand+1","floor":36.0},{"not_picked":["FlurryOfBlows","ThirdEye","Prostrate"],"picked":"Sanctity+1","floor":39.0},{"not_picked":["Alpha","ReachHeaven","WaveOfTheHand"],"picked":"Meditate","floor":40}],"player_experience":5133957,"relics_obtained":[{"floor":8.0,"key":"Bird Faced Urn"},{"floor":9.0,"key":"TeardropLocket"},{"floor":11.0,"key":"Question Card"},{"floor":13.0,"key":"Lantern"},{"floor":23.0,"key":"Du-Vu Doll"},{"floor":28.0,"key":"CeramicFish"},{"floor":31.0,"key":"Calipers"},{"floor":38.0,"key":"Turnip"},{"floor":40,"key":"Blood Vial"}],"event_choices":[{"damage_healed":0.0,"max_hp_gain":0.0,"max_hp_loss":0.0,"gold_gain":0.0,"event_name":"FaceTrader","player_choice":"Leave","floor":3.0,"gold_loss":0.0,"damage_taken":0.0},{"damage_healed":0.0,"max_hp_gain":0.0,"max_hp_loss":0.0,"gold_gain":0.0,"event_name":"Shining Light","player_choice":"Entered Light","floor":4.0,"gold_loss":0.0,"damage_taken":20.0,"cards_upgraded":["Strike_P","Strike_P"]},{"damage_healed":0.0,"max_hp_gain":0.0,"max_hp_loss":0.0,"gold_gain":0.0,"event_name":"Liars Game","player_choice":"Ignored","floor":12.0,"gold_loss":0.0,"damage_taken":0.0},{"damage_healed":0.0,"max_hp_gain":0.0,"max_hp_loss":0.0,"gold_gain":0.0,"event_name":"The Woman in Blue","player_choice":"Bought 3 Potions","floor":24.0,"gold_loss":0.0,"damage_taken":0.0},{"damage_healed":0.0,"max_hp_gain":0.0,"max_hp_loss":0.0,"gold_gain":0.0,"event_name":"SensoryStone","player_choice":"Memory 3","floor":37.0,"gold_loss":0.0,"damage_taken":10.0},{"damage_healed":0.0,"max_hp_gain":0.0,"max_hp_loss":0.0,"gold_gain":0.0,"event_name":"MindBloom","player_choice":"Fight","floor":38.0,"gold_loss":0.0,"damage_taken":0.0}],"is_beta":false,"boss_relics":[{"not_picked":["Busted Crown","Sozu"],"picked":"Philosopher\u0027s Stone"},{"not_picked":["Coffee Dripper","Empty Cage"],"picked":"Snecko Eye"}],"items_purged_floors":[21],"is_endless":false,"potions_floor_spawned":[5,8,10,14,16,18,20,31,35,38],"killed_by":"Giant Head","ascension_level":20}}