{"host":"y9sq25med6ebkxz5","time":1613897768,"event":{"mods":["2.2 Compatiblity","AchievementEnabler","BaseMod","Card Forge","Colored Map","Colored Powertips","DeckTracker","Friendly Minions","Minty Spire (QoL Compilation)","Permanent Neow","Remove Card Discount Mod","Shop Mod","StSLib","SuperFastMode","Thrall Mod","WarShipGirlsR/??á´Ò³R mod"],"gold_per_floor":[359,359,434,2,16,16,41,41,66,77,87,116,136,156,156,252,252,268,72,83,182,199,232,232,244,268,268,297,104,104,104,104,204,204,218,518,536,551,567,567,567],"floor_reached":40,"language":"KOR","playtime":1958,"items_purged":[],"score":732,"play_id":"8da7bb9c-6a5d-4ff6-89d0-b1ca77625afd","local_time":"20210221175608","is_ascension_mode":true,"campfire_choices":[{"floor":15.0,"key":"RECALL"},{"floor":24.0,"key":"REST"},{"floor":32,"key":"REST"}],"circlet_count":0,"master_deck":["AscendersBane","Thecoin+1","Totemicsmash+1","Totemicsmash+1","Totemicsmash+1","Totemicsmash+1","Witchsapprentice+1","Totemicsmash+1","Witchsapprentice+1","Hallazeal+1","Hagatha+1","Thecoin+1","Witchsapprentice+1","Witchsapprentice+1","Flametonguetotem+1","Thecoin+1","Totemicsmash+1"],"relics":["Totem","Hammer of Thor","Seething Fire","Anvil of the Gods","Boot","MerchantsRug","OrangePellets","Vajra","CaptainsWheel","Runic Pyramid","Ornamental Fan","Blue Candle","Potion Belt","Nilry\u0027s Codex","HornCleat","Oddly Smooth Stone","Black Star"],"acts_visited":["Exordium","TheCity","TheBeyond"],"potions_floor_usage":[],"damage_taken":[{"damage":0.0,"enemies":"Small Slimes","floor":1.0,"turns":2.0},{"damage":0.0,"enemies":"Jaw Worm","floor":5.0,"turns":2.0},{"damage":1.0,"enemies":"Lagavulin","floor":7.0,"turns":3.0},{"damage":0.0,"enemies":"2 Louse","floor":10.0,"turns":2.0},{"damage":0.0,"enemies":"Blue Slaver","floor":11.0,"turns":2.0},{"damage":6.0,"enemies":"Gremlin Nob","floor":12.0,"turns":3.0},{"damage":12.0,"enemies":"Exordium Wildlife","floor":13.0,"turns":3.0},{"damage":5.0,"enemies":"Gremlin Gang","floor":14.0,"turns":3.0},{"damage":33.0,"enemies":"The Guardian","floor":16.0,"turns":7.0},{"damage":25.0,"enemies":"2 Thieves","floor":18.0,"turns":4.0},{"damage":0.0,"enemies":"Shell Parasite","floor":20.0,"turns":3.0},{"damage":8.0,"enemies":"Shelled Parasite and Fungi","floor":22.0,"turns":4.0},{"damage":17.0,"enemies":"Book of Stabbing","floor":23.0,"turns":4.0},{"damage":24.0,"enemies":"Snake Plant","floor":25.0,"turns":2.0},{"damage":16,"enemies":"Slavers","floor":28,"turns":5},{"damage":32,"enemies":"Automaton","floor":33,"turns":6},{"damage":11,"enemies":"3 Darklings","floor":35,"turns":3},{"damage":9,"enemies":"3 Shapes","floor":37,"turns":2},{"damage":0,"enemies":"Sphere and 2 Shapes","floor":38,"turns":2},{"damage":11,"enemies":"Spire Growth","floor":39,"turns":4},{"damage":144,"enemies":"Giant Head","floor":40,"turns":11}],"seed_played":"-2674846380545608711","potions_obtained":[{"floor":7.0,"key":"Swift Potion"},{"floor":10.0,"key":"Block Potion"},{"floor":12.0,"key":"ColorlessPotion"},{"floor":13.0,"key":"SkillPotion"},{"floor":16.0,"key":"SpeedPotion"},{"floor":20.0,"key":"Keypotion"},{"floor":25.0,"key":"Keypotion"},{"floor":28,"key":"Swift Potion"},{"floor":39,"key":"SpeedPotion"}],"is_trial":false,"path_per_floor":["M","?","?","$","M","$","E","T","T","M","M","E","M","M","R","B",null,"M","$","M","?","M","E","R","M","T","?","E","$","?","$","R","B",null,"M","?","M","M","M","E"],"character_chosen":"THRALL","items_purchased":["MerchantsRug","Flametonguetotem","Witchsapprentice","Totemicsmash","OrangePellets","Ornamental Fan","Oddly Smooth Stone","Thecoin","Totemicsmash"],"campfire_rested":2,"item_purchase_floors":[4,4,4,4,4,19,29,29,29],"current_hp_per_floor":[65,65,54,54,54,54,62,62,62,62,66,62,68,70,70,74,76,63,63,77,77,77,77,77,53,53,37,68,68,68,68,77,77,77,76,76,67,77,77,21,21],"gold":567,"neow_bonus":"TWO_FIFTY_GOLD","is_daily":false,"chose_seed":false,"campfire_upgraded":0,"win_rate":0.0,"timestamp":1613897768,"path_taken":["M","?","?","$","M","?","E","?","T","M","M","E","M","M","R","BOSS","M","$","M","?","M","E","R","M","T","?","E","$","?","?","R","BOSS","M","?","M","M","?","E"],"items_purchased_type":["Relic","Card","Card","Card","Relic","Relic","Relic","Card","Card"],"build_version":"2020-12-22","purchased_purges":0,"victory":false,"max_hp_per_floor":[70,70,70,70,70,70,77,77,77,77,77,77,77,77,77,77,77,77,77,77,77,77,77,77,77,77,77,77,77,77,77,77,77,77,77,77,77,77,77,77,77],"card_choices":[{"not_picked":["Jinyu","Jadecheiftain","Avalanche"],"picked":"SKIP","floor":1.0},{"not_picked":["Evolve","Earthshock","Beakeredlightning"],"picked":"SKIP","floor":5.0},{"not_picked":["Fireguard","Jinyu","Jadelightning"],"picked":"SKIP","floor":7.0},{"not_picked":["Menacingnimbus","Forkedlightning","Dustdevil"],"picked":"SKIP","floor":10.0},{"not_picked":["Devolve","Thralldeathseer"],"picked":"Witchsapprentice","floor":11.0},{"not_picked":["Spiritofthefrog","Forkedlightning"],"picked":"Hallazeal","floor":12.0},{"not_picked":["Jadelightning","Healingrain","Zap"],"picked":"SKIP","floor":13.0},{"not_picked":["Fireguard","Fireelemental","Jadecheiftain"],"picked":"SKIP","floor":14.0},{"not_picked":["Lavaburst","Eternalsentinel"],"picked":"Hagatha","floor":16.0},{"not_picked":["Lightningstorm","Jinyu"],"picked":"Thecoin+1","floor":18.0},{"not_picked":["Fireelemental","Thingfrombelow","Hex"],"picked":"SKIP","floor":20.0},{"not_picked":["Jinyu","Jadelightning+1"],"picked":"Witchsapprentice","floor":22.0},{"not_picked":["Jadecheiftain+1","Dunemaul"],"picked":"Witchsapprentice","floor":23.0},{"not_picked":["Earthshock","Menacingnimbus","Elementaryreaction"],"picked":"SKIP","floor":25.0},{"not_picked":["Lightningstorm+1","Murksparkeel"],"picked":"Flametonguetotem","floor":28},{"not_picked":["Jinyu","Earthshock+1","Lightningstorm"],"picked":"SKIP","floor":35},{"not_picked":["Blazing","Zap","Witchsapprentice"],"picked":"SKIP","floor":37},{"not_picked":["Jinyu+1","Frostshock+1","Healingrain+1"],"picked":"SKIP","floor":38},{"not_picked":["Fireelemental+1","Lavaburst","Hex+1"],"picked":"SKIP","floor":39}],"player_experience":475422,"relics_obtained":[{"floor":7.0,"key":"Strawberry"},{"floor":9.0,"key":"Vajra"},{"floor":12.0,"key":"CaptainsWheel"},{"floor":23.0,"key":"Blue Candle"},{"floor":26.0,"key":"Potion Belt"},{"floor":27.0,"key":"Nilry\u0027s Codex"},{"floor":28,"key":"HornCleat"}],"event_choices":[{"damage_healed":0.0,"max_hp_gain":0.0,"max_hp_loss":0.0,"gold_gain":0.0,"event_name":"Big Fish","player_choice":"Box","floor":2.0,"gold_loss":0.0,"damage_taken":0.0,"relics_obtained":["Boot"],"cards_obtained":["Regret"]},{"damage_healed":0.0,"max_hp_gain":0.0,"max_hp_loss":0.0,"gold_gain":75.0,"event_name":"World of Goop","player_choice":"Gather Gold","floor":3.0,"gold_loss":0.0,"damage_taken":11.0},{"damage_healed":0.0,"max_hp_gain":0.0,"max_hp_loss":0.0,"gold_gain":99.0,"event_name":"Nest","player_choice":"Stole From Cult","floor":21.0,"gold_loss":0.0,"damage_taken":0.0},{"damage_healed":0.0,"max_hp_gain":0.0,"max_hp_loss":0.0,"gold_gain":0.0,"event_name":"Cursed Tome","player_choice":"Obtained Book","floor":27.0,"gold_loss":0.0,"damage_taken":16.0},{"damage_healed":0,"gold_gain":0,"player_choice":"Ignored","damage_taken":0,"max_hp_gain":0,"max_hp_loss":0,"event_name":"Vampires","floor":30,"gold_loss":0},{"damage_healed":0,"gold_gain":300,"player_choice":"Gold","damage_taken":0,"max_hp_gain":0,"max_hp_loss":0,"event_name":"Wheel of Change","floor":36,"gold_loss":0}],"is_beta":false,"boss_relics":[{"not_picked":["Astrolabe","Coffee Dripper"],"picked":"Runic Pyramid"},{"not_picked":["Philosopher\u0027s Stone","Empty Cage"],"picked":"Black Star"}],"items_purged_floors":[],"is_endless":false,"potions_floor_spawned":[7,10,12,13,16,20,25,28,39],"killed_by":"Giant Head","ascension_level":10}}