{"host":"fc4hh3zaz3zk8cya","time":1613869970,"event":{"mods":["BaseMod","BetterRewards","Colored Map","Colored Powertips","Downfall","GifTheSpireLib","Gremlin Mod","Hermit","Highlight Path","Infinite Spire","Minty Spire (QoL Compilation)","Permanent Neow","Quick Restart","Replay The Spire","Shop Mod","StSLib","Stuff the Spire","The Bladedancer","The Construct","The Cursed","The Disciple","The Hayseed","The Hierophant","The Necromancer","The Poker Player","The Runesmith","everything is the same but u backflip on backflip","slay the spire mod where everything is the same but ironclad has a cowboy hat"],"gold_per_floor":[114,23,23,23,46,89,112,112,112,155,155,155,191,191,257,296,296,415,415,436,118,217,217,217,244,244,259,286,318,330,358,458,493,493,588,588,604,514,140,140,152,152,187,187,187,219,239,250,263,280,362,462,462,470,470,50,60,68,79,90,94,94,94,101,119,119,139,139,205,205,216,216,216,216],"floor_reached":73,"language":"ENG","playtime":9324,"items_purged":["Strike_W","Normality","Defend_W"],"score":1269,"play_id":"eb2afdd0-464b-4c3f-8073-9e87fd6b21b2","local_time":"20210220201250","is_ascension_mode":true,"campfire_choices":[{"floor":26.0,"key":"REST"},{"data":"StuffTheSpire:CopiaOfFamine","floor":26.0,"key":"SMITH"},{"data":"Replay:Hysterical Blindness","floor":34.0,"key":"PURGE"},{"data":"Siphon_Strength","floor":42.0,"key":"SMITH"},{"data":"infinitespire:TheBestDefense","floor":66.0,"key":"SMITH"},{"data":"infinitespire:Punishment","floor":68.0,"key":"SMITH"}],"circlet_count":0,"master_deck":["Defend_W+1","Defend_W+1","Defend_W","Negative_Energy_Arrows","Bone_Wall","Necrotic_Claws","Blood_Curse+1","Negative_Energy_Javelin+1","Exploit+1","Negative_Energy_Javelin+1","Necrotic_Claws","Vampiric_Strike+1","Summon_Undead_Army+1","Specialist+1","Negative_Energy_Sphere","StuffTheSpire:CopiaOfFamine+1","Violent_Necrosis+1","Siphon_Strength+1","Negative_Energy_Burst","StuffTheSpire:CopiaOfFamine+1","Negative_Energy_Bomb","infinitespire:Punishment+1","infinitespire:TheBestDefense+1","Blood_Curse+1","Negative_Energy_Sphere","Stop_Heart+1","Spectral_Armor","Death_March_Dance"],"relics":["Coffee Dripper","Bloody Idol","Sundial","Vajra","Pen Nib","Juzu Bracelet","Frozen Egg 2","infinitespire:Magic Flask","Lantern","Snack Pack","SlaversCollar","MerchantsRug","Anchor","ReplayTheSpireMod:Lightbulb","StuffTheSpire:Tea","ReplayTheSpireMod:Shallot","Darkstone Periapt","Bronze Scales","Replay:Drink Me","DollysMirror","Oddly Smooth Stone","Ring of Searing","Ring of Peace","Bag of Marbles","OrangePellets","infinitespire:Bottled Soul","Orichalcum","Painkiller Herb","Question Card","Tiny Chest","infinitespire:EmpoweringShard","Quantum Egg","Simple Rune","StuffTheSpire:RunicHypercube"],"acts_visited":["Exordium","TheCity","TheBeyond","Exordium","TheCity"],"potions_floor_usage":[],"damage_taken":[{"damage":0.0,"enemies":"2 Louse","floor":1.0,"turns":3.0},{"damage":0.0,"enemies":"Jaw Worm","floor":5.0,"turns":3.0},{"damage":10.0,"enemies":"Lagavulin","floor":6.0,"turns":5.0},{"damage":0.0,"enemies":"Cultist","floor":7.0,"turns":3.0},{"damage":13.0,"enemies":"3 Sentries","floor":10.0,"turns":6.0},{"damage":8.0,"enemies":"Lagavulin","floor":13.0,"turns":3.0},{"damage":0.0,"enemies":"Gremlin Nob","floor":16.0,"turns":2.0},{"damage":10.0,"enemies":"Fading Forest","floor":18.0,"turns":11.0},{"damage":18.0,"enemies":"Spheric Guardian","floor":20.0,"turns":4.0},{"damage":8.0,"enemies":"Nightmare","floor":25.0,"turns":5.0},{"damage":0.0,"enemies":"Chosen","floor":27.0,"turns":2.0},{"damage":0.0,"enemies":"Book of Stabbing","floor":29.0,"turns":3.0},{"damage":10.0,"enemies":"3 Cultists","floor":30.0,"turns":5.0},{"damage":1.0,"enemies":"Replay:Snechameleon","floor":31.0,"turns":5.0},{"damage":10.0,"enemies":"Gremlin Leader","floor":33.0,"turns":4.0},{"damage":15.0,"enemies":"Collector","floor":35.0,"turns":5.0},{"damage":1.0,"enemies":"3 Darklings","floor":37.0,"turns":4.0},{"damage":5.0,"enemies":"Orb Walker","floor":41.0,"turns":3.0},{"damage":12.0,"enemies":"Reptomancer","floor":43.0,"turns":4.0},{"damage":5.0,"enemies":"R_Hoarder","floor":46.0,"turns":3.0},{"damage":5.0,"enemies":"Writhing Mass","floor":47.0,"turns":3.0},{"damage":0.0,"enemies":"4 Shapes","floor":48.0,"turns":2.0},{"damage":0.0,"enemies":"3 Darklings","floor":49.0,"turns":1.0},{"damage":15.0,"enemies":"Transient","floor":50.0,"turns":5.0},{"damage":10.0,"enemies":"Replay:Hell Engine","floor":52.0,"turns":4.0},{"damage":0.0,"enemies":"2 Louse","floor":54.0,"turns":1.0},{"damage":0.0,"enemies":"Cultist","floor":57.0,"turns":2.0},{"damage":0.0,"enemies":"Jaw Worm","floor":58.0,"turns":2.0},{"damage":13.0,"enemies":"Nightmare","floor":59.0,"turns":4.0},{"damage":0.0,"enemies":"2 Fungi Beasts","floor":60.0,"turns":2.0},{"damage":0.0,"enemies":"Exordium Thugs","floor":61.0,"turns":2.0},{"damage":0.0,"enemies":"3 Louse","floor":64.0,"turns":1.0},{"damage":0.0,"enemies":"3 Sentries","floor":65.0,"turns":2.0},{"damage":0.0,"enemies":"Gremlin Nob","floor":67.0,"turns":1.0},{"damage":15.0,"enemies":"Fading Forest","floor":69.0,"turns":5.0},{"damage":0,"enemies":"3 Byrds","floor":71,"turns":2},{"damage":0,"enemies":"2 Thieves","floor":73,"turns":1}],"seed_played":"3293990707769784027","potions_obtained":[{"floor":6.0,"key":"Block Potion"},{"floor":13.0,"key":"Dexterity Potion"},{"floor":15.0,"key":"FairyPotion"},{"floor":15.0,"key":"Death Potion"},{"floor":18.0,"key":"sneckomod:MuddlingPotion"},{"floor":20.0,"key":"Explosive Potion"},{"floor":29.0,"key":"Flashbang"}],"is_trial":false,"path_per_floor":["M","$","?","?","M","E","M","PTL","PTL","E","T","T","E","?","?","E","R_BF","B",null,"M","$","?","?","?","NM","R","M","T","E","M","E","?","E","R_BF","B",null,"M","?","$","?","M","R","E","AVR","T","E","M","M","M","M","R_BF","B",null,"?","?","T","?","?","NM","?","?","T","?","?","E","T","E","T","B",null,"?","?","?"],"character_chosen":"NECROMANCER","items_purchased":["Blood_Curse+1","Negative_Energy_Javelin","MerchantsRug","Summon_Undead_Army+1","Specialist+1","Negative_Energy_Sphere","DollysMirror","Oddly Smooth Stone","Question Card","Spectral_Armor"],"campfire_rested":1,"item_purchase_floors":[2,2,21,21,21,21,39,39,56,56],"current_hp_per_floor":[75,75,69,69,69,59,59,59,59,46,46,46,38,26,26,26,46,58,69,51,51,51,51,31,35,55,62,67,69,68,69,87,87,87,85,66,66,66,66,72,72,72,67,67,67,72,72,72,72,64,69,70,72,72,72,72,72,72,68,72,72,72,58,63,72,72,72,72,70,72,72,72,72,72],"gold":216,"neow_bonus":"BOSS_RELIC","is_daily":false,"chose_seed":false,"campfire_upgraded":4,"win_rate":0.0,"timestamp":1613869970,"path_taken":["M","$","?","?","M","E","?","PTL","PTL","E","T","?","E","?","?","E","R_BF","BOSS","M","$","?","?","?","NM","R","M","T","E","M","E","?","E","R_BF","BOSS","M","?","?","?","M","R","E","AVR","T","E","M","M","M","M","R_BF","BOSS","?","?","T","?","?","NM","?","?","T","?","?","E","T","E","T","BOSS","?","?","?"],"items_purchased_type":["Card","Card","Relic","Card","Card","Card","Relic","Relic","Relic","Card"],"build_version":"2020-12-22","purchased_purges":3,"victory":false,"max_hp_per_floor":[75,75,69,69,69,69,69,69,69,69,69,69,69,69,69,69,69,69,69,69,69,69,69,69,69,69,69,69,69,69,69,87,87,87,87,66,66,66,66,72,72,72,72,72,72,72,72,72,72,72,72,72,72,72,72,72,72,72,72,72,72,72,72,72,72,72,72,72,72,72,72,72,72,72],"card_choices":[{"not_picked":["Blood_Curse","Negative_Energy_Sphere"],"picked":"Necrotic_Claws","floor":1.0},{"not_picked":["Negative_Energy_Mist","Shade_Step"],"picked":"Exploit","floor":5.0},{"not_picked":["Skeleton_Dragon","Whirlwind_of_Bones","Necromantic_Selection"],"picked":"SKIP","floor":6.0},{"not_picked":["Life_Tap","Negative_Energy_Mist"],"picked":"Negative_Energy_Javelin","floor":7.0},{"not_picked":["Epidemic","Chill_Blood"],"picked":"Necrotic_Claws","floor":10.0},{"not_picked":["Corrupt","Negative_Energy_Bomb"],"picked":"Vampiric_Strike","floor":13.0},{"not_picked":["Scare","Vampiric_Strike","Bone_Spikes"],"picked":"SKIP","floor":16.0},{"not_picked":["Toxic_Smoke_Screen","Death_March_Dance","Violent_Necrosis"],"picked":"SKIP","floor":20.0},{"not_picked":["Life_Drain","Strike_from_Beyond","Vampiric_Strike"],"picked":"SKIP","floor":25.0},{"not_picked":["Bone_Spikes","Life_Drain","Bones_to_Steel"],"picked":"SKIP","floor":27.0},{"not_picked":["Vampiric_Strike","Shackles_Of_Pain+1"],"picked":"Violent_Necrosis+1","floor":29.0},{"not_picked":["Chill_Blood","Negative_Energy_Shield","Hellfire"],"picked":"SKIP","floor":30.0},{"not_picked":["Death_Knell","Negative_Energy_Burst","Negative_Energy_Mist+1"],"picked":"SKIP","floor":31.0},{"not_picked":["Blood_Magic+1","Life_Drain+1"],"picked":"Siphon_Strength","floor":33.0},{"not_picked":["Bone_Bullets+1","Vampiric_Strike"],"picked":"Negative_Energy_Burst","floor":37.0},{"not_picked":["Negative_Energy_Mist","Finger_Of_Death","Blood_Is_Power+1"],"picked":"SKIP","floor":41.0},{"not_picked":["Bone_Spikes","Cloudkill"],"picked":"Negative_Energy_Bomb","floor":43.0},{"not_picked":["Blood_for_Blood+1","Scare+1","Negative_Energy_Mist+1"],"picked":"SKIP","floor":46.0},{"not_picked":["Summon_Lich+1","Scare"],"picked":"Blood_Curse+1","floor":47.0},{"not_picked":["Blood_Whip","Summon_Vampire_Lady+1"],"picked":"Negative_Energy_Sphere","floor":48.0},{"not_picked":["Negative_Energy_Shield+1","Bones_to_Steel","Negative_Energy_Mist+1"],"picked":"SKIP","floor":49.0},{"not_picked":["Negative_Energy_Sphere+1","Necrotic_Claws"],"picked":"Stop_Heart+1","floor":50.0},{"not_picked":["Blood_Whip","Negative_Energy_Sphere","Finger_Of_Death"],"picked":"SKIP","floor":54.0},{"not_picked":["Negative_Energy_Shield","Shackles_Of_Pain","Vampiric_Strike","Consume_Illness"],"picked":"SKIP","floor":57.0},{"not_picked":["Negative_Energy_Javelin","Consume_Illness","Scare","Siphon_Strength"],"picked":"SKIP","floor":58.0},{"not_picked":["Negative_Energy_Javelin","Bone_Spikes","Blood_Shield","Reap_The_Weak"],"picked":"SKIP","floor":59.0},{"not_picked":["Bone_Bullets","Blood_Whip","Strike_from_Beyond","Thousand_Bone_Knives"],"picked":"SKIP","floor":60.0},{"not_picked":["Deaths_Shadow","Bone_Spikes","Negative_Energy_Mist","Blood_for_Blood+1"],"picked":"SKIP","floor":61.0},{"not_picked":["Finger_Of_Death","Negative_Energy_Shield","Bone_Armor"],"picked":"Death_March_Dance","floor":64.0},{"not_picked":["Blood_Whip","Life_Drain","Shade_Step","Acid_Javelin"],"picked":"SKIP","floor":65.0},{"not_picked":["Strike_from_Beyond","Negative_Energy_Burst","Siphon_Strength","Blood_Curse"],"picked":"SKIP","floor":67.0},{"not_picked":["Negative_Energy_Sphere","Whirlwind_of_Bones","Bone_Bullets","Life_Tap"],"picked":"SKIP","floor":71}],"player_experience":131870,"relics_obtained":[{"floor":6.0,"key":"Sundial"},{"floor":10.0,"key":"Vajra"},{"floor":11.0,"key":"Pen Nib"},{"floor":12.0,"key":"Juzu Bracelet"},{"floor":13.0,"key":"Frozen Egg 2"},{"floor":15.0,"key":"Lantern"},{"floor":16.0,"key":"Snack Pack"},{"floor":25.0,"key":"Anchor"},{"floor":28.0,"key":"ReplayTheSpireMod:Lightbulb"},{"floor":29.0,"key":"StuffTheSpire:Tea"},{"floor":31.0,"key":"ReplayTheSpireMod:Shallot"},{"floor":33.0,"key":"Bronze Scales"},{"floor":40.0,"key":"Ring of Searing"},{"floor":40.0,"key":"Ring of Peace"},{"floor":43.0,"key":"Bag of Marbles"},{"floor":45.0,"key":"infinitespire:Bottled Soul"},{"floor":46.0,"key":"Orichalcum"},{"floor":59.0,"key":"Tiny Chest"},{"floor":62.0,"key":"infinitespire:EmpoweringShard"},{"floor":65.0,"key":"Quantum Egg"},{"floor":67.0,"key":"Simple Rune"}],"event_choices":[{"damage_healed":0.0,"max_hp_gain":0.0,"max_hp_loss":6.0,"gold_gain":0.0,"event_name":"Golden Idol","player_choice":"Lose Max HP","floor":3.0,"gold_loss":0.0,"damage_taken":0.0,"relics_obtained":["Golden Idol"]},{"cards_removed":["Strike_W"],"damage_healed":0.0,"max_hp_gain":0.0,"max_hp_loss":0.0,"gold_gain":0.0,"event_name":"Purifier","player_choice":"Purged","floor":4.0,"gold_loss":0.0,"damage_taken":0.0},{"damage_healed":0.0,"max_hp_gain":0.0,"max_hp_loss":0.0,"gold_gain":0.0,"event_name":"Scrap Ooze","player_choice":"Success","floor":14.0,"gold_loss":0.0,"damage_taken":12.0,"relics_obtained":["infinitespire:Magic Flask"]},{"damage_healed":0.0,"max_hp_gain":0.0,"max_hp_loss":0.0,"gold_gain":99.0,"event_name":"Nest","player_choice":"Stole From Cult","floor":22.0,"gold_loss":0.0,"damage_taken":0.0},{"damage_healed":0.0,"max_hp_gain":0.0,"max_hp_loss":0.0,"gold_gain":0.0,"event_name":"Forgotten Altar","player_choice":"Gave Idol","floor":23.0,"relics_lost":["Golden Idol"],"gold_loss":0.0,"damage_taken":0.0,"relics_obtained":["Bloody Idol"]},{"cards_removed":["Strike_W"],"damage_healed":0.0,"max_hp_gain":0.0,"max_hp_loss":0.0,"gold_gain":0.0,"event_name":"Designer","player_choice":"Upgrade and Remove","floor":38.0,"gold_loss":90.0,"damage_taken":0.0,"cards_upgraded":["Negative_Energy_Javelin"]},{"damage_healed":0.0,"max_hp_gain":0.0,"max_hp_loss":0.0,"gold_gain":0.0,"event_name":"Liars Game","player_choice":"Ignored","floor":55.0,"gold_loss":0.0,"damage_taken":0.0},{"damage_healed":0.0,"max_hp_gain":0.0,"max_hp_loss":0.0,"gold_gain":0.0,"event_name":"Shining Light","player_choice":"Entered Light","floor":63.0,"gold_loss":0.0,"damage_taken":14.0,"cards_upgraded":["Negative_Energy_Javelin","Vampiric_Strike"]}],"is_beta":false,"boss_relics":[{"not_picked":["infinitespire:Cupcake","Runic Pyramid"],"picked":"SlaversCollar"},{"not_picked":["Runic Dome","Velvet Choker"],"picked":"Replay:Drink Me"},{"not_picked":["Honey Jar","StuffTheSpire:ModemDavis"],"picked":"Painkiller Herb"},{"not_picked":["Abe\u0027s Treasure","Velvet Choker"],"picked":"StuffTheSpire:RunicHypercube"}],"items_purged_floors":[39,44,56],"is_endless":true,"potions_floor_spawned":[6,13,18,20,29,33,35,37,47,48,54,60,65,69],"killed_by":"2 Thieves","ascension_level":1}}