{"host":"l017gercouzhorma","time":1613892943,"event":{"mods":["AchievementEnabler","Aspiration","BaseMod","Challenge The Spire","Conspire","Downfall","Halation","Hermit","Hubris","Infinite Spire","Jorbs\u0027s Wanderer Trilogy","Mad Scientist","Marisa????????","Mimic Mod","Minty Spire (QoL Compilation)","Random Character Button","Rare Cards Sparkle","Relic Stats","Replay The Spire","Shade Mod","StSLib","The Cursed","The Disciple","The Hierophant","The Jungle","The Runesmith","The Servant 0.9.4"],"gold_per_floor":[114,38,50,70,70,70,100,100,100,100,111,130,161,172,172,172,172],"floor_reached":16,"language":"ENG","playtime":1841,"items_purged":[],"score":118,"play_id":"8ac1b64b-048b-4ff6-84ad-9a2748232c65","local_time":"20210221003543","is_ascension_mode":true,"campfire_choices":[{"data":"DragonMeteor","floor":6,"key":"SMITH"},{"data":"MilkyWay","floor":8,"key":"SMITH"},{"data":"SuperNova","floor":15,"key":"SMITH"}],"circlet_count":0,"master_deck":["Strike_MRS","Strike_MRS","Strike_MRS","Strike_MRS","Defend_MRS","Defend_MRS","Defend_MRS","MasterSpark","UpSweep","MilkyWay+1","DragonMeteor+1","ShootingEcho","PulseMagic","PowerUp","SuperNova+1","MeteoricShower","WitchOfGreed"],"relics":["MiniHakkero","Lantern","hubris:SphereOfDissonance","halation:EternalFortune","Gremlin Food"],"acts_visited":["Exordium"],"potions_floor_usage":[7,12],"damage_taken":[{"damage":1,"enemies":"Cultist","floor":1,"turns":3},{"damage":7,"enemies":"Small Slimes","floor":3,"turns":3},{"damage":1,"enemies":"2 Louse","floor":4,"turns":2},{"damage":17,"enemies":"3 Sentries","floor":7,"turns":5},{"damage":13,"enemies":"Exordium Thugs","floor":11,"turns":3},{"damage":2,"enemies":"Large Slime","floor":12,"turns":5},{"damage":13,"enemies":"Gremlin Nob","floor":13,"turns":3},{"damage":0,"enemies":"Gremlin Gang","floor":14,"turns":3},{"damage":23,"enemies":"The Guardian","floor":16,"turns":4}],"seed_played":"5828409074821605075","potions_obtained":[{"floor":4,"key":"LiquidMemories"},{"floor":11,"key":"Milkshake"},{"floor":13,"key":"GamblersBrew"},{"floor":14,"key":"SmokeBomb"}],"is_trial":false,"path_per_floor":["M","$","M","M","?","R","E","R","T","?","M","M","E","M","R","B"],"character_chosen":"MARISA","items_purchased":["DragonMeteor"],"campfire_rested":0,"item_purchase_floors":[2],"current_hp_per_floor":[81,81,74,73,73,73,56,56,56,59,46,44,31,31,31,8,8],"gold":172,"neow_bonus":"TEN_PERCENT_HP_BONUS","is_daily":false,"chose_seed":false,"campfire_upgraded":3,"win_rate":0.0,"timestamp":1613892943,"path_taken":["M","$","M","M","?","R","E","R","T","?","M","M","E","M","R","BOSS"],"items_purchased_type":["Card"],"build_version":"2020-12-22","purchased_purges":0,"victory":false,"max_hp_per_floor":[82,82,82,82,82,82,82,82,82,85,85,85,85,85,85,85,85],"relic_stats":{"counters":[9,31],"obtain_stats":[{"Gremlin Food":13,"Lantern":7,"hubris:SphereOfDissonance":9,"halation:EternalFortune":10,"MiniHakkero":0},{"Gremlin Food":7,"Lantern":4,"hubris:SphereOfDissonance":4,"halation:EternalFortune":4,"MiniHakkero":0},{"Gremlin Food":24,"Lantern":13,"hubris:SphereOfDissonance":13,"halation:EternalFortune":13,"MiniHakkero":0}]},"card_choices":[{"not_picked":["AsteroidBelt","MysteriousBeam"],"picked":"MilkyWay","floor":1},{"not_picked":["PulseMagic","SporeBomb"],"picked":"ShootingEcho","floor":3},{"not_picked":["AsteroidBelt","LuminesStrike"],"picked":"PulseMagic","floor":4},{"not_picked":["GalacticHalo","DC"],"picked":"PowerUp","floor":7},{"not_picked":["ShootingEcho","MeteoricShower"],"picked":"SuperNova","floor":11},{"not_picked":["6A","DoubleSpark"],"picked":"MeteoricShower","floor":12},{"not_picked":["MysteriousBeam","MilkyWay","MagicAbsorber"],"picked":"SKIP","floor":13},{"not_picked":["EnergyFlow","IllusionStar"],"picked":"WitchOfGreed","floor":14}],"player_experience":857803,"relics_obtained":[{"floor":7,"key":"Lantern"},{"floor":9,"key":"hubris:SphereOfDissonance"},{"floor":13,"key":"Gremlin Food"}],"event_choices":[],"is_beta":false,"boss_relics":[],"items_purged_floors":[],"is_endless":false,"potions_floor_spawned":[4,11,13,14],"killed_by":"The Guardian","ascension_level":1}}