{"host":"prxrhpgaxnj4om9r","time":1613911092,"event":{"mods":["AchievementEnabler","BaseMod","Colored Map","DeckTracker","Minty Spire (QoL Compilation)"],"gold_per_floor":[112,287,287,212,230,266,282,321,389,389,464,13,36,36,36,162,162,176,176,164,183,37,37,37],"floor_reached":23,"language":"KOR","playtime":775,"items_purged":["Doubt"],"score":279,"play_id":"c2fa753b-3c65-4713-9959-3fc6015efdca","local_time":"20210221213812","is_ascension_mode":true,"campfire_choices":[{"data":"Zap","floor":10,"key":"SMITH"},{"data":"Hologram","floor":15,"key":"SMITH"}],"circlet_count":0,"master_deck":["Strike_B","Strike_B","Strike_B","Strike_B","Defend_B","Defend_B","Defend_B","Defend_B","Zap+1","Dualcast","Defragment","Self Repair","Defragment","Melter","Hologram+1","Steam Power","Core Surge","Barrage+1","Conserve Battery","Electrodynamics"],"relics":["Cracked Core","NeowsBlessing","Golden Idol","FossilizedHelix","Regal Pillow","Shuriken","Lee\u0027s Waffle","Bird Faced Urn","Darkstone Periapt","Inserter","Spirit Poop","Sling"],"acts_visited":["Exordium","TheCity"],"potions_floor_usage":[7,8,13],"damage_taken":[{"damage":0,"enemies":"2 Louse","floor":1,"turns":1},{"damage":0,"enemies":"Jaw Worm","floor":5,"turns":1},{"damage":0,"enemies":"Lagavulin","floor":6,"turns":1},{"damage":0,"enemies":"Small Slimes","floor":7,"turns":3},{"damage":40,"enemies":"3 Sentries","floor":8,"turns":7},{"damage":2,"enemies":"Exordium Wildlife","floor":13,"turns":4},{"damage":64,"enemies":"The Guardian","floor":16,"turns":10},{"damage":6,"enemies":"Chosen","floor":18,"turns":4},{"damage":33,"enemies":"2 Thieves","floor":20,"turns":4},{"damage":44,"enemies":"Snake Plant","floor":21,"turns":5},{"damage":33,"enemies":"Gremlin Leader","floor":23,"turns":4}],"seed_played":"2999418345422929337","potions_obtained":[{"floor":1,"key":"SpeedPotion"},{"floor":5,"key":"SteroidPotion"},{"floor":6,"key":"Fire Potion"}],"is_trial":false,"path_per_floor":["M","?","?","$","M","E","M","E","T","R","?","$","M","T","R","B",null,"M","?","M","M","$","E"],"character_chosen":"DEFECT","items_purchased":["Lee\u0027s Waffle","Bird Faced Urn","Sling"],"campfire_rested":0,"item_purchase_floors":[12,12,22],"current_hp_per_floor":[75,75,75,75,75,75,75,42,42,42,31,82,82,82,82,25,68,75,75,55,24,24,0,0],"gold":37,"neow_bonus":"THREE_ENEMY_KILL","is_daily":false,"chose_seed":false,"campfire_upgraded":2,"win_rate":0.0,"timestamp":1613911092,"path_taken":["M","?","?","?","M","E","?","E","T","R","?","$","M","?","R","BOSS","M","?","?","M","$","E"],"items_purchased_type":["Relic","Relic","Relic"],"build_version":"2020-12-22","purchased_purges":1,"victory":false,"max_hp_per_floor":[75,75,75,75,75,75,75,75,75,75,75,82,82,82,82,82,82,82,82,82,82,82,82,82],"card_choices":[{"not_picked":["Reprogram","Leap"],"picked":"Defragment","floor":1},{"not_picked":["FTL","Steam"],"picked":"Self Repair","floor":5},{"not_picked":["Coolheaded","Gash"],"picked":"Defragment","floor":6},{"not_picked":["Redo","Stack"],"picked":"Melter","floor":7},{"not_picked":["Steam","Thunder Strike"],"picked":"Hologram","floor":8},{"not_picked":["Barrage","Chill"],"picked":"Steam Power","floor":13},{"not_picked":["Thunder Strike","Biased Cognition"],"picked":"Core Surge","floor":16},{"not_picked":["Gash","Lockon"],"picked":"Barrage+1","floor":18},{"not_picked":["Coolheaded","Redo+1"],"picked":"Conserve Battery","floor":20},{"not_picked":["Rebound","Hologram"],"picked":"Electrodynamics","floor":21}],"player_experience":574106,"relics_obtained":[{"floor":6,"key":"FossilizedHelix"},{"floor":8,"key":"Regal Pillow"},{"floor":9,"key":"Shuriken"},{"floor":14,"key":"Darkstone Periapt"}],"event_choices":[{"damage_healed":0,"gold_gain":175,"player_choice":"AGREE","damage_taken":0,"max_hp_gain":0,"max_hp_loss":0,"event_name":"Liars Game","floor":2,"gold_loss":0,"cards_obtained":["Doubt"]},{"damage_healed":0,"gold_gain":0,"player_choice":"Take Wound","damage_taken":0,"relics_obtained":["Golden Idol"],"max_hp_gain":0,"max_hp_loss":0,"event_name":"Golden Idol","floor":3,"gold_loss":0,"cards_obtained":["Injury"]},{"damage_healed":0,"gold_gain":75,"player_choice":"Gather Gold","damage_taken":11,"max_hp_gain":0,"max_hp_loss":0,"event_name":"World of Goop","floor":11,"gold_loss":0},{"cards_removed":["Injury"],"damage_healed":0,"gold_gain":0,"player_choice":"Offered Curse","damage_taken":0,"relics_obtained":["Spirit Poop"],"max_hp_gain":0,"max_hp_loss":0,"event_name":"Bonfire Elementals","floor":19,"gold_loss":0}],"is_beta":false,"boss_relics":[{"not_picked":["Runic Dome","Fusion Hammer"],"picked":"Inserter"}],"items_purged_floors":[4],"is_endless":false,"potions_floor_spawned":[1,5,6],"killed_by":"Gremlin Leader","ascension_level":5}}