{"host":"htvce8wym9d6pe5b","time":1613917672,"event":{"mods":["Act Like it!","BaseMod","Colored Map","Conspire","Downfall","Hermit","Highlight Path","Hubris","Infinite Spire","Jorbs\u0027s Wanderer Trilogy","Minty Spire (QoL Compilation)","Replay The Spire","StSLib","The Bug Knight","The Cursed","The Disciple","The Hierophant","The Runesmith"],"gold_per_floor":[117,129,129,6,22,55,4,4,4,4,16,16,16,27,27,129,129,149,149,26,42,42,42,120,120,120],"floor_reached":25,"language":"ENG","playtime":2068,"items_purged":[],"score":199,"play_id":"18add1f7-334e-470d-91fe-bf66710d1617","local_time":"20210221082752","is_ascension_mode":false,"campfire_choices":[{"data":"LockedWhetstone","floor":8,"key":"SMITH"},{"floor":13,"key":"REST"},{"floor":15,"key":"REST"},{"floor":23,"key":"REST"}],"circlet_count":0,"master_deck":["Strike_Br","Strike_Br","Strike_Br","Strike_Br+1","Defend_Br","Defend_Br","Defend_Br","Defend_Br+1","SecondHand","PatternShift","ReapSow","LockedAnchor","ExoVibe","LockedWhetstone+1","LockedBlood","Analog","ReapSow","HandsUpC","LockedMedicine","OldTimer","Apotheosis","PanicButton","Chrysalis","Flay","DaylightSavings+2","Echoward","Accruing","HandsUpC"],"relics":["Chronometer","NeowsBlessing","Blue Doll","Centennial Puzzle","hubris:Backtick","ReplayTheSpireMod:ShopPack","Mirror"],"acts_visited":["Exordium","TheCity"],"potions_floor_usage":[],"damage_taken":[{"damage":0,"enemies":"2 Louse","floor":1,"turns":2},{"damage":0,"enemies":"Jaw Worm","floor":2,"turns":1},{"damage":0,"enemies":"Small Slimes","floor":5,"turns":1},{"damage":31,"enemies":"3 Sentries","floor":6,"turns":12},{"damage":5,"enemies":"Exordium Wildlife","floor":11,"turns":4},{"damage":0,"enemies":"2 Fungi Beasts","floor":14,"turns":4},{"damage":7,"enemies":"Slime Boss","floor":16,"turns":10},{"damage":41,"enemies":"Spheric Guardian","floor":18,"turns":8},{"damage":22,"enemies":"3 Byrds","floor":21,"turns":9},{"damage":36,"enemies":"Snake Plant","floor":25,"turns":6}],"seed_played":"-5016284764775981716","potions_obtained":[{"floor":1,"key":"AttackPotion"},{"floor":2,"key":"Adrenaline Potion"},{"floor":16,"key":"SkillPotion"},{"floor":18,"key":"SteroidPotion"}],"is_trial":false,"path_per_floor":["M","M","?","$","M","E","$","R","T","?","M","$","R","M","R","B",null,"M","?","$","M","?","R","T","M"],"character_chosen":"CHRONO_CLASS","items_purchased":["ExoVibe","LockedWhetstone","ReapSow","DaylightSavings+1","Echoward","Accruing"],"campfire_rested":3,"item_purchase_floors":[4,4,7,20,20,20],"current_hp_per_floor":[65,65,65,65,65,40,40,40,40,27,22,22,41,43,62,59,65,30,30,30,10,10,29,29,0,0],"gold":120,"neow_bonus":"THREE_ENEMY_KILL","is_daily":false,"chose_seed":false,"campfire_upgraded":1,"win_rate":0.0,"timestamp":1613917672,"path_taken":["M","M","?","$","M","E","$","R","T","?","M","?","R","?","R","BOSS","M","?","?","M","?","R","?","M"],"items_purchased_type":["Card","Card","Card","Card","Card","Card"],"build_version":"2020-12-22","purchased_purges":0,"victory":false,"max_hp_per_floor":[65,65,65,65,65,65,65,65,65,65,65,65,65,65,65,65,65,65,65,65,65,65,65,65,65,65],"card_choices":[{"not_picked":["Accruing","Goo"],"picked":"ReapSow","floor":1},{"not_picked":["EscortCommand","Parity"],"picked":"LockedAnchor","floor":2},{"not_picked":["LockedTurtyl","SlimeSpray"],"picked":"LockedBlood","floor":5},{"not_picked":["WatchCommand","LockedMercury"],"picked":"Analog","floor":6},{"not_picked":["LockedMawBank","OldTimer"],"picked":"HandsUpC","floor":11},{"not_picked":["Stagnate","LockedBlood"],"picked":"LockedMedicine","floor":14},{"not_picked":["Pendulum","LockedLightning"],"picked":"OldTimer","floor":16},{"not_picked":["Master of Strategy","Secret Technique"],"picked":"Apotheosis","floor":17},{"not_picked":["Replay:Parry","Bandage Up"],"picked":"PanicButton","floor":17},{"not_picked":["Good Instincts","hubris:Ssssneak"],"picked":"Chrysalis","floor":17},{"not_picked":["LockedOrichalcum","LockedTurtyl"],"picked":"Flay","floor":18},{"not_picked":["Engulf","LockedMedicine"],"picked":"HandsUpC","floor":21}],"player_experience":20469,"relics_obtained":[{"floor":6,"key":"Blue Doll"},{"floor":9,"key":"Centennial Puzzle"},{"floor":24,"key":"Mirror"}],"event_choices":[{"damage_healed":0,"gold_gain":0,"player_choice":"Leave","damage_taken":0,"max_hp_gain":0,"max_hp_loss":0,"event_name":"The Cleric","floor":3,"gold_loss":0},{"damage_healed":0,"gold_gain":0,"player_choice":"Entered Light","damage_taken":13,"max_hp_gain":0,"max_hp_loss":0,"event_name":"Shining Light","floor":10,"gold_loss":0,"cards_upgraded":["Strike_Br","Defend_Br"]},{"damage_healed":0,"gold_gain":0,"player_choice":"Ignored","damage_taken":0,"max_hp_gain":0,"max_hp_loss":0,"event_name":"NoteForYourself","floor":19,"gold_loss":0}],"is_beta":false,"boss_relics":[{"not_picked":["ReplayTheSpireMod:SealedPack","Black Star"],"picked":"hubris:Backtick"}],"items_purged_floors":[],"is_endless":false,"potions_floor_spawned":[1,2,16,18,21],"killed_by":"Snake Plant","ascension_level":0}}