{"host":"kag8mfq4or8nkqb2","time":1613936486,"event":{"mods":["2.2 Compatiblity","BaseMod","Colored Map","Colored Powertips","Downfall","Minty Spire (QoL Compilation)","Relic Stats","StSLib"],"gold_per_floor":[99,117,117,117,149,186,221,233,245,277,302,121,121,6,24,127,127,127,141,151,11,45,45,45,70,70,70,117,135,135,135,147,249,249,149,168,168,168,218,236,259,259,259,288,299,331,131,157,173,173,173,199,18,18,18,18,18,18],"floor_reached":56,"language":"ENG","playtime":3162,"items_purged":["bronze:Strike","bronze:ForLoop","bronze:Strike","bronze:Strike"],"score":917,"play_id":"af2d5ac6-013b-4350-be92-df7d6fef7ff0","local_time":"20210221194126","is_ascension_mode":true,"campfire_choices":[{"data":"bronze:Goto","floor":1.0,"key":"SMITH"},{"data":"bronze:Philosophize","floor":13,"key":"SMITH"},{"floor":18,"key":"RECALL"},{"data":"bronze:Repulsor","floor":23,"key":"SMITH"},{"data":"bronze:Iterate","floor":27,"key":"SMITH"},{"floor":35,"key":"REST"},{"floor":47,"key":"REST"},{"floor":54,"key":"REST"}],"circlet_count":0,"master_deck":["bronze:Defend","bronze:Defend","bronze:Defend","bronze:Replicate","bronze:Goto+1","bronze:Shield","bronze:Boost+1","bronze:Boost","bronze:Philosophize+1","bronze:OilSpill","bronze:Flail","bronze:Repulsor+1","bronze:Overheat","bronze:Iterate+1","bronze:AlphaBuild","bronze:Turbo+1","bronze:Repulsor+1","Necronomicurse","bronze:Mutator","bronze:BugBarrage+1","bronze:Verify","bronze:Verify","bronze:Refactor","bronze:Iterate+1","bronze:Iterate+1","bronze:MaxOutput"],"relics":["bronze:BronzeCore","Pen Nib","MawBank","hexamod:CandleOfCauterizing","sneckomod:BlankCard","Philosopher\u0027s Stone","Red Mask","Molten Egg 2","Torii","TungstenRod","Necronomicon","Fusion Hammer","downfall:HeartBlessingRed","Calipers","Smiling Mask","Du-Vu Doll","downfall:HeartBlessingGreen","downfall:HeartBlessingBlue","Prayer Wheel","Pantograph"],"acts_visited":["Exordium","TheCity","TheBeyond","TheEnding"],"potions_floor_usage":[12,12,22,44,56,56,56],"damage_taken":[{"damage":2.0,"enemies":"Small Slimes","floor":2.0,"turns":4.0},{"damage":3.0,"enemies":"2 Louse","floor":5.0,"turns":2.0},{"damage":12,"enemies":"3 Sentries","floor":6,"turns":9},{"damage":0,"enemies":"Cultist","floor":10,"turns":3},{"damage":0,"enemies":"Exordium Thugs","floor":11,"turns":5},{"damage":1,"enemies":"downfall:FleeingMerchant","floor":12,"turns":4},{"damage":2,"enemies":"downfall:FleeingMerchant","floor":14,"turns":4},{"damage":0,"enemies":"Large Slime","floor":15,"turns":3},{"damage":15,"enemies":"IC_STATUS_ARCHETYPE","floor":16,"turns":5},{"damage":0,"enemies":"3 Byrds","floor":19,"turns":3},{"damage":2,"enemies":"Shell Parasite","floor":20,"turns":3},{"damage":3,"enemies":"downfall:FleeingMerchant","floor":21,"turns":4},{"damage":22,"enemies":"Masked Bandits","floor":22,"turns":4},{"damage":7,"enemies":"Book of Stabbing","floor":25,"turns":4},{"damage":0,"enemies":"downfall:FleeingMerchant","floor":28,"turns":2},{"damage":0,"enemies":"Snake Plant","floor":29,"turns":3},{"damage":0,"enemies":"Centurion and Healer","floor":32,"turns":3},{"damage":0,"enemies":"WA_ARCHETYPE_CALM","floor":33,"turns":5},{"damage":5,"enemies":"3 Darklings","floor":36,"turns":2},{"damage":8,"enemies":"3 Darklings","floor":39,"turns":3},{"damage":0,"enemies":"3 Shapes","floor":40,"turns":3},{"damage":27,"enemies":"Nemesis","floor":44,"turns":7},{"damage":0,"enemies":"Jaw Worm Horde","floor":45,"turns":1},{"damage":0,"enemies":"Giant Head","floor":46,"turns":5},{"damage":0,"enemies":"Nemesis","floor":48,"turns":3},{"damage":0,"enemies":"4 Shapes","floor":49,"turns":2},{"damage":36,"enemies":"DF_ARCHETYPE_ORBS","floor":50,"turns":5},{"damage":73,"enemies":"downfall:CharBossMerchant","floor":52,"turns":6},{"damage":10,"enemies":"downfall:NeowBoss","floor":55,"turns":9},{"damage":75,"enemies":"downfall:NeowBossFinal","floor":56,"turns":3}],"seed_played":"5977657421707650471","potions_obtained":[{"floor":6,"key":"Swift Potion"},{"floor":10,"key":"SkillPotion"},{"floor":11,"key":"LiquidBronze"},{"floor":16,"key":"BlessingOfTheForge"},{"floor":20,"key":"Block Potion"},{"floor":22,"key":"bronze:CleanCodePotion"},{"floor":29,"key":"DistilledChaos"},{"floor":32,"key":"PowerPotion"},{"floor":44,"key":"hexamod:SoulburnPotion"}],"is_trial":false,"path_per_floor":["R","M","?","?","M","E","T","?","?","M","M","$","R","$","M","B",null,"R","M","M","$","?","R","T","E","?","R","$","M","?","?","M","B",null,"R","M","$","?","?","M","T","?","$","E","M","E","R","E","M","B",null,"E","$","R","B","B"],"character_chosen":"THE_AUTOMATON","items_purchased":["bronze:Flail","bronze:Repulsor","TungstenRod","AttackPotion","bronze:MaxOutput"],"campfire_rested":3,"item_purchase_floors":[12,12,28,53,53],"current_hp_per_floor":[49,47,47,44,41,29,29,29,29,29,29,28,28,26,26,11,70,70,70,68,65,43,43,43,36,36,36,36,36,21,21,21,21,70,70,65,65,65,57,57,57,57,57,30,30,30,64,64,64,28,80,7,7,31,46,0,0,0],"gold":18,"neow_bonus":"REMOVE_TWO","is_daily":false,"chose_seed":false,"campfire_upgraded":4,"win_rate":0.0,"timestamp":1613936486,"path_taken":["R","M","?","?","M","E","T","?","?","M","?","$","R","?","M","BOSS","R","M","M","$","?","R","T","E","?","R","$","?","?","?","M","BOSS","R","M","?","?","?","M","T","?","$","E","?","E","R","E","M","BOSS","E","$","R","BOSS","BOSS"],"items_purchased_type":["Card","Card","Relic","Potion","Card"],"build_version":"2020-12-22","purchased_purges":4,"victory":false,"max_hp_per_floor":[70,70,70,70,70,70,70,70,70,70,70,70,70,70,70,70,70,70,70,70,70,70,70,70,70,70,70,70,70,70,70,70,70,70,70,70,70,70,70,70,70,70,70,70,70,70,80,80,80,80,80,80,80,80,80,80,80,80],"relic_stats":{"Torii":11,"counters":[30,119],"Pantograph":50,"Prayer Wheel":1,"Pen Nib":[25],"Necronomicon":[26],"MawBank":96,"Smiling Mask":100,"obtain_stats":[{"hexamod:CandleOfCauterizing":6,"bronze:BronzeCore":0,"Calipers":39,"Torii":25,"downfall:HeartBlessingRed":35,"sneckomod:BlankCard":7,"downfall:HeartBlessingGreen":47,"Pen Nib":3,"MawBank":4,"Smiling Mask":44,"Du-Vu Doll":46,"downfall:HeartBlessingBlue":47,"Pantograph":52,"Philosopher\u0027s Stone":17,"Molten Egg 2":24,"Prayer Wheel":48,"Fusion Hammer":34,"Red Mask":22,"Necronomicon":30,"TungstenRod":28},{"hexamod:CandleOfCauterizing":3,"bronze:BronzeCore":0,"Calipers":20,"Torii":14,"downfall:HeartBlessingRed":18,"sneckomod:BlankCard":3,"downfall:HeartBlessingGreen":24,"Pen Nib":1,"MawBank":1,"Smiling Mask":22,"Du-Vu Doll":24,"downfall:HeartBlessingBlue":24,"Pantograph":28,"Philosopher\u0027s Stone":9,"Molten Egg 2":13,"Prayer Wheel":25,"Fusion Hammer":18,"Red Mask":13,"Necronomicon":16,"TungstenRod":15},{"hexamod:CandleOfCauterizing":15,"bronze:BronzeCore":0,"Calipers":75,"Torii":57,"downfall:HeartBlessingRed":70,"sneckomod:BlankCard":15,"downfall:HeartBlessingGreen":91,"Pen Nib":4,"MawBank":4,"Smiling Mask":85,"Du-Vu Doll":91,"downfall:HeartBlessingBlue":91,"Pantograph":107,"Philosopher\u0027s Stone":39,"Molten Egg 2":53,"Prayer Wheel":94,"Fusion Hammer":70,"Red Mask":53,"Necronomicon":62,"TungstenRod":59}],"TungstenRod":27},"card_choices":[{"not_picked":["bronze:Invalidate","bronze:ForLoop"],"picked":"bronze:Shield","floor":2.0},{"not_picked":["bronze:Overheat","bronze:ClassDefault"],"picked":"bronze:Boost","floor":5.0},{"not_picked":["bronze:Shield","bronze:FollowUp"],"picked":"bronze:Boost","floor":6},{"not_picked":["bronze:Repair","bronze:Constructor"],"picked":"bronze:ForLoop","floor":10},{"not_picked":["bronze:BitShift","bronze:ChildClass"],"picked":"bronze:Philosophize","floor":11},{"not_picked":["bronze:DelayedSlice","bronze:Frontload"],"picked":"bronze:OilSpill","floor":12},{"not_picked":["bronze:ItsAFeature","bronze:BronzeOrb"],"picked":"bronze:Overheat","floor":14},{"not_picked":["bronze:Overload","bronze:DelayedGuard"],"picked":"bronze:Iterate","floor":15},{"not_picked":["bronze:SpaghettiCode","bronze:Break"],"picked":"bronze:AlphaBuild","floor":16},{"not_picked":["bronze:NullPointer","bronze:Deprecate","bronze:Invalidate"],"picked":"SKIP","floor":19},{"not_picked":["bronze:OilSpill","bronze:DelayedSlice"],"picked":"bronze:Turbo+1","floor":20},{"not_picked":["bronze:BronzeArmor+1","bronze:Repair"],"picked":"bronze:Format","floor":21},{"not_picked":["bronze:Separator+1","bronze:BitShift","bronze:CloningBeam+1"],"picked":"SKIP","floor":25},{"not_picked":["bronze:FollowUp+1","bronze:ChosenStrike+1"],"picked":"bronze:Repulsor+1","floor":28},{"not_picked":["bronze:BurnOut+1","bronze:FineTuning+1","bronze:Overload+1"],"picked":"SKIP","floor":29},{"not_picked":["bronze:Invalidate+1","bronze:Separator+1","bronze:Optimize+1"],"picked":"SKIP","floor":32},{"not_picked":["bronze:SpaghettiCode","bronze:RecursiveStrike+1"],"picked":"bronze:Mutator","floor":33},{"not_picked":["bronze:Shield","bronze:Flail+1"],"picked":"bronze:BugBarrage+1","floor":36},{"not_picked":["bronze:BitShift","bronze:Verify","bronze:DarkDash+1"],"picked":"SKIP","floor":40},{"not_picked":["bronze:BitShift","bronze:DarkDash+1"],"picked":"bronze:Verify","floor":40},{"not_picked":["bronze:Backtrace+1","bronze:DelayedSlice+1","bronze:BronzeOrb+1"],"picked":"SKIP","floor":44},{"not_picked":["bronze:Separator+1","bronze:DelayedGuard","bronze:Repair+1"],"picked":"SKIP","floor":45},{"not_picked":["bronze:ForceShield","bronze:BitShift+1"],"picked":"bronze:Refactor","floor":46},{"not_picked":["bronze:WildBeam+1","bronze:DelayedGuard","bronze:ChildClass"],"picked":"SKIP","floor":48},{"not_picked":["bronze:ChosenStrike+1","bronze:Overheat+1"],"picked":"bronze:Iterate+1","floor":49},{"not_picked":["bronze:Constructor+1","bronze:Backtrace+1"],"picked":"bronze:Iterate+1","floor":49},{"not_picked":["bronze:HyperBeam+1","bronze:Overheat+1","bronze:WhirlingStrike+1"],"picked":"SKIP","floor":52}],"player_experience":1117355,"relics_obtained":[{"floor":6,"key":"hexamod:CandleOfCauterizing"},{"floor":7,"key":"sneckomod:BlankCard"},{"floor":22,"key":"Red Mask"},{"floor":24,"key":"Molten Egg 2"},{"floor":25,"key":"Torii"},{"floor":30,"key":"Necronomicon"},{"floor":39,"key":"Calipers"},{"floor":44,"key":"Smiling Mask"},{"floor":46,"key":"Du-Vu Doll"},{"floor":48,"key":"Prayer Wheel"},{"floor":52,"key":"Pantograph"}],"event_choices":[{"damage_healed":0.0,"max_hp_gain":0.0,"max_hp_loss":0.0,"gold_gain":0.0,"event_name":"Big Fish","player_choice":"Box","floor":3.0,"gold_loss":0.0,"damage_taken":0.0,"relics_obtained":["Pen Nib"],"cards_obtained":["Regret"]},{"damage_healed":0.0,"max_hp_gain":0.0,"max_hp_loss":0.0,"gold_gain":0.0,"event_name":"Scrap Ooze","player_choice":"Success","floor":4.0,"gold_loss":0.0,"damage_taken":3.0,"relics_obtained":["MawBank"]},{"cards_removed":["Regret"],"damage_healed":0,"gold_gain":0,"player_choice":"Card Removal","damage_taken":0,"max_hp_gain":0,"max_hp_loss":0,"event_name":"The Cleric","floor":8,"gold_loss":0},{"damage_healed":0,"gold_gain":0,"player_choice":"Fought Bandits","damage_taken":0,"max_hp_gain":0,"max_hp_loss":0,"event_name":"Masked Bandits","floor":22,"gold_loss":0},{"damage_healed":0,"gold_gain":0,"player_choice":"Got Potions","damage_taken":0,"max_hp_gain":0,"max_hp_loss":0,"event_name":"Lab","floor":26,"gold_loss":0},{"cards_removed":["bronze:Format"],"damage_healed":0,"gold_gain":0,"player_choice":"Removed Skill","damage_taken":0,"max_hp_gain":0,"max_hp_loss":0,"event_name":"Falling","floor":38,"gold_loss":0}],"is_beta":false,"boss_relics":[{"not_picked":["Tiny House","Pandora\u0027s Box"],"picked":"Philosopher\u0027s Stone"},{"not_picked":["Velvet Choker","Runic Dome"],"picked":"Fusion Hammer"}],"items_purged_floors":[12,14,21,53],"is_endless":false,"potions_floor_spawned":[6,10,11,16,20,22,29,32,39,44,48,52],"killed_by":"downfall:NeowBossFinal","ascension_level":1}}