{"host":"1bux2ns9kwx2qu1n","time":1613880806,"event":{"mods":["BaseMod","Colored Map","Colored Powertips","Hermit","Minty Spire (QoL Compilation)","Quick Restart","Relic Sorter","StSLib"],"gold_per_floor":[366,47,59,134,134,134,149,177,201,20,54,54,69,19,19,19,19],"floor_reached":16,"language":"ENG","playtime":605,"items_purged":[],"score":140,"play_id":"a1987de0-4b8a-4e12-b370-47e743a997f3","local_time":"20210220231326","is_ascension_mode":true,"campfire_choices":[{"floor":6,"key":"REST"},{"data":"hermit:Shortfuse","floor":12,"key":"SMITH"},{"data":"hermit:Maintenance","floor":15,"key":"SMITH"}],"circlet_count":0,"master_deck":["hermit:Strike_Hermit","hermit:Strike_Hermit","hermit:Strike_Hermit","hermit:Defend_Hermit","hermit:Defend_Hermit","hermit:Defend_Hermit","hermit:Defend_Hermit","hermit:Snapshot","hermit:Covet","Regret","hermit:Quickdraw","hermit:Misfire","hermit:ShadowCloak","hermit:Shortfuse+1","hermit:Gestalt","hermit:LowProfile","hermit:Glare","hermit:Maintenance+1"],"relics":["hermit:Momento","Shuriken","MealTicket","Omamori","Oddly Smooth Stone","Kunai"],"acts_visited":["Exordium"],"potions_floor_usage":[16],"damage_taken":[{"damage":5,"enemies":"Small Slimes","floor":1,"turns":4},{"damage":0,"enemies":"Jaw Worm","floor":3,"turns":3},{"damage":0,"enemies":"2 Louse","floor":7,"turns":2},{"damage":49,"enemies":"Lagavulin","floor":8,"turns":7},{"damage":17,"enemies":"3 Sentries","floor":11,"turns":8},{"damage":0,"enemies":"Exordium Wildlife","floor":13,"turns":2},{"damage":16,"enemies":"Hexaghost","floor":16,"turns":9}],"seed_played":"8796615253992951772","potions_obtained":[{"floor":11,"key":"hermit:Tonic"},{"floor":13,"key":"SteroidPotion"}],"is_trial":false,"path_per_floor":["M","$","M","?","?","R","M","E","T","$","E","R","M","?","R","B"],"character_chosen":"HERMIT","items_purchased":["Shuriken","hermit:Quickdraw","hermit:Misfire","Oddly Smooth Stone","hermit:LowProfile"],"campfire_rested":1,"item_purchase_floors":[2,2,2,10,10],"current_hp_per_floor":[63,63,63,52,45,67,67,18,18,33,16,16,16,16,16,0,0],"gold":19,"neow_bonus":"TWO_FIFTY_GOLD","is_daily":false,"chose_seed":false,"campfire_upgraded":2,"win_rate":0.0,"timestamp":1613880806,"path_taken":["M","$","M","?","?","R","M","E","T","?","E","R","?","?","R","BOSS"],"items_purchased_type":["Relic","Card","Card","Relic","Card"],"build_version":"2020-12-22","purchased_purges":0,"victory":false,"max_hp_per_floor":[75,75,75,75,75,75,75,75,75,75,75,75,75,75,75,75,75],"card_choices":[{"not_picked":["hermit:SprayPray","hermit:Brawl"],"picked":"hermit:Desperado","floor":1},{"not_picked":["hermit:BodyArmor","hermit:Spite"],"picked":"hermit:ShadowCloak","floor":3},{"not_picked":["hermit:SprayPray","hermit:Feint"],"picked":"hermit:Shortfuse","floor":7},{"not_picked":["hermit:Misfire","hermit:NoHoldsBarred"],"picked":"hermit:Gestalt","floor":8},{"not_picked":["hermit:Ricochet","hermit:CursedWeapon"],"picked":"hermit:Glare","floor":11},{"not_picked":["hermit:SprayPray","hermit:Quickdraw"],"picked":"hermit:Maintenance","floor":13}],"player_experience":862130,"relics_obtained":[{"floor":8,"key":"MealTicket"},{"floor":9,"key":"Omamori"},{"floor":11,"key":"Kunai"}],"event_choices":[{"damage_healed":0,"gold_gain":75,"player_choice":"Gather Gold","damage_taken":11,"max_hp_gain":0,"max_hp_loss":0,"event_name":"World of Goop","floor":4,"gold_loss":0},{"cards_removed":["hermit:Strike_Hermit"],"damage_healed":0,"gold_gain":0,"player_choice":"Card Removal","damage_taken":7,"max_hp_gain":0,"max_hp_loss":0,"event_name":"Golden Wing","floor":5,"gold_loss":0},{"cards_removed":["hermit:Desperado"],"damage_healed":0,"gold_gain":0,"player_choice":"Card Removal","damage_taken":0,"max_hp_gain":0,"max_hp_loss":0,"event_name":"The Cleric","floor":14,"gold_loss":50}],"is_beta":false,"boss_relics":[],"items_purged_floors":[],"is_endless":false,"potions_floor_spawned":[11,13],"killed_by":"Hexaghost","ascension_level":6}}