{"host":"ksz6njxfowgsdugl","time":1613908397,"event":{"mods":["2.2 Compatiblity","Act Like it!","BaseMod","Downfall","Duelist Mod","Hubris","Jedi Mod","Minty Spire (QoL Compilation)","Reliquary","Replay The Spire","Robot Space Explorer","Ruina","StSLib","The Animator","The Marked","The Servant 0.9.4"],"gold_per_floor":[112,127,127,145,164,197,197,197,247,273,285,310,322,345,357,469,481,507,519,548,560,585,597,597],"floor_reached":23,"language":"ENG","playtime":1399,"items_purged":[],"score":195,"play_id":"dcb8b120-d023-4c31-aca5-3bf02d73c031","local_time":"20210221125317","is_ascension_mode":false,"campfire_choices":[{"data":"RobotSpaceExplorer:MiniLasers","floor":11,"key":"SMITH"},{"data":"RobotSpaceExplorer:GearShield","floor":13,"key":"SMITH"},{"floor":15,"key":"RECALL"}],"circlet_count":0,"master_deck":["RobotSpaceExplorer:Strike","RobotSpaceExplorer:Strike","RobotSpaceExplorer:Strike","RobotSpaceExplorer:Defend","RobotSpaceExplorer:Defend","RobotSpaceExplorer:Defend","RobotSpaceExplorer:Defend","RobotSpaceExplorer:Scan","RobotSpaceExplorer:MiniLasers+1","RobotSpaceExplorer:Pulsar+1","RobotSpaceExplorer:MiniDrones","RobotSpaceExplorer:Jetpack","RobotSpaceExplorer:ScrapMissile","RobotSpaceExplorer:ShovelStrike","RobotSpaceExplorer:StunGrenade","RobotSpaceExplorer:GearShield+1","RobotSpaceExplorer:Smokescreen","RobotSpaceExplorer:Asteroid","RobotSpaceExplorer:Smokescreen","RobotSpaceExplorer:ImprovisedAttack","Writhe","RobotSpaceExplorer:PowerGlove"],"relics":["RobotSpaceExplorer:RoboCore","Letter Opener","Ring of Misfortune","ReplayTheSpireMod:Ring of Addiction","White Beast Statue","SacredBark","MawBank","jedi:battlestandard","ruina:Goodbye"],"acts_visited":["Exordium","Exordium"],"potions_floor_usage":[6,12,16,16,16,22,23],"damage_taken":[{"damage":3,"enemies":"2 Louse","floor":1,"turns":4},{"damage":0,"enemies":"Cultist","floor":2,"turns":4},{"damage":0,"enemies":"Small Slimes","floor":4,"turns":3},{"damage":0,"enemies":"Exordium Wildlife","floor":5,"turns":7},{"damage":32,"enemies":"Gremlin Nob","floor":6,"turns":6},{"damage":0,"enemies":"3 Louse","floor":10,"turns":3},{"damage":0,"enemies":"2 Fungi Beasts","floor":12,"turns":2},{"damage":0,"enemies":"Looter","floor":14,"turns":3},{"damage":5,"enemies":"Slime Boss","floor":16,"turns":15},{"damage":3,"enemies":"ruina:2_Scarecrows","floor":18,"turns":7},{"damage":0,"enemies":"ruina:3_Bats","floor":20,"turns":4},{"damage":29,"enemies":"ruina:KnightOfDespair","floor":22,"turns":7},{"damage":51,"enemies":"ruina:Mountain","floor":23,"turns":11}],"seed_played":"-5286399304605727024","potions_obtained":[{"floor":4,"key":"Weak Potion"},{"floor":8,"key":"Regen Potion"},{"floor":8,"key":"SpeedPotion"},{"floor":8,"key":"ColorlessPotion"},{"floor":12,"key":"Explosive Potion"},{"floor":16,"key":"hexamod:SoulburnPotion"},{"floor":18,"key":"EntropicBrew"},{"floor":20,"key":"CultistPotion"},{"floor":22,"key":"champ:CounterPotion"}],"is_trial":false,"path_per_floor":["M","M","?","M","M","E","?","?","T","M","R","M","R","M","R","B",null,"M","?","M","?","M","E"],"character_chosen":"RobotSpaceExplorer","items_purchased":[],"campfire_rested":0,"item_purchase_floors":[],"current_hp_per_floor":[79,79,79,79,79,47,47,47,47,47,47,56,56,56,56,51,78,75,75,75,75,46,0,0],"gold":597,"neow_bonus":"TEN_PERCENT_HP_BONUS","is_daily":false,"chose_seed":false,"campfire_upgraded":2,"win_rate":0.0,"timestamp":1613908397,"path_taken":["M","M","?","M","?","E","?","?","T","?","R","M","R","M","R","BOSS","M","?","M","?","M","E"],"items_purchased_type":[],"build_version":"2020-12-22","purchased_purges":0,"victory":false,"max_hp_per_floor":[82,82,82,82,82,82,82,82,82,82,82,80,80,80,80,78,78,78,78,76,76,76,76,76],"card_choices":[{"not_picked":["RobotSpaceExplorer:TurboDodge","RobotSpaceExplorer:PlasmaMissile"],"picked":"RobotSpaceExplorer:Pulsar","floor":1},{"not_picked":["RobotSpaceExplorer:SwiftStep","RobotSpaceExplorer:Discharger"],"picked":"RobotSpaceExplorer:MiniDrones","floor":2},{"not_picked":["RobotSpaceExplorer:GlueShot","RobotSpaceExplorer:SlimeMissile"],"picked":"RobotSpaceExplorer:Jetpack","floor":4},{"not_picked":["RobotSpaceExplorer:PlasmaMissile","RobotSpaceExplorer:SwiftStep"],"picked":"RobotSpaceExplorer:ScrapMissile","floor":5},{"not_picked":["RobotSpaceExplorer:GlueSpray","RobotSpaceExplorer:ShockKick"],"picked":"RobotSpaceExplorer:ShovelStrike","floor":6},{"not_picked":["RobotSpaceExplorer:MiniDrones","RobotSpaceExplorer:GlueShot"],"picked":"RobotSpaceExplorer:StunGrenade","floor":10},{"not_picked":["RobotSpaceExplorer:Probe","RobotSpaceExplorer:GlueShot"],"picked":"RobotSpaceExplorer:GearShield","floor":12},{"not_picked":["RobotSpaceExplorer:PowerGlove","RobotSpaceExplorer:Ammunition"],"picked":"RobotSpaceExplorer:Smokescreen","floor":14},{"not_picked":["RobotSpaceExplorer:Exploration","RobotSpaceExplorer:Wormhole"],"picked":"RobotSpaceExplorer:Asteroid","floor":16},{"not_picked":["RobotSpaceExplorer:ShockKick","RobotSpaceExplorer:SelfCleaning"],"picked":"RobotSpaceExplorer:Smokescreen","floor":18},{"not_picked":["RobotSpaceExplorer:GlueShot","RobotSpaceExplorer:MakeshiftVolley"],"picked":"RobotSpaceExplorer:ImprovisedAttack","floor":20},{"not_picked":["RobotSpaceExplorer:MakeshiftVolley","RobotSpaceExplorer:ShockKick+1"],"picked":"RobotSpaceExplorer:PowerGlove","floor":22}],"player_experience":666038,"relics_obtained":[{"floor":6,"key":"Letter Opener"},{"floor":8,"key":"Ring of Misfortune"},{"floor":8,"key":"ReplayTheSpireMod:Ring of Addiction"},{"floor":8,"key":"White Beast Statue"},{"floor":8,"key":"SacredBark"},{"floor":9,"key":"MawBank"}],"event_choices":[{"cards_removed":["RobotSpaceExplorer:Strike"],"damage_healed":0,"gold_gain":0,"player_choice":"Offered Basic","damage_taken":0,"max_hp_gain":0,"max_hp_loss":0,"event_name":"Bonfire Elementals","floor":3,"gold_loss":0}],"is_beta":false,"boss_relics":[{"not_picked":["hubris:VirtuousBlindfold","Empty Cage"],"picked":"jedi:battlestandard"}],"items_purged_floors":[],"is_endless":false,"potions_floor_spawned":[4,10,12,14,16,18,20,22],"killed_by":"ruina:Mountain","ascension_level":0}}