{"host":"yassvrowvc2yfwp2","time":1613871168,"event":{"mods":["2.2 Compatiblity","Act Like it!","BaseMod","Better Note","Curses Come First","Dota2Spire","Downfall","HololiveMod","Jorbs\u0027s Wanderer Trilogy","Minty Spire (QoL Compilation)","Prisma Mod","Rare Cards Sparkle","Reimu£®≤©¿ˆ¡È√Œ£©","Replay The Spire","Say the Spire","Spicy Shops","StSLib","The Bug Knight","The Cursed","The Servant 0.9.4"],"gold_per_floor":[99,111,129,89,89,89,89,100,375,375,385,402,431,443,456,456,456],"floor_reached":16,"language":"ZHS","playtime":446,"items_purged":[],"score":135,"play_id":"be8f27a2-e863-47be-a6d7-f2a4c36ffd9c","local_time":"20210221093248","is_ascension_mode":true,"campfire_choices":[{"floor":1,"key":"DIG"},{"floor":10,"key":"DIG"}],"circlet_count":0,"master_deck":["TheCursedMod:Strike_TheCursed","TheCursedMod:Strike_TheCursed","TheCursedMod:Strike_TheCursed","TheCursedMod:Strike_TheCursed","TheCursedMod:Defend_TheCursed","TheCursedMod:Defend_TheCursed","TheCursedMod:Defend_TheCursed","TheCursedMod:Defend_TheCursed","TheCursedMod:CursedWand","TheCursedMod:CleanUpWorkshop","TheCursedMod:Dregs","TheCursedMod:CursedBlade","TheCursedMod:CircleOfBlood","Regret","TheCursedMod:CircleOfCorruption","Regret","TheCursedMod:ReleasedKnowledge","TheCursedMod:SurpriseAttack","TheCursedMod:CursedAmulet","TheCursedMod:HellfireBreathing","TheCursedMod:BloodBarrier"],"relics":["Dota2Spire:Bloodstone","Ginger","PaintedHorse:ReiMu","Shovel","Boot","Gambling Chip","TheCursedMod:MagicCandle","Question Card"],"acts_visited":["Exordium"],"potions_floor_usage":[16],"damage_taken":[{"damage":8,"enemies":"Jaw Worm","floor":2,"turns":4},{"damage":0,"enemies":"2 Louse","floor":3,"turns":2},{"damage":1,"enemies":"Cultist","floor":8,"turns":4},{"damage":11,"enemies":"Looter","floor":11,"turns":3},{"damage":7,"enemies":"Gremlin Gang","floor":12,"turns":3},{"damage":61,"enemies":"Gremlin Nob","floor":13,"turns":6},{"damage":10,"enemies":"Large Slime","floor":14,"turns":5},{"damage":7,"enemies":"Blue Slaver","floor":15,"turns":3},{"damage":15,"enemies":"IC_STATUS_ARCHETYPE","floor":16,"turns":3}],"seed_played":"-7464064706293507428","potions_obtained":[{"floor":3,"key":"Dota2Spire:Clarity"},{"floor":15,"key":"Dota2Spire:HealingSalve"}],"is_trial":false,"path_per_floor":["R","M","M","?","?","T","T","M","?","R","M","M","E","M","M","B"],"character_chosen":"THE_CURSED","items_purchased":[],"campfire_rested":0,"item_purchase_floors":[],"current_hp_per_floor":[68,60,60,60,60,60,60,63,63,63,58,71,14,6,5,0,0],"gold":456,"neow_bonus":"BOSS_RELIC","is_daily":false,"chose_seed":false,"campfire_upgraded":0,"win_rate":0.0,"timestamp":1613871168,"path_taken":["R","M","M","?","?","?","T","?","?","R","M","M","E","M","M","BOSS"],"items_purchased_type":[],"build_version":"2020-12-22","purchased_purges":0,"victory":false,"max_hp_per_floor":[75,75,75,75,75,75,75,75,75,75,75,75,75,75,75,75,75],"card_choices":[{"not_picked":["TheCursedMod:TacticalStrike","TheCursedMod:Stretching"],"picked":"TheCursedMod:CursedBlade","floor":2},{"not_picked":["TheCursedMod:VitalStrike","TheCursedMod:RavingStaff"],"picked":"TheCursedMod:CircleOfBlood","floor":3},{"not_picked":["TheCursedMod:RavingStaff","TheCursedMod:Evocation"],"picked":"TheCursedMod:CircleOfCorruption","floor":8},{"not_picked":["TheCursedMod:RavingStaff","TheCursedMod:CursedAmulet"],"picked":"TheCursedMod:ReleasedKnowledge","floor":11},{"not_picked":["TheCursedMod:CircleOfCorruption","TheCursedMod:AshesToAshes"],"picked":"TheCursedMod:SurpriseAttack","floor":12},{"not_picked":["TheCursedMod:Torture","TheCursedMod:RavingStaff"],"picked":"TheCursedMod:CursedAmulet","floor":13},{"not_picked":["TheCursedMod:SmokeScreen","TheCursedMod:Hemoplague","TheCursedMod:SurpriseAttack"],"picked":"TheCursedMod:HellfireBreathing","floor":14},{"not_picked":["TheCursedMod:SurpriseAttack","TheCursedMod:ManaBullet","TheCursedMod:HellsGateOpen"],"picked":"TheCursedMod:BloodBarrier","floor":15}],"player_experience":2182801,"relics_obtained":[{"floor":1,"key":"Ginger"},{"floor":6,"key":"Boot"},{"floor":7,"key":"Gambling Chip"},{"floor":10,"key":"TheCursedMod:MagicCandle"},{"floor":13,"key":"Question Card"}],"event_choices":[{"damage_healed":0,"gold_gain":0,"player_choice":"»˚«Æ","damage_taken":0,"relics_obtained":["PaintedHorse:ReiMu"],"max_hp_gain":0,"max_hp_loss":0,"event_name":"yidonshenshe","floor":4,"gold_loss":40},{"damage_healed":0,"gold_gain":0,"player_choice":"Box","damage_taken":0,"relics_obtained":["Shovel"],"max_hp_gain":0,"max_hp_loss":0,"event_name":"Big Fish","floor":5,"gold_loss":0,"cards_obtained":["Regret"]},{"damage_healed":0,"gold_gain":275,"player_choice":"Desecrate","damage_taken":0,"max_hp_gain":0,"max_hp_loss":0,"event_name":"Golden Shrine","floor":9,"gold_loss":0,"cards_obtained":["Regret"]}],"is_beta":false,"boss_relics":[],"items_purged_floors":[],"is_endless":false,"potions_floor_spawned":[3,15],"killed_by":"IC_STATUS_ARCHETYPE","ascension_level":6}}