{"host":"7j2n82b2zha9fuyn","time":1613889131,"event":{"mods":["BaseMod","Block Reminder","Minty Spire (QoL Compilation)","StSLib"],"gold_per_floor":[366,384,13,31,48,48,76,97,169,169,187,216,216,216,216,216,216],"floor_reached":16,"language":"ENG","playtime":1281,"items_purged":[],"score":220,"play_id":"ce8f92a3-0f45-441c-9452-5ce85ddc1dfc","local_time":"20210220233211","is_ascension_mode":true,"campfire_choices":[{"data":"Poisoned Stab","floor":6,"key":"SMITH"},{"floor":10,"key":"REST"},{"data":"Bane","floor":15,"key":"SMITH"}],"circlet_count":0,"master_deck":["AscendersBane","Strike_G","Strike_G","Strike_G","Strike_G","Strike_G","Defend_G","Defend_G","Defend_G","Defend_G","Defend_G","Survivor","Neutralize","Backflip","Poisoned Stab+1","Masterful Stab","Poisoned Stab","Die Die Die","Bane+1","Blade Dance"],"relics":["Ring of the Snake","The Specimen","CaptainsWheel","Odd Mushroom","Letter Opener","Toy Ornithopter","Golden Idol"],"acts_visited":["Exordium"],"potions_floor_usage":[7,12,16],"damage_taken":[{"damage":7,"enemies":"Small Slimes","floor":1,"turns":6},{"damage":0,"enemies":"Jaw Worm","floor":2,"turns":6},{"damage":0,"enemies":"2 Louse","floor":4,"turns":3},{"damage":9,"enemies":"Exordium Wildlife","floor":5,"turns":5},{"damage":29,"enemies":"Lagavulin","floor":7,"turns":6},{"damage":11,"enemies":"The Mushroom Lair","floor":8,"turns":4},{"damage":2,"enemies":"Gremlin Gang","floor":11,"turns":2},{"damage":2,"enemies":"3 Sentries","floor":12,"turns":6},{"damage":25,"enemies":"Slime Boss","floor":16,"turns":6}],"seed_played":"-7811351113964356283","potions_obtained":[{"floor":1,"key":"Fire Potion"},{"floor":7,"key":"Swift Potion"}],"is_trial":false,"path_per_floor":["M","M","$","M","M","R","E","?","T","R","M","E","?","?","R","B"],"character_chosen":"THE_SILENT","items_purchased":["The Specimen","AttackPotion"],"campfire_rested":1,"item_purchase_floors":[3,3],"current_hp_per_floor":[52,52,52,52,43,43,14,3,3,21,19,17,17,17,17,0,0],"gold":216,"neow_bonus":"TWO_FIFTY_GOLD","is_daily":false,"chose_seed":false,"campfire_upgraded":2,"win_rate":0.0,"timestamp":1613889131,"path_taken":["M","M","$","M","M","R","E","?","T","R","M","E","?","?","R","BOSS"],"items_purchased_type":["Relic","Potion"],"build_version":"2020-12-22","purchased_purges":0,"victory":false,"max_hp_per_floor":[60,60,60,60,60,60,60,60,60,60,60,60,60,54,54,54,54],"card_choices":[{"not_picked":["Setup","Dodge and Roll"],"picked":"Backflip","floor":1},{"not_picked":["Well Laid Plans","Tactician"],"picked":"Poisoned Stab","floor":2},{"not_picked":["Cloak And Dagger","Quick Slash"],"picked":"Masterful Stab","floor":4},{"not_picked":["Calculated Gamble","All Out Attack"],"picked":"Poisoned Stab","floor":5},{"not_picked":["Dagger Throw","Leg Sweep"],"picked":"Die Die Die","floor":7},{"not_picked":["Prepared","Endless Agony"],"picked":"Bane","floor":8},{"not_picked":["Caltrops","Prepared"],"picked":"Blade Dance","floor":11},{"not_picked":["Expertise","Eviscerate","Outmaneuver"],"picked":"SKIP","floor":12}],"player_experience":2083259,"relics_obtained":[{"floor":7,"key":"CaptainsWheel"},{"floor":8,"key":"Odd Mushroom"},{"floor":9,"key":"Letter Opener"},{"floor":12,"key":"Toy Ornithopter"}],"event_choices":[{"damage_healed":0,"gold_gain":0,"player_choice":"Fought Mushrooms","damage_taken":0,"max_hp_gain":0,"max_hp_loss":0,"event_name":"Mushrooms","floor":8,"gold_loss":0},{"damage_healed":0,"gold_gain":0,"player_choice":"Ignored","damage_taken":0,"max_hp_gain":0,"max_hp_loss":0,"event_name":"Liars Game","floor":13,"gold_loss":0},{"damage_healed":0,"gold_gain":0,"player_choice":"Lose Max HP","damage_taken":0,"relics_obtained":["Golden Idol"],"max_hp_gain":0,"max_hp_loss":6,"event_name":"Golden Idol","floor":14,"gold_loss":0}],"is_beta":false,"boss_relics":[],"items_purged_floors":[],"is_endless":false,"potions_floor_spawned":[1,4,7],"killed_by":"Slime Boss","ascension_level":20}}