{"host":"ydg0vn0pu4pubmdt","time":1613940019,"event":{"mods":["AchievementEnabler","BaseMod","Colored Map","Minty Spire (QoL Compilation)","Quick Restart","SuperFastMode"],"gold_per_floor":[118,118,138,158,178,178,188,113,167,167,185,205,235,246,246,246,246],"floor_reached":16,"language":"KOR","playtime":250,"items_purged":["Strike_R"],"score":212,"play_id":"3c556288-c8a6-4dfc-b91d-ee2b0c20e1be","local_time":"20210222054019","is_ascension_mode":true,"campfire_choices":[{"data":"Whirlwind","floor":6.0,"key":"SMITH"},{"data":"Inflame","floor":15.0,"key":"SMITH"}],"circlet_count":0,"master_deck":["AscendersBane","Strike_R","Strike_R","Strike_R","Strike_R","Defend_R","Defend_R","Defend_R","Defend_R","Bash","Whirlwind+1","Ghostly Armor","Inflame+1","Seeing Red"],"relics":["Burning Blood","NeowsBlessing","Mercury Hourglass","Pen Nib","Strawberry","Anchor"],"acts_visited":["Exordium"],"potions_floor_usage":[16,16],"damage_taken":[{"damage":0.0,"enemies":"Small Slimes","floor":1.0,"turns":1.0},{"damage":0.0,"enemies":"Cultist","floor":3.0,"turns":1.0},{"damage":0.0,"enemies":"Jaw Worm","floor":4.0,"turns":1.0},{"damage":3.0,"enemies":"Exordium Wildlife","floor":5.0,"turns":2.0},{"damage":0.0,"enemies":"3 Louse","floor":7.0,"turns":1.0},{"damage":2.0,"enemies":"2 Fungi Beasts","floor":11.0,"turns":3.0},{"damage":32.0,"enemies":"Large Slime","floor":12.0,"turns":6.0},{"damage":25.0,"enemies":"3 Sentries","floor":13.0,"turns":5.0},{"damage":0.0,"enemies":"Red Slaver","floor":14.0,"turns":2.0},{"damage":43,"enemies":"Hexaghost","floor":16,"turns":8}],"seed_played":"7138458457924597776","potions_obtained":[{"floor":1.0,"key":"Weak Potion"},{"floor":4.0,"key":"Ancient Potion"},{"floor":11.0,"key":"Strength Potion"},{"floor":13.0,"key":"Block Potion"},{"floor":14.0,"key":"SteroidPotion"}],"is_trial":false,"path_per_floor":["M","?","M","M","M","R","M","$","T","?","M","M","E","M","R","B"],"character_chosen":"IRONCLAD","items_purchased":[],"campfire_rested":0,"item_purchase_floors":[],"current_hp_per_floor":[74,74,75,75,75,75,75,75,75,77,81,55,36,42,42,0,0],"gold":246,"neow_bonus":"THREE_ENEMY_KILL","is_daily":false,"chose_seed":false,"campfire_upgraded":2,"win_rate":0.0,"timestamp":1613940019,"path_taken":["M","?","M","?","M","R","?","?","T","?","M","M","E","M","R","BOSS"],"items_purchased_type":[],"build_version":"2020-12-22","purchased_purges":1,"victory":false,"max_hp_per_floor":[75,75,75,75,75,75,75,75,75,82,82,82,82,82,82,82,82],"card_choices":[{"not_picked":["Evolve","Rampage"],"picked":"Whirlwind","floor":1.0},{"not_picked":["Twin Strike","Anger","Headbutt"],"picked":"SKIP","floor":3.0},{"not_picked":["Wild Strike","Pommel Strike"],"picked":"Ghostly Armor","floor":4.0},{"not_picked":["Rupture","Iron Wave"],"picked":"Inflame","floor":5.0},{"not_picked":["Sword Boomerang","Clash","Anger"],"picked":"SKIP","floor":7.0},{"not_picked":["Carnage","Body Slam","Twin Strike"],"picked":"SKIP","floor":11.0},{"not_picked":["Iron Wave","Havoc","Twin Strike"],"picked":"SKIP","floor":12.0},{"not_picked":["Flex","Havoc"],"picked":"Seeing Red","floor":13.0},{"not_picked":["Perfected Strike","Havoc","Warcry"],"picked":"SKIP","floor":14.0}],"player_experience":623424,"relics_obtained":[{"floor":9.0,"key":"Pen Nib"},{"floor":13.0,"key":"Anchor"}],"event_choices":[{"damage_healed":0.0,"max_hp_gain":0.0,"max_hp_loss":0.0,"gold_gain":0.0,"event_name":"WeMeetAgain","player_choice":"Gave Potion","floor":2.0,"gold_loss":0.0,"damage_taken":0.0,"relics_obtained":["Mercury Hourglass"]},{"damage_healed":0.0,"max_hp_gain":0.0,"max_hp_loss":0.0,"gold_gain":0.0,"event_name":"Scrap Ooze","player_choice":"Success","floor":10.0,"gold_loss":0.0,"damage_taken":5.0,"relics_obtained":["Strawberry"]}],"is_beta":false,"boss_relics":[],"items_purged_floors":[8],"is_endless":false,"potions_floor_spawned":[1,4,11,13,14],"killed_by":"Hexaghost","ascension_level":20}}