{"host":"s4ojoik2izpnmj7q","time":1613941850,"event":{"mods":["ATMod(°¢èªMod)","Act Like it!","BaseMod","Minty Spire (QoL Compilation)","MostiFishMod","StSLib"],"gold_per_floor":[115,133,133,143,162,194,194,210,236,236,271,281,206,217,217,292,292,305,325,325,250,250,281,301,328,328,358,378,403,441,17,17,115,115,211,211,286,286,385,470,470,579,579,579,412,528,673,792,792,907,1122,1122,1122,1122,1203,1228],"floor_reached":57,"language":"ZHS","playtime":1855,"items_purged":["Defend_P","Strike_P","Defend_P","Strike_P+1"],"score":3793,"play_id":"7f0d5e0e-b462-46e6-814e-4eee2aa9cda0","local_time":"20210222051050","is_ascension_mode":true,"campfire_choices":[{"data":"Eruption","floor":7.0,"key":"SMITH"},{"data":"Omniscience","floor":15.0,"key":"SMITH"},{"data":"AT_SoftenMuscles","floor":32.0,"key":"SMITH"},{"floor":41.0,"key":"RECALL"},{"data":"InnerPeace","floor":44.0,"key":"SMITH"},{"data":"Adaptation","floor":49.0,"key":"SMITH"}],"circlet_count":0,"master_deck":["AscendersBane","Strike_P+1","Defend_P+1","Eruption+1","Vigilance+1","AT_WindFlip+1","AT_SoftenMuscles+1","MostiFishMod:FlowState+1","Crescendo+1","MostiFishMod:Speedup+1","TalkToTheHand+1","Omniscience+1","LessonLearned+1","Wish+1","Indignation+1","Wish+1","WheelKick+1","Adaptation+1","InnerPeace+1","AT_ChampionStep+1","MostiFishMod:Disappear"],"relics":["DaveBox","AT_ATBox","Brimstone","Coffee Dripper","SynthV:TestCard","SynthV:C4","Bag of Preparation","Lantern","RhineSuit","Nilry\u0027s Codex","AT_ChloranthyRing","Torii","ImprovedEquipment","Letter Opener","Ornamental Fan","AT_ArchangelStaff","TheAbacus","Snecko Eye","Omamori","DiscerningMonocle","Bird Faced Urn","AT_BellowingDragoncrestRing","AT_MibuBalloonWealth","Nunchaku","AT_DeathDance","AT_ImmortalShieldbow","PrismaticShard","Shuriken"],"acts_visited":["Exordium","TheCity","TheBeyond","TheEnding"],"potions_floor_usage":[56,56],"damage_taken":[{"damage":0.0,"enemies":"Jaw Worm","floor":1.0,"turns":2.0},{"damage":0.0,"enemies":"2 Louse","floor":2.0,"turns":2.0},{"damage":0.0,"enemies":"Cultist","floor":4.0,"turns":2.0},{"damage":0.0,"enemies":"Blue Slaver","floor":5.0,"turns":2.0},{"damage":0.0,"enemies":"Lagavulin","floor":6.0,"turns":3.0},{"damage":8.0,"enemies":"2 Fungi Beasts","floor":8.0,"turns":3.0},{"damage":0.0,"enemies":"Gremlin Nob","floor":11.0,"turns":2.0},{"damage":0.0,"enemies":"Large Slime","floor":12.0,"turns":3.0},{"damage":0.0,"enemies":"Gremlin Gang","floor":14.0,"turns":1.0},{"damage":0.0,"enemies":"Slime Boss","floor":16.0,"turns":3.0},{"damage":0.0,"enemies":"Chosen","floor":18.0,"turns":2.0},{"damage":0.0,"enemies":"3 Byrds","floor":19.0,"turns":1.0},{"damage":7.0,"enemies":"Book of Stabbing","floor":23.0,"turns":2.0},{"damage":0.0,"enemies":"Sentry and Sphere","floor":24.0,"turns":2.0},{"damage":0.0,"enemies":"Gremlin Leader","floor":25.0,"turns":1.0},{"damage":0.0,"enemies":"Slavers","floor":27.0,"turns":2.0},{"damage":0.0,"enemies":"Snecko","floor":28.0,"turns":1.0},{"damage":0.0,"enemies":"Book of Stabbing","floor":29.0,"turns":2.0},{"damage":0.0,"enemies":"3 Cultists","floor":30.0,"turns":2.0},{"damage":1.0,"enemies":"Collector","floor":33.0,"turns":3.0},{"damage":0.0,"enemies":"Orb Walker","floor":35.0,"turns":1.0},{"damage":0.0,"enemies":"3 Darklings","floor":37.0,"turns":1.0},{"damage":0.0,"enemies":"Maw","floor":39.0,"turns":2.0},{"damage":0.0,"enemies":"Nemesis","floor":40.0,"turns":1.0},{"damage":0.0,"enemies":"Spire Growth","floor":42.0,"turns":2.0},{"damage":0.0,"enemies":"Reptomancer","floor":46.0,"turns":2.0},{"damage":0.0,"enemies":"4 Shapes","floor":47.0,"turns":1.0},{"damage":0.0,"enemies":"Giant Head","floor":48.0,"turns":4.0},{"damage":0.0,"enemies":"Time Eater","floor":50.0,"turns":4.0},{"damage":0.0,"enemies":"Awakened One","floor":51.0,"turns":3.0},{"damage":0.0,"enemies":"Shield and Spear","floor":55.0,"turns":1.0},{"damage":57,"enemies":"The Heart","floor":56,"turns":5}],"seed_played":"-4874065665409208320","potions_obtained":[{"floor":4.0,"key":"Explosive Potion"},{"floor":5.0,"key":"Block Potion"},{"floor":11.0,"key":"Strength Potion"},{"floor":14.0,"key":"StancePotion"},{"floor":18.0,"key":"Fruit Juice"},{"floor":22.0,"key":"GamblersBrew"},{"floor":25.0,"key":"Fire Potion"},{"floor":27.0,"key":"PowerPotion"},{"floor":30.0,"key":"BottledMiracle"}],"is_trial":false,"path_per_floor":["M","M","?","M","M","E","R","M","T","?","E","M","$","M","R","B",null,"M","M","?","?","?","E","M","E","T","E","M","E","M","$","R","B",null,"M","?","M","?","M","E","R","M","T","R","$","E","M","E","R","B","B",null,"R","$","E","B",null],"character_chosen":"WATCHER","items_purchased":["AT_ArchangelStaff","TheAbacus","DiscerningMonocle","Bird Faced Urn","AT_BellowingDragoncrestRing","AT_DeathDance","AT_ImmortalShieldbow","AT_ChampionStep","Fruit Juice","StancePotion","PrismaticShard","MostiFishMod:Disappear"],"campfire_rested":0,"item_purchase_floors":[31,31,45,45,45,54,54,54,54,54,54,54],"current_hp_per_floor":[61,61,61,61,61,61,61,53,53,53,53,53,53,53,53,53,64,64,64,43,43,48,41,41,41,41,41,41,41,41,41,41,40,65,65,65,65,61,61,61,61,61,61,61,61,61,61,67,67,71,73,73,73,78,78,78],"gold":1228,"neow_bonus":"BOSS_RELIC","is_daily":false,"chose_seed":false,"campfire_upgraded":5,"win_rate":0.0,"timestamp":1613941850,"path_taken":["M","M","?","M","M","E","R","M","T","?","E","M","$","M","R","BOSS","M","?","?","?","?","E","?","E","T","E","M","E","M","$","R","BOSS","M","?","M","?","?","E","R","M","T","R","$","E","M","E","R","BOSS","BOSS","R","$","E","BOSS"],"items_purchased_type":["Relic","Relic","Relic","Relic","Relic","Relic","Relic","Card","Potion","Potion","Relic","Card"],"build_version":"2020-12-22","purchased_purges":4,"victory":true,"max_hp_per_floor":[68,68,68,68,68,68,68,68,68,68,68,68,68,68,68,68,68,68,68,68,68,73,73,73,73,73,73,73,73,73,73,73,73,73,73,73,73,73,73,73,73,73,73,73,73,73,73,73,73,73,73,73,73,78,78,78],"card_choices":[{"not_picked":["SashWhip","CrushJoints","AT_OneInchPunch"],"picked":"SKIP","floor":1.0},{"not_picked":["PathToVictory","Nirvana","CutThroughFate","LikeWater"],"picked":"AT_SoftenMuscles","floor":2.0},{"not_picked":["WindmillStrike","ClearTheMind","ThirdEye","JustLucky"],"picked":"MostiFishMod:FlowState","floor":4.0},{"not_picked":["MostiFishMod:LegendTransform","BattleHymn","Prostrate","CutThroughFate"],"picked":"Crescendo","floor":5.0},{"not_picked":["AT_MachinaRedman","Protect","FlurryOfBlows","MostiFishMod:FlowState"],"picked":"MostiFishMod:Speedup","floor":6.0},{"not_picked":["Prostrate","MostiFishMod:PathToVictory","Evaluate","MostiFishMod:FlowState"],"picked":"TalkToTheHand","floor":8.0},{"not_picked":["EmptyBody","Meditate","DeceiveReality","LikeWater","FlyingSleeves"],"picked":"SKIP","floor":11.0},{"not_picked":["BowlingBash","CrushJoints","Wallop","FlurryOfBlows"],"picked":"Omniscience","floor":12.0},{"not_picked":["JustLucky","MostiFishMod:Nomercy","SashWhip","ThirdEye","Protect"],"picked":"SKIP","floor":14.0},{"not_picked":["DeusExMachina","AT_RealColorLess","MostiFishMod:DustFall","MostiFishMod:StarHerder"],"picked":"LessonLearned","floor":16.0},{"not_picked":["AT_RealFormLess+1","CrushJoints","SignatureMove","Evaluate","FlyingSleeves"],"picked":"SKIP","floor":18.0},{"not_picked":["SignatureMove","EmptyBody+1","Protect+1","MostiFishMod:FlowState","ReachHeaven"],"picked":"SKIP","floor":19.0},{"not_picked":["JustLucky+1","ThirdEye","Consecrate+1","CrushJoints","FollowUp"],"picked":"SKIP","floor":23.0},{"not_picked":["FlyingSleeves","Prostrate","Protect","Fasting2+1","EmptyBody"],"picked":"SKIP","floor":24.0},{"not_picked":["MostiFishMod:OutWit","CrushJoints","PathToVictory","FlyingSleeves","Pray"],"picked":"SKIP","floor":25.0},{"not_picked":["BattleHymn","LikeWater","SashWhip","PathToVictory","Prostrate"],"picked":"SKIP","floor":27.0},{"not_picked":["Crescendo","CrushJoints","JustLucky","WindmillStrike","Evaluate+1"],"picked":"SKIP","floor":28.0},{"not_picked":["FollowUp","Crescendo","Prostrate+1","JustLucky"],"picked":"Wish","floor":29.0},{"not_picked":["EmptyBody","Protect","ThirdEye","WindmillStrike"],"picked":"Indignation","floor":30.0},{"not_picked":["Devotion","MostiFishMod:StarHerder","LessonLearned","Alpha"],"picked":"Wish","floor":33.0},{"not_picked":["FearNoEvil","CarveReality","Protect","Swivel+1"],"picked":"WheelKick+1","floor":35.0},{"not_picked":["FollowUp","Weave","ThirdEye","EmptyBody+1"],"picked":"Adaptation","floor":37.0},{"not_picked":["Prostrate+1","Protect+1","ClearTheMind+1","CutThroughFate","Consecrate"],"picked":"SKIP","floor":39.0},{"not_picked":["Protect+1","AT_SoftenMuscles","LikeWater","InnerPeace","ThirdEye"],"picked":"SKIP","floor":40.0},{"not_picked":["Protect+1","AT_SoftenMuscles","LikeWater","ThirdEye"],"picked":"InnerPeace","floor":40.0},{"not_picked":["CutThroughFate","AT_SoftenMuscles","Worship","FlurryOfBlows","AT_DivineConfetti+1"],"picked":"SKIP","floor":42.0},{"not_picked":["EmptyFist","Vengeance","MostiFishMod:LegendTransform+1","AT_MachinaRedman","Halt"],"picked":"SKIP","floor":46.0},{"not_picked":["PathToVictory+1","WreathOfFlame","Halt","CrushJoints","AT_DivineConfetti"],"picked":"SKIP","floor":47.0},{"not_picked":["Prostrate","Pray+1","Swivel","FollowUp","ConjureBlade"],"picked":"SKIP","floor":48.0},{"not_picked":["Poisoned Stab","AT_HeatAcrobatics","Finisher","MostiFishMod:PathToVictory","Reinforced Body+1"],"picked":"SKIP","floor":55.0}],"player_experience":631000,"relics_obtained":[{"floor":1.0,"key":"SynthV:TestCard"},{"floor":6.0,"key":"SynthV:C4"},{"floor":9.0,"key":"Bag of Preparation"},{"floor":11.0,"key":"Lantern"},{"floor":20.0,"key":"Nilry\u0027s Codex"},{"floor":23.0,"key":"AT_ChloranthyRing"},{"floor":25.0,"key":"Torii"},{"floor":26.0,"key":"ImprovedEquipment"},{"floor":27.0,"key":"Letter Opener"},{"floor":29.0,"key":"Ornamental Fan"},{"floor":40.0,"key":"Omamori"},{"floor":46.0,"key":"AT_MibuBalloonWealth"},{"floor":48.0,"key":"Nunchaku"},{"floor":55.0,"key":"Shuriken"}],"event_choices":[{"damage_healed":0.0,"max_hp_gain":0.0,"max_hp_loss":0.0,"gold_gain":0.0,"event_name":"Shining Light","player_choice":"Ignored","floor":3.0,"gold_loss":0.0,"damage_taken":0.0},{"damage_healed":0.0,"max_hp_gain":0.0,"max_hp_loss":0.0,"gold_gain":0.0,"event_name":"Accursed Blacksmith","player_choice":"Forge","floor":10.0,"gold_loss":0.0,"damage_taken":0.0,"cards_upgraded":["AT_WindFlip"]},{"damage_healed":0.0,"max_hp_gain":0.0,"max_hp_loss":0.0,"gold_gain":0.0,"event_name":"Cursed Tome","player_choice":"Obtained Book","floor":20.0,"gold_loss":0.0,"damage_taken":21.0},{"cards_removed":["Defend_P"],"damage_healed":0.0,"max_hp_gain":0.0,"max_hp_loss":0.0,"gold_gain":0.0,"event_name":"Beggar","player_choice":"Gave Gold","floor":21.0,"gold_loss":75.0,"damage_taken":0.0},{"damage_healed":0.0,"max_hp_gain":0.0,"max_hp_loss":0.0,"gold_gain":0.0,"event_name":"Lab","player_choice":"Got Potions","floor":22.0,"gold_loss":0.0,"damage_taken":0.0},{"cards_removed":["Strike_P"],"damage_healed":0.0,"max_hp_gain":0.0,"max_hp_loss":0.0,"gold_gain":0.0,"event_name":"Falling","player_choice":"Removed Attack","floor":36.0,"gold_loss":0.0,"damage_taken":0.0},{"damage_healed":0.0,"max_hp_gain":0.0,"max_hp_loss":0.0,"gold_gain":0.0,"event_name":"The Woman in Blue","player_choice":"Bought 0 Potions","floor":38.0,"gold_loss":0.0,"damage_taken":0.0}],"is_beta":false,"boss_relics":[{"not_picked":["OneHitWonderSystem","GreenFoldingFan"],"picked":"RhineSuit"},{"not_picked":["FixedStarFall","JellyFishMachine"],"picked":"Snecko Eye"}],"items_purged_floors":[13,31,45,54],"is_endless":false,"potions_floor_spawned":[4,5,11,14,16,18,25,27,30,37,39,42,47],"ascension_level":20}}