{"host":"qnonbmyem8gan59d","time":1613871980,"event":{"mods":["BaseMod","Colored Powertips","Downfall","Hermit","Minty Spire (QoL Compilation)","Replay The Spire","StSLib"],"gold_per_floor":[119,119,119,130,146,176,176,97,170,101,117,117,128,159,159,159,159],"floor_reached":16,"language":"ENG","playtime":1337,"items_purged":[],"score":110,"play_id":"4c793938-8ec7-4c4f-81d9-81c97b4917db","local_time":"20210220194620","is_ascension_mode":false,"campfire_choices":[{"floor":7,"key":"REST"},{"floor":15,"key":"REST"}],"circlet_count":0,"master_deck":["hermit:Strike_Hermit","hermit:Strike_Hermit","hermit:Strike_Hermit","hermit:Strike_Hermit","hermit:Defend_Hermit","hermit:Defend_Hermit","hermit:Defend_Hermit","hermit:Defend_Hermit","hermit:Snapshot","hermit:Covet+1","hermit:Misfire","hermit:Glare","hermit:Coalescence","hermit:Misfire","hermit:BigShot","hermit:BigShot","hermit:EyeOfTheStorm","hermit:Deadeye","hermit:CalledShot"],"relics":["hermit:Momento","NeowsBlessing","Bag of Preparation","Mummified Hand","Divine Protection"],"acts_visited":["Exordium"],"potions_floor_usage":[16],"damage_taken":[{"damage":0.0,"enemies":"Jaw Worm","floor":1.0,"turns":1.0},{"damage":0,"enemies":"2 Louse","floor":4,"turns":1},{"damage":0,"enemies":"Cultist","floor":5,"turns":1},{"damage":32,"enemies":"Gremlin Nob","floor":6,"turns":5},{"damage":8,"enemies":"Red Slaver","floor":11,"turns":3},{"damage":3,"enemies":"3 Louse","floor":13,"turns":3},{"damage":24,"enemies":"3 Sentries","floor":14,"turns":6},{"damage":76,"enemies":"Fading Forest","floor":16,"turns":8}],"seed_played":"-5447368890417057050","potions_obtained":[{"floor":5,"key":"Languid Potion"},{"floor":6,"key":"ColorlessPotion"},{"floor":13,"key":"Death Potion"},{"floor":14,"key":"hexamod:SoulburnPotion"}],"is_trial":false,"path_per_floor":["M","?","?","M","M","E","R","$","T","$","M","?","M","E","R","B"],"character_chosen":"HERMIT","items_purchased":["hermit:BigShot","hermit:BigShot"],"campfire_rested":2,"item_purchase_floors":[8,10],"current_hp_per_floor":[75,80,80,80,80,48,72,72,72,72,64,64,61,37,61,0,0],"gold":159,"neow_bonus":"THREE_ENEMY_KILL","is_daily":false,"chose_seed":false,"campfire_upgraded":0,"win_rate":0.0,"timestamp":1613871980,"path_taken":["M","?","?","?","M","E","R","?","T","$","M","?","?","E","R","BOSS"],"items_purchased_type":["Card","Card"],"build_version":"2020-12-22","purchased_purges":0,"victory":false,"max_hp_per_floor":[75,80,80,80,80,80,80,80,80,80,80,80,80,80,80,80,80],"card_choices":[{"not_picked":["hermit:Roulette","hermit:Vantage"],"picked":"hermit:Misfire","floor":1.0},{"not_picked":["hermit:Dive","hermit:Desperado"],"picked":"hermit:Glare","floor":4},{"not_picked":["hermit:Desperado","hermit:Feint"],"picked":"hermit:Coalescence","floor":5},{"not_picked":["hermit:DeadMansHand","hermit:Manifest"],"picked":"hermit:Misfire","floor":6},{"not_picked":["hermit:Dive","hermit:Misfire"],"picked":"hermit:EyeOfTheStorm","floor":11},{"not_picked":["hermit:Misfire","hermit:Manifest"],"picked":"hermit:Deadeye","floor":13},{"not_picked":["hermit:OverwhelmingPower","hermit:WideOpen"],"picked":"hermit:CalledShot","floor":14}],"player_experience":100810,"relics_obtained":[{"floor":6,"key":"Bag of Preparation"},{"floor":9,"key":"Mummified Hand"},{"floor":14,"key":"Divine Protection"}],"event_choices":[{"damage_healed":0.0,"max_hp_gain":5.0,"max_hp_loss":0.0,"gold_gain":0.0,"event_name":"Big Fish","player_choice":"Donut","floor":2.0,"gold_loss":0.0,"damage_taken":0.0},{"damage_healed":0,"gold_gain":0,"player_choice":"Ignored","damage_taken":0,"max_hp_gain":0,"max_hp_loss":0,"event_name":"Purifier","floor":3,"gold_loss":0},{"damage_healed":0,"gold_gain":0,"player_choice":"Upgraded","damage_taken":0,"max_hp_gain":0,"max_hp_loss":0,"event_name":"Upgrade Shrine","floor":12,"gold_loss":0,"cards_upgraded":["hermit:Covet"]}],"is_beta":false,"boss_relics":[],"items_purged_floors":[],"is_endless":false,"potions_floor_spawned":[5,6,13,14],"killed_by":"Fading Forest","ascension_level":0}}