{"host":"72n3jwtrlpjobydj","time":1613900453,"event":{"mods":["AchievementEnabler","BaseMod","CapriCore","DeckTracker","Hermit","Koishi","KomeijiMod","Lobotomy","Marisa£¨Ùöéë¡¡Øª×âÞÞ£©","Minty Spire (QoL Compilation)","Permanent Neow","StSLib","SuperFastMode","The Cursed","The Hierophant","The Immortal"],"gold_per_floor":[118,118,118,136,101,101,119,44,44,55,55,72,72,72,72],"floor_reached":14,"language":"KOR","playtime":222,"items_purged":["Strike_P"],"score":84,"play_id":"5c1bc935-646f-40da-9022-cd50b6ff460c","local_time":"20210221184053","is_ascension_mode":true,"campfire_choices":[{"floor":6,"key":"RECALL"},{"floor":13,"key":"REST"}],"circlet_count":0,"master_deck":["Strike_P","Strike_P","Strike_P","Defend_P","Defend_P","Defend_P","Defend_P","Eruption","Vigilance"],"relics":["PureWater","Regal Pillow","ThirstyCross"],"acts_visited":["Exordium"],"potions_floor_usage":[10,10],"damage_taken":[{"damage":14,"enemies":"Small Slimes","floor":1,"turns":3},{"damage":3,"enemies":"2 Louse","floor":4,"turns":2},{"damage":9,"enemies":"Jaw Worm","floor":7,"turns":2},{"damage":28,"enemies":"Gremlin Gang","floor":10,"turns":4},{"damage":3,"enemies":"Blue Slaver","floor":12,"turns":4},{"damage":70,"enemies":"Lagavulin","floor":14,"turns":6}],"seed_played":"7765620323522289739","potions_obtained":[{"floor":4,"key":"Regen Potion"},{"floor":7,"key":"LiquidBronze"}],"is_trial":false,"path_per_floor":["M","?","?","M","?","R","M","$","T","M","$","M","R","E"],"character_chosen":"WATCHER","items_purchased":[],"campfire_rested":1,"item_purchase_floors":[],"current_hp_per_floor":[58,58,58,55,72,72,63,63,63,44,44,41,72,2,2],"gold":72,"neow_bonus":"RANDOM_COMMON_RELIC","is_daily":false,"chose_seed":false,"campfire_upgraded":0,"win_rate":0.0,"timestamp":1613900453,"path_taken":["M","?","?","M","?","R","M","$","T","M","$","M","R","E"],"items_purchased_type":[],"build_version":"2020-12-22","purchased_purges":1,"victory":false,"max_hp_per_floor":[72,72,72,72,72,72,72,72,72,72,72,72,72,72,72],"card_choices":[{"not_picked":["EmptyBody","EmptyFist","ClearTheMind"],"picked":"SKIP","floor":1},{"not_picked":["WaveOfTheHand","BattleHymn","FollowUp"],"picked":"SKIP","floor":4},{"not_picked":["FollowUp","Swivel","SashWhip"],"picked":"SKIP","floor":7},{"not_picked":["CarveReality","PathToVictory","Vengeance"],"picked":"SKIP","floor":10},{"not_picked":["WaveOfTheHand","SashWhip","Swivel"],"picked":"SKIP","floor":12}],"player_experience":111269,"relics_obtained":[],"event_choices":[{"damage_healed":0,"gold_gain":0,"player_choice":"Ignored","damage_taken":0,"max_hp_gain":0,"max_hp_loss":0,"event_name":"Shining Light","floor":2,"gold_loss":0},{"damage_healed":18,"gold_gain":0,"player_choice":"Healed","damage_taken":0,"max_hp_gain":0,"max_hp_loss":0,"event_name":"The Cleric","floor":5,"gold_loss":35}],"is_beta":false,"boss_relics":[],"items_purged_floors":[8],"is_endless":false,"potions_floor_spawned":[4,7],"killed_by":"Lagavulin","ascension_level":1}}