{"host":"51f9r4o9zca2xpvz","time":1613918810,"event":{"mods":["AchievementEnabler","BaseMod","Minty Spire (QoL Compilation)"],"gold_per_floor":[111,131,9,23,39,39,39,53,76,108,120,132,157,188,200,311,323,348,380,392,404,433,445,457,457],"floor_reached":24,"language":"ENG","playtime":2907,"items_purged":[],"score":200,"play_id":"a3d0230b-eaa3-4958-80dd-3e1dbf22bdda","local_time":"20210221064650","is_ascension_mode":false,"campfire_choices":[{"data":"Genetic Algorithm","floor":6,"key":"SMITH"},{"floor":12,"key":"REST"},{"data":"Barrage","floor":15,"key":"SMITH"},{"data":"Machine Learning","floor":23,"key":"SMITH"}],"circlet_count":0,"master_deck":["Strike_B","Defend_B","Defend_B","Defend_B","Defend_B","Zap","Dualcast","Coolheaded","Barrage+1","Loop+1","Stack","Genetic Algorithm+1","Ball Lightning","Coolheaded","Conserve Battery","Self Repair","Multi-Cast","Redo","Machine Learning+1","Fusion","Electrodynamics"],"relics":["Cracked Core","Juzu Bracelet","MawBank","Inserter","Vajra"],"acts_visited":["Exordium","TheCity"],"potions_floor_usage":[19],"damage_taken":[{"damage":5,"enemies":"Cultist","floor":1,"turns":4},{"damage":5,"enemies":"Jaw Worm","floor":2,"turns":6},{"damage":3,"enemies":"Small Slimes","floor":4,"turns":5},{"damage":27,"enemies":"Red Slaver","floor":5,"turns":5},{"damage":9,"enemies":"Blue Slaver","floor":8,"turns":4},{"damage":7,"enemies":"3 Sentries","floor":10,"turns":10},{"damage":6,"enemies":"Exordium Wildlife","floor":13,"turns":4},{"damage":1,"enemies":"Red Slaver","floor":14,"turns":4},{"damage":25,"enemies":"Hexaghost","floor":16,"turns":13},{"damage":8,"enemies":"Chosen","floor":18,"turns":6},{"damage":19,"enemies":"Spheric Guardian","floor":19,"turns":8},{"damage":23,"enemies":"Centurion and Healer","floor":22,"turns":9},{"damage":46,"enemies":"Gremlin Leader","floor":24,"turns":6}],"seed_played":"-325578610461370196","potions_obtained":[{"floor":4,"key":"Weak Potion"},{"floor":8,"key":"GamblersBrew"},{"floor":13,"key":"Strength Potion"},{"floor":16,"key":"PotionOfCapacity"},{"floor":19,"key":"Ancient Potion"}],"is_trial":false,"path_per_floor":["M","M","$","M","M","R","?","M","T","E","?","R","M","M","R","B",null,"M","M","?","?","M","R","E"],"character_chosen":"DEFECT","items_purchased":["Loop","Stack"],"campfire_rested":1,"item_purchase_floors":[3,3],"current_hp_per_floor":[77,72,72,69,42,42,35,26,26,19,19,43,37,43,43,25,82,74,62,62,62,46,46,0,0],"gold":457,"neow_bonus":"TEN_PERCENT_HP_BONUS","is_daily":false,"chose_seed":false,"campfire_upgraded":3,"win_rate":0.0,"timestamp":1613918810,"path_taken":["M","?","$","?","M","R","?","M","T","E","?","R","M","M","R","BOSS","M","M","?","?","M","R","E"],"items_purchased_type":["Card","Card"],"build_version":"2020-12-22","purchased_purges":0,"victory":false,"max_hp_per_floor":[82,82,82,82,82,82,82,82,82,82,82,82,82,82,82,82,82,82,82,82,82,82,82,82,82],"card_choices":[{"not_picked":["Barrage","Force Field"],"picked":"Coolheaded","floor":1},{"not_picked":["Leap","Steam"],"picked":"Barrage","floor":2},{"not_picked":["Biased Cognition","Beam Cell"],"picked":"Genetic Algorithm","floor":4},{"not_picked":["Conserve Battery","Heatsinks"],"picked":"Ball Lightning","floor":5},{"not_picked":["Sweeping Beam","Skim"],"picked":"Coolheaded","floor":8},{"not_picked":["Auto Shields","Leap"],"picked":"Conserve Battery","floor":10},{"not_picked":["Reprogram","Auto Shields"],"picked":"Self Repair","floor":13},{"not_picked":["Genetic Algorithm","Cold Snap","Auto Shields"],"picked":"SKIP","floor":14},{"not_picked":["All For One","Reboot"],"picked":"Multi-Cast","floor":16},{"not_picked":["Streamline","Hello World"],"picked":"Redo","floor":18},{"not_picked":["Beam Cell+1","Gash"],"picked":"Machine Learning","floor":19},{"not_picked":["Aggregate","Hologram","Leap+1"],"picked":"SKIP","floor":22}],"player_experience":23420,"relics_obtained":[{"floor":9,"key":"Juzu Bracelet"},{"floor":10,"key":"MawBank"}],"event_choices":[{"cards_removed":["Strike_B"],"damage_healed":0,"gold_gain":0,"player_choice":"Card Removal","damage_taken":7,"max_hp_gain":0,"max_hp_loss":0,"event_name":"Golden Wing","floor":7,"gold_loss":0},{"damage_healed":0,"gold_gain":0,"player_choice":"Forge","damage_taken":0,"max_hp_gain":0,"max_hp_loss":0,"event_name":"Accursed Blacksmith","floor":11,"gold_loss":0,"cards_upgraded":["Loop"]},{"damage_healed":0,"gold_gain":0,"player_choice":"Opened","damage_taken":0,"relics_obtained":["Vajra"],"max_hp_gain":0,"max_hp_loss":0,"event_name":"The Mausoleum","floor":20,"gold_loss":0},{"damage_healed":0,"gold_gain":0,"cards_transformed":["Strike_B","Strike_B"],"player_choice":"Became Test Subject","damage_taken":0,"max_hp_gain":0,"max_hp_loss":0,"event_name":"Drug Dealer","floor":21,"gold_loss":0,"cards_obtained":["Fusion","Electrodynamics"]}],"is_beta":false,"boss_relics":[{"not_picked":["SlaversCollar","Ectoplasm"],"picked":"Inserter"}],"items_purged_floors":[],"is_endless":false,"potions_floor_spawned":[4,8,13,16,19],"killed_by":"Gremlin Leader","ascension_level":0}}