{"host":"93bjq340p293ukqy","time":1613906031,"event":{"mods":["BaseMod","Hermit","Minty Spire (QoL Compilation)","StSLib","The Cursed"],"gold_per_floor":[118,118,137,148,148,148,179,179,247,36,36,36,61,61,61,158,158,158,158,158,171,189,189,189,189],"floor_reached":24,"language":"ENG","playtime":1139,"items_purged":[],"score":273,"play_id":"d1a2f5f9-4511-44ff-85c3-0e5ebc4c28d0","local_time":"20210221131351","is_ascension_mode":true,"campfire_choices":[{"data":"Crippling Poison","floor":6,"key":"SMITH"},{"floor":8,"key":"REST"},{"floor":12,"key":"REST"},{"floor":15,"key":"REST"},{"floor":23,"key":"REST"}],"circlet_count":0,"master_deck":["Strike_G","Strike_G","Strike_G","Defend_G","Defend_G","Defend_G","Defend_G","Survivor","Neutralize","Blade Dance","Crippling Poison+1","Dodge and Roll","Poisoned Stab","Mayhem","Well Laid Plans","Dagger Throw","Die Die Die","Quick Slash+1","Backflip+1"],"relics":["Empty Cage","Akabeko","Pantograph","WingedGreaves","Bottled Lightning","Omamori","WristBlade","StrikeDummy"],"acts_visited":["Exordium","TheCity"],"potions_floor_usage":[13,18,22],"damage_taken":[{"damage":3,"enemies":"Jaw Worm","floor":1,"turns":6},{"damage":1,"enemies":"Cultist","floor":3,"turns":3},{"damage":0,"enemies":"Small Slimes","floor":4,"turns":3},{"damage":25,"enemies":"Lagavulin","floor":7,"turns":9},{"damage":32,"enemies":"3 Sentries","floor":13,"turns":9},{"damage":61,"enemies":"Slime Boss","floor":16,"turns":16},{"damage":0,"enemies":"2 Thieves","floor":18,"turns":1},{"damage":16,"enemies":"3 Byrds","floor":21,"turns":5},{"damage":23,"enemies":"3 Cultists","floor":22,"turns":5},{"damage":30,"enemies":"Slavers","floor":24,"turns":3}],"seed_played":"1900366542017488962","potions_obtained":[{"floor":1,"key":"BlessingOfTheForge"},{"floor":4,"key":"SmokeBomb"},{"floor":21,"key":"GhostInAJar"}],"is_trial":false,"path_per_floor":["M","?","M","M","T","R","E","R","T","$","?","R","E","$","R","B",null,"M","?","T","M","M","R","E"],"character_chosen":"THE_SILENT","items_purchased":["Mayhem","Well Laid Plans"],"campfire_rested":4,"item_purchase_floors":[10,10],"current_hp_per_floor":[60,60,59,59,59,59,34,55,55,55,48,69,37,37,58,9,55,55,55,55,39,16,37,7,7],"gold":189,"neow_bonus":"BOSS_RELIC","is_daily":false,"chose_seed":false,"campfire_upgraded":1,"win_rate":0.0,"timestamp":1613906031,"path_taken":["M","?","?","M","?","R","E","R","T","?","?","R","E","$","R","BOSS","M","?","?","?","M","R","E"],"items_purchased_type":["Card","Card"],"build_version":"2020-12-22","purchased_purges":0,"victory":false,"max_hp_per_floor":[70,70,70,70,70,70,70,70,70,70,70,70,70,70,70,70,70,70,70,70,70,70,70,70,70],"card_choices":[{"not_picked":["Cloak And Dagger","Deflect"],"picked":"Blade Dance","floor":1},{"not_picked":["Predator","Caltrops"],"picked":"Crippling Poison","floor":3},{"not_picked":["Backflip","Deadly Poison"],"picked":"Dodge and Roll","floor":4},{"not_picked":["Wraith Form v2","Slice"],"picked":"Poisoned Stab","floor":7},{"not_picked":["Wraith Form v2","Bane"],"picked":"Dagger Throw","floor":13},{"not_picked":["Glass Knife","Burst"],"picked":"Die Die Die","floor":16},{"not_picked":["Acrobatics+1","Flying Knee"],"picked":"Quick Slash+1","floor":21},{"not_picked":["Crippling Poison","Slice"],"picked":"Backflip+1","floor":22}],"player_experience":261335,"relics_obtained":[{"floor":2,"key":"Akabeko"},{"floor":5,"key":"Pantograph"},{"floor":7,"key":"WingedGreaves"},{"floor":9,"key":"Bottled Lightning"},{"floor":13,"key":"Omamori"},{"floor":20,"key":"StrikeDummy"}],"event_choices":[{"damage_healed":0,"gold_gain":0,"player_choice":"Relic","damage_taken":0,"max_hp_gain":0,"max_hp_loss":0,"event_name":"Wheel of Change","floor":2,"gold_loss":0},{"cards_removed":["Strike_G"],"damage_healed":0,"gold_gain":0,"player_choice":"Card Removal","damage_taken":7,"max_hp_gain":0,"max_hp_loss":0,"event_name":"Golden Wing","floor":11,"gold_loss":0},{"damage_healed":0,"gold_gain":0,"player_choice":"Ignored","damage_taken":0,"max_hp_gain":0,"max_hp_loss":0,"event_name":"Ghosts","floor":19,"gold_loss":0}],"is_beta":false,"boss_relics":[{"not_picked":["Tiny House","SacredBark"],"picked":"WristBlade"}],"items_purged_floors":[],"is_endless":false,"potions_floor_spawned":[1,4,18,21],"killed_by":"Slavers","ascension_level":7}}