{"host":"l7l2v2zs4hqku4vk","time":1613897436,"event":{"mods":["Act Like it!","BaseMod","Colored Powertips","Downfall","Highlight Path","Minty Spire (QoL Compilation)","Replay The Spire","StSLib","TestMod","The Servant 0.9.4","óô»ðÖ¸ÄÏ"],"gold_per_floor":[99,113,113,125,137,47,47,57,57,57,57,57,75,274,287,383,383,383,403,413,413,430,338,392,392,392,392,392,267,282,308,319,414,414,114,124,143,195,195,221,221,221,253,253,265,275,52,52,67,67,67,93,5,5,5,5],"floor_reached":57,"language":"ZHS","playtime":3759,"items_purged":["bronze:Strike","bronze:Strike","bronze:Strike","bronze:Strike","bronze:Defend+1"],"score":1572,"play_id":"ea10220a-2432-4357-ac25-afa047c4cfcd","local_time":"20210221165036","is_ascension_mode":false,"campfire_choices":[{"data":"bronze:Replicate","floor":1,"key":"SMITH"},{"data":"bronze:ChosenStrike","floor":9,"key":"SMITH"},{"data":"bronze:MaxOutput","floor":11,"key":"SMITH"},{"data":"bronze:Turbo","floor":18,"key":"SMITH"},{"floor":25,"key":"RECALL"},{"data":"bronze:FineTuning","floor":35,"key":"SMITH"},{"data":"bronze:Safeguard","floor":42,"key":"SMITH"},{"data":"bronze:Invalidate","floor":44,"key":"SMITH"},{"data":"bronze:Goto","floor":54,"key":"SMITH"}],"circlet_count":0,"master_deck":["bronze:Defend+1","bronze:Defend+1","bronze:Defend+1","bronze:Replicate+1","bronze:Goto+1","bronze:Invalidate+1","bronze:MaxOutput+1","bronze:ChosenStrike+1","bronze:FineTuning+1","bronze:Turbo+1","bronze:Safeguard+1"],"relics":["bronze:BronzeCore","testmod-TestBox","testmod-ChristmasGift","Art of War","testmod-TimeTraveler","Nloth\u0027s Gift","Dead Branch","sneckomod:BabySnecko","Enchiridion","Quantum Egg","Coffee Dripper","downfall:HeartBlessingRed","downfall:HeartBlessingBlue","downfall:HeartBlessingGreen","testmod-IntensifyImprint","Meat on the Bone","Replay:Bottled Eggs","Darkstone Periapt","Membership Card","Bag of Preparation"],"acts_visited":["Exordium","TheCity","TheBeyond","TheEnding"],"potions_floor_usage":[4,4,4,4,4,4,6,6,6,13,13,13,13,16,16,16,16,19,19,19,23,23,23,23,31,31,31,31,38,38,38,38,38,43,43,43,43,43,43,43,43,46,46,46,46,46,46,50,50,50,50,50,52,52,52,55,55,55,55,55,55,55,55,55,55,55,55,55,55,55,55,55,55,55,55,55,55,55,55,55,55,55,55,55,55,55,55,55,55,55,55,55,55,55,55,55,55,55,55,55,55,55,55,56,56,56,56,56,56,56,56,56,56,56,56,56,56,56],"damage_taken":[{"damage":11,"enemies":"Jaw Worm","floor":2,"turns":3},{"damage":1,"enemies":"Cultist","floor":4,"turns":3},{"damage":6,"enemies":"2 Louse","floor":5,"turns":3},{"damage":10,"enemies":"downfall:FleeingMerchant","floor":6,"turns":4},{"damage":0,"enemies":"Red Slaver","floor":8,"turns":2},{"damage":0,"enemies":"2 Fungi Beasts","floor":13,"turns":2},{"damage":9,"enemies":"3 Louse","floor":15,"turns":3},{"damage":0,"enemies":"SI_SHIV_ARCHETYPE","floor":16,"turns":9},{"damage":19,"enemies":"3 Byrds","floor":19,"turns":4},{"damage":0,"enemies":"Chosen","floor":20,"turns":2},{"damage":0,"enemies":"Snake Plant","floor":22,"turns":2},{"damage":15,"enemies":"downfall:FleeingMerchant","floor":23,"turns":3},{"damage":0,"enemies":"3 Cultists","floor":30,"turns":4},{"damage":11,"enemies":"Gremlin Leader","floor":31,"turns":3},{"damage":1,"enemies":"Cultist and Chosen","floor":32,"turns":4},{"damage":0,"enemies":"WA_ARCHETYPE_CALM","floor":33,"turns":3},{"damage":0,"enemies":"Orb Walker","floor":36,"turns":2},{"damage":0,"enemies":"3 Darklings","floor":37,"turns":2},{"damage":16,"enemies":"2 Orb Walkers","floor":38,"turns":3},{"damage":1,"enemies":"Giant Head","floor":40,"turns":3},{"damage":0,"enemies":"Nemesis","floor":43,"turns":3},{"damage":0,"enemies":"Spire Growth","floor":45,"turns":2},{"damage":9,"enemies":"Maw","floor":46,"turns":5},{"damage":0,"enemies":"3 Darklings","floor":49,"turns":2},{"damage":0,"enemies":"IC_BLOCK_ARCHETYPE","floor":50,"turns":7},{"damage":42,"enemies":"downfall:CharBossMerchant","floor":52,"turns":7},{"damage":4,"enemies":"downfall:NeowBoss","floor":55,"turns":11},{"damage":26,"enemies":"downfall:NeowBossFinal","floor":56,"turns":8}],"seed_played":"2665016799899777961","potions_obtained":[{"floor":4,"key":"Fire Potion"},{"floor":8,"key":"Adrenaline Potion"},{"floor":13,"key":"Ancient Potion"},{"floor":16,"key":"ColorlessPotion"},{"floor":20,"key":"SpeedPotion"},{"floor":22,"key":"CultistPotion"},{"floor":30,"key":"Languid Potion"},{"floor":31,"key":"CultistPotion"},{"floor":37,"key":"testmod-SpacePotion"},{"floor":40,"key":"Dexterity Potion"},{"floor":43,"key":"bronze:CleanCodePotion"},{"floor":52,"key":"Elixir"}],"is_trial":false,"path_per_floor":["R","M","?","M","M","$","T","M","R","?","R","?","M","?","M","B",null,"R","M","M","?","M","$","T","R","?","?","?","$","M","E","M","B",null,"R","M","M","?","?","E","T","R","E","R","M","M","$","?","M","B",null,"E","$","R","B","B",null],"character_chosen":"THE_AUTOMATON","items_purchased":["Dead Branch","Membership Card"],"campfire_rested":0,"item_purchase_floors":[23,47],"current_hp_per_floor":[77,67,67,67,61,55,55,56,56,61,61,61,64,64,58,79,82,82,72,73,73,74,62,62,62,62,46,46,46,52,52,60,62,82,92,92,92,85,85,92,92,92,92,92,92,84,84,84,86,92,92,71,71,71,92,92],"gold":5,"neow_bonus":"TEN_PERCENT_HP_BONUS","is_daily":false,"chose_seed":false,"campfire_upgraded":8,"win_rate":0.0,"timestamp":1613897436,"path_taken":["R","M","?","M","?","$","T","M","R","?","R","?","?","?","M","BOSS","R","M","M","?","?","$","T","R","?","?","?","$","M","E","M","BOSS","R","M","M","?","?","E","T","R","E","R","M","M","$","?","M","BOSS","E","$","R","BOSS","BOSS"],"items_purchased_type":["Relic","Relic"],"build_version":"2020-12-22","purchased_purges":5,"victory":true,"max_hp_per_floor":[77,77,77,77,77,77,77,77,77,82,82,82,82,82,82,82,82,82,82,82,82,82,82,82,82,82,82,82,82,82,82,82,82,82,92,92,92,92,92,92,92,92,92,92,92,92,92,92,92,92,92,92,92,92,92,92],"card_choices":[{"not_picked":["bronze:DelayedSlice","bronze:Iterate"],"picked":"bronze:Invalidate","floor":2},{"not_picked":["bronze:Invalidate","bronze:ClassDefault"],"picked":"bronze:MaxOutput","floor":4},{"not_picked":["bronze:FineTuning","bronze:BugBarrage"],"picked":"bronze:ChosenStrike","floor":5},{"not_picked":["bronze:BitShift","bronze:Verify","bronze:FineTuning"],"picked":"SKIP","floor":6},{"not_picked":["bronze:BugBarrage","bronze:Branch"],"picked":"bronze:FineTuning","floor":8},{"not_picked":["bronze:Return","bronze:Deprecate"],"picked":"bronze:Turbo","floor":13},{"not_picked":["bronze:WildBeam","bronze:WhirlingStrike","bronze:Turbo"],"picked":"SKIP","floor":15},{"not_picked":["bronze:Branch","bronze:Iterate","bronze:Shield"],"picked":"SKIP","floor":19},{"not_picked":["bronze:Overheat","bronze:BugBarrage+1","bronze:CloningBeam"],"picked":"SKIP","floor":20},{"not_picked":["bronze:WhirlingStrike","bronze:Boost+1"],"picked":"bronze:Optimize+1","floor":22},{"not_picked":["bronze:WhirlingStrike","bronze:BitShift","bronze:Iterate"],"picked":"SKIP","floor":23},{"not_picked":["bronze:BuggyMess","bronze:FineTuning","bronze:MaxOutput"],"picked":"SKIP","floor":30},{"not_picked":["bronze:Break","bronze:CutThrough","bronze:Turbo"],"picked":"SKIP","floor":31},{"not_picked":["bronze:Fortify","bronze:Invalidate","bronze:CutThrough"],"picked":"SKIP","floor":32},{"not_picked":["bronze:Optimize+1","bronze:Return","bronze:BronzeOrb"],"picked":"SKIP","floor":36},{"not_picked":["bronze:FineTuning","bronze:Allocate","bronze:DigitalCarnage+1"],"picked":"SKIP","floor":37},{"not_picked":["bronze:Return","bronze:Assembly","bronze:Repair+1"],"picked":"SKIP","floor":40},{"not_picked":["bronze:FineTuning","bronze:BitShift+1","bronze:Verify"],"picked":"SKIP","floor":43},{"not_picked":["bronze:DigitalCarnage+1","bronze:Shield","bronze:Overheat+1"],"picked":"SKIP","floor":45},{"not_picked":["bronze:Return+1","bronze:Shield","bronze:Iterate"],"picked":"SKIP","floor":46},{"not_picked":["bronze:FollowUp","bronze:Mutator","bronze:OilSpill"],"picked":"SKIP","floor":49},{"not_picked":["bronze:CleanCode","bronze:BurnOut","bronze:Frontload+1"],"picked":"SKIP","floor":52}],"player_experience":1835256,"relics_obtained":[{"floor":7,"key":"Art of War"},{"floor":27,"key":"Enchiridion"},{"floor":31,"key":"Quantum Egg"},{"floor":38,"key":"testmod-IntensifyImprint"},{"floor":40,"key":"Meat on the Bone"},{"floor":41,"key":"Replay:Bottled Eggs"},{"floor":43,"key":"Darkstone Periapt"},{"floor":52,"key":"Bag of Preparation"}],"event_choices":[{"damage_healed":0,"gold_gain":0,"player_choice":"Donut","damage_taken":0,"max_hp_gain":5,"max_hp_loss":0,"event_name":"Big Fish","floor":10,"gold_loss":0},{"damage_healed":0,"gold_gain":0,"player_choice":"Trade","damage_taken":0,"relics_obtained":["GremlinMask"],"max_hp_gain":0,"max_hp_loss":0,"event_name":"FaceTrader","floor":12,"gold_loss":0},{"damage_healed":0,"gold_gain":0,"player_choice":"Fight","damage_taken":0,"max_hp_gain":0,"max_hp_loss":0,"event_name":"Mysterious Sphere","floor":38,"gold_loss":0},{"cards_removed":["bronze:Optimize"],"damage_healed":0,"gold_gain":0,"player_choice":"Removed Power","damage_taken":0,"max_hp_gain":0,"max_hp_loss":0,"event_name":"Falling","floor":48,"gold_loss":0}],"is_beta":false,"boss_relics":[{"not_picked":["Kintsugi","bronze:MakeshiftBattery"],"picked":"testmod-TimeTraveler"},{"not_picked":["Replay:Ancient Bell","ReplayTheSpireMod:DimensionalGlitch"],"picked":"Coffee Dripper"}],"items_purged_floors":[6,23,29,47,53],"is_endless":false,"potions_floor_spawned":[4,8,13,16,20,22,30,31,37,40,43,45,52],"ascension_level":0}}