{"host":"5h6e4l6hpn0p5lap","time":1613866454,"event":{"mods":["AchievementEnabler","BaseMod","Better Altar","Better Match","Better Sensory Stone","Better Skull","Better Third Choice","Colored Map","Filter the Spire","Minty Spire (QoL Compilation)","StSLib"],"gold_per_floor":[118,134,149,74,93,93,24,40,67,67,81,98,127,127,127,223,223,234,4,4,18,31,31,46,46,46,46,66,101,1,28,28,133,133,144,19,19,38,38,73,73,85,111,136,136,156,156,156,156,156],"floor_reached":51,"language":"ENG","playtime":2709,"items_purged":["Strike_P","Strike_P","Strike_P"],"score":1144,"play_id":"46d441d1-03cf-4558-8411-a2ba60eb541d","local_time":"20210220191414","is_ascension_mode":true,"campfire_choices":[{"data":"Eruption","floor":6,"key":"SMITH"},{"data":"SandsOfTime","floor":10,"key":"SMITH"},{"data":"Prostrate","floor":15,"key":"SMITH"},{"floor":23,"key":"REST"},{"floor":25,"key":"REST"},{"floor":27,"key":"REST"},{"floor":32,"key":"REST"},{"floor":41,"key":"REST"},{"floor":45,"key":"REST"},{"floor":49,"key":"REST"}],"circlet_count":0,"master_deck":["AscendersBane","Strike_P+1","Defend_P+1","Defend_P+1","Defend_P+1","Defend_P+1","Eruption+1","Vigilance+1","Violence+1","FollowUp+1","Wallop+1","Prostrate+1","Secret Weapon+1","Consecrate+1","SandsOfTime+1","EmptyMind+1","Wireheading+1","FearNoEvil+1","Swift Strike+1","Scrawl+1","DeceiveReality+1","TalkToTheHand+1","SashWhip+1","CarveReality+1","Halt+1","BowlingBash+1","ThirdEye+1","WaveOfTheHand+1","CutThroughFate+1","Vault+1","ThirdEye+1","FearNoEvil+1"],"relics":["PureWater","Akabeko","Boot","Fusion Hammer","Orrery","Shuriken","Juzu Bracelet","Gremlin Horn","Busted Crown","Molten Egg 2","PreservedInsect","Bird Faced Urn","Mark of the Bloom"],"acts_visited":["Exordium","TheCity","TheBeyond"],"potions_floor_usage":[11,13,29,31,33,50,50],"damage_taken":[{"damage":1.0,"enemies":"Small Slimes","floor":1.0,"turns":3.0},{"damage":0.0,"enemies":"Cultist","floor":2.0,"turns":2.0},{"damage":2.0,"enemies":"Jaw Worm","floor":3.0,"turns":2.0},{"damage":3,"enemies":"3 Louse","floor":5,"turns":3},{"damage":3,"enemies":"Blue Slaver","floor":8,"turns":4},{"damage":0,"enemies":"2 Fungi Beasts","floor":11,"turns":2},{"damage":5,"enemies":"3 Louse","floor":12,"turns":3},{"damage":11,"enemies":"Lagavulin","floor":13,"turns":5},{"damage":29,"enemies":"Slime Boss","floor":16,"turns":7},{"damage":14,"enemies":"2 Thieves","floor":18,"turns":2},{"damage":0,"enemies":"Shell Parasite","floor":21,"turns":3},{"damage":2,"enemies":"Centurion and Healer","floor":22,"turns":5},{"damage":0,"enemies":"Snecko","floor":24,"turns":2},{"damage":7,"enemies":"Cultist and Chosen","floor":28,"turns":3},{"damage":17,"enemies":"Gremlin Leader","floor":29,"turns":6},{"damage":33,"enemies":"Slavers","floor":31,"turns":6},{"damage":26,"enemies":"Automaton","floor":33,"turns":7},{"damage":6,"enemies":"3 Darklings","floor":35,"turns":4},{"damage":0,"enemies":"3 Shapes","floor":38,"turns":3},{"damage":0,"enemies":"Giant Head","floor":40,"turns":7},{"damage":3,"enemies":"Jaw Worm Horde","floor":42,"turns":3},{"damage":3,"enemies":"Reptomancer","floor":44,"turns":5},{"damage":2,"enemies":"Writhing Mass","floor":46,"turns":8},{"damage":30,"enemies":"Donu and Deca","floor":50,"turns":12}],"seed_played":"6672448074984926969","potions_obtained":[{"floor":1.0,"key":"BlessingOfTheForge"},{"floor":2.0,"key":"Weak Potion"},{"floor":11,"key":"Fruit Juice"},{"floor":13,"key":"BottledMiracle"},{"floor":21,"key":"Strength Potion"},{"floor":24,"key":"Weak Potion"},{"floor":31,"key":"Energy Potion"},{"floor":35,"key":"Block Potion"},{"floor":42,"key":"Weak Potion"}],"is_trial":false,"path_per_floor":["M","M","M","?","M","R","$","M","T","R","M","M","E","?","R","B",null,"M","$","?","M","M","R","M","R","T","R","M","E","$","E","R","B",null,"M","$","?","M","?","E","R","M","T","E","R","M","?","?","R","B",null],"character_chosen":"WATCHER","items_purchased":["SandsOfTime","Orrery"],"campfire_rested":7,"item_purchase_floors":[7,19],"current_hp_per_floor":[64,64,62,62,59,59,59,56,56,56,61,56,45,45,45,16,57,43,43,43,43,41,62,62,70,70,70,63,46,46,13,34,8,55,49,49,49,49,49,49,70,67,67,64,70,70,70,70,70,40],"gold":156,"neow_bonus":"RANDOM_COLORLESS_2","is_daily":false,"chose_seed":false,"campfire_upgraded":3,"win_rate":0.0,"timestamp":1613866454,"path_taken":["M","M","M","?","M","R","$","M","T","R","M","M","E","?","R","BOSS","M","$","?","M","M","R","M","R","T","R","M","E","$","E","R","BOSS","M","$","?","M","?","E","R","M","T","E","R","M","?","?","R","BOSS"],"items_purchased_type":["Card","Relic"],"build_version":"2020-12-22","purchased_purges":3,"victory":true,"max_hp_per_floor":[65,65,65,65,65,65,65,65,65,65,70,70,70,70,70,70,70,70,70,70,70,70,70,70,70,70,70,70,70,70,70,70,70,70,70,70,70,70,70,70,70,70,70,70,70,70,70,70,70,70],"card_choices":[{"not_picked":["Secret Weapon","Magnetism"],"picked":"Violence","floor":0.0},{"not_picked":["EmptyBody","Prostrate"],"picked":"FollowUp","floor":1.0},{"not_picked":["Crescendo","Consecrate"],"picked":"Wallop","floor":2.0},{"not_picked":["Worship","InnerPeace"],"picked":"Prostrate","floor":3.0},{"not_picked":["Metamorphosis+1","Sadistic Nature+1"],"picked":"Secret Weapon+1","floor":4},{"not_picked":["Protect+1","Halt+1"],"picked":"Consecrate+1","floor":4},{"not_picked":["ClearTheMind","WreathOfFlame"],"picked":"Halt","floor":5},{"not_picked":["PathToVictory","JustLucky","SignatureMove"],"picked":"SKIP","floor":8},{"not_picked":["Swivel","Protect"],"picked":"EmptyMind","floor":11},{"not_picked":["EmptyBody","WindmillStrike"],"picked":"Wireheading","floor":12},{"not_picked":["PathToVictory","Nirvana"],"picked":"FearNoEvil","floor":13},{"not_picked":["Thinking Ahead","Transmutation"],"picked":"Swift Strike","floor":14},{"not_picked":["DevaForm","ConjureBlade"],"picked":"Scrawl","floor":16},{"not_picked":["SashWhip","Evaluate"],"picked":"DeceiveReality","floor":18},{"not_picked":["DevaForm","ReachHeaven"],"picked":"TalkToTheHand","floor":19},{"not_picked":["Evaluate","WreathOfFlame"],"picked":"SashWhip+1","floor":19},{"not_picked":["ClearTheMind","Halt"],"picked":"CarveReality+1","floor":19},{"not_picked":["WreathOfFlame","SignatureMove"],"picked":"Halt","floor":19},{"not_picked":["BattleHymn","FlyingSleeves"],"picked":"BowlingBash","floor":19},{"not_picked":["FollowUp","Consecrate","SignatureMove+1"],"picked":"SKIP","floor":21},{"not_picked":["Halt","CrushJoints","Consecrate"],"picked":"SKIP","floor":22},{"not_picked":["JustLucky","FlurryOfBlows+1","FlyingSleeves"],"picked":"SKIP","floor":24},{"not_picked":["Wallop","Protect+1"],"picked":"ThirdEye","floor":28},{"not_picked":["Sanctity+1","Establishment"],"picked":"WaveOfTheHand+1","floor":29},{"not_picked":["Collect+1","Protect"],"picked":"CutThroughFate+1","floor":31},{"not_picked":["Omniscience","Scrawl"],"picked":"Vault","floor":33},{"not_picked":[],"picked":"ThirdEye+1","floor":35},{"not_picked":["Evaluate"],"picked":"SKIP","floor":38},{"not_picked":[],"picked":"FearNoEvil+1","floor":40},{"not_picked":["SignatureMove+1"],"picked":"SKIP","floor":42},{"not_picked":["Devotion"],"picked":"SKIP","floor":44},{"not_picked":["BowlingBash+1"],"picked":"SKIP","floor":46}],"player_experience":1148928,"relics_obtained":[{"floor":9,"key":"Akabeko"},{"floor":13,"key":"Boot"},{"floor":26,"key":"Shuriken"},{"floor":29,"key":"Juzu Bracelet"},{"floor":31,"key":"Gremlin Horn"},{"floor":40,"key":"Molten Egg 2"},{"floor":43,"key":"PreservedInsect"},{"floor":44,"key":"Bird Faced Urn"}],"event_choices":[{"damage_healed":0,"gold_gain":0,"player_choice":"2","damage_taken":0,"max_hp_gain":0,"max_hp_loss":0,"event_name":"betterMatch:BetterMatch","floor":4,"gold_loss":0,"cards_obtained":["betterMatch:ColorlessRareCard","betterMatch:CommonCard"]},{"damage_healed":0,"gold_gain":1,"player_choice":"1","damage_taken":0,"max_hp_gain":0,"max_hp_loss":0,"event_name":"betterStone:BetterStone","floor":14,"gold_loss":0},{"damage_healed":0,"gold_gain":0,"player_choice":"Ignored","damage_taken":0,"max_hp_gain":0,"max_hp_loss":0,"event_name":"Vampires","floor":20,"gold_loss":0},{"damage_healed":0,"gold_gain":0,"player_choice":"Ignored","damage_taken":0,"max_hp_gain":0,"max_hp_loss":0,"event_name":"Tomb of Lord Red Mask","floor":37,"gold_loss":0},{"damage_healed":0,"gold_gain":0,"player_choice":"Ignored","damage_taken":0,"max_hp_gain":0,"max_hp_loss":0,"event_name":"Mysterious Sphere","floor":39,"gold_loss":0},{"cards_removed":["Halt"],"damage_healed":0,"gold_gain":0,"player_choice":"Removed Skill","damage_taken":0,"max_hp_gain":0,"max_hp_loss":0,"event_name":"Falling","floor":47,"gold_loss":0},{"damage_healed":0,"gold_gain":0,"player_choice":"Upgrade","damage_taken":0,"relics_obtained":["Mark of the Bloom"],"max_hp_gain":0,"max_hp_loss":0,"event_name":"MindBloom","floor":48,"gold_loss":0,"cards_upgraded":["Strike_P","Defend_P","Defend_P","Defend_P","Defend_P","Vigilance","Violence","FollowUp","Wallop","EmptyMind","Wireheading","FearNoEvil","Swift Strike","Scrawl","DeceiveReality","TalkToTheHand","Halt","BowlingBash","ThirdEye","Vault"]}],"is_beta":false,"boss_relics":[{"not_picked":["SlaversCollar","VioletLotus"],"picked":"Fusion Hammer"},{"not_picked":["Tiny House","Black Star"],"picked":"Busted Crown"}],"items_purged_floors":[19,30,36],"is_endless":false,"potions_floor_spawned":[1,2,11,13,21,24,28,31,35,42],"ascension_level":11}}