{"host":"cmyud3of70k6t1eo","time":1613887162,"event":{"mods":["BaseMod","Conspire","Downfall","Infinite Spire","Minty Spire (QoL Compilation)","Morshu Shopkeeper","Morshu Shopkeeper - ENHANCED","Quick Restart","StSLib","The Blue Laboratory","UnlockEverythingMod","Wide Potions"],"gold_per_floor":[99,99,110,95,120,20,46,46,59,92,102,133,133,133,144,239,239,239,257,257,257,275,275,275,275,175,188,201,201,230,249,260,357,357,357,367,367,377,44,55,55,66,51,51,51,64,64,64,80,80,80,80],"floor_reached":50,"language":"ENG","playtime":3881,"items_purged":[],"score":522,"play_id":"e4a39645-fedb-4bf1-af84-a401d752ae80","local_time":"20210221005922","is_ascension_mode":false,"campfire_choices":[{"floor":1,"key":"RECALL"},{"data":"Guardian:SphericShield","floor":6,"key":"SMITH"},{"floor":23,"key":"REST"},{"data":"Guardian:Planning","floor":26,"key":"SMITH"},{"data":"Guardian:PrismaticBarrier","floor":29,"key":"SMITH"},{"data":"Guardian:TimeSifter","floor":35,"key":"SMITH"},{"floor":44,"key":"REST"}],"circlet_count":0,"master_deck":["Guardian:CurlUp","Guardian:TwinSlam+1","Guardian:SphericShield+1","Guardian:ShieldCharger","Guardian:BronzeArmor","Guardian:ShieldCharger","Guardian:PrimingBeam","Guardian:RevengeProtocol","Guardian:StasisStrike","Guardian:RollAttack","Guardian:Planning+1","Guardian:Repulse","Guardian:Harden","Guardian:TemporalStrike","Guardian:Reroute","Guardian:PrismaticBarrier+1","Guardian:ShieldCharger+1","Guardian:ChargeCore","Guardian:TimeSifter+1","Guardian:PrimingBeam+1","Guardian:TemporalStrike+1","Guardian:Reroute+1","Doubt","Guardian:PolyBeam","Guardian:PiercingHide"],"relics":["Guardian:ModeShifter","Whetstone","downfall:HeartBlessingRed","Guardian:PickAxe","Juzu Bracelet","conspire:TopHat","Pandora\u0027s Box","downfall:HeartBlessingBlue","Ornamental Fan","bronze:MakeshiftBattery","infinitespire:EmpoweringShard"],"acts_visited":["Exordium","TheCity","TheBeyond"],"potions_floor_usage":[10,33,50,50],"damage_taken":[{"damage":0,"enemies":"2 Louse","floor":3,"turns":3},{"damage":0,"enemies":"downfall:FleeingMerchant","floor":4,"turns":4},{"damage":0,"enemies":"Cultist","floor":9,"turns":5},{"damage":12,"enemies":"3 Sentries","floor":10,"turns":11},{"damage":1,"enemies":"Small Slimes","floor":11,"turns":5},{"damage":0,"enemies":"Gremlin Nob","floor":12,"turns":6},{"damage":0,"enemies":"Blue Slaver","floor":15,"turns":5},{"damage":19,"enemies":"SI_SHIV_ARCHETYPE","floor":16,"turns":12},{"damage":10,"enemies":"3 Byrds","floor":19,"turns":2},{"damage":10,"enemies":"downfall:LooterAlt2","floor":22,"turns":4},{"damage":6,"enemies":"Shelled Parasite and Fungi","floor":27,"turns":6},{"damage":2,"enemies":"Snecko","floor":28,"turns":7},{"damage":11,"enemies":"Gremlin Leader","floor":30,"turns":5},{"damage":12,"enemies":"Centurion and Healer","floor":31,"turns":9},{"damage":0,"enemies":"Sentry and Sphere","floor":32,"turns":8},{"damage":37,"enemies":"DF_ARCHETYPE_CLAW","floor":33,"turns":10},{"damage":14,"enemies":"3 Darklings","floor":36,"turns":8},{"damage":15,"enemies":"Orb Walker","floor":38,"turns":5},{"damage":39,"enemies":"Maw","floor":40,"turns":10},{"damage":22,"enemies":"4 Shapes","floor":42,"turns":4},{"damage":0,"enemies":"downfall:FleeingMerchant","floor":43,"turns":4},{"damage":0,"enemies":"3 Darklings","floor":46,"turns":5},{"damage":21,"enemies":"Sphere and 2 Shapes","floor":49,"turns":7},{"damage":116,"enemies":"IC_BLOCK_ARCHETYPE","floor":50,"turns":10}],"seed_played":"-651672161071329599","potions_obtained":[{"floor":3,"key":"blueLaboratory:LouseDecoction"},{"floor":9,"key":"Regen Potion"},{"floor":11,"key":"blueLaboratory:RememoryPotion"},{"floor":12,"key":"blueLaboratory:HorrorPotion"},{"floor":30,"key":"blueLaboratory:FruitPreserves"},{"floor":33,"key":"hexamod:SoulburnPotion"},{"floor":46,"key":"blueLaboratory:CorrosionFlask"}],"is_trial":false,"path_per_floor":["R","?","M","$","T","R","T","R","M","E","M","E","R","?","M","B",null,"R","M","?","?","M","R","T","?","R","M","M","R","E","M","M","B",null,"R","M","?","M","?","M","T","M","$","R","?","M","?","?","M","B"],"character_chosen":"GUARDIAN","items_purchased":[],"campfire_rested":2,"item_purchase_floors":[],"current_hp_per_floor":[80,80,80,80,80,80,80,80,80,68,67,67,67,72,72,53,85,85,75,75,75,65,85,85,85,95,89,87,87,76,64,64,27,95,95,81,81,66,107,68,68,46,46,78,107,107,107,107,86,0,0,0],"gold":80,"neow_bonus":"ONE_RANDOM_RARE_CARD","is_daily":false,"chose_seed":false,"campfire_upgraded":4,"win_rate":0.0,"timestamp":1613887162,"path_taken":["R","?","M","$","?","R","T","R","M","E","M","E","R","?","M","BOSS","R","M","?","?","M","R","T","?","R","M","M","R","E","M","M","BOSS","R","M","?","M","?","M","T","M","$","R","?","M","?","?","M","BOSS"],"items_purchased_type":[],"build_version":"2020-12-22","purchased_purges":0,"victory":false,"max_hp_per_floor":[80,80,80,80,80,80,80,80,80,80,80,80,80,85,85,85,85,85,85,85,85,85,85,85,85,95,95,95,95,95,95,95,95,95,95,95,95,95,107,107,107,107,107,107,107,107,107,107,107,107,107,107],"card_choices":[{"not_picked":["Guardian:ShieldSpikes","Guardian:WalkerClaw"],"picked":"Guardian:TimeBomb","floor":3},{"not_picked":["Guardian:Reroute","Guardian:Gem_Green"],"picked":"Guardian:ShieldCharger","floor":4},{"not_picked":["Guardian:TemporalStrike","Guardian:EvasiveProtocol"],"picked":"Guardian:Gem_Crimson","floor":9},{"not_picked":["Guardian:RollAttack","Guardian:PrimingBeam"],"picked":"Guardian:BronzeArmor","floor":10},{"not_picked":["Guardian:RollAttack","Guardian:BronzeArmor"],"picked":"Guardian:ShieldCharger","floor":11},{"not_picked":["Guardian:Gem_Yellow","Guardian:Incinerate"],"picked":"Guardian:Gem_Green","floor":12},{"not_picked":["Guardian:Recover","Guardian:RollAttack"],"picked":"Guardian:PrimingBeam","floor":15},{"not_picked":["Guardian:Gem_Orange","Guardian:ExploitGems"],"picked":"Guardian:RevengeProtocol","floor":16},{"not_picked":["Guardian:Harden","Guardian:RefractedBeam"],"picked":"Guardian:Gem_Red","floor":19},{"not_picked":["Guardian:Gem_Cyan","Guardian:Gem_Red"],"picked":"Guardian:Gem_Lightblue","floor":22},{"not_picked":["Guardian:TimeBomb","Guardian:ChargeCore"],"picked":"Guardian:Reroute","floor":27},{"not_picked":["Guardian:Gem_Lightblue","Guardian:Orbwalk+1"],"picked":"Guardian:PrismaticBarrier","floor":28},{"not_picked":["Guardian:Reroute","Guardian:PiercingHide+1"],"picked":"Guardian:ShieldCharger+1","floor":30},{"not_picked":["Guardian:FloatingOrbs","Guardian:Reroute+1"],"picked":"Guardian:Gem_Blue","floor":31},{"not_picked":["Guardian:PiercingHide","Guardian:ShieldCharger"],"picked":"Guardian:ChargeCore","floor":32},{"not_picked":["Guardian:FastForward","Guardian:StasisField"],"picked":"Guardian:TimeSifter","floor":33},{"not_picked":["Guardian:BodySlam","Guardian:Incinerate"],"picked":"Guardian:Gem_Lightblue","floor":36},{"not_picked":["Guardian:Gem_Cyan","Guardian:VentSteam"],"picked":"Guardian:PrimingBeam+1","floor":38},{"not_picked":["Guardian:ShieldCharger+1","Guardian:PrimingBeam"],"picked":"Guardian:TemporalStrike+1","floor":40},{"not_picked":["Guardian:Clone","Guardian:RevengeProtocol"],"picked":"Guardian:Gem_Red","floor":42},{"not_picked":["Guardian:GuardianWhirl+1","Guardian:PiercingHide"],"picked":"Guardian:Reroute+1","floor":43},{"not_picked":["Guardian:WalkerClaw+1","Guardian:Reroute+1"],"picked":"Guardian:PolyBeam","floor":46},{"not_picked":["Guardian:Gem_Blue","Guardian:PrimingBeam+1"],"picked":"Guardian:PiercingHide","floor":49}],"player_experience":143916,"relics_obtained":[{"floor":5,"key":"Whetstone"},{"floor":7,"key":"Guardian:PickAxe"},{"floor":10,"key":"Juzu Bracelet"},{"floor":12,"key":"conspire:TopHat"},{"floor":30,"key":"Ornamental Fan"},{"floor":41,"key":"infinitespire:EmpoweringShard"}],"event_choices":[{"cards_removed":["Guardian:Strike_Guardian"],"damage_healed":0,"gold_gain":0,"player_choice":"Offered Basic","damage_taken":0,"max_hp_gain":0,"max_hp_loss":0,"event_name":"Bonfire Elementals","floor":2,"gold_loss":0},{"damage_healed":0,"gold_gain":0,"player_choice":"Donut","damage_taken":0,"max_hp_gain":5,"max_hp_loss":0,"event_name":"Big Fish","floor":14,"gold_loss":0},{"damage_healed":0,"gold_gain":0,"player_choice":"Leave","damage_taken":0,"max_hp_gain":0,"max_hp_loss":0,"event_name":"conspire:Investor","floor":37,"gold_loss":0}],"is_beta":false,"boss_relics":[{"not_picked":["infinitespire:Cupcake","Philosopher\u0027s Stone"],"picked":"Pandora\u0027s Box"},{"not_picked":["SacredBark","conspire:SlowCooker"],"picked":"bronze:MakeshiftBattery"}],"items_purged_floors":[],"is_endless":false,"potions_floor_spawned":[3,9,11,12,22,28,30,33,38,40,42,46],"killed_by":"IC_BLOCK_ARCHETYPE","ascension_level":0}}