{"host":"onfdonezo2qmaex3","time":1613896690,"event":{"mods":["2.2 Compatiblity","AchievementEnabler","Act Like it!","Aspiration","BaseMod","Colored Powertips","Downfall","Friendly Minions","Gensokyo","Hallownest","Hermit","Highlight Path","Jorbs\u0027s Wanderer Trilogy","Marisa????????","Marked Mod","Minty Spire (QoL Compilation)","Quick Restart","Reliquary","Shop Mod","StSLib","The Disciple","The Hayseed","The Hierophant","The Marked","The Runesmith"],"gold_per_floor":[110,110,110,129,14,14,40,51,51,61,61,280,767,782,782,881,881,894,697,708,668,242,242,275,19,43,43,43,69,69,84,84,381,381,396,396,406,406,197,197,197,231,231,231,231,231,257,270,270,270,270],"floor_reached":50,"language":"ENG","playtime":3138,"items_purged":["hermit:Strike_Hermit","hermit:Strike_Hermit","hermit:Strike_Hermit"],"score":567,"play_id":"84aa9d81-e27d-4519-868c-168694315986","local_time":"20210221093810","is_ascension_mode":true,"campfire_choices":[{"data":"hermit:Covet","floor":6,"key":"SMITH"},{"data":"hermit:Misfire","floor":15,"key":"SMITH"},{"data":"hermit:FromBeyond","floor":23,"key":"SMITH"},{"data":"Gensokyo:ManorOfTheDishes","floor":28,"key":"SMITH"},{"data":"hermit:Reprieve","floor":32,"key":"SMITH"},{"floor":40,"key":"RECALL"},{"data":"hermit:EternalForm","floor":44,"key":"SMITH"},{"data":"hermit:Determination","floor":46,"key":"SMITH"},{"data":"hermit:FlashPowder","floor":49,"key":"SMITH"}],"circlet_count":0,"master_deck":["hermit:Strike_Hermit","hermit:Defend_Hermit","hermit:Defend_Hermit","hermit:Covet+1","hermit:Grudge","hermit:Determination+1","hermit:Misfire+1","hermit:FromBeyond+1","hermit:ShadowCloak+1","hermit:Desperado","Gensokyo:ManorOfTheDishes+1","hermit:Virtue+1","hermit:Reprieve+1","hermit:Cheat+1","hermit:LowProfile","hermit:EternalForm+1","CurseOfTheBell","hermit:WideOpen","Gensokyo:UnhurriedMind+1","hermit:FlashPowder+1"],"relics":["hermit:Momento","Gensokyo:OccultBall","Happy Flower","reliquary:BallBearing","aspiration:AnachronicSnailShell","aspiration:RitualDagger","Membership Card","Lizard Tail","hexamod:BolsterEngine","Runesmith:AutoHammer","ClockworkSouvenir","Bag of Marbles","Vajra","reliquary:QuartzCube","Calling Bell","Guardian:PocketSentry","Ornamental Fan","TungstenRod","aspiration:HummingbirdHeart","reliquary:PrincelyHelmet","Sundial","reliquary:PorcupineQuills"],"acts_visited":["Gensokyo:Gensokyo","Gensokyo:Gensokyoer","Gensokyo:Gensokyoest"],"potions_floor_usage":[14,16,24,29,29,41,50],"damage_taken":[{"damage":1,"enemies":"Gensokyo:Python","floor":1,"turns":3},{"damage":0,"enemies":"Gensokyo:2_Kodama","floor":4,"turns":6},{"damage":1,"enemies":"Gensokyo:Gryphon","floor":8,"turns":6},{"damage":16,"enemies":"Gensokyo:3_Kodama","floor":10,"turns":5},{"damage":0,"enemies":"Gensokyo:VengefulSpirit","floor":12,"turns":5},{"damage":41,"enemies":"Gensokyo:Python_and_Kodama","floor":13,"turns":4},{"damage":0,"enemies":"Gensokyo:Kitsune","floor":14,"turns":3},{"damage":22,"enemies":"Gensokyo:Reimu","floor":16,"turns":11},{"damage":15,"enemies":"Gensokyo:Chomper","floor":18,"turns":4},{"damage":33,"enemies":"Gensokyo:CosmicMonolith","floor":20,"turns":6},{"damage":21,"enemies":"Gensokyo:Reisen","floor":24,"turns":4},{"damage":39,"enemies":"Gensokyo:Koishi","floor":29,"turns":9},{"damage":23,"enemies":"Gensokyo:Mirror_and_Dog","floor":31,"turns":4},{"damage":41,"enemies":"Gensokyo:Eiki","floor":33,"turns":9},{"damage":15,"enemies":"Gensokyo:3_Bats","floor":35,"turns":6},{"damage":41,"enemies":"Gensokyo:AncientGuardian","floor":37,"turns":19},{"damage":16,"enemies":"Gensokyo:AncientGuardian","floor":41,"turns":9},{"damage":16,"enemies":"Gensokyo:Marisa","floor":42,"turns":8},{"damage":10,"enemies":"Gensokyo:AtlasGolem","floor":48,"turns":4},{"damage":30,"enemies":"Gensokyo:Yuyuko","floor":50,"turns":10}],"seed_played":"-6827105400436215760","potions_obtained":[{"floor":1,"key":"Explosive Potion"},{"floor":8,"key":"Swift Potion"},{"floor":12,"key":"hexamod:SoulburnPotion"},{"floor":18,"key":"hexamod:SoulburnPotion"},{"floor":24,"key":"Dexterity Potion"},{"floor":35,"key":"AttackPotion"},{"floor":48,"key":"Block Potion"}],"is_trial":false,"path_per_floor":["M","?","?","M","COS","R","T","M","T","M","?","M","M","M","R","B",null,"M","$","M","?","$","R","E","COS","T","?","R","E","?","M","R","B",null,"M","?","M","?","$","R","?","E","T","R","?","R","T","M","R","B"],"character_chosen":"HERMIT","items_purchased":["hermit:ShadowCloak","hermit:Desperado","Membership Card","Lizard Tail","hexamod:BolsterEngine","aspiration:HummingbirdHeart","hermit:WideOpen"],"campfire_rested":0,"item_purchase_floors":[19,19,22,22,22,39,39],"current_hp_per_floor":[81,81,81,81,81,81,81,80,80,64,72,72,31,31,31,9,82,67,67,34,34,34,34,13,13,13,13,13,11,11,67,67,74,74,73,74,48,48,48,48,48,58,58,58,58,58,58,69,69,0,0],"gold":270,"neow_bonus":"TEN_PERCENT_HP_BONUS","is_daily":false,"chose_seed":false,"campfire_upgraded":8,"win_rate":0.0,"timestamp":1613896690,"path_taken":["M","?","?","M","COS","R","?","M","T","?","?","?","M","M","R","BOSS","M","$","M","?","$","R","E","COS","T","?","R","E","?","?","R","BOSS","M","?","?","?","$","R","?","E","T","R","?","R","?","M","R","BOSS"],"items_purchased_type":["Card","Card","Relic","Relic","Relic","Relic","Card"],"build_version":"2020-12-22","purchased_purges":3,"victory":false,"max_hp_per_floor":[82,82,82,82,82,82,82,82,82,82,82,82,82,82,82,82,82,82,82,82,82,82,82,82,82,82,74,74,74,74,74,74,74,74,74,74,74,74,74,74,74,74,74,74,74,74,74,74,74,1,1],"card_choices":[{"not_picked":["hermit:Scavenge","hermit:EyeOfTheStorm"],"picked":"hermit:Gestalt","floor":1},{"not_picked":["hermit:TakeAim","hermit:HighCaliber"],"picked":"hermit:Grudge","floor":4},{"not_picked":["hermit:HoleUp","hermit:HighCaliber"],"picked":"hermit:Determination","floor":8},{"not_picked":["hermit:HighCaliber","hermit:Spite"],"picked":"hermit:Misfire","floor":10},{"not_picked":["hermit:Quickdraw","hermit:FullyLoaded","hermit:PistolWhip"],"picked":"SKIP","floor":12},{"not_picked":["hermit:Feint","hermit:Roulette","hermit:Snipe"],"picked":"SKIP","floor":13},{"not_picked":["hermit:Glare","hermit:LuckOfTheDraw","hermit:Purgatory"],"picked":"SKIP","floor":14},{"not_picked":["hermit:HighNoon","hermit:Magnum"],"picked":"hermit:FromBeyond","floor":16},{"not_picked":["hermit:Feint","hermit:Shortfuse","hermit:TrackingShot+1"],"picked":"SKIP","floor":18},{"not_picked":["hermit:Vantage","hermit:Shortfuse","hermit:Virtue"],"picked":"SKIP","floor":20},{"not_picked":["hermit:ItchyTrigger","hermit:Vantage+1","hermit:EyeOfTheStorm"],"picked":"SKIP","floor":24},{"not_picked":["Gensokyo:Doppelganger","Gensokyo:SpontaneousHumanCombustion"],"picked":"Gensokyo:ManorOfTheDishes","floor":27},{"not_picked":["hermit:Feint+1","hermit:Vantage+1"],"picked":"hermit:Virtue+1","floor":29},{"not_picked":["hermit:LowProfile","hermit:Feint+1"],"picked":"hermit:Reprieve","floor":29},{"not_picked":["hermit:Spite","hermit:Coalescence"],"picked":"hermit:LowProfile","floor":31},{"not_picked":["hermit:RoundhouseKick","hermit:Purgatory"],"picked":"hermit:EternalForm","floor":33},{"not_picked":["hermit:Midnight+1","hermit:Quickdraw+1","hermit:Malice"],"picked":"SKIP","floor":35},{"not_picked":["hermit:Ricochet","hermit:CalledShot","hermit:Quickdraw+1"],"picked":"SKIP","floor":37},{"not_picked":["Gensokyo:RisingWorld+1","Gensokyo:DreamlikeParadise+1"],"picked":"Gensokyo:UnhurriedMind+1","floor":41},{"not_picked":["hermit:TakeAim","hermit:WideOpen","hermit:Enervate+1"],"picked":"SKIP","floor":42},{"not_picked":["hermit:Headshot+1","hermit:Midnight"],"picked":"hermit:FlashPowder","floor":48}],"player_experience":234119,"relics_obtained":[{"floor":4,"key":"Gensokyo:OccultBall"},{"floor":8,"key":"Gensokyo:OccultBall"},{"floor":9,"key":"reliquary:BallBearing"},{"floor":10,"key":"Gensokyo:OccultBall"},{"floor":16,"key":"Gensokyo:OccultBall"},{"floor":24,"key":"Runesmith:AutoHammer"},{"floor":26,"key":"Bag of Marbles"},{"floor":29,"key":"Vajra"},{"floor":33,"key":"Gensokyo:OccultBall"},{"floor":34,"key":"Guardian:PocketSentry"},{"floor":34,"key":"Ornamental Fan"},{"floor":34,"key":"TungstenRod"},{"floor":42,"key":"reliquary:PrincelyHelmet"},{"floor":43,"key":"Sundial"},{"floor":47,"key":"reliquary:PorcupineQuills"}],"event_choices":[],"is_beta":false,"boss_relics":[{"not_picked":["Empty Cage","reliquary:RedCape"],"picked":"aspiration:RitualDagger"},{"not_picked":["aspiration:RunicSpoon","aspiration:FutureDiary"],"picked":"Calling Bell"}],"items_purged_floors":[19,22,39],"is_endless":false,"potions_floor_spawned":[1,8,12,13,18,24,35,48],"killed_by":"Gensokyo:Yuyuko","ascension_level":1}}