{"host":"22njw49i2r7r2wa8","time":1613908347,"event":{"mods":["2.2 Compatiblity","BaseMod","Colored Map","Minty Spire (QoL Compilation)"],"gold_per_floor":[117,135,135,150,167,167,186,217,217,217,23,55,55,67,67,169,169,183,201,215,235,252,252,283,301,301,301,34,34,51,83,83,185,185,197,215,215,265,10,37,37,54,130,150,150,173,499,514,514,514,514,514,16,54,54],"floor_reached":56,"language":"ENG","playtime":6786,"items_purged":["Defend_G"],"score":1566,"play_id":"e4fde929-4791-4db7-935e-b59a3c920a22","local_time":"20210221035227","is_ascension_mode":true,"campfire_choices":[{"data":"Envenom","floor":6,"key":"SMITH"},{"floor":13,"key":"REST"},{"floor":15,"key":"REST"},{"data":"Footwork","floor":23,"key":"SMITH"},{"floor":27,"key":"REST"},{"floor":32,"key":"REST"},{"data":"Apotheosis","floor":41,"key":"SMITH"},{"data":"Neutralize","floor":45,"key":"SMITH"},{"floor":49,"key":"RECALL"},{"floor":52,"key":"REST"}],"circlet_count":0,"master_deck":["Strike_G","Strike_G","Strike_G","Strike_G","Defend_G","Defend_G","Defend_G","Defend_G","Survivor","Neutralize+1","Footwork+1","Infinite Blades","Envenom+1","Blade Dance","Blur","Terror","Glass Knife","Backflip","Backflip","Blur","Apotheosis+1","Acrobatics+1","Calculated Gamble+1","Blur","Secret Technique","Blade Dance+1"],"relics":["Philosopher\u0027s Stone","StrikeDummy","Gremlin Horn","Letter Opener","Oddly Smooth Stone","Anchor","Busted Crown","Bronze Scales","Red Mask","WristBlade","Du-Vu Doll","Kunai","CeramicFish","Sundial","Old Coin","Akabeko","Pear"],"acts_visited":["Exordium","TheCity","TheBeyond","TheEnding"],"potions_floor_usage":[5,8,12,20,24,24,24,33,50,54,55,55,55],"damage_taken":[{"damage":0,"enemies":"2 Louse","floor":1,"turns":3},{"damage":0,"enemies":"Cultist","floor":2,"turns":5},{"damage":0,"enemies":"Small Slimes","floor":4,"turns":5},{"damage":5,"enemies":"Gremlin Gang","floor":5,"turns":6},{"damage":8,"enemies":"Exordium Thugs","floor":7,"turns":5},{"damage":37,"enemies":"Gremlin Nob","floor":8,"turns":5},{"damage":0,"enemies":"3 Sentries","floor":12,"turns":5},{"damage":12,"enemies":"Looter","floor":14,"turns":3},{"damage":11,"enemies":"Hexaghost","floor":16,"turns":9},{"damage":13,"enemies":"2 Thieves","floor":18,"turns":4},{"damage":9,"enemies":"Spheric Guardian","floor":19,"turns":4},{"damage":0,"enemies":"Cultist and Chosen","floor":20,"turns":5},{"damage":4,"enemies":"3 Cultists","floor":21,"turns":5},{"damage":5,"enemies":"Snake Plant","floor":22,"turns":5},{"damage":10,"enemies":"Book of Stabbing","floor":24,"turns":5},{"damage":6,"enemies":"Centurion and Healer","floor":25,"turns":5},{"damage":0,"enemies":"Snecko","floor":30,"turns":4},{"damage":0,"enemies":"Masked Bandits","floor":31,"turns":4},{"damage":17,"enemies":"Collector","floor":33,"turns":8},{"damage":0,"enemies":"3 Shapes","floor":35,"turns":3},{"damage":0,"enemies":"Orb Walker","floor":36,"turns":3},{"damage":0,"enemies":"Mind Bloom Boss Battle","floor":38,"turns":4},{"damage":0,"enemies":"Nemesis","floor":40,"turns":5},{"damage":6,"enemies":"Sphere and 2 Shapes","floor":42,"turns":4},{"damage":9,"enemies":"Spire Growth","floor":44,"turns":4},{"damage":0,"enemies":"Transient","floor":46,"turns":5},{"damage":0,"enemies":"Giant Head","floor":47,"turns":6},{"damage":0,"enemies":"3 Darklings","floor":48,"turns":3},{"damage":18,"enemies":"Time Eater","floor":50,"turns":11},{"damage":21,"enemies":"Shield and Spear","floor":54,"turns":9},{"damage":49,"enemies":"The Heart","floor":55,"turns":10}],"seed_played":"-4325861976049941795","potions_obtained":[{"floor":2,"key":"Swift Potion"},{"floor":7,"key":"SkillPotion"},{"floor":12,"key":"Ancient Potion"},{"floor":16,"key":"Energy Potion"},{"floor":18,"key":"FearPotion"},{"floor":20,"key":"Weak Potion"},{"floor":22,"key":"Strength Potion"},{"floor":25,"key":"FearPotion"},{"floor":38,"key":"Dexterity Potion"},{"floor":40,"key":"SteroidPotion"},{"floor":42,"key":"DuplicationPotion"},{"floor":54,"key":"GhostInAJar"}],"is_trial":false,"path_per_floor":["M","M","?","M","M","R","M","E","T","?","$","E","R","M","R","B",null,"M","M","M","M","M","R","E","M","T","R","$","?","M","?","R","B",null,"M","M","?","?","$","E","R","M","T","M","R","M","E","M","R","B",null,"R","$","E","B",null],"character_chosen":"THE_SILENT","items_purchased":["Oddly Smooth Stone","Fire Potion","Blur","Apotheosis","Kunai","Akabeko","Blur","Secret Technique","PowerPotion"],"campfire_rested":5,"item_purchase_floors":[11,11,28,28,39,53,53,53,53],"current_hp_per_floor":[63,63,63,63,58,58,50,13,13,13,13,13,34,22,43,32,61,48,39,39,35,30,30,20,14,14,35,35,35,35,35,56,39,62,62,62,62,62,62,62,62,56,56,47,47,47,47,47,47,29,60,70,70,59,10],"gold":54,"neow_bonus":"BOSS_RELIC","is_daily":false,"chose_seed":false,"campfire_upgraded":4,"win_rate":0.0,"timestamp":1613908347,"path_taken":["M","M","?","M","?","R","M","E","T","?","$","E","R","M","R","BOSS","M","?","M","M","M","R","E","M","T","R","$","?","M","?","R","BOSS","M","M","?","?","$","E","R","M","T","M","R","M","E","M","R","BOSS","R","$","E","BOSS"],"items_purchased_type":["Relic","Potion","Card","Card","Relic","Relic","Card","Card","Potion"],"build_version":"2020-12-22","purchased_purges":1,"victory":true,"max_hp_per_floor":[70,70,70,70,70,70,70,70,70,70,70,70,70,70,70,70,70,70,70,70,70,70,70,70,70,70,70,70,70,70,70,70,70,70,70,70,70,70,70,70,70,70,70,70,70,70,70,70,70,70,70,70,70,80,80],"card_choices":[{"not_picked":["Poisoned Stab","Backflip"],"picked":"Footwork","floor":1},{"not_picked":["Flechettes","Deadly Poison"],"picked":"Prepared","floor":2},{"not_picked":["PiercingWail","Prepared"],"picked":"Infinite Blades","floor":4},{"not_picked":["Prepared","Infinite Blades"],"picked":"Envenom","floor":5},{"not_picked":["Crippling Poison","Accuracy"],"picked":"Blade Dance","floor":7},{"not_picked":["Backflip","Dagger Spray"],"picked":"Blur","floor":8},{"not_picked":["Underhanded Strike","Quick Slash","Catalyst"],"picked":"SKIP","floor":12},{"not_picked":["Cloak And Dagger","Footwork"],"picked":"Terror","floor":14},{"not_picked":["Wraith Form v2","Bullet Time"],"picked":"Glass Knife","floor":16},{"not_picked":["Cloak And Dagger"],"picked":"SKIP","floor":18},{"not_picked":[],"picked":"Backflip","floor":19},{"not_picked":["Distraction+1"],"picked":"SKIP","floor":20},{"not_picked":[],"picked":"Backflip","floor":21},{"not_picked":["PiercingWail"],"picked":"SKIP","floor":22},{"not_picked":[],"picked":"Poisoned Stab","floor":24},{"not_picked":["Bane"],"picked":"SKIP","floor":25},{"not_picked":[],"picked":"Acrobatics+1","floor":30},{"not_picked":["Quick Slash+1"],"picked":"SKIP","floor":35},{"not_picked":["Reflex"],"picked":"SKIP","floor":36},{"not_picked":["Deflect+1"],"picked":"SKIP","floor":40},{"not_picked":["Outmaneuver"],"picked":"SKIP","floor":42},{"not_picked":["All Out Attack"],"picked":"SKIP","floor":44},{"not_picked":[],"picked":"Calculated Gamble+1","floor":46},{"not_picked":["Acrobatics"],"picked":"SKIP","floor":47},{"not_picked":["Dodge and Roll+1"],"picked":"SKIP","floor":48},{"not_picked":[],"picked":"Blade Dance+1","floor":54}],"player_experience":521978,"relics_obtained":[{"floor":8,"key":"StrikeDummy"},{"floor":9,"key":"Gremlin Horn"},{"floor":12,"key":"Anchor"},{"floor":24,"key":"Bronze Scales"},{"floor":31,"key":"Red Mask"},{"floor":38,"key":"Du-Vu Doll"},{"floor":40,"key":"CeramicFish"},{"floor":43,"key":"Sundial"},{"floor":47,"key":"Old Coin"},{"floor":54,"key":"Pear"}],"event_choices":[{"cards_removed":["Strike_G"],"damage_healed":0,"gold_gain":0,"player_choice":"Offered Basic","damage_taken":0,"max_hp_gain":0,"max_hp_loss":0,"event_name":"Bonfire Elementals","floor":3,"gold_loss":0},{"cards_removed":["Prepared"],"damage_healed":0,"gold_gain":0,"player_choice":"Gave Card","damage_taken":0,"relics_obtained":["Letter Opener"],"max_hp_gain":0,"max_hp_loss":0,"event_name":"WeMeetAgain","floor":10,"gold_loss":0},{"damage_healed":0,"gold_gain":0,"player_choice":"Fought Bandits","damage_taken":0,"max_hp_gain":0,"max_hp_loss":0,"event_name":"Masked Bandits","floor":31,"gold_loss":0},{"cards_removed":["Poisoned Stab"],"damage_healed":0,"gold_gain":0,"player_choice":"Removed Attack","damage_taken":0,"max_hp_gain":0,"max_hp_loss":0,"event_name":"Falling","floor":37,"gold_loss":0},{"damage_healed":0,"gold_gain":0,"player_choice":"Fight","damage_taken":0,"max_hp_gain":0,"max_hp_loss":0,"event_name":"MindBloom","floor":38,"gold_loss":0}],"is_beta":false,"boss_relics":[{"not_picked":["Black Star","Ectoplasm"],"picked":"Busted Crown"},{"not_picked":["Velvet Choker","Tiny House"],"picked":"WristBlade"}],"items_purged_floors":[53],"is_endless":false,"potions_floor_spawned":[2,7,12,16,18,20,21,22,25,38,40,42,48,54],"ascension_level":6}}