{"host":"m6e09adb7fik7oct","time":1613870771,"event":{"mods":["AchievementEnabler","BaseMod","Better Altar","Better Note","Better Sensory Stone","Better Third Choice","BetterRewards","Block Reminder","Colored Map","Displayed Cursed Tome","Energized Spire","Evolution","Infinite Spire","Ironclad Rager","Key Reminder","Mad Scientist","Minty Spire (QoL Compilation)","Quick Restart","RNG Fix","Relic Stats","Reorder Act Four","Replay The Spire","StSLib","The Construct","The Jungle","The Marked","Trackpad","Transform Curses","Unceasing Turn Reminder","Wandering Minibosses","everything is the same but u backflip on backflip"],"gold_per_floor":[144,189,234,234,9,99,99,144,144,189,189,246,258,315,327,639,651,708,765,777,789,834,834,879,924,949,949,949,949,1039,1111,1111,1467,1467,1535,1685,1730,1775,1775,1775],"floor_reached":39,"language":"ENG","playtime":6733,"items_purged":["theMarked:ElectricStrings","theMarked:BanishingStrike"],"score":507,"play_id":"3932cb19-c08e-427b-97e2-c804884045fa","local_time":"20210220202611","daily_mods":["Insanity","Uncertain Future","Midas"],"is_ascension_mode":false,"campfire_choices":[{"floor":7.0,"key":"REST"},{"floor":13.0,"key":"REST"},{"floor":15.0,"key":"REST"},{"floor":23.0,"key":"REST"},{"floor":27.0,"key":"REST"},{"floor":32.0,"key":"REST"}],"circlet_count":0,"master_deck":["theMarked:ComboAttacks+1","theMarked:Improvise","theMarked:ChainLightning","theMarked:ElectricStrings","theMarked:EnhanceMovement+1","theMarked:Heritage","theMarked:Memento","theMarked:TwofoldDefense","theMarked:ElectricStrings","theMarked:Standoff","theMarked:Aftermath","theMarked:Frustration","theMarked:RepellingDischarge","theMarked:StartUp","theMarked:Pokerface","theMarked:MuscleMemory","theMarked:ResourceFulStrike","theMarked:ComboAttacks","theMarked:ElectricStrings","theMarked:WardOff","theMarked:LightningStrikesTwice","theMarked:WardOff","theMarked:Parkour","theMarked:SwordAndMagic","theMarked:SwordAndMagic","theMarked:EmpowerWeapon","theMarked:ElectricStrings","theMarked:Indomitable","theMarked:HeightenedSenses","theMarked:ResourceFulStrike","theMarked:ShockingTouch","theMarked:Aftermath","theMarked:Generate","theMarked:ContemptForTheProud","theMarked:ChainLightning","theMarked:BanishingStrike","theMarked:BanishingWave","theMarked:Pokerface","theMarked:Improvise","theMarked:TheMission","theMarked:TwofoldDefense","theMarked:TwofoldDefense","theMarked:Overcharge","theMarked:RepellingDischarge","theMarked:BanishingStrike","theMarked:ChainLightning","theMarked:Electrocute","theMarked:ParalyzingBlade","theMarked:ElectricStrings","Jack Of All Trades","theMarked:BanishingStrike","theMarked:Panic","Regret","theMarked:Reabsorb","theMarked:FavorableWinds","theMarked:Electrocute+1","theMarked:TheMission","theMarked:Frustration+1","theMarked:Pokerface","theMarked:Improvise","theMarked:StartUp","theMarked:MuscleMemory","theMarked:Determination+1","CurseOfTheBell","ReplayTheSpireMod:??????????????????????","infinitespire:SevenWalls","Replay:Fractal Strike","theMarked:BanishingWave","theMarked:RogueSparks","theMarked:Electrify","theMarked:DispelDoubt+1","theMarked:Vacuum+1","theMarked:MagusForm+1"],"relics":["theMarked:ArtifactOfAir","EVO:Axolotl","Guide Book","Akabeko","Blue Candle","energizedSpire:StickyHand","Enchiridion","Nloth\u0027s Gift","Blood Vial","Garlic","Calling Bell","Dream Catcher","Golden Egg","trackpad:HandOfMidas","Iron Hammer","Cursed Key","Unceasing Top"],"acts_visited":["Exordium","TheCity","TheBeyond"],"potions_floor_usage":[39,39],"damage_taken":[{"damage":0.0,"enemies":"Cultist","floor":1.0,"turns":2.0},{"damage":11.0,"enemies":"Jaw Worm","floor":2.0,"turns":3.0},{"damage":2.0,"enemies":"2 Louse","floor":3.0,"turns":2.0},{"damage":4.0,"enemies":"Replay:BlueRogue","floor":6.0,"turns":4.0},{"damage":12.0,"enemies":"Lots of Slimes","floor":8.0,"turns":3.0},{"damage":0.0,"enemies":"Exordium Thugs","floor":10.0,"turns":3.0},{"damage":5.0,"enemies":"2 Fungi Beasts","floor":12.0,"turns":2.0},{"damage":0.0,"enemies":"3 Louse","floor":14.0,"turns":1.0},{"damage":25.0,"enemies":"Fading Forest","floor":16.0,"turns":11.0},{"damage":11.0,"enemies":"Chosen","floor":18.0,"turns":4.0},{"damage":10.0,"enemies":"2 Thieves","floor":19.0,"turns":5.0},{"damage":20.0,"enemies":"Snake Plant","floor":22.0,"turns":5.0},{"damage":19.0,"enemies":"Centurion and Healer","floor":24.0,"turns":4.0},{"damage":6.0,"enemies":"3 Cultists","floor":25.0,"turns":4.0},{"damage":23.0,"enemies":"Nightmare","floor":30.0,"turns":7.0},{"damage":0.0,"enemies":"Snecko","floor":31.0,"turns":2.0},{"damage":27.0,"enemies":"Automaton","floor":33.0,"turns":10.0},{"damage":11.0,"enemies":"Orb Walker","floor":35.0,"turns":3.0},{"damage":4.0,"enemies":"Mind Bloom Boss Battle","floor":36.0,"turns":7.0},{"damage":11.0,"enemies":"3 Shapes","floor":37.0,"turns":4.0},{"damage":15.0,"enemies":"Sphere and 2 Shapes","floor":38.0,"turns":4.0},{"damage":13,"enemies":"infinitespire:Three Voidlings","floor":39,"turns":2},{"damage":61,"enemies":"Nightmare_Alpha","floor":39,"turns":7}],"seed_played":"778547550210687013","potions_obtained":[{"floor":6.0,"key":"Dexterity Potion"},{"floor":14.0,"key":"Block Potion"},{"floor":16.0,"key":"Block Potion"},{"floor":22.0,"key":"Weak Potion"},{"floor":30.0,"key":"Adrenaline Potion"},{"floor":36.0,"key":"FairyPotion"},{"floor":37.0,"key":"ColorlessPotion"}],"is_trial":false,"path_per_floor":["M","M","M","?","$","E","R","M","T","M","?","M","R","M","R","B",null,"M","M","?","?","M","R","M","M","T","R","?","AVR","NM","M","R","B",null,"M","?","M","M","?"],"character_chosen":"THE_DEFAULT","items_purchased":["Guide Book"],"campfire_rested":6,"item_purchase_floors":[5],"current_hp_per_floor":[78,67,65,65,65,61,78,66,66,66,66,61,78,78,78,53,78,67,57,41,41,21,44,25,19,19,42,42,42,21,23,46,21,78,67,65,56,43,0,0],"gold":1775,"neow_bonus":"","is_daily":true,"chose_seed":false,"campfire_upgraded":0,"win_rate":0.0,"timestamp":1613870771,"path_taken":["M","M","M","?","$","E","R","M","T","?","?","M","R","M","R","BOSS","M","M","?","?","M","R","M","M","T","R","?","AVR","NM","M","R","BOSS","M","?","M","M","?"],"items_purchased_type":["Relic"],"build_version":"2020-12-22","purchased_purges":2,"victory":false,"max_hp_per_floor":[78,78,78,78,78,78,78,78,78,78,78,78,78,78,78,78,78,78,78,78,78,78,78,78,78,78,78,78,78,78,78,78,78,78,78,78,78,78,78,78],"relic_stats":{"Blood Vial":16,"Dream Catcher":1,"counters":[23,99],"Blue Candle":[3],"Nloth\u0027s Gift":2,"Cursed Key":0,"obtain_stats":[{"Golden Egg":29,"trackpad:HandOfMidas":29,"Guide Book":5,"Blue Candle":9,"Enchiridion":20,"EVO:Axolotl":0,"energizedSpire:StickyHand":17,"MawBank":11,"Cursed Key":34,"Akabeko":6,"Blood Vial":26,"Calling Bell":29,"theMarked:ArtifactOfAir":0,"Dream Catcher":29,"Iron Hammer":30,"Nloth\u0027s Gift":21,"Garlic":29,"Unceasing Top":36},{"Golden Egg":14,"trackpad:HandOfMidas":14,"Guide Book":3,"Blue Candle":5,"Enchiridion":11,"EVO:Axolotl":0,"energizedSpire:StickyHand":9,"MawBank":6,"Cursed Key":17,"Akabeko":4,"Blood Vial":14,"Calling Bell":14,"theMarked:ArtifactOfAir":0,"Dream Catcher":14,"Iron Hammer":15,"Nloth\u0027s Gift":11,"Garlic":14,"Unceasing Top":19},{"Golden Egg":53,"trackpad:HandOfMidas":53,"Guide Book":7,"Blue Candle":14,"Enchiridion":40,"EVO:Axolotl":0,"energizedSpire:StickyHand":31,"MawBank":17,"Cursed Key":72,"Akabeko":11,"Blood Vial":53,"Calling Bell":53,"theMarked:ArtifactOfAir":0,"Dream Catcher":53,"Iron Hammer":60,"Nloth\u0027s Gift":40,"Garlic":53,"Unceasing Top":82}],"Unceasing Top":[1]},"card_choices":[{"not_picked":["theMarked:ChainLightning","theMarked:ResourceFulStrike","theMarked:HeightenedSenses"],"picked":"SKIP","floor":1.0},{"not_picked":["theMarked:SwordAndMagic","theMarked:MuscleMemory","theMarked:WardOff"],"picked":"SKIP","floor":2.0},{"not_picked":["theMarked:TakeCover","theMarked:Improvise","theMarked:EmpowerWeapon"],"picked":"SKIP","floor":3.0},{"not_picked":["ReplayTheSpireMod:Trickstab","Purity"],"picked":"Jack Of All Trades","floor":4.0},{"not_picked":["theMarked:Maelstrom","theMarked:RepellingDischarge"],"picked":"theMarked:BanishingStrike","floor":6.0},{"not_picked":["theMarked:Indomitable","theMarked:TakeCover","theMarked:EmpowerWeapon"],"picked":"SKIP","floor":8.0},{"not_picked":["theMarked:BanishingStrike","theMarked:TakeCover"],"picked":"theMarked:Panic","floor":10.0},{"not_picked":["theMarked:TakeCover","theMarked:EmpowerWeapon"],"picked":"theMarked:Reabsorb","floor":12.0},{"not_picked":["theMarked:Memento","theMarked:Aftermath","theMarked:Generate"],"picked":"SKIP","floor":14.0},{"not_picked":["theMarked:Memento","theMarked:Aftermath","theMarked:Generate"],"picked":"SKIP","floor":14.0},{"not_picked":["theMarked:DispelDoubt","theMarked:TakeOffHeels"],"picked":"theMarked:FavorableWinds","floor":16.0},{"not_picked":["theMarked:Electrocute","theMarked:TwofoldDefense+1","theMarked:EmpowerWeapon+1"],"picked":"SKIP","floor":18.0},{"not_picked":["theMarked:TheMission","theMarked:BanishingStrike"],"picked":"theMarked:Electrocute+1","floor":19.0},{"not_picked":["theMarked:Pokerface","theMarked:Improvise"],"picked":"theMarked:Frustration+1","floor":22.0},{"not_picked":["theMarked:StartUp","theMarked:MuscleMemory"],"picked":"theMarked:Determination+1","floor":24.0},{"not_picked":["theMarked:ResourceFulStrike+1","theMarked:ContemptForTheProud","theMarked:KeepCalmAndFight"],"picked":"SKIP","floor":25.0},{"not_picked":["ReplayTheSpireMod:??????????????????????","Replay:Fractal Strike"],"picked":"infinitespire:SevenWalls","floor":30.0},{"not_picked":["theMarked:BanishingWave","theMarked:Electrify"],"picked":"theMarked:RogueSparks","floor":30.0},{"not_picked":["theMarked:TakeCover+1","theMarked:ResourceFulStrike","theMarked:Improvise"],"picked":"SKIP","floor":31.0},{"not_picked":["theMarked:DispelDoubt","theMarked:MagusForm"],"picked":"theMarked:Vacuum","floor":33.0},{"not_picked":["theMarked:Friction+1","theMarked:ElectricStrings","theMarked:Static"],"picked":"SKIP","floor":35.0},{"not_picked":["theMarked:HeightenedSenses+1","theMarked:Opportunist","theMarked:ResourceFulStrike+1"],"picked":"SKIP","floor":37.0},{"not_picked":["theMarked:ElectricStrings","theMarked:FavorableWinds","theMarked:Parkour+1"],"picked":"SKIP","floor":38.0}],"player_experience":456423,"relics_obtained":[{"floor":6.0,"key":"Akabeko"},{"floor":9.0,"key":"Blue Candle"},{"floor":26.0,"key":"Blood Vial"},{"floor":29.0,"key":"Dream Catcher"},{"floor":29.0,"key":"Golden Egg"},{"floor":29.0,"key":"trackpad:HandOfMidas"},{"floor":30.0,"key":"Iron Hammer"},{"floor":36.0,"key":"Unceasing Top"}],"event_choices":[{"damage_healed":0.0,"max_hp_gain":0.0,"max_hp_loss":0.0,"gold_gain":1.0,"event_name":"betterStone:BetterStone","player_choice":"1","floor":4.0,"gold_loss":0.0,"damage_taken":0.0},{"damage_healed":0.0,"max_hp_gain":0.0,"max_hp_loss":0.0,"gold_gain":0.0,"event_name":"Big Fish","player_choice":"Box","floor":11.0,"gold_loss":0.0,"damage_taken":0.0,"relics_obtained":["MawBank"],"cards_obtained":["Regret"]},{"damage_healed":0.0,"max_hp_gain":0.0,"max_hp_loss":0.0,"gold_gain":0.0,"event_name":"Cursed Tome","player_choice":"Obtained Book","floor":20.0,"gold_loss":0.0,"damage_taken":16.0},{"damage_healed":0.0,"max_hp_gain":0.0,"max_hp_loss":0.0,"gold_gain":0.0,"event_name":"N\u0027loth","player_choice":"Traded Relic","floor":21.0,"relics_lost":["MawBank"],"gold_loss":0.0,"damage_taken":0.0,"relics_obtained":["Nloth\u0027s Gift"]},{"damage_healed":0.0,"max_hp_gain":0.0,"max_hp_loss":0.0,"gold_gain":0.0,"event_name":"MindBloom","player_choice":"Fight","floor":36.0,"gold_loss":0.0,"damage_taken":0.0}],"is_beta":false,"boss_relics":[{"not_picked":["SacredBark","energizedSpire:RedRose"],"picked":"energizedSpire:StickyHand"},{"not_picked":["Tiny House","energizedSpire:EnergizedDie"],"picked":"Cursed Key"}],"items_purged_floors":[5,29],"is_endless":true,"potions_floor_spawned":[6,14,16,22,24,30,31,36,37,38],"killed_by":"Nightmare_Alpha","ascension_level":0}}