{"host":"72n3jwtrlpjobydj","time":1613902630,"event":{"mods":["AchievementEnabler","BaseMod","CapriCore","DeckTracker","Hermit","Koishi","KomeijiMod","Lobotomy","Marisa£¨Ùöéë¡¡Øª×âÞÞ£©","Minty Spire (QoL Compilation)","Permanent Neow","StSLib","SuperFastMode","The Cursed","The Hierophant","The Immortal"],"gold_per_floor":[111,131,141,18,18,18,37,60,113,13,13,33,61,76,76,180,180,152,27,126,126,126,151,151,151,232,77,90,100,100,126,126,231,231,241,241,257,268,314,345,345,364,389,408,408,408,408,408,408,408,408,408,179,210,210,210],"floor_reached":55,"language":"KOR","playtime":1576,"items_purged":["MentalFortress","Strike_P","Defend_P","Vigilance"],"score":742,"play_id":"ccb85649-35c8-43fa-b6fe-9e5de9925800","local_time":"20210221191710","is_ascension_mode":true,"campfire_choices":[{"floor":6,"key":"REST"},{"floor":11,"key":"RECALL"},{"floor":15,"key":"REST"},{"data":"BattleHymn","floor":25,"key":"SMITH"},{"floor":30,"key":"REST"},{"floor":32,"key":"REST"},{"floor":41,"key":"REST"},{"floor":45,"key":"REST"},{"data":"Blasphemy","floor":49,"key":"SMITH"},{"data":"Pray","floor":52,"key":"SMITH"}],"circlet_count":0,"master_deck":["Strike_P+1","Strike_P+1","Defend_P","Defend_P","Prostrate","Pray+1","Prostrate","BattleHymn+1","Prostrate","Blasphemy+1","BattleHymn+1","Prostrate","Pray+1","Bandage Up","Pray+1","Worship"],"relics":["PureWater","Regal Pillow","Oddly Smooth Stone","Odd Mushroom","Bag of Marbles","Meat on the Bone","Sozu","Art of War","Strawberry","Damaru","Empty Cage","Anchor","PreservedInsect","Juzu Bracelet","Kunai","Whetstone"],"acts_visited":["Exordium","TheCity","TheBeyond","TheEnding"],"potions_floor_usage":[13,13,31,31],"damage_taken":[{"damage":0,"enemies":"2 Louse","floor":1,"turns":3},{"damage":0,"enemies":"Small Slimes","floor":2,"turns":2},{"damage":24,"enemies":"Jaw Worm","floor":3,"turns":4},{"damage":1,"enemies":"2 Fungi Beasts","floor":7,"turns":5},{"damage":18,"enemies":"The Mushroom Lair","floor":8,"turns":6},{"damage":2,"enemies":"Blue Slaver","floor":12,"turns":4},{"damage":18,"enemies":"Lagavulin","floor":13,"turns":5},{"damage":0,"enemies":"Large Slime","floor":14,"turns":3},{"damage":5,"enemies":"The Guardian","floor":16,"turns":10},{"damage":2,"enemies":"2 Thieves","floor":18,"turns":5},{"damage":9,"enemies":"Book of Stabbing","floor":23,"turns":4},{"damage":0,"enemies":"Shell Parasite","floor":28,"turns":3},{"damage":5,"enemies":"Shelled Parasite and Fungi","floor":29,"turns":3},{"damage":34,"enemies":"Slavers","floor":31,"turns":6},{"damage":35,"enemies":"Champ","floor":33,"turns":7},{"damage":10,"enemies":"3 Shapes","floor":35,"turns":3},{"damage":4,"enemies":"Orb Walker","floor":37,"turns":2},{"damage":6,"enemies":"Spire Growth","floor":38,"turns":3},{"damage":59,"enemies":"Reptomancer","floor":40,"turns":5},{"damage":6,"enemies":"3 Darklings","floor":42,"turns":4},{"damage":16,"enemies":"Sphere and 2 Shapes","floor":44,"turns":4},{"damage":34,"enemies":"Donu and Deca","floor":50,"turns":8},{"damage":46,"enemies":"Shield and Spear","floor":54,"turns":4},{"damage":78,"enemies":"The Heart","floor":55,"turns":3}],"seed_played":"-796148023226170027","potions_obtained":[{"floor":2,"key":"SkillPotion"},{"floor":7,"key":"AttackPotion"},{"floor":13,"key":"FearPotion"},{"floor":16,"key":"Weak Potion"}],"is_trial":false,"path_per_floor":["M","M","M","$","?","R","M","?","T","$","R","M","E","M","R","B",null,"M","$","?","?","?","E","?","R","T","$","M","M","R","E","R","B",null,"M","?","M","M","T","E","R","M","T","M","R","T","?","?","R","B",null,"R","$","E","B"],"character_chosen":"WATCHER","items_purchased":["Prostrate","Strawberry","Worship"],"campfire_rested":6,"item_purchase_floors":[4,27,53],"current_hp_per_floor":[72,72,48,48,36,72,71,53,53,53,53,51,33,45,72,67,72,70,70,70,70,70,61,61,61,61,68,68,63,79,45,79,44,79,69,69,69,67,67,24,62,60,60,48,79,79,79,79,79,49,79,79,79,49,0,0],"gold":210,"neow_bonus":"RANDOM_COMMON_RELIC","is_daily":false,"chose_seed":false,"campfire_upgraded":3,"win_rate":0.0,"timestamp":1613902630,"path_taken":["M","M","M","$","?","R","M","?","T","?","R","M","E","M","R","BOSS","M","$","?","?","?","E","?","R","T","?","?","M","R","E","R","BOSS","M","?","M","M","?","E","R","M","T","M","R","?","?","?","R","BOSS","R","$","E","BOSS"],"items_purchased_type":["Card","Relic","Card"],"build_version":"2020-12-22","purchased_purges":4,"victory":false,"max_hp_per_floor":[72,72,72,72,72,72,72,72,72,72,72,72,72,72,72,72,72,72,72,72,72,72,72,72,72,72,79,79,79,79,79,79,79,79,79,79,79,79,79,79,79,79,79,79,79,79,79,79,79,79,79,79,79,79,79,79],"card_choices":[{"not_picked":["CutThroughFate","Study"],"picked":"Prostrate","floor":1},{"not_picked":["WheelKick","Meditate"],"picked":"MentalFortress","floor":2},{"not_picked":["FlurryOfBlows","SignatureMove"],"picked":"Pray","floor":3},{"not_picked":["WheelKick","Conclude"],"picked":"BattleHymn","floor":7},{"not_picked":["Adaptation","FlurryOfBlows"],"picked":"Prostrate","floor":12},{"not_picked":["Wish","Consecrate","TalkToTheHand"],"picked":"SKIP","floor":13},{"not_picked":["JustLucky","EmptyBody","FlyingSleeves"],"picked":"SKIP","floor":14},{"not_picked":["Scrawl","Establishment"],"picked":"Blasphemy","floor":16},{"not_picked":["FlurryOfBlows","ForeignInfluence"],"picked":"BattleHymn+1","floor":18},{"not_picked":["ThirdEye","Ragnarok"],"picked":"Prostrate","floor":23},{"not_picked":["Evaluate","Protect","WindmillStrike+1"],"picked":"SKIP","floor":28},{"not_picked":["Wireheading","JustLucky","BattleHymn"],"picked":"SKIP","floor":29},{"not_picked":["FollowUp","InnerPeace","Consecrate+1"],"picked":"SKIP","floor":31},{"not_picked":["Consecrate","ThirdEye"],"picked":"Pray+1","floor":35},{"not_picked":["RidiculousThoughts","Jack Of All Trades"],"picked":"Bandage Up","floor":36},{"not_picked":["Evaluate","Crescendo+1"],"picked":"Pray+1","floor":37},{"not_picked":["Protect+1","Fasting2+1","JustLucky+1"],"picked":"SKIP","floor":38},{"not_picked":["CarveReality","CrushJoints","Sanctity"],"picked":"SKIP","floor":40},{"not_picked":["Protect","FearNoEvil","Evaluate+1"],"picked":"SKIP","floor":42},{"not_picked":["EmptyFist","SashWhip+1","WreathOfFlame+1"],"picked":"SKIP","floor":44},{"not_picked":["ConjureBlade","Conclude+1","CrushJoints"],"picked":"SKIP","floor":54}],"player_experience":111996,"relics_obtained":[{"floor":8,"key":"Odd Mushroom"},{"floor":9,"key":"Bag of Marbles"},{"floor":13,"key":"Meat on the Bone"},{"floor":23,"key":"Art of War"},{"floor":31,"key":"Damaru"},{"floor":39,"key":"Anchor"},{"floor":40,"key":"PreservedInsect"},{"floor":43,"key":"Juzu Bracelet"},{"floor":46,"key":"Kunai"},{"floor":54,"key":"Whetstone"}],"event_choices":[{"damage_healed":0,"gold_gain":0,"player_choice":"Success","damage_taken":12,"relics_obtained":["Oddly Smooth Stone"],"max_hp_gain":0,"max_hp_loss":0,"event_name":"Scrap Ooze","floor":5,"gold_loss":0},{"damage_healed":0,"gold_gain":0,"player_choice":"Fought Mushrooms","damage_taken":0,"max_hp_gain":0,"max_hp_loss":0,"event_name":"Mushrooms","floor":8,"gold_loss":0},{"damage_healed":0,"gold_gain":99,"player_choice":"Stole From Cult","damage_taken":0,"max_hp_gain":0,"max_hp_loss":0,"event_name":"Nest","floor":20,"gold_loss":0},{"damage_healed":0,"gold_gain":0,"player_choice":"Ignored","damage_taken":0,"max_hp_gain":0,"max_hp_loss":0,"event_name":"Vampires","floor":21,"gold_loss":0},{"damage_healed":0,"gold_gain":0,"player_choice":"Ignored","damage_taken":0,"max_hp_gain":0,"max_hp_loss":0,"event_name":"Ghosts","floor":22,"gold_loss":0},{"cards_removed":["Defend_P"],"damage_healed":0,"gold_gain":0,"player_choice":"Elegance","damage_taken":0,"max_hp_gain":0,"max_hp_loss":0,"event_name":"Back to Basics","floor":24,"gold_loss":0},{"damage_healed":0,"gold_gain":0,"player_choice":"Memory 1","damage_taken":0,"max_hp_gain":0,"max_hp_loss":0,"event_name":"SensoryStone","floor":36,"gold_loss":0},{"damage_healed":0,"gold_gain":0,"player_choice":"Ignored","damage_taken":0,"max_hp_gain":0,"max_hp_loss":0,"event_name":"SecretPortal","floor":47,"gold_loss":0},{"damage_healed":0,"gold_gain":0,"player_choice":"Ignored","damage_taken":0,"max_hp_gain":0,"max_hp_loss":0,"event_name":"Mysterious Sphere","floor":48,"gold_loss":0}],"is_beta":false,"boss_relics":[{"not_picked":["Fusion Hammer","VioletLotus"],"picked":"Sozu"},{"not_picked":["Cursed Key","Tiny House"],"picked":"Empty Cage"}],"items_purged_floors":[4,10,19,53],"is_endless":false,"potions_floor_spawned":[2,7,13,16,18,28,33,35,44,54],"killed_by":"The Heart","ascension_level":1}}