{"host":"ovivighfa421z0zp","time":1613930227,"event":{"mods":["BaseMod","Colored Map","DeckTracker","Keyboard Shortcuts","Minty Spire (QoL Compilation)","Permanent Neow","Quick Restart","Replay The Spire","StSLib","SuperFastMode","The Cursed"],"gold_per_floor":[418,430,447,447,4,4,37,37,84,126,138,0,0,19,19,115,115,140,163,31,31,51,89,89,120,120,135,135,171,171,191,191,287,287,312,312,332,401,452,452,465,506,533,533,551,621,621,644,644,644],"floor_reached":51,"language":"KOR","playtime":3663,"items_purged":["TheCursedMod:Strike_TheCursed"],"score":1791,"play_id":"19bc57fc-84aa-4ab1-b6cb-f9a85dde20da","local_time":"20210222025707","is_ascension_mode":true,"campfire_choices":[{"data":"TheCursedMod:CleanUpWorkshop","floor":6.0,"key":"SMITH"},{"floor":8.0,"key":"REST"},{"floor":13.0,"key":"REST"},{"data":"TheCursedMod:Neurasthenia","floor":15.0,"key":"SMITH"},{"floor":24.0,"key":"REST"},{"data":"TheCursedMod:CursedSpellbook","floor":28.0,"key":"SMITH"},{"data":"TheCursedMod:NeowsMight","floor":30.0,"key":"SMITH"},{"data":"TheCursedMod:HellsGateOpen","floor":32.0,"key":"SMITH"},{"floor":40.0,"key":"REST"},{"floor":44,"key":"REST"},{"floor":49,"key":"REST"}],"circlet_count":0,"master_deck":["AscendersBane","TheCursedMod:CursedWand","TheCursedMod:CleanUpWorkshop+1","TheCursedMod:ReleasedStrength","TheCursedMod:SpitefulPlan+1","TheCursedMod:CursedSpellbook+1","TheCursedMod:Obscuration","TheCursedMod:FleshFromBone","TheCursedMod:StunningStrike","TheCursedMod:SpreadPlague","TheCursedMod:RapidMovement","TheCursedMod:Neurasthenia+1","TheCursedMod:StingEye","TheCursedMod:ReleasedKnowledge","TheCursedMod:NeowsMight+1","TheCursedMod:Wield","TheCursedMod:CircleOfCorruption","TheCursedMod:SpitefulPlan+1","TheCursedMod:AbyssShockwave","ReplayTheSpireMod:Faulty Equipment","TheCursedMod:VitalStrike+1","TheCursedMod:CursedShiv","TheCursedMod:WearCloak+1","TheCursedMod:ManaBullet","TheCursedMod:TroublousMinions","TheCursedMod:TroublousMinions","TheCursedMod:NeowsMight+1","TheCursedMod:VitalStrike","TheCursedMod:RapidMovement+1","TheCursedMod:ForbiddenAlchemy+1","TheCursedMod:CursedAmulet+1","TheCursedMod:ReleasedStrength+1","TheCursedMod:CursedAmulet+1","TheCursedMod:Torture+1","TheCursedMod:Stretching+1","Pain","TheCursedMod:WearCloak+1","TheCursedMod:DarkBarrier+1","TheCursedMod:Grudge+1","TheCursedMod:CursedStaff","TheCursedMod:CursedAmulet+1","TheCursedMod:ParallelWorld+1","TheCursedMod:CursedRelics","TheCursedMod:CursedMace","TheCursedMod:VoidForm","TheCursedMod:Grudge+1","TheCursedMod:TacticalStrike"],"relics":["TheCursedMod:BlackMagic101","Old Coin","Replay:PocketPolymizer","Simple Rune","MawBank","Centennial Puzzle","Golden Idol","Honey Jar","Anchor","Prayer Wheel","ReplayTheSpireMod:Shallot","Replay:Bottled Snecko","Toxic Egg 2","Fusion Hammer","FossilizedHelix","Juzu Bracelet","Gambling Chip","Replay:Wax Seal","InkBottle"],"acts_visited":["Exordium","TheCity","TheBeyond"],"potions_floor_usage":[42,42,45,48,48,48,50,50,50,50,50,50],"damage_taken":[{"damage":10.0,"enemies":"Cultist","floor":1.0,"turns":5.0},{"damage":7.0,"enemies":"Jaw Worm","floor":2.0,"turns":4.0},{"damage":3.0,"enemies":"Small Slimes","floor":3.0,"turns":5.0},{"damage":16.0,"enemies":"Lagavulin","floor":7.0,"turns":6.0},{"damage":43.0,"enemies":"3 Sentries","floor":10.0,"turns":10.0},{"damage":2.0,"enemies":"Exordium Wildlife","floor":14.0,"turns":6.0},{"damage":0.0,"enemies":"Hexaghost","floor":16.0,"turns":8.0},{"damage":0.0,"enemies":"Chosen","floor":18.0,"turns":5.0},{"damage":0.0,"enemies":"Spheric Guardian","floor":19.0,"turns":5.0},{"damage":10.0,"enemies":"Snecko","floor":22.0,"turns":5.0},{"damage":19.0,"enemies":"Slavers","floor":23.0,"turns":6.0},{"damage":0.0,"enemies":"Book of Stabbing","floor":25.0,"turns":3.0},{"damage":0.0,"enemies":"Centurion and Healer","floor":27.0,"turns":5.0},{"damage":0.0,"enemies":"Slavers","floor":29.0,"turns":3.0},{"damage":4.0,"enemies":"3 Cultists","floor":31.0,"turns":3.0},{"damage":7.0,"enemies":"Automaton","floor":33.0,"turns":12.0},{"damage":0.0,"enemies":"Orb Walker","floor":35.0,"turns":3.0},{"damage":1.0,"enemies":"3 Darklings","floor":37.0,"turns":4.0},{"damage":0.0,"enemies":"2 Orb Walkers","floor":38.0,"turns":4.0},{"damage":10.0,"enemies":"Maw","floor":41.0,"turns":7.0},{"damage":0,"enemies":"Reptomancer","floor":42,"turns":6},{"damage":2,"enemies":"Jaw Worm Horde","floor":45,"turns":3},{"damage":0,"enemies":"Sphere and 2 Shapes","floor":48,"turns":3},{"damage":0,"enemies":"Awakened One","floor":50,"turns":7}],"seed_played":"5294268932769816043","potions_obtained":[{"floor":1.0,"key":"SkillPotion"},{"floor":2.0,"key":"LiquidMemories"},{"floor":14.0,"key":"Venom Potion"},{"floor":16.0,"key":"Weak Potion"},{"floor":18.0,"key":"Adrenaline Potion"},{"floor":25.0,"key":"Explosive Potion"},{"floor":29.0,"key":"SpeedPotion"},{"floor":31.0,"key":"Adrenaline Potion"},{"floor":37.0,"key":"EntropicBrew"},{"floor":39.0,"key":"Ancient Potion"},{"floor":41.0,"key":"BlessingOfTheForge"},{"floor":42,"key":"TheCursedMod:DregsPotion"}],"is_trial":false,"path_per_floor":["M","M","M","?","$","R","E","R","T","E","?","$","R","M","R","B",null,"M","M","$","?","M","E","R","E","T","M","R","E","R","M","R","B",null,"M","?","M","?","?","R","M","E","T","R","M","T","?","M","R","B",null],"character_chosen":"THE_CURSED","items_purchased":["Replay:PocketPolymizer","TheCursedMod:Obscuration","TheCursedMod:Neurasthenia","TheCursedMod:SpitefulPlan+1","TheCursedMod:AbyssShockwave"],"campfire_rested":6,"item_purchase_floors":[5,5,12,20,20],"current_hp_per_floor":[54,47,44,44,44,44,28,47,47,4,4,4,23,21,21,21,53,53,53,53,53,43,26,45,45,45,47,47,47,47,45,45,40,64,66,66,67,67,67,76,68,70,70,80,78,78,78,78,80,80],"gold":644,"neow_bonus":"ONE_RARE_RELIC","is_daily":false,"chose_seed":false,"campfire_upgraded":5,"win_rate":0.0,"timestamp":1613930227,"path_taken":["M","?","M","?","$","R","E","R","T","E","?","$","R","M","R","BOSS","M","M","$","?","M","E","R","E","T","M","R","E","R","M","R","BOSS","M","?","?","?","?","R","M","E","T","R","M","?","?","M","R","BOSS"],"items_purchased_type":["Relic","Card","Card","Card","Card"],"build_version":"2020-12-22","purchased_purges":1,"victory":true,"max_hp_per_floor":[64,64,64,64,64,64,64,64,64,64,64,64,64,64,64,64,64,64,64,64,64,64,66,66,66,66,68,68,68,68,70,70,72,72,74,74,76,76,76,76,78,80,80,80,80,80,80,80,80,80],"card_choices":[{"not_picked":["TheCursedMod:CircleOfWindfury","TheCursedMod:FleshFromBone"],"picked":"TheCursedMod:ReleasedStrength","floor":1.0},{"not_picked":["TheCursedMod:WearCloak","TheCursedMod:FleshFromBone"],"picked":"TheCursedMod:SpitefulPlan","floor":2.0},{"not_picked":["TheCursedMod:RavingStaff","TheCursedMod:TroublousMinions"],"picked":"TheCursedMod:CursedSpellbook","floor":3.0},{"not_picked":["TheCursedMod:Mangle","TheCursedMod:SpitefulPray"],"picked":"TheCursedMod:StunningStrike","floor":7.0},{"not_picked":["TheCursedMod:CircleOfCorruption","TheCursedMod:CircleOfFlame"],"picked":"TheCursedMod:RapidMovement","floor":10.0},{"not_picked":["TheCursedMod:PrepareRite","TheCursedMod:SaltUponWound"],"picked":"TheCursedMod:ReleasedKnowledge","floor":14.0},{"not_picked":["TheCursedMod:ParallelWorld","TheCursedMod:ShockAndAwe"],"picked":"TheCursedMod:NeowsMight","floor":16.0},{"not_picked":["TheCursedMod:SurpriseAttack","TheCursedMod:WearCloak","TheCursedMod:CursedStaff"],"picked":"TheCursedMod:Wield","floor":18.0},{"not_picked":["TheCursedMod:SurpriseAttack","TheCursedMod:PrepareRite","TheCursedMod:FleshFromBone"],"picked":"TheCursedMod:CircleOfCorruption","floor":19.0},{"not_picked":["TheCursedMod:Stigma","TheCursedMod:Torture","TheCursedMod:TacticalStrike+1"],"picked":"TheCursedMod:AntiAging","floor":22.0},{"not_picked":["TheCursedMod:CircleOfFlame","TheCursedMod:SmokeScreen","TheCursedMod:CursedShiv"],"picked":"TheCursedMod:VitalStrike+1","floor":23.0},{"not_picked":["TheCursedMod:CircleOfFlame","TheCursedMod:FleshFromBone","TheCursedMod:ManaCirculation"],"picked":"TheCursedMod:WearCloak+1","floor":25.0},{"not_picked":["TheCursedMod:CursedShiv","TheCursedMod:CursedArmor","TheCursedMod:BloodBarrier"],"picked":"TheCursedMod:ManaBullet","floor":27.0},{"not_picked":["TheCursedMod:CursedAmulet","TheCursedMod:RavingStaff","TheCursedMod:SmokeScreen"],"picked":"TheCursedMod:TroublousMinions","floor":27.0},{"not_picked":["TheCursedMod:ShockAndAwe","TheCursedMod:SurpriseAttack+1","TheCursedMod:ReleasedStrength+1"],"picked":"TheCursedMod:NeowsMight+1","floor":29.0},{"not_picked":["TheCursedMod:EmpowerCircles","TheCursedMod:PrepareRite+1","TheCursedMod:StingEye"],"picked":"TheCursedMod:RapidMovement+1","floor":31.0},{"not_picked":["TheCursedMod:Wield","TheCursedMod:SurpriseAttack","TheCursedMod:ReleasedStrength+1"],"picked":"TheCursedMod:BloodBarrier+1","floor":31.0},{"not_picked":["TheCursedMod:VoidForm","TheCursedMod:ManaCirculation","TheCursedMod:OutForBlood"],"picked":"TheCursedMod:ForbiddenAlchemy+1","floor":33.0},{"not_picked":["TheCursedMod:Torture+1","TheCursedMod:BlessingInDisguise+1","TheCursedMod:Stigma+1"],"picked":"TheCursedMod:CursedAmulet+1","floor":35.0},{"not_picked":["TheCursedMod:StingEye","TheCursedMod:TroublousMinions+1","TheCursedMod:CursedBlade"],"picked":"TheCursedMod:ReleasedStrength+1","floor":35.0},{"not_picked":["TheCursedMod:TacticalStrike+1","TheCursedMod:FleshFromBone+1","TheCursedMod:CircleOfFlame+1"],"picked":"TheCursedMod:CursedAmulet+1","floor":37.0},{"not_picked":["TheCursedMod:CursedMace","TheCursedMod:CircleOfCorruption+1","TheCursedMod:Mangle"],"picked":"TheCursedMod:Torture+1","floor":37.0},{"not_picked":["TheCursedMod:Obscuration+1","TheCursedMod:SurpriseAttack","TheCursedMod:SpreadPlague+1"],"picked":"TheCursedMod:Stretching+1","floor":38.0},{"not_picked":["TheCursedMod:Hemoplague","TheCursedMod:CircleOfBlood+1","TheCursedMod:CircleOfAmplification+1"],"picked":"TheCursedMod:WearCloak+1","floor":39.0},{"not_picked":["TheCursedMod:CursedMace","TheCursedMod:RavingStaff","TheCursedMod:CursedShiv+1"],"picked":"TheCursedMod:Hemoplague+1","floor":39.0},{"not_picked":["TheCursedMod:CircleOfCorruption+1","TheCursedMod:SurpriseAttack","TheCursedMod:AntiAging+1"],"picked":"TheCursedMod:Grudge+1","floor":41.0},{"not_picked":["TheCursedMod:Stretching+1","TheCursedMod:BlessingInDisguise+1","TheCursedMod:RavingStaff"],"picked":"TheCursedMod:CursedStaff","floor":41.0},{"not_picked":["TheCursedMod:SpreadPlague+1","TheCursedMod:Obscuration+1","TheCursedMod:Stretching+1"],"picked":"TheCursedMod:CursedAmulet+1","floor":42},{"not_picked":["TheCursedMod:Wield+1","TheCursedMod:SaltUponWound+1","TheCursedMod:VitalStrike+1"],"picked":"TheCursedMod:CursedRelics","floor":45},{"not_picked":["TheCursedMod:RavingStaff","TheCursedMod:CursedAmulet+1","TheCursedMod:CursedBlade"],"picked":"TheCursedMod:CursedMace","floor":45},{"not_picked":["TheCursedMod:AshesToAshes+1","TheCursedMod:SaltUponWound+1","TheCursedMod:BloodBarrier+1"],"picked":"TheCursedMod:VoidForm","floor":48},{"not_picked":["TheCursedMod:Wield","TheCursedMod:CursedBlade","TheCursedMod:ReleasedStrength+1"],"picked":"TheCursedMod:Grudge+1","floor":48}],"player_experience":808809,"relics_obtained":[{"floor":7.0,"key":"Simple Rune"},{"floor":9.0,"key":"MawBank"},{"floor":10.0,"key":"Centennial Puzzle"},{"floor":23.0,"key":"Prayer Wheel"},{"floor":25.0,"key":"ReplayTheSpireMod:Shallot"},{"floor":26.0,"key":"Replay:Bottled Snecko"},{"floor":29.0,"key":"Toxic Egg 2"},{"floor":38.0,"key":"FossilizedHelix"},{"floor":39.0,"key":"Juzu Bracelet"},{"floor":42,"key":"Gambling Chip"},{"floor":43,"key":"Replay:Wax Seal"},{"floor":46,"key":"InkBottle"}],"event_choices":[{"damage_healed":0.0,"max_hp_gain":0.0,"max_hp_loss":0.0,"gold_gain":0.0,"event_name":"Golden Idol","player_choice":"Take Wound","floor":11.0,"gold_loss":0.0,"damage_taken":0.0,"relics_obtained":["Golden Idol"],"cards_obtained":["Injury"]},{"cards_removed":["ReplayTheSpireMod:Faulty Equipment","Injury","TheCursedMod:Dregs"],"damage_healed":0.0,"max_hp_gain":0.0,"max_hp_loss":0.0,"gold_gain":0.0,"event_name":"Fountain of Cleansing","player_choice":"Removed Curses","floor":36.0,"gold_loss":0.0,"damage_taken":0.0},{"damage_healed":0.0,"max_hp_gain":0.0,"max_hp_loss":0.0,"gold_gain":0.0,"event_name":"Mysterious Sphere","player_choice":"Fight","floor":38.0,"gold_loss":0.0,"damage_taken":0.0},{"cards_removed":["TheCursedMod:BloodBarrier"],"damage_healed":0,"gold_gain":0,"player_choice":"Removed Skill","damage_taken":0,"max_hp_gain":0,"max_hp_loss":0,"event_name":"Falling","floor":47,"gold_loss":0}],"is_beta":false,"boss_relics":[{"not_picked":["ChewingGum","Ring of Chaos"],"picked":"Honey Jar"},{"not_picked":["Replay:Bronze Core","Snecko Eye"],"picked":"Fusion Hammer"}],"items_purged_floors":[5],"is_endless":false,"potions_floor_spawned":[1,2,14,16,18,25,29,31,37,38,41,42],"ascension_level":19}}