{"host":"04x9isxu4s2lvye3","time":1613874459,"event":{"mods":["BaseMod","Colored Powertips","Highlight Path","Minty Spire (QoL Compilation)"],"gold_per_floor":[110,110,75,75,86,86,113,113,113,113,123,63,90,109,109,210,210,226,28,28,46,63,63,92,92,116,160,187,46,64,93,93,93,93],"floor_reached":33,"language":"ENG","playtime":1932,"items_purged":["Strike_R","Strike_R","Strike_R"],"score":463,"play_id":"b81d8601-cc69-47be-90b6-1d4211d0f6f8","local_time":"20210220212739","is_ascension_mode":true,"campfire_choices":[{"data":"Feed","floor":6.0,"key":"SMITH"},{"data":"Bash","floor":8.0,"key":"SMITH"},{"data":"Flame Barrier","floor":15.0,"key":"SMITH"},{"data":"Battle Trance","floor":23,"key":"SMITH"},{"floor":25,"key":"REST"},{"floor":32,"key":"REST"}],"circlet_count":0,"master_deck":["Strike_R+1","Strike_R","Defend_R","Defend_R","Defend_R","Defend_R","Bash+1","Cleave+1","Feed+1","Flame Barrier+1","Power Through","Immolate","Shrug It Off+1","Battle Trance+1","Pommel Strike","Intimidate+1","Second Wind","Reckless Charge+1","Warcry+1"],"relics":["Burning Blood","Vajra","Nunchaku","The Courier","Bottled Flame","Odd Mushroom","SlaversCollar","Sling","Potion Belt","CeramicFish","Anchor"],"acts_visited":["Exordium","TheCity"],"potions_floor_usage":[21,22,28,33,33],"damage_taken":[{"damage":10.0,"enemies":"Small Slimes","floor":1.0,"turns":4.0},{"damage":2.0,"enemies":"2 Louse","floor":5.0,"turns":2.0},{"damage":25.0,"enemies":"3 Sentries","floor":7.0,"turns":6.0},{"damage":12.0,"enemies":"Jaw Worm","floor":11.0,"turns":2.0},{"damage":0.0,"enemies":"The Mushroom Lair","floor":13.0,"turns":2.0},{"damage":0.0,"enemies":"3 Louse","floor":14.0,"turns":1.0},{"damage":28.0,"enemies":"The Guardian","floor":16.0,"turns":16.0},{"damage":11.0,"enemies":"Chosen","floor":18.0,"turns":6.0},{"damage":20,"enemies":"3 Byrds","floor":21,"turns":5},{"damage":17,"enemies":"Centurion and Healer","floor":22,"turns":13},{"damage":20,"enemies":"Book of Stabbing","floor":24,"turns":5},{"damage":4,"enemies":"Slavers","floor":27,"turns":4},{"damage":62,"enemies":"Sentry and Sphere","floor":28,"turns":13},{"damage":13,"enemies":"3 Cultists","floor":30,"turns":5},{"damage":13,"enemies":"Shelled Parasite and Fungi","floor":31,"turns":7},{"damage":55,"enemies":"Champ","floor":33,"turns":14}],"seed_played":"-8576984539503213761","potions_obtained":[{"floor":5.0,"key":"SmokeBomb"},{"floor":11.0,"key":"LiquidMemories"},{"floor":16.0,"key":"HeartOfIron"},{"floor":18.0,"key":"FearPotion"},{"floor":21,"key":"Weak Potion"},{"floor":24,"key":"EssenceOfSteel"},{"floor":28,"key":"PowerPotion"}],"is_trial":false,"path_per_floor":["M","?","?","?","M","R","E","R","T","?","M","$","?","M","R","B",null,"M","$","?","M","M","R","E","R","T","E","M","$","M","M","R","B"],"character_chosen":"IRONCLAD","items_purchased":["Sling","Strength Potion"],"campfire_rested":2,"item_purchase_floors":[19,29],"current_hp_per_floor":[68,52,72,65,69,69,54,54,54,59,57,57,67,73,73,51,86,81,81,81,71,64,64,50,81,81,83,31,31,24,21,54,0,0],"gold":93,"neow_bonus":"RANDOM_COMMON_RELIC","is_daily":false,"chose_seed":false,"campfire_upgraded":4,"win_rate":0.0,"timestamp":1613874459,"path_taken":["M","?","?","?","M","R","E","R","T","?","M","$","?","?","R","BOSS","M","$","?","M","M","R","E","R","T","E","M","$","M","M","R","BOSS"],"items_purchased_type":["Relic","Potion"],"build_version":"2020-12-22","purchased_purges":3,"victory":false,"max_hp_per_floor":[80,80,80,80,80,80,84,84,84,89,93,93,97,97,97,97,97,97,97,97,101,105,105,105,105,105,105,109,109,109,113,113,113,113],"card_choices":[{"not_picked":["Heavy Blade","Clash"],"picked":"Cleave","floor":1.0},{"not_picked":["Clash","Reckless Charge"],"picked":"Feed","floor":5.0},{"not_picked":["Heavy Blade","Dropkick","Iron Wave"],"picked":"SKIP","floor":7.0},{"not_picked":["Body Slam","Havoc","Headbutt"],"picked":"SKIP","floor":11.0},{"not_picked":["Entrench","Combust"],"picked":"Flame Barrier","floor":13.0},{"not_picked":["Sword Boomerang","Burning Pact"],"picked":"Power Through","floor":14.0},{"not_picked":["Demon Form","Juggernaut"],"picked":"Immolate","floor":16.0},{"not_picked":["Reckless Charge+1","Second Wind"],"picked":"Shrug It Off+1","floor":18.0},{"not_picked":["Body Slam","Searing Blow"],"picked":"Pommel Strike","floor":21},{"not_picked":["Clash","Pommel Strike"],"picked":"Intimidate+1","floor":22},{"not_picked":["Warcry","Body Slam","Dropkick"],"picked":"SKIP","floor":24},{"not_picked":["Carnage","Ghostly Armor"],"picked":"Second Wind","floor":27},{"not_picked":["Sword Boomerang","Headbutt"],"picked":"Reckless Charge+1","floor":28},{"not_picked":["Anger","Twin Strike","Bloodletting"],"picked":"SKIP","floor":30},{"not_picked":["Headbutt","Heavy Blade"],"picked":"Warcry+1","floor":31}],"player_experience":316280,"relics_obtained":[{"floor":7.0,"key":"The Courier"},{"floor":9.0,"key":"Bottled Flame"},{"floor":13.0,"key":"Odd Mushroom"},{"floor":24,"key":"Potion Belt"},{"floor":26,"key":"CeramicFish"},{"floor":27,"key":"Anchor"}],"event_choices":[{"damage_healed":0.0,"max_hp_gain":0.0,"max_hp_loss":0.0,"gold_gain":0.0,"event_name":"Shining Light","player_choice":"Entered Light","floor":2.0,"gold_loss":0.0,"damage_taken":16.0,"cards_upgraded":["Strike_R","Cleave"]},{"damage_healed":20.0,"max_hp_gain":0.0,"max_hp_loss":0.0,"gold_gain":0.0,"event_name":"The Cleric","player_choice":"Healed","floor":3.0,"gold_loss":35.0,"damage_taken":0.0},{"damage_healed":0.0,"max_hp_gain":0.0,"max_hp_loss":0.0,"gold_gain":0.0,"event_name":"Scrap Ooze","player_choice":"Success","floor":4.0,"gold_loss":0.0,"damage_taken":7.0,"relics_obtained":["Nunchaku"]},{"damage_healed":0.0,"max_hp_gain":5.0,"max_hp_loss":0.0,"gold_gain":0.0,"event_name":"Big Fish","player_choice":"Donut","floor":10.0,"gold_loss":0.0,"damage_taken":0.0},{"damage_healed":0.0,"max_hp_gain":0.0,"max_hp_loss":0.0,"gold_gain":0.0,"event_name":"Mushrooms","player_choice":"Fought Mushrooms","floor":13.0,"gold_loss":0.0,"damage_taken":0.0},{"damage_healed":0.0,"max_hp_gain":0.0,"max_hp_loss":0.0,"gold_gain":0.0,"event_name":"The Library","player_choice":"Read","floor":20.0,"gold_loss":0.0,"damage_taken":0.0,"cards_obtained":["Battle Trance"]}],"is_beta":false,"boss_relics":[{"not_picked":["Mark of Pain","Cursed Key"],"picked":"SlaversCollar"}],"items_purged_floors":[12,19,29],"is_endless":false,"potions_floor_spawned":[5,11,16,18,21,24,28],"killed_by":"Champ","ascension_level":9}}