{"host":"cmyud3of70k6t1eo","time":1613882293,"event":{"mods":["BaseMod","Conspire","Downfall","Infinite Spire","Minty Spire (QoL Compilation)","Morshu Shopkeeper","Morshu Shopkeeper - ENHANCED","Quick Restart","StSLib","The Blue Laboratory","UnlockEverythingMod","Wide Potions"],"gold_per_floor":[117,47,47,61,71,71,88,88,114,142,36,52,52,67,67,172,172,183,183,39,58,148,148,168,168,168,202,202,202,222,222,222,222],"floor_reached":31,"language":"ENG","playtime":2285,"items_purged":["hexamod:DynamicBlow+1"],"score":255,"play_id":"e38a7f6e-1e63-456d-9955-db51e9dee757","local_time":"20210220233813","is_ascension_mode":false,"campfire_choices":[{"data":"hexamod:ThermalTransfer","floor":6,"key":"SMITH"},{"floor":13,"key":"REST"},{"data":"hexamod:SkipABeat","floor":15,"key":"SMITH"},{"floor":23,"key":"REST"},{"floor":25,"key":"REST"}],"circlet_count":0,"master_deck":["hexamod:Sear","hexamod:Float","hexamod:ThermalTransfer+1","hexamod:SpectersWail","hexamod:BurningTouch","hexamod:FastForward","hexamod:Firestarter","hexamod:Incineration+1","hexamod:SwordOfDarkness","hexamod:SpectersWail","hexamod:EmpoweredFlame","hexamod:SkipABeat+1","hexamod:SkipABeat","hexamod:FifthSeal","hexamod:AdvancingGuard","hexamod:HeatCrush","hexamod:SwordOfDarkness","hexamod:GhostflameInferno+1","hexamod:SpectralAdrenaline","hexamod:Firestarter","hexamod:HexaLevel","hexamod:FirstSeal","hexamod:SixthSeal","hexamod:SpectralAdrenaline","hexamod:HauntingEcho","hexamod:SecondSeal","hexamod:FastForward+1","infinitespire:Punishment","infinitespire:DeathsTouch+1","infinitespire:Collect","Necronomicurse","hexamod:FourthSeal","hexamod:NightmareStrike"],"relics":["hexamod:SpiritBrand","Blood Vial","PreservedInsect","Bronze Scales","Pandora\u0027s Box","Akabeko","hexamod:SoulConsumer","infinitespire:FocusingShard","Dream Catcher","Necronomicon"],"acts_visited":["Exordium","TheCity"],"potions_floor_usage":[27,27,27],"damage_taken":[{"damage":7,"enemies":"Small Slimes","floor":1,"turns":4},{"damage":0,"enemies":"Cultist","floor":4,"turns":3},{"damage":2,"enemies":"2 Louse","floor":5,"turns":3},{"damage":6,"enemies":"2 Fungi Beasts","floor":7,"turns":3},{"damage":18,"enemies":"3 Sentries","floor":10,"turns":5},{"damage":3,"enemies":"Exordium Wildlife","floor":12,"turns":3},{"damage":3,"enemies":"Red Slaver","floor":14,"turns":3},{"damage":23,"enemies":"The Guardian","floor":16,"turns":7},{"damage":24,"enemies":"Spheric Guardian","floor":18,"turns":5},{"damage":5,"enemies":"Chosen","floor":21,"turns":3},{"damage":37,"enemies":"Snake Plant","floor":24,"turns":4},{"damage":20,"enemies":"Book of Stabbing","floor":27,"turns":3},{"damage":27,"enemies":"Centurion and Healer","floor":30,"turns":4},{"damage":15,"enemies":"Snecko","floor":31,"turns":3}],"seed_played":"8154183769901893783","potions_obtained":[{"floor":3,"key":"Explosive Potion"},{"floor":3,"key":"DistilledChaos"},{"floor":4,"key":"blueLaboratory:AbyssPotion"},{"floor":12,"key":"SkillPotion"},{"floor":18,"key":"FearPotion"}],"is_trial":false,"path_per_floor":["M","$","?","M","M","R","M","?","T","E","$","M","R","M","R","B",null,"M","?","$","M","?","R","M","R","T","E","AVR","?","M","M"],"character_chosen":"THE_SPIRIT","items_purchased":["hexamod:SpectersWail","hexamod:BurningTouch","hexamod:SpectersWail","hexamod:EmpoweredFlame","Akabeko"],"campfire_rested":3,"item_purchase_floors":[2,2,11,11,20],"current_hp_per_floor":[70,70,70,70,68,68,62,62,62,46,46,45,68,67,67,46,77,53,53,53,57,45,68,40,63,63,45,45,29,11,0,0,0],"gold":222,"neow_bonus":"TEN_PERCENT_HP_BONUS","is_daily":false,"chose_seed":false,"campfire_upgraded":2,"win_rate":0.0,"timestamp":1613882293,"path_taken":["M","$","?","M","M","R","?","?","T","E","$","M","R","M","R","BOSS","M","?","$","M","?","R","?","R","T","E","AVR","?","M","M"],"items_purchased_type":["Card","Card","Card","Card","Relic"],"build_version":"2020-12-22","purchased_purges":1,"victory":false,"max_hp_per_floor":[77,77,77,77,77,77,77,77,77,77,77,77,77,77,77,77,77,77,77,77,77,77,77,77,77,77,77,77,77,77,77,77,77],"card_choices":[{"not_picked":["hexamod:BacktrackSmack","hexamod:NightmareGuise"],"picked":"hexamod:ThermalTransfer","floor":1},{"not_picked":["hexamod:ShieldOfDarkness","hexamod:PhantomFireball"],"picked":"hexamod:FastForward","floor":4},{"not_picked":["hexamod:AdvancingGuard","hexamod:HauntingEcho"],"picked":"hexamod:Firestarter","floor":5},{"not_picked":["hexamod:AdvancingGuard","hexamod:Hexaguard"],"picked":"hexamod:Incineration","floor":7},{"not_picked":["hexamod:ThirdSeal","hexamod:GhostOfSpireFuture"],"picked":"hexamod:SwordOfDarkness","floor":10},{"not_picked":["hexamod:HeatMetal","hexamod:GhostOfSpireFuture"],"picked":"hexamod:SkipABeat","floor":12},{"not_picked":["hexamod:ThermalTransfer","hexamod:SwordOfDarkness"],"picked":"hexamod:SkipABeat","floor":14},{"not_picked":["hexamod:TurnItUp","hexamod:ParanormalForm"],"picked":"hexamod:FifthSeal","floor":16},{"not_picked":["hexamod:FirstSeal","hexamod:FourthSeal"],"picked":"hexamod:SixthSeal","floor":18},{"not_picked":["hexamod:HauntingEcho","hexamod:PhantomCloak"],"picked":"hexamod:SpectralAdrenaline","floor":18},{"not_picked":["hexamod:CatchUp","hexamod:BacktrackSmack"],"picked":"hexamod:HauntingEcho","floor":21},{"not_picked":["hexamod:FirstSeal","hexamod:ThirdSeal"],"picked":"hexamod:SecondSeal","floor":24},{"not_picked":["hexamod:HeatCrush","hexamod:Hexaguard"],"picked":"hexamod:FastForward+1","floor":24},{"not_picked":["hexamod:Rewind","hexamod:SpectersWail"],"picked":"hexamod:DynamicBlow+1","floor":27},{"not_picked":["hexamod:SixthSeal","hexamod:FirstSeal"],"picked":"hexamod:FourthSeal","floor":30},{"not_picked":["hexamod:NightmareGuise+1","hexamod:SpectersWail"],"picked":"hexamod:NightmareStrike","floor":30}],"player_experience":137757,"relics_obtained":[{"floor":8,"key":"Blood Vial"},{"floor":9,"key":"PreservedInsect"},{"floor":10,"key":"Bronze Scales"},{"floor":26,"key":"hexamod:SoulConsumer"},{"floor":27,"key":"infinitespire:FocusingShard"},{"floor":29,"key":"Necronomicon"}],"event_choices":[{"damage_healed":0,"gold_gain":0,"player_choice":"Got Potions","damage_taken":0,"max_hp_gain":0,"max_hp_loss":0,"event_name":"Lab","floor":3,"gold_loss":0},{"damage_healed":0,"gold_gain":90,"player_choice":"GOLD ","damage_taken":12,"max_hp_gain":0,"max_hp_loss":0,"event_name":"Knowing Skull","floor":22,"potions_obtained":[],"gold_loss":0,"cards_obtained":[]},{"damage_healed":0,"gold_gain":0,"player_choice":"Obtained Book","damage_taken":16,"max_hp_gain":0,"max_hp_loss":0,"event_name":"Cursed Tome","floor":29,"gold_loss":0}],"is_beta":false,"boss_relics":[{"not_picked":["SacredBark","conspire:SeveredTorchhead"],"picked":"Pandora\u0027s Box"}],"items_purged_floors":[28],"is_endless":false,"potions_floor_spawned":[4,12,18,24],"killed_by":"Snecko","ascension_level":0}}