{"host":"b3fp0sgzld04crtx","time":1613872631,"event":{"mods":["AchievementEnabler","BaseMod","Colored Map","Colored Powertips","Highlight Path","Minty Spire (QoL Compilation)","Quick Restart","StSLib","The Servant 0.9.4"],"gold_per_floor":[113,132,307,317,8,8,43,63,63,13,41,41,41,30,30,132,132,150,1,1,17,29,62,50,79,79,93,103,103,119,152,152,255,255,268,268,47,62,111,111,111],"floor_reached":40,"language":"ENG","playtime":4786,"items_purged":["Doubt","Defend_B","Strike_B"],"score":627,"play_id":"4e5e8908-73dd-4fad-a4cf-ec88e53877f4","local_time":"20210220195711","is_ascension_mode":true,"campfire_choices":[{"data":"Defragment","floor":6.0,"key":"SMITH"},{"data":"Fusion","floor":12.0,"key":"SMITH"},{"data":"Streamline","floor":15.0,"key":"SMITH"},{"floor":29,"key":"REST"},{"floor":32,"key":"RECALL"}],"circlet_count":0,"master_deck":["Strike_B","Strike_B","Defend_B","Defend_B","Defend_B","Zap","Dualcast+1","Defragment+1","Streamline+1","Fission","Glacier","Chill","Fusion+1","Turbo+1","BootSequence","Seek","Coolheaded+1","Machine Learning","Cold Snap+1","Hologram+1","Barrage","Hello World","Hello World+1","Hologram+1","Machine Learning","Loop","Thinking Ahead"],"relics":["Cracked Core","NeowsBlessing","Membership Card","Eternal Feather","Matryoshka","Odd Mushroom","MealTicket","Sozu","DataDisk","Runic Capacitor","Calipers","Singing Bowl","Centennial Puzzle","Pear","Black Star","War Paint","StoneCalendar"],"acts_visited":["Exordium","TheCity","TheBeyond"],"potions_floor_usage":[23],"damage_taken":[{"damage":0.0,"enemies":"Jaw Worm","floor":1.0,"turns":1.0},{"damage":0.0,"enemies":"Small Slimes","floor":2.0,"turns":1.0},{"damage":0.0,"enemies":"Cultist","floor":4.0,"turns":1.0},{"damage":17.0,"enemies":"3 Sentries","floor":7.0,"turns":10.0},{"damage":1.0,"enemies":"3 Louse","floor":8.0,"turns":4.0},{"damage":15.0,"enemies":"The Mushroom Lair","floor":11.0,"turns":7.0},{"damage":9.0,"enemies":"Exordium Thugs","floor":14.0,"turns":4.0},{"damage":34.0,"enemies":"The Guardian","floor":16.0,"turns":12.0},{"damage":10,"enemies":"Spheric Guardian","floor":18,"turns":6},{"damage":4,"enemies":"Shell Parasite","floor":21,"turns":6},{"damage":5,"enemies":"Shelled Parasite and Fungi","floor":22,"turns":7},{"damage":15,"enemies":"Slavers","floor":23,"turns":13},{"damage":21,"enemies":"Gremlin Leader","floor":25,"turns":11},{"damage":13,"enemies":"Snecko","floor":27,"turns":5},{"damage":0,"enemies":"Snake Plant","floor":28,"turns":5},{"damage":0,"enemies":"Cultist and Chosen","floor":30,"turns":9},{"damage":31,"enemies":"Slavers","floor":31,"turns":9},{"damage":16,"enemies":"Collector","floor":33,"turns":17},{"damage":0,"enemies":"Orb Walker","floor":35,"turns":5},{"damage":7,"enemies":"3 Darklings","floor":38,"turns":7},{"damage":55,"enemies":"2 Orb Walkers","floor":39,"turns":7},{"damage":54,"enemies":"Reptomancer","floor":40,"turns":2}],"seed_played":"5668888842396260015","potions_obtained":[{"floor":7.0,"key":"FocusPotion"},{"floor":8.0,"key":"ColorlessPotion"},{"floor":11.0,"key":"SkillPotion"},{"floor":16.0,"key":"BlessingOfTheForge"}],"is_trial":false,"path_per_floor":["M","M","?","M","$","R","E","M","T","$","?","R","?","M","R","B",null,"M","$","?","M","M","E","$","E","T","M","M","R","M","E","R","B",null,"M","?","$","M","?","E"],"character_chosen":"DEFECT","items_purchased":["Membership Card","Glacier","Chill","DuplicationPotion","DataDisk","Runic Capacitor","Barrage","War Paint","Thinking Ahead"],"campfire_rested":1,"item_purchase_floors":[5,5,5,5,19,19,24,37,37],"current_hp_per_floor":[68,68,68,68,68,68,51,50,50,50,35,44,44,35,44,10,59,49,64,64,60,55,40,55,34,34,23,23,61,61,42,57,41,77,77,77,89,84,31,0,0],"gold":111,"neow_bonus":"THREE_ENEMY_KILL","is_daily":false,"chose_seed":false,"campfire_upgraded":3,"win_rate":0.0,"timestamp":1613872631,"path_taken":["M","M","?","M","$","R","E","M","T","$","?","R","?","?","R","BOSS","M","?","?","?","M","E","$","E","T","?","M","R","M","E","R","BOSS","M","?","$","M","?","E"],"items_purchased_type":["Relic","Card","Card","Potion","Relic","Relic","Card","Relic","Card"],"build_version":"2020-12-22","purchased_purges":3,"victory":false,"max_hp_per_floor":[75,75,75,75,75,75,75,75,75,75,75,75,75,75,75,75,75,75,75,75,75,75,75,75,75,75,77,77,77,77,89,89,89,89,89,89,89,91,93,93,93],"card_choices":[{"not_picked":["Leap","Redo"],"picked":"Defragment","floor":1.0},{"not_picked":["Rebound","Beam Cell"],"picked":"Streamline","floor":2.0},{"not_picked":["Beam Cell","Static Discharge"],"picked":"Fission","floor":4.0},{"not_picked":["Coolheaded","Chaos"],"picked":"Fusion","floor":7.0},{"not_picked":["Scrape","Go for the Eyes"],"picked":"Turbo","floor":8.0},{"not_picked":["Scrape","FTL"],"picked":"BootSequence","floor":14.0},{"not_picked":["All For One","Echo Form"],"picked":"Seek","floor":16.0},{"not_picked":["Rebound","Conserve Battery"],"picked":"Coolheaded+1","floor":18},{"not_picked":["Lockon","Hello World"],"picked":"Machine Learning","floor":21},{"not_picked":["Turbo+1","Beam Cell"],"picked":"Cold Snap+1","floor":22},{"not_picked":["Rebound","Compile Driver+1"],"picked":"Hologram+1","floor":23},{"not_picked":["Beam Cell+1","Gash+1"],"picked":"Hello World","floor":25},{"not_picked":["Fission","Stack+1","Reprogram"],"picked":"Singing Bowl","floor":27},{"not_picked":["Leap+1","Stack"],"picked":"Hello World+1","floor":28},{"not_picked":["Leap+1","Melter+1"],"picked":"Hologram+1","floor":30},{"not_picked":["Auto Shields+1","Redo","Gash"],"picked":"Singing Bowl","floor":31},{"not_picked":["Core Surge","Hyperbeam"],"picked":"Machine Learning","floor":33},{"not_picked":["Redo+1","Glacier+1"],"picked":"Loop","floor":35},{"not_picked":["Ball Lightning+1","Compile Driver","Cold Snap+1"],"picked":"Singing Bowl","floor":38},{"not_picked":["Beam Cell","Barrage","Gash+1"],"picked":"Singing Bowl","floor":39}],"player_experience":329103,"relics_obtained":[{"floor":7.0,"key":"Eternal Feather"},{"floor":9.0,"key":"Matryoshka"},{"floor":11.0,"key":"Odd Mushroom"},{"floor":23,"key":"Calipers"},{"floor":25,"key":"Singing Bowl"},{"floor":26,"key":"Centennial Puzzle"},{"floor":31,"key":"Pear"},{"floor":39,"key":"StoneCalendar"}],"event_choices":[{"damage_healed":0.0,"max_hp_gain":0.0,"max_hp_loss":0.0,"gold_gain":175.0,"event_name":"Liars Game","player_choice":"AGREE","floor":3.0,"gold_loss":0.0,"damage_taken":0.0,"cards_obtained":["Doubt"]},{"damage_healed":0.0,"max_hp_gain":0.0,"max_hp_loss":0.0,"gold_gain":0.0,"event_name":"Mushrooms","player_choice":"Fought Mushrooms","floor":11.0,"gold_loss":0.0,"damage_taken":0.0},{"damage_healed":0.0,"max_hp_gain":0.0,"max_hp_loss":0.0,"gold_gain":0.0,"event_name":"Big Fish","player_choice":"Box","floor":13.0,"gold_loss":0.0,"damage_taken":0.0,"relics_obtained":["MealTicket"],"cards_obtained":["Regret"]},{"cards_removed":["Regret"],"damage_healed":0,"gold_gain":0,"player_choice":"Purged","damage_taken":0,"max_hp_gain":0,"max_hp_loss":0,"event_name":"Purifier","floor":20,"gold_loss":0},{"cards_removed":["Strike_B"],"damage_healed":0,"gold_gain":0,"player_choice":"Removed Attack","damage_taken":0,"max_hp_gain":0,"max_hp_loss":0,"event_name":"Falling","floor":36,"gold_loss":0},{"damage_healed":0,"gold_gain":0,"player_choice":"Fight","damage_taken":0,"max_hp_gain":0,"max_hp_loss":0,"event_name":"Mysterious Sphere","floor":39,"gold_loss":0}],"is_beta":false,"boss_relics":[{"not_picked":["Empty Cage","Tiny House"],"picked":"Sozu"},{"not_picked":["Fusion Hammer","SlaversCollar"],"picked":"Black Star"}],"items_purged_floors":[5,10,37],"is_endless":false,"potions_floor_spawned":[7,8,11,16,22,23,25,31,38,39],"killed_by":"Reptomancer","ascension_level":7}}