{"host":"f5n4tidiz2n5sooh","time":1613887717,"event":{"mods":["BaseMod","Colored Map","Minty Spire (QoL Compilation)","Relic Stats","StSLib"],"gold_per_floor":[118,132,152,37,112,112,37,37,61,74,100,100,125,125,125,201,201,213,228,228,244,244,275,329,329,354,244,244,244],"floor_reached":28,"language":"ENG","playtime":637,"items_purged":["Strike_R"],"score":488,"play_id":"fd3befa2-4efe-4919-8862-2b00271e0e03","local_time":"20210221000837","is_ascension_mode":true,"campfire_choices":[{"data":"Bash","floor":6.0,"key":"SMITH"},{"data":"Inflame","floor":8.0,"key":"SMITH"},{"data":"Cleave","floor":12.0,"key":"SMITH"},{"data":"Immolate","floor":15.0,"key":"SMITH"},{"data":"Havoc","floor":25,"key":"SMITH"}],"circlet_count":0,"master_deck":["AscendersBane","Strike_R","Strike_R","Defend_R","Defend_R","Defend_R","Bash+1","Clothesline","Anger","Sword Boomerang","Inflame+1","Headbutt","Pommel Strike","Cleave+1","Immolate+1","Reaper+1","Havoc+1","Ghostly Armor","Demon Form"],"relics":["Black Blood","Happy Flower","Sundial","Art of War","NlothsMask","Torii","Nunchaku"],"acts_visited":["Exordium","TheCity"],"potions_floor_usage":[23],"damage_taken":[{"damage":1.0,"enemies":"Cultist","floor":1.0,"turns":3.0},{"damage":9.0,"enemies":"Jaw Worm","floor":2.0,"turns":3.0},{"damage":8.0,"enemies":"2 Louse","floor":3.0,"turns":3.0},{"damage":22.0,"enemies":"Lots of Slimes","floor":10.0,"turns":4.0},{"damage":6.0,"enemies":"Gremlin Nob","floor":11.0,"turns":3.0},{"damage":10.0,"enemies":"3 Sentries","floor":13.0,"turns":3.0},{"damage":18.0,"enemies":"Slime Boss","floor":16.0,"turns":7.0},{"damage":21.0,"enemies":"Shell Parasite","floor":18.0,"turns":2.0},{"damage":11.0,"enemies":"Spheric Guardian","floor":19.0,"turns":3.0},{"damage":42.0,"enemies":"Snake Plant","floor":21.0,"turns":4.0},{"damage":55,"enemies":"Slavers","floor":23,"turns":3},{"damage":30,"enemies":"Centurion and Healer","floor":28,"turns":4}],"seed_played":"-596088243054777339","potions_obtained":[{"floor":13.0,"key":"Ancient Potion"},{"floor":16.0,"key":"SteroidPotion"}],"is_trial":false,"path_per_floor":["M","M","M","$","?","R","$","R","T","M","E","R","E","?","R","B",null,"M","M","?","M","?","E","T","R","T","?","M"],"character_chosen":"IRONCLAD","items_purchased":["Inflame","Headbutt"],"campfire_rested":0,"item_purchase_floors":[4,4],"current_hp_per_floor":[68,65,63,63,52,52,52,52,52,36,36,36,32,32,32,20,56,47,48,48,25,25,13,13,13,13,13,0,0],"gold":244,"neow_bonus":"REMOVE_TWO","is_daily":false,"chose_seed":false,"campfire_upgraded":5,"win_rate":0.0,"timestamp":1613887717,"path_taken":["M","M","M","$","?","R","$","R","T","M","E","R","E","?","R","BOSS","M","M","?","?","?","E","?","R","T","?","M"],"items_purchased_type":["Card","Card"],"build_version":"2020-12-22","purchased_purges":1,"victory":false,"max_hp_per_floor":[68,68,68,68,68,68,68,68,68,68,68,68,68,68,68,68,68,68,68,68,68,68,68,68,68,68,68,68,68],"relic_stats":{"Nunchaku":[0],"Happy Flower":[11],"Torii":0,"counters":[12,42],"Sundial":[2],"Black Blood":85,"Art of War":[0],"obtain_stats":[{"Nunchaku":26,"Happy Flower":9,"Torii":23,"Sundial":11,"Black Blood":17,"Art of War":13,"Burning Blood":0,"NlothsMask":20},{"Nunchaku":11,"Happy Flower":3,"Torii":11,"Sundial":5,"Black Blood":7,"Art of War":6,"Burning Blood":0,"NlothsMask":9},{"Nunchaku":38,"Happy Flower":9,"Torii":38,"Sundial":16,"Black Blood":26,"Art of War":19,"Burning Blood":0,"NlothsMask":31}]},"card_choices":[{"not_picked":["Body Slam","Heavy Blade"],"picked":"Clothesline","floor":1.0},{"not_picked":["Sever Soul","Perfected Strike"],"picked":"Anger","floor":2.0},{"not_picked":["Evolve","Anger"],"picked":"Sword Boomerang","floor":3.0},{"not_picked":["Thunderclap","Headbutt"],"picked":"Pommel Strike","floor":10.0},{"not_picked":["Infernal Blade","Armaments"],"picked":"Cleave","floor":11.0},{"not_picked":["Perfected Strike","Havoc"],"picked":"Immolate","floor":13.0},{"not_picked":["Berserk","Juggernaut"],"picked":"Reaper","floor":16.0},{"not_picked":["Infernal Blade","Headbutt+1","Whirlwind"],"picked":"SKIP","floor":18.0},{"not_picked":["Sentinel","Clash"],"picked":"Havoc","floor":19.0},{"not_picked":["Perfected Strike","Clash"],"picked":"Ghostly Armor","floor":21.0},{"not_picked":["Anger","Sever Soul","Seeing Red"],"picked":"SKIP","floor":23}],"player_experience":2067627,"relics_obtained":[{"floor":9.0,"key":"Happy Flower"},{"floor":11.0,"key":"Sundial"},{"floor":13.0,"key":"Art of War"},{"floor":23,"key":"Torii"},{"floor":26,"key":"Nunchaku"}],"event_choices":[{"damage_healed":0.0,"max_hp_gain":0.0,"max_hp_loss":0.0,"gold_gain":75.0,"event_name":"World of Goop","player_choice":"Gather Gold","floor":5.0,"gold_loss":0.0,"damage_taken":11.0},{"damage_healed":0.0,"max_hp_gain":0.0,"max_hp_loss":0.0,"gold_gain":0.0,"event_name":"Liars Game","player_choice":"Ignored","floor":14.0,"gold_loss":0.0,"damage_taken":0.0},{"damage_healed":0.0,"max_hp_gain":0.0,"max_hp_loss":0.0,"gold_gain":0.0,"event_name":"FaceTrader","player_choice":"Trade","floor":20.0,"gold_loss":0.0,"damage_taken":0.0,"relics_obtained":["NlothsMask"]},{"damage_healed":0.0,"max_hp_gain":0.0,"max_hp_loss":0.0,"gold_gain":0.0,"event_name":"The Library","player_choice":"Read","floor":22.0,"gold_loss":0.0,"damage_taken":0.0,"cards_obtained":["Demon Form"]},{"cards_removed":["Strike_R"],"damage_healed":0,"gold_gain":0,"player_choice":"Upgrade and Remove","damage_taken":0,"max_hp_gain":0,"max_hp_loss":0,"event_name":"Designer","floor":27,"gold_loss":110,"cards_upgraded":["Reaper"]}],"is_beta":false,"boss_relics":[{"not_picked":["Runic Dome","Philosopher\u0027s Stone"],"picked":"Black Blood"}],"items_purged_floors":[7],"is_endless":false,"potions_floor_spawned":[13,16,21],"killed_by":"Centurion and Healer","ascension_level":20}}