{"host":"an6uhul3yec8m0jh","time":1613914478,"event":{"mods":["ATMod(°¢èªMod)","Act Like it!","BaseMod","CapriCore","Colored Map","Colored Powertips","Highlight Path","Minty Spire (QoL Compilation)","MostiFishMod","Quick Restart","StSLib","TestMod","UnlockEverythingMod","Waifu the Spire","noobMod"],"gold_per_floor":[114,189,189,204,218,218,243,257,257,291,291,324,324,343,343,420,420,437,437,457,518,530,556,573,607,607,641,691,716,604,754,754,830,830,842,854,865,493,543,573,573,648,648,746,780,830,846,399,399,399,399,399,399,78,103,103],"floor_reached":57,"language":"ZHS","playtime":2911,"items_purged":["Defend_P","Defend_P","Strike_P","Strike_P+1"],"score":3716,"play_id":"147acb9f-fe08-4520-81cf-4af886452379","local_time":"20210221213438","is_ascension_mode":true,"campfire_choices":[{"data":"Eruption","floor":6.0,"key":"SMITH"},{"data":"AT_MachinaRedman","floor":13.0,"key":"SMITH"},{"floor":15.0,"key":"RECALL"},{"data":"MostiFishMod:Adaptation","floor":32.0,"key":"SMITH"},{"data":"MentalFortress","floor":41.0,"key":"SMITH"},{"floor":49.0,"key":"REST"},{"floor":53.0,"key":"REST"}],"circlet_count":0,"master_deck":["AscendersBane","Strike_P+1","Defend_P+1","Eruption+1","Vigilance+1","AT_KingSlayer+1","ClearTheMind+1","AT_MachinaRedman+1","Crescendo+1","MostiFishMod:Adaptation+1","MostiFishMod:PathToVictory+1","LessonLearned+1","MentalFortress+1","TalkToTheHand+1","MostiFishMod:StarWish+1","TalkToTheHand+1","MostiFishMod:DisColor+1","Tantrum+1","AT_ChampionStep+1","Ragnarok+1","MostiFishMod:FlowState+1","Adaptation+1","testmod-Arrangement+1","Wallop+1","WheelKick+1"],"relics":["ice","DaveBox","testmod-TestBox","AT_ATBox","HollowDreamFlower","testmod-InjuryResistance","xbg","SynthV:TestCard","Toy Ornithopter","Happy Flower","Eternal Feather","AT_BellowingDragoncrestRing","PatriotShield","SsserpentHead","AT_SeraphEmbrace","testmod-EqualTreatment","AT_TimeSand","AT_Manta","Nilry\u0027s Codex","Regal Pillow","Gambling Chip","AT_RedNoBalance","RhineFirstAidKit","ImprovedEquipment","TeardropLocket","testmod-CyclicPeriapt","Prayer Wheel","Torii","AT_Kusabimaru","Bag of Marbles","AT_BellDemon"],"acts_visited":["Exordium","TheCity","TheBeyond","TheEnding"],"potions_floor_usage":[56],"damage_taken":[{"damage":10.0,"enemies":"Small Slimes","floor":1.0,"turns":5.0},{"damage":2.0,"enemies":"2 Louse","floor":4.0,"turns":3.0},{"damage":0.0,"enemies":"Cultist","floor":5.0,"turns":3.0},{"damage":0.0,"enemies":"Lagavulin","floor":7.0,"turns":2.0},{"damage":6.0,"enemies":"Exordium Wildlife","floor":8.0,"turns":3.0},{"damage":12.0,"enemies":"3 Sentries","floor":10.0,"turns":3.0},{"damage":0.0,"enemies":"Gremlin Nob","floor":12.0,"turns":3.0},{"damage":0.0,"enemies":"Looter","floor":14.0,"turns":1.0},{"damage":0.0,"enemies":"Slime Boss","floor":16.0,"turns":2.0},{"damage":0.0,"enemies":"3 Byrds","floor":18.0,"turns":2.0},{"damage":0.0,"enemies":"Shell Parasite","floor":20.0,"turns":1.0},{"damage":0.0,"enemies":"Centurion and Healer","floor":21.0,"turns":1.0},{"damage":0.0,"enemies":"3 Cultists","floor":22.0,"turns":4.0},{"damage":0.0,"enemies":"Book of Stabbing","floor":23.0,"turns":3.0},{"damage":0.0,"enemies":"Snecko","floor":24.0,"turns":4.0},{"damage":4.0,"enemies":"Slavers","floor":25.0,"turns":5.0},{"damage":0.0,"enemies":"Book of Stabbing","floor":27.0,"turns":4.0},{"damage":0.0,"enemies":"Gremlin Leader","floor":29.0,"turns":3.0},{"damage":0.0,"enemies":"Colosseum Slavers","floor":31.0,"turns":3.0},{"damage":0.0,"enemies":"Colosseum Nobs","floor":31.0,"turns":3.0},{"damage":0.0,"enemies":"Automaton","floor":33.0,"turns":3.0},{"damage":4.0,"enemies":"Orb Walker","floor":35.0,"turns":4.0},{"damage":10.0,"enemies":"3 Shapes","floor":36.0,"turns":2.0},{"damage":0.0,"enemies":"Jaw Worm Horde","floor":37.0,"turns":2.0},{"damage":0.0,"enemies":"Nemesis","floor":40.0,"turns":1.0},{"damage":0.0,"enemies":"Mind Bloom Boss Battle","floor":42.0,"turns":2.0},{"damage":0.0,"enemies":"2 Orb Walkers","floor":44.0,"turns":1.0},{"damage":0.0,"enemies":"Giant Head","floor":45.0,"turns":3.0},{"damage":0.0,"enemies":"Transient","floor":47.0,"turns":1.0},{"damage":0.0,"enemies":"Donu and Deca","floor":50.0,"turns":2.0},{"damage":0.0,"enemies":"Time Eater","floor":51.0,"turns":2.0},{"damage":0.0,"enemies":"Shield and Spear","floor":55.0,"turns":1.0},{"damage":0,"enemies":"The Heart","floor":56,"turns":4}],"seed_played":"4850772104966081410","potions_obtained":[{"floor":1.0,"key":"Dexterity Potion"},{"floor":7.0,"key":"FearPotion"},{"floor":12.0,"key":"Regen Potion"},{"floor":14.0,"key":"testmod-SpacePotion"},{"floor":16.0,"key":"Regen Potion"},{"floor":18.0,"key":"Explosive Potion"},{"floor":24.0,"key":"Regen Potion"},{"floor":25.0,"key":"AttackPotion"},{"floor":42.0,"key":"StancePotion"},{"floor":44.0,"key":"CultistPotion"}],"is_trial":false,"path_per_floor":["M","?","?","M","M","R","E","M","T","E","?","E","R","M","R","B",null,"M","?","M","M","M","E","M","E","T","E","?","E","$","?","R","B",null,"M","M","M","$","?","E","R","?","T","?","E","?","M","$","R","B","B",null,"R","$","E","B",null],"character_chosen":"WATCHER","items_purchased":["AT_ChampionStep","ImprovedEquipment","AT_Kusabimaru","Bag of Marbles"],"campfire_rested":2,"item_purchase_floors":[30,38,48,54],"current_hp_per_floor":[55,45,40,42,46,46,50,48,48,40,40,44,53,62,68,68,68,68,68,68,68,68,68,68,68,68,68,51,55,55,63,68,38,61,34,33,37,37,33,37,52,56,56,65,68,68,68,68,68,68,68,68,68,68,68,68],"gold":103,"neow_bonus":"BOSS_RELIC","is_daily":false,"chose_seed":false,"campfire_upgraded":4,"win_rate":0.0,"timestamp":1613914478,"path_taken":["M","?","?","M","M","R","E","M","T","E","?","E","R","M","R","BOSS","M","?","M","?","M","E","M","E","T","E","?","E","$","?","R","BOSS","M","M","M","$","?","E","R","?","T","?","E","?","M","$","R","BOSS","BOSS","R","$","E","BOSS"],"items_purchased_type":["Card","Relic","Relic","Relic"],"build_version":"2020-12-22","purchased_purges":4,"victory":true,"max_hp_per_floor":[68,68,68,68,68,68,68,68,68,68,68,68,68,68,68,68,68,68,68,68,68,68,68,68,68,68,68,68,68,68,68,68,68,68,68,68,68,68,68,68,68,68,68,68,68,68,68,68,68,68,68,68,68,68,68,68],"card_choices":[{"not_picked":["Vengeance","ThirdEye"],"picked":"ClearTheMind","floor":1.0},{"not_picked":["EmptyBody","AT_OneInchPunch","Protect","EmptyFist","Sanctity"],"picked":"SKIP","floor":4.0},{"not_picked":["EmptyBody","CrushJoints","AT_SoftenMuscles","Halt"],"picked":"AT_MachinaRedman","floor":5.0},{"not_picked":["WreathOfFlame","Protect","MostiFishMod:StarOceanP","Pray"],"picked":"Crescendo","floor":7.0},{"not_picked":["SashWhip","EmptyBody","Protect","Evaluate","AT_RealFormLess"],"picked":"SKIP","floor":8.0},{"not_picked":["AT_RealFormLess","Prostrate","CutThroughFate","FollowUp"],"picked":"MostiFishMod:Adaptation","floor":10.0},{"not_picked":["Consecrate","Protect","Evaluate","WindmillStrike","Worship"],"picked":"SKIP","floor":12.0},{"not_picked":["Prostrate","Evaluate","SashWhip","BowlingBash"],"picked":"MostiFishMod:PathToVictory","floor":14.0},{"not_picked":["Vault","Wish","Judgement","MostiFishMod:Disappear"],"picked":"LessonLearned","floor":16.0},{"not_picked":["SignatureMove","EmptyFist","Prostrate","LikeWater","MostiFishMod:Speedup"],"picked":"SKIP","floor":18.0},{"not_picked":["CutThroughFate","ClearTheMind","Halt+1","Vengeance","Wireheading"],"picked":"SKIP","floor":20.0},{"not_picked":["Perseverance","Weave","Crescendo","Evaluate"],"picked":"MentalFortress","floor":21.0},{"not_picked":["Consecrate","Fasting2+1","AT_RealFormLess","EmptyMind"],"picked":"TalkToTheHand+1","floor":22.0},{"not_picked":["EmptyBody","FlyingSleeves","EmptyFist","ThirdEye"],"picked":"MostiFishMod:StarWish","floor":23.0},{"not_picked":["WaveOfTheHand","ThirdEye","JustLucky","LikeWater"],"picked":"TalkToTheHand","floor":24.0},{"not_picked":["Halt","Wireheading","FollowUp","EmptyFist"],"picked":"MostiFishMod:DisColor","floor":25.0},{"not_picked":["Crescendo","Weave","Sanctity","CarveReality","Consecrate"],"picked":"SKIP","floor":27.0},{"not_picked":["Fasting2","Crescendo","AT_SoftenMuscles","Halt"],"picked":"Tantrum","floor":29.0},{"not_picked":["MostiFishMod:StarOceanP","MostiFishMod:OutWit","MostiFishMod:Dust","MostiFishMod:Pointsdynamics"],"picked":"Ragnarok","floor":33.0},{"not_picked":["CrushJoints","Evaluate+1","Consecrate","SashWhip","PathToVictory"],"picked":"SKIP","floor":35.0},{"not_picked":["JustLucky+1","SashWhip","ThirdEye","FollowUp"],"picked":"MostiFishMod:FlowState+1","floor":36.0},{"not_picked":["Prostrate","FlurryOfBlows","CutThroughFate","BowlingBash"],"picked":"Adaptation","floor":37.0},{"not_picked":["testmod-HeadAttack","MostiFishMod:SupremeArchaeology","testmod-PainDetonator","Blind"],"picked":"testmod-Arrangement","floor":39.0},{"not_picked":["Protect","CutThroughFate","EmptyBody","EmptyFist+1"],"picked":"Wallop+1","floor":40.0},{"not_picked":["AT_DivineConfetti","EmptyBody+1","Prostrate+1","Indignation"],"picked":"WheelKick","floor":42.0},{"not_picked":["Protect","WaveOfTheHand","Meditate","MostiFishMod:PathToVictory","EmptyFist"],"picked":"SKIP","floor":45.0},{"not_picked":["Meditate","ClearTheMind","Wallop","Halt","Protect+1"],"picked":"SKIP","floor":47.0},{"not_picked":["Prostrate","EmptyFist","CutThroughFate","MostiFishMod:ScryFuture","EmptyBody"],"picked":"SKIP","floor":47.0},{"not_picked":["AT_RealColorLess","BowlingBash+1","WindmillStrike","Study","ForeignInfluence"],"picked":"SKIP","floor":55.0}],"player_experience":243365,"relics_obtained":[{"floor":1.0,"key":"SynthV:TestCard"},{"floor":7.0,"key":"Toy Ornithopter"},{"floor":9.0,"key":"Happy Flower"},{"floor":10.0,"key":"Eternal Feather"},{"floor":12.0,"key":"AT_BellowingDragoncrestRing"},{"floor":23.0,"key":"AT_ArchangelStaff"},{"floor":25.0,"key":"testmod-EqualTreatment"},{"floor":26.0,"key":"AT_TimeSand"},{"floor":27.0,"key":"AT_Manta"},{"floor":28.0,"key":"Nilry\u0027s Codex"},{"floor":29.0,"key":"Regal Pillow"},{"floor":31.0,"key":"Gambling Chip"},{"floor":31.0,"key":"AT_SilverBalance"},{"floor":40.0,"key":"TeardropLocket"},{"floor":42.0,"key":"testmod-CyclicPeriapt"},{"floor":44.0,"key":"Prayer Wheel"},{"floor":45.0,"key":"Torii"},{"floor":55.0,"key":"AT_BellDemon"}],"event_choices":[{"damage_healed":0.0,"max_hp_gain":0.0,"max_hp_loss":0.0,"gold_gain":75.0,"event_name":"World of Goop","player_choice":"Gather Gold","floor":2.0,"gold_loss":0.0,"damage_taken":11.0},{"cards_removed":["Defend_P"],"damage_healed":0.0,"max_hp_gain":0.0,"max_hp_loss":0.0,"gold_gain":0.0,"event_name":"Golden Wing","player_choice":"Card Removal","floor":3.0,"gold_loss":0.0,"damage_taken":7.0},{"damage_healed":0.0,"max_hp_gain":0.0,"max_hp_loss":0.0,"gold_gain":0.0,"event_name":"Liars Game","player_choice":"Ignored","floor":11.0,"gold_loss":0.0,"damage_taken":0.0},{"damage_healed":0.0,"max_hp_gain":0.0,"max_hp_loss":0.0,"gold_gain":0.0,"event_name":"FaceTrader","player_choice":"Trade","floor":19.0,"gold_loss":0.0,"damage_taken":0.0,"relics_obtained":["SsserpentHead"]},{"damage_healed":0.0,"max_hp_gain":0.0,"max_hp_loss":0.0,"gold_gain":0.0,"event_name":"Cursed Tome","player_choice":"Obtained Book","floor":28.0,"gold_loss":0.0,"damage_taken":21.0},{"damage_healed":0.0,"max_hp_gain":0.0,"max_hp_loss":0.0,"gold_gain":0.0,"event_name":"Colosseum","player_choice":"Fight","floor":31.0,"gold_loss":0.0,"damage_taken":0.0},{"damage_healed":0.0,"max_hp_gain":0.0,"max_hp_loss":0.0,"gold_gain":0.0,"event_name":"Colosseum","player_choice":"Fought Nobs","floor":31.0,"gold_loss":0.0,"damage_taken":0.0},{"damage_healed":0.0,"max_hp_gain":0.0,"max_hp_loss":0.0,"gold_gain":0.0,"event_name":"SensoryStone","player_choice":"Memory 2","floor":39.0,"gold_loss":0.0,"damage_taken":5.0},{"damage_healed":0.0,"max_hp_gain":0.0,"max_hp_loss":0.0,"gold_gain":0.0,"event_name":"MindBloom","player_choice":"Fight","floor":42.0,"gold_loss":0.0,"damage_taken":0.0},{"damage_healed":0.0,"max_hp_gain":0.0,"max_hp_loss":0.0,"gold_gain":0.0,"event_name":"Mysterious Sphere","player_choice":"Fight","floor":44.0,"gold_loss":0.0,"damage_taken":0.0},{"cards_removed":["Strike_P"],"damage_healed":0.0,"max_hp_gain":0.0,"max_hp_loss":0.0,"gold_gain":0.0,"event_name":"Falling","player_choice":"Removed Attack","floor":46.0,"gold_loss":0.0,"damage_taken":0.0}],"is_beta":false,"boss_relics":[{"not_picked":["VioletLotus","Sozu"],"picked":"PatriotShield"},{"not_picked":["testmod-BatchProcessingSystem","Velvet Choker"],"picked":"RhineFirstAidKit"}],"items_purged_floors":[30,38,48,54],"is_endless":false,"potions_floor_spawned":[1,7,12,14,16,18,24,25,27,31,31,35,42,44],"ascension_level":20}}