{"host":"d52brwsy6af8zvaq","time":1613929007,"event":{"mods":["AchievementEnabler","BaseMod","Bestiary","Highlight Path","Minty Spire (QoL Compilation)","Quick Restart","Relic Stats","ojb\u0027s Better Paths Mod"],"gold_per_floor":[115,115,115,129,143,186,186,211,285,285,285],"floor_reached":10,"language":"ENG","playtime":304,"items_purged":[],"score":136,"play_id":"4643af89-94c0-41dc-9e6a-7a794114e14f","local_time":"20210221103647","is_ascension_mode":true,"campfire_choices":[{"data":"Coolheaded","floor":7.0,"key":"SMITH"}],"circlet_count":0,"master_deck":["AscendersBane","Strike_B","Strike_B","Strike_B","Defend_B","Defend_B","Defend_B","Defend_B","Zap+1","Dualcast","Coolheaded+1","Tempest","Hologram","Leap"],"relics":["Cracked Core","Golden Idol","CaptainsWheel"],"acts_visited":["Exordium"],"potions_floor_usage":[10],"damage_taken":[{"damage":0.0,"enemies":"Small Slimes","floor":1.0,"turns":3.0},{"damage":1.0,"enemies":"Cultist","floor":4.0,"turns":3.0},{"damage":4.0,"enemies":"2 Louse","floor":5.0,"turns":2.0},{"damage":22.0,"enemies":"Lagavulin","floor":6.0,"turns":8.0},{"damage":6,"enemies":"Blue Slaver","floor":8,"turns":3},{"damage":31,"enemies":"3 Sentries","floor":10,"turns":4}],"seed_played":"3043958139633301160","potions_obtained":[{"floor":4.0,"key":"Explosive Potion"},{"floor":5.0,"key":"Ancient Potion"}],"is_trial":false,"path_per_floor":["M","?","?","M","M","E","R","M","T","E"],"character_chosen":"DEFECT","items_purchased":[],"campfire_rested":0,"item_purchase_floors":[],"current_hp_per_floor":[64,64,64,63,59,37,37,31,31,0,0],"gold":285,"neow_bonus":"UPGRADE_CARD","is_daily":false,"chose_seed":false,"campfire_upgraded":1,"win_rate":0.0,"timestamp":1613929007,"path_taken":["M","?","?","M","M","E","R","M","T","E"],"items_purchased_type":[],"build_version":"2020-12-22","purchased_purges":0,"victory":false,"max_hp_per_floor":[71,64,64,64,64,64,64,64,64,64,64],"relic_stats":{"counters":[6,23],"Golden Idol":20,"obtain_stats":[{"CaptainsWheel":6,"Golden Idol":2,"Cracked Core":0},{"CaptainsWheel":4,"Golden Idol":1,"Cracked Core":0},{"CaptainsWheel":16,"Golden Idol":3,"Cracked Core":0}]},"card_choices":[{"not_picked":["Turbo","Fusion","Double Energy"],"picked":"SKIP","floor":1.0},{"not_picked":["Loop","Compile Driver"],"picked":"Coolheaded","floor":4.0},{"not_picked":["Storm","Turbo"],"picked":"Tempest","floor":5.0},{"not_picked":["Reprogram","Fusion"],"picked":"Hologram","floor":6.0},{"not_picked":["Steam","Rainbow"],"picked":"Leap","floor":8}],"player_experience":2328222,"relics_obtained":[{"floor":6.0,"key":"CaptainsWheel"}],"event_choices":[{"damage_healed":0.0,"max_hp_gain":0.0,"max_hp_loss":7.0,"gold_gain":0.0,"event_name":"Golden Idol","player_choice":"Lose Max HP","floor":2.0,"gold_loss":0.0,"damage_taken":0.0,"relics_obtained":["Golden Idol"]},{"cards_removed":["Strike_B"],"damage_healed":0.0,"max_hp_gain":0.0,"max_hp_loss":0.0,"gold_gain":0.0,"event_name":"Bonfire Elementals","player_choice":"Offered Basic","floor":3.0,"gold_loss":0.0,"damage_taken":0.0}],"is_beta":false,"boss_relics":[],"items_purged_floors":[],"is_endless":false,"potions_floor_spawned":[4,5],"killed_by":"3 Sentries","ascension_level":20}}