{"host":"u9h06qdlnp3wgzsw","time":1613875079,"event":{"mods":["Act Like it!","BaseMod","Conspire","Curses Come First","Downfall","Hallownest","Hermit","Hubris","Minty Spire (QoL Compilation)","Quick Restart","Rare Cards Sparkle","Reliquary","Replay The Spire","Shop Mod","StSLib","The Bug Knight","The Disciple","The Servant 0.9.4"],"gold_per_floor":[115,0,0,14,34,59,59,59,109,120,135,135,185,168,180,198,198],"floor_reached":16,"language":"ENG","playtime":1505,"items_purged":[],"score":102,"play_id":"b9300536-463a-48cd-b8b1-c0a4c2cf9613","local_time":"20210220213759","is_ascension_mode":false,"campfire_choices":[{"floor":12,"key":"REST"},{"floor":15,"key":"REST"}],"circlet_count":0,"master_deck":["HollowMod:NailStrikeStart","HollowMod:NailStrikeStart","HollowMod:NailStrikeStart","HollowMod:NailStrikeStart","HollowMod:QuickDashStart","HollowMod:QuickDashStart","HollowMod:QuickDashStart","HollowMod:QuickDashStart","HollowMod:FocusHealStart","HollowMod:PogoStrike","Looming Evil","HollowMod:MothsMistake","HollowMod:DashSlash","HollowMod:BrokenVessel"],"relics":["HollowMod:VesselMask","Odd Mushroom","Ring of Fangs","ReplayTheSpireMod:Ring of Collecting","PreservedInsect","hubris:Icosahedron","Hallownest:DreamNailRelic","Ring of Fury","HollowMod:MillibellesNoteRelic","Ring of Greed","Molten Egg 2","Replay:Bandana","MawBank"],"acts_visited":["Exordium"],"potions_floor_usage":[6,11,16],"damage_taken":[{"damage":3,"enemies":"Hallownest:2_MossCreeps","floor":1,"turns":6},{"damage":7,"enemies":"Hallownest:monsterHuskWarrior","floor":4,"turns":5},{"damage":20,"enemies":"Hallownest:monsterHuskGuard","floor":5,"turns":5},{"damage":36,"enemies":"Hallownest:eliteMossKnight","floor":6,"turns":18},{"damage":11,"enemies":"Hallownest:Wandering_and_Horned","floor":10,"turns":7},{"damage":32,"enemies":"Hallownest:1_Ooma_and_2_Uuma","floor":11,"turns":7},{"damage":29,"enemies":"Hallownest:2_Tiktiks_1_Baldur_1_Crawlid","floor":14,"turns":7},{"damage":72,"enemies":"Hallownest:BossFalseKnight","floor":16,"turns":10}],"seed_played":"-8855018087676658224","potions_obtained":[{"floor":5,"key":"Regen Potion"},{"floor":6,"key":"Reflective Coating"},{"floor":10,"key":"LiquidMemories"}],"is_trial":false,"path_per_floor":["M","?","?","M","M","E","?","?","T","M","M","R","T","M","R","B"],"character_chosen":"THE_BUGKNIGHT","items_purchased":[],"campfire_rested":2,"item_purchase_floors":[],"current_hp_per_floor":[80,80,80,79,59,50,50,50,50,49,23,47,47,24,48,0,0],"gold":198,"neow_bonus":"TEN_PERCENT_HP_BONUS","is_daily":false,"chose_seed":false,"campfire_upgraded":0,"win_rate":0.0,"timestamp":1613875079,"path_taken":["M","?","?","M","M","E","?","?","T","M","?","R","?","M","R","BOSS"],"items_purchased_type":[],"build_version":"2020-12-22","purchased_purges":0,"victory":false,"max_hp_per_floor":[82,82,82,82,82,82,82,82,82,82,82,82,82,82,82,82,82],"card_choices":[{"not_picked":["HollowMod:NewJinnsSoul","HollowMod:PureNailStrike","HollowMod:NewLittleFool"],"picked":"SKIP","floor":1},{"not_picked":["HollowMod:InfectedCysts","HollowMod:CycloneSlash","HollowMod:HowlingWraiths"],"picked":"SKIP","floor":4},{"not_picked":["HollowMod:SiblingsSouls","HollowMod:NewLittleFool"],"picked":"HollowMod:MothsMistake","floor":5},{"not_picked":["HollowMod:LifebloodCore","HollowMod:GreatSlash"],"picked":"HollowMod:DashSlash","floor":6},{"not_picked":["HollowMod:SharpenedShadows","HollowMod:SiblingsSouls","HollowMod:NewJinnsSoul"],"picked":"SKIP","floor":10},{"not_picked":["HollowMod:CornifersMapStart","HollowMod:InfectedCysts"],"picked":"HollowMod:BrokenVessel","floor":11},{"not_picked":["HollowMod:VengefulVoid+1","HollowMod:VengefulSpirit+1","HollowMod:SoulEater"],"picked":"SKIP","floor":14}],"player_experience":1061018,"relics_obtained":[{"floor":3,"key":"Ring of Fangs"},{"floor":3,"key":"ReplayTheSpireMod:Ring of Collecting"},{"floor":6,"key":"PreservedInsect"},{"floor":9,"key":"Ring of Fury"},{"floor":9,"key":"HollowMod:MillibellesNoteRelic"},{"floor":13,"key":"Ring of Greed"},{"floor":13,"key":"Molten Egg 2"},{"floor":13,"key":"Replay:Bandana"},{"floor":13,"key":"MawBank"}],"event_choices":[],"is_beta":false,"boss_relics":[],"items_purged_floors":[],"is_endless":false,"potions_floor_spawned":[5,6,10],"killed_by":"Hallownest:BossFalseKnight","ascension_level":0}}