{"host":"5tzvto3beate6p8b","time":1613899038,"event":{"mods":["BaseMod","Colored Map","Minty Spire (QoL Compilation)","StSLib","SuperFastMode"],"gold_per_floor":[111,111,122,142,65,65,93,93,120,165,177,206,218,259,271,283,283],"floor_reached":16,"language":"JPN","playtime":7019,"items_purged":[],"score":230,"play_id":"b3f1829d-c6f4-4d8e-8102-061debdd4e07","local_time":"20210221181718","is_ascension_mode":true,"campfire_choices":[{"data":"Go for the Eyes","floor":6.0,"key":"SMITH"},{"floor":8.0,"key":"REST"},{"data":"Consume","floor":11.0,"key":"SMITH"},{"data":"Electrodynamics","floor":15,"key":"SMITH"}],"circlet_count":0,"master_deck":["AscendersBane","Strike_B","Strike_B","Strike_B","Defend_B","Defend_B","Defend_B","Defend_B","Zap","Dualcast","Go for the Eyes+1","Auto Shields","Redo","Gash","Beam Cell","Electrodynamics+1","Consume+1","Sunder","Coolheaded"],"relics":["Cracked Core","NeowsBlessing","PreservedInsect","MawBank","Nunchaku","Happy Flower"],"acts_visited":["Exordium"],"potions_floor_usage":[16],"damage_taken":[{"damage":0.0,"enemies":"Jaw Worm","floor":1.0,"turns":1.0},{"damage":0.0,"enemies":"Cultist","floor":3.0,"turns":1.0},{"damage":0.0,"enemies":"Small Slimes","floor":4.0,"turns":1.0},{"damage":54.0,"enemies":"3 Sentries","floor":7.0,"turns":10.0},{"damage":2.0,"enemies":"Gremlin Nob","floor":10.0,"turns":3.0},{"damage":1.0,"enemies":"2 Fungi Beasts","floor":12.0,"turns":2.0},{"damage":9,"enemies":"3 Sentries","floor":14,"turns":3},{"damage":24,"enemies":"Hexaghost","floor":16,"turns":11}],"seed_played":"6527999280491510317","potions_obtained":[{"floor":3.0,"key":"BlessingOfTheForge"},{"floor":4.0,"key":"Strength Potion"},{"floor":10.0,"key":"Block Potion"}],"is_trial":false,"path_per_floor":["M","?","M","M","$","R","E","R","T","E","R","M","?","E","R","B"],"character_chosen":"DEFECT","items_purchased":["Gash","Beam Cell"],"campfire_rested":1,"item_purchase_floors":[5,5],"current_hp_per_floor":[64,64,64,64,64,64,10,31,31,29,29,28,28,19,19,0,0],"gold":283,"neow_bonus":"THREE_ENEMY_KILL","is_daily":false,"chose_seed":false,"campfire_upgraded":3,"win_rate":0.0,"timestamp":1613899038,"path_taken":["M","?","?","?","$","R","E","R","T","E","R","M","?","E","R","BOSS"],"items_purchased_type":["Card","Card"],"build_version":"2020-12-22","purchased_purges":0,"victory":false,"max_hp_per_floor":[71,71,71,71,71,71,71,71,71,71,71,71,71,71,71,71,71],"card_choices":[{"not_picked":["Static Discharge","Coolheaded"],"picked":"Go for the Eyes","floor":1.0},{"not_picked":["Conserve Battery","Chaos"],"picked":"Auto Shields","floor":3.0},{"not_picked":["Blizzard","Turbo"],"picked":"Redo","floor":4.0},{"not_picked":["Coolheaded","Go for the Eyes"],"picked":"Electrodynamics","floor":7.0},{"not_picked":["Beam Cell","Rebound"],"picked":"Consume","floor":10.0},{"not_picked":["Coolheaded","Barrage"],"picked":"Sunder","floor":12.0},{"not_picked":["Force Field","White Noise"],"picked":"Coolheaded","floor":14}],"player_experience":830802,"relics_obtained":[{"floor":7.0,"key":"PreservedInsect"},{"floor":9.0,"key":"MawBank"},{"floor":10.0,"key":"Nunchaku"},{"floor":14,"key":"Happy Flower"}],"event_choices":[{"cards_removed":["Strike_B"],"damage_healed":0.0,"max_hp_gain":0.0,"max_hp_loss":0.0,"gold_gain":0.0,"event_name":"Purifier","player_choice":"Purged","floor":2.0,"gold_loss":0.0,"damage_taken":0.0},{"damage_healed":0.0,"max_hp_gain":0.0,"max_hp_loss":0.0,"gold_gain":0.0,"event_name":"Liars Game","player_choice":"Ignored","floor":13.0,"gold_loss":0.0,"damage_taken":0.0}],"is_beta":false,"boss_relics":[],"items_purged_floors":[],"is_endless":false,"potions_floor_spawned":[3,4,10],"killed_by":"Hexaghost","ascension_level":19}}