{"host":"pifa3o3uv2a0m12r","time":1613950691,"event":{"mods":["AchievementEnabler","BaseMod","Colored Map","Minty Spire (QoL Compilation)","StSLib","SuperFastMode"],"gold_per_floor":[117,198,214,227,237,270,270,300,351,374,393,393,414,67,67,188,188,211,211,62,0,24,24,40,65,138,156,156,172,87,102,102,102,102],"floor_reached":33,"language":"FRA","playtime":1504,"items_purged":[],"score":278,"play_id":"9c7cc769-e773-41fc-b0d4-713b9d75e5ce","local_time":"20210221133811","is_ascension_mode":false,"campfire_choices":[{"floor":15,"key":"REST"},{"data":"Searing Blow","floor":23,"key":"SMITH"},{"data":"Searing Blow+1","floor":28,"key":"SMITH"},{"floor":32,"key":"REST"}],"circlet_count":0,"master_deck":["Bash","Hemokinesis","Rampage","Clothesline","Rage","Headbutt","Cleave","Searing Blow+2","Havoc","Cleave","Inflame","Immolate","Reaper","Exhume","Reckless Charge","Clothesline","Demon Form","True Grit","Clash","Pummel","Flame Barrier","Blood for Blood","Bite","Bite","Bite","Bite","Bite","Flame Barrier","Armaments","Armaments","Limit Break","Anger+1","Havoc+1"],"relics":["Burning Blood","War Paint","Ornamental Fan","Smiling Mask","Golden Idol","Odd Mushroom","Bag of Preparation","HornCleat","Bottled Flame","Pandora\u0027s Box","Oddly Smooth Stone","Tiny Chest","Molten Egg 2","Self Forming Clay"],"acts_visited":["Exordium","TheCity"],"potions_floor_usage":[8,8,16,16,25,29,31,33],"damage_taken":[{"damage":0.0,"enemies":"Cultist","floor":1.0,"turns":4.0},{"damage":0.0,"enemies":"Small Slimes","floor":3.0,"turns":4.0},{"damage":1,"enemies":"Jaw Worm","floor":4,"turns":5},{"damage":8,"enemies":"Blue Slaver","floor":5,"turns":4},{"damage":28,"enemies":"3 Sentries","floor":6,"turns":12},{"damage":15,"enemies":"The Mushroom Lair","floor":8,"turns":6},{"damage":1,"enemies":"3 Louse","floor":10,"turns":3},{"damage":5,"enemies":"Lots of Slimes","floor":11,"turns":5},{"damage":5,"enemies":"Looter","floor":13,"turns":4},{"damage":55,"enemies":"The Guardian","floor":16,"turns":13},{"damage":22,"enemies":"Chosen","floor":18,"turns":5},{"damage":33,"enemies":"Shell Parasite","floor":22,"turns":7},{"damage":52,"enemies":"Cultist and Chosen","floor":24,"turns":8},{"damage":0,"enemies":"Snake Plant","floor":25,"turns":4},{"damage":10,"enemies":"Chosen and Byrds","floor":27,"turns":8},{"damage":40,"enemies":"Cultist and Chosen","floor":29,"turns":9},{"damage":22,"enemies":"Shelled Parasite and Fungi","floor":31,"turns":7},{"damage":38,"enemies":"Champ","floor":33,"turns":7}],"seed_played":"-6326719196837171120","potions_obtained":[{"floor":1.0,"key":"Fruit Juice"},{"floor":3,"key":"Block Potion"},{"floor":10,"key":"Ancient Potion"},{"floor":11,"key":"PowerPotion"},{"floor":13,"key":"Block Potion"},{"floor":16,"key":"SkillPotion"},{"floor":25,"key":"ColorlessPotion"},{"floor":27,"key":"AttackPotion"},{"floor":31,"key":"LiquidBronze"}],"is_trial":false,"path_per_floor":["M","T","M","M","M","E","?","?","T","M","M","T","M","$","R","B",null,"M","?","$","?","M","R","M","M","T","M","R","M","?","M","R","B"],"character_chosen":"IRONCLAD","items_purchased":["Cleave","Inflame","Bottled Flame","Oddly Smooth Stone"],"campfire_rested":2,"item_purchase_floors":[14,14,14,20],"current_hp_per_floor":[80,80,80,80,78,56,36,32,32,37,38,38,39,39,64,15,85,73,59,59,59,40,40,14,28,28,40,40,18,18,13,30,0,0],"gold":102,"neow_bonus":"RANDOM_COMMON_RELIC","is_daily":false,"chose_seed":false,"campfire_upgraded":2,"win_rate":0.0,"timestamp":1613950691,"path_taken":["M","?","?","M","?","E","?","?","T","M","M","?","M","$","R","BOSS","M","?","$","?","M","R","?","M","T","M","R","M","?","M","R","BOSS"],"items_purchased_type":["Card","Card","Relic","Relic"],"build_version":"2020-12-22","purchased_purges":0,"victory":false,"max_hp_per_floor":[80,80,80,80,80,80,80,85,85,85,85,85,85,85,85,85,85,85,59,59,59,59,59,59,59,59,59,59,59,59,59,59,59,59],"card_choices":[{"not_picked":["Second Wind","Clash"],"picked":"Hemokinesis","floor":1.0},{"not_picked":["Havoc","Body Slam"],"picked":"Rampage","floor":3},{"not_picked":["Feel No Pain","True Grit"],"picked":"Clothesline","floor":4},{"not_picked":["Berserk","Carnage"],"picked":"Rage","floor":5},{"not_picked":["Rupture","Carnage"],"picked":"Headbutt","floor":6},{"not_picked":["Warcry","Pummel"],"picked":"Cleave","floor":8},{"not_picked":["Sever Soul","Fire Breathing"],"picked":"Searing Blow","floor":10},{"not_picked":["Sword Boomerang","True Grit","Clash"],"picked":"SKIP","floor":11},{"not_picked":["Seeing Red","Disarm"],"picked":"Havoc","floor":13},{"not_picked":["Berserk","Barricade"],"picked":"Immolate","floor":16},{"not_picked":["Whirlwind","Fire Breathing+1"],"picked":"Blood for Blood","floor":18},{"not_picked":["Pummel","Sword Boomerang"],"picked":"Flame Barrier","floor":22},{"not_picked":["True Grit","Heavy Blade"],"picked":"Armaments","floor":24},{"not_picked":["Clothesline","Shockwave"],"picked":"Armaments","floor":25},{"not_picked":["Carnage+1","Shrug It Off"],"picked":"Limit Break","floor":27},{"not_picked":["Intimidate","Infernal Blade"],"picked":"Anger+1","floor":29},{"not_picked":["True Grit","Twin Strike+1"],"picked":"Havoc+1","floor":31}],"player_experience":136609,"relics_obtained":[{"floor":2.0,"key":"Ornamental Fan"},{"floor":6,"key":"Smiling Mask"},{"floor":8,"key":"Odd Mushroom"},{"floor":9,"key":"Bag of Preparation"},{"floor":12,"key":"HornCleat"},{"floor":26,"key":"Molten Egg 2"}],"event_choices":[{"damage_healed":0,"gold_gain":0,"player_choice":"Take Damage","damage_taken":20,"relics_obtained":["Golden Idol"],"max_hp_gain":0,"max_hp_loss":0,"event_name":"Golden Idol","floor":7,"gold_loss":0},{"damage_healed":0,"gold_gain":0,"player_choice":"Fought Mushrooms","damage_taken":0,"max_hp_gain":0,"max_hp_loss":0,"event_name":"Mushrooms","floor":8,"gold_loss":0},{"damage_healed":0,"gold_gain":0,"player_choice":"Became a vampire","damage_taken":0,"max_hp_gain":0,"max_hp_loss":26,"event_name":"Vampires","floor":19,"gold_loss":0,"cards_obtained":["Bite","Bite","Bite","Bite","Bite"]},{"damage_healed":0,"gold_gain":0,"player_choice":"Paid Gold","damage_taken":0,"relics_obtained":["Tiny Chest"],"max_hp_gain":0,"max_hp_loss":0,"event_name":"WeMeetAgain","floor":21,"gold_loss":62},{"damage_healed":0,"gold_gain":0,"player_choice":"Obtained Relic","damage_taken":0,"relics_obtained":["Self Forming Clay"],"max_hp_gain":0,"max_hp_loss":0,"event_name":"Addict","floor":30,"gold_loss":85}],"is_beta":false,"boss_relics":[{"not_picked":["Sozu","Ectoplasm"],"picked":"Pandora\u0027s Box"}],"items_purged_floors":[],"is_endless":false,"potions_floor_spawned":[1,3,10,11,13,16,25,27,31],"killed_by":"Champ","ascension_level":0}}