{"host":"xkc7tfemhzdc5j5t","time":1613907081,"event":{"mods":["AchievementEnabler","Act Like it!","BaseMod","BetterRewards","Colored Map","Colored Powertips","Downfall","Gensokyo","Hallownest","Hermit","Highlight Path","Infinite Spire","Marisa£®ÏF”Í°°ƒß¿Ì…≥£©","Minty Spire (QoL Compilation)","Prisma Mod","Quick Restart","Reimu£®≤©¿ˆ¡È√Œ£©","Replay The Spire","Shop Mod","StSLib","SuperFastMode","The Bug Knight","The Construct","The Cursed","The Disciple","The Hierophant","The Jungle","The Necromancer","The Runesmith","The Servant 0.9.4","Youmu£®ªÍ∆«—˝√Œ£©"],"gold_per_floor":[113,113,129,141,158,158,184,200,227,6,26,26,26,26,26,26,26],"floor_reached":16,"language":"ZHS","playtime":683,"items_purged":["Defend_B","Strike_B"],"score":256,"play_id":"d398eabf-8e29-405e-a103-c2dd9c77ef49","local_time":"20210221193121","is_ascension_mode":true,"campfire_choices":[{"data":"Zap","floor":6,"key":"SMITH"},{"data":"Gash","floor":12,"key":"SMITH"},{"data":"Dualcast","floor":15,"key":"SMITH"}],"circlet_count":0,"master_deck":["AscendersBane","Strike_B","Strike_B","Strike_B","Defend_B","Defend_B","Defend_B","Zap+1","Dualcast+1","Defragment+1","Conserve Battery","Cold Snap","Glacier","Gash+1","Glacier"],"relics":["Cracked Core","Strawberry","Replay:Baseball","Membership Card"],"acts_visited":["Exordium"],"potions_floor_usage":[16],"damage_taken":[{"damage":12,"enemies":"Small Slimes","floor":1,"turns":4},{"damage":0,"enemies":"Cultist","floor":3,"turns":3},{"damage":2,"enemies":"Jaw Worm","floor":4,"turns":3},{"damage":8,"enemies":"Large Slime","floor":5,"turns":7},{"damage":0,"enemies":"Looter","floor":8,"turns":3},{"damage":12,"enemies":"Lots of Slimes","floor":11,"turns":4},{"damage":32,"enemies":"Slime Boss","floor":16,"turns":11}],"seed_played":"-2554998568402461231","potions_obtained":[{"floor":3,"key":"ZuzhouPotion:ReiMu"},{"floor":8,"key":"SkillPotion"}],"is_trial":false,"path_per_floor":["M","?","M","M","M","R","T","M","T","$","M","R","?","?","R","B"],"character_chosen":"DEFECT","items_purchased":["Defragment","Membership Card"],"campfire_rested":0,"item_purchase_floors":[0,10],"current_hp_per_floor":[41,41,41,39,31,31,38,38,38,38,26,26,26,26,26,0,0],"gold":26,"neow_bonus":"","is_daily":false,"chose_seed":false,"campfire_upgraded":3,"win_rate":0.0,"timestamp":1613907081,"path_taken":["M","?","?","?","M","R","?","M","T","?","M","R","?","?","R","BOSS"],"items_purchased_type":["Card","Relic"],"build_version":"2020-12-22","purchased_purges":2,"victory":false,"max_hp_per_floor":[71,71,71,71,71,71,78,78,78,78,78,78,78,78,78,78,78],"card_choices":[{"not_picked":["BasicCrystalCard","ReplayTheSpireMod:GoodbyeWorld"],"picked":"Conserve Battery","floor":1},{"not_picked":["Beam Cell","Redo"],"picked":"Cold Snap","floor":3},{"not_picked":["FTL","Streamline"],"picked":"Glacier","floor":4},{"not_picked":["Beam Cell","Stack"],"picked":"Gash","floor":5},{"not_picked":["Panic Button","Coolheaded","Undo"],"picked":"SKIP","floor":8},{"not_picked":["Tempest","Conserve Battery","Steam"],"picked":"SKIP","floor":11}],"player_experience":801574,"relics_obtained":[{"floor":7,"key":"Strawberry"},{"floor":9,"key":"Replay:Baseball"}],"event_choices":[{"damage_healed":0,"gold_gain":0,"player_choice":"Upgraded","damage_taken":0,"max_hp_gain":0,"max_hp_loss":0,"event_name":"Upgrade Shrine","floor":2,"gold_loss":0,"cards_upgraded":["Defragment"]},{"damage_healed":0,"gold_gain":0,"player_choice":"1 cards matched","damage_taken":0,"max_hp_gain":0,"max_hp_loss":0,"event_name":"Match and Keep!","floor":14,"gold_loss":0,"cards_obtained":["Glacier"]},{"damage_healed":0,"gold_gain":0,"player_choice":"1 cards matched","damage_taken":0,"max_hp_gain":0,"max_hp_loss":0,"event_name":"Match and Keep!","floor":14,"gold_loss":0,"cards_obtained":["Glacier"]}],"is_beta":false,"boss_relics":[],"items_purged_floors":[0,10],"is_endless":false,"potions_floor_spawned":[3,8],"killed_by":"Slime Boss","ascension_level":16}}