{"host":"ppiucu9uavkq1hgp","time":1613875045,"event":{"mods":["Act Like it!","BaseMod","CapriCore","Gensokyo","LagranYue(À­¸ñÀÊ¡¤ÔÂ)","Marisa£¨ìFÓê¡¡Ä§ÀíÉ³£©","Minty Spire (QoL Compilation)","Quick Restart","Reimu£¨²©ÀöÁéÃÎ£©","Relic Stats","Remilia£¨ÀÙÃ×ÀòÑÇ£©","Replay The Spire","RumiaBox-Â¶Ã×æ«µÄÉñÃØºÐ×Ó","StSLib","SuperFastMode","TestMod","The Alterego","The Immortal","Yakumo Yukari mod","Youmu£¨»êÆÇÑýÃÎ£©","noobMod","¡¾¹¦ÄÜMod¡¿»ìãçÖ®»·ÐÞ¸´²¹¶¡","¡¾ÒÅÎï¿¨ÅÆ¡¿REMEMod"],"gold_per_floor":[113,133,147,147,72,98,98,113,158,193,193,193,217,241,241,345,345,372,76,76,85,101,135,135,135,159,188,63,74,74,90,90,191,191,208,58,72,91,103,103,131,131,142,153,191,601,625,654,665,676],"floor_reached":51,"language":"ZHS","playtime":1831,"items_purged":["Defend_R","Looming Evil","Bash","REME_TheLastStrike"],"score":1104,"play_id":"71f48772-074e-48ff-914a-fc5f6549e73d","local_time":"20210221103725","is_ascension_mode":true,"campfire_choices":[{"data":"Vault","floor":7,"key":"SMITH"},{"data":"Strike_R","floor":12,"key":"SMITH"},{"data":"True Grit","floor":15,"key":"SMITH"},{"data":"ReplayTheSpireMod:Strike From Hell","floor":24,"key":"SMITH"},{"data":"REME_SingleHolding","floor":30,"key":"SMITH"},{"data":"Strike_R","floor":32,"key":"SMITH"},{"data":"ReplayTheSpireMod:Muscle Training","floor":40,"key":"SMITH"},{"floor":44,"key":"RECALL"},{"data":"REME_TheLastStrike","floor":49,"key":"SMITH"}],"circlet_count":0,"master_deck":["Strike_R","Strike_R","Strike_R","Strike_R+1","Strike_R+1","Defend_R","Defend_R","Defend_R","Vault+1","ReplayTheSpireMod:Stacked","True Grit+1","REME_TheLastStrike+1","ReplayTheSpireMod:Muscle Training+1","ReplayTheSpireMod:Strike From Hell+1","ReplayTheSpireMod:Strike From Hell+1","Burning Pact+1","Limit Break","REME_SingleHolding+1"],"relics":["Burning Blood","testmod-TestBox","ice","testmod-HeartOfStrike","LagranYue:RandomDrawCardRelic","FaceOfCleric","Letter Opener","Replay:Bandana","testmod-LifeArmor","Ring of Fury","ReplayTheSpireMod:Ring of Exchange","LagranYue:MagicReflectiveArmorRelic","testmod-HarvestTotem","testmod-Charity","PreservedInsect","Calipers","REME_CardOfGreed","Ancient Tea Set","MawBank","Mummified Hand","ScarletDevilRocket"],"acts_visited":["Exordium","TheCity","TheBeyond"],"potions_floor_usage":[0,18],"damage_taken":[{"damage":0,"enemies":"2 Louse","floor":1,"turns":2},{"damage":6,"enemies":"Cultist","floor":2,"turns":3},{"damage":0,"enemies":"Jaw Worm","floor":3,"turns":2},{"damage":14,"enemies":"Gremlin Nob","floor":6,"turns":3},{"damage":7,"enemies":"Exordium Wildlife","floor":8,"turns":3},{"damage":6,"enemies":"Lagavulin","floor":10,"turns":5},{"damage":19,"enemies":"Gremlin Gang","floor":14,"turns":5},{"damage":5,"enemies":"Fading Forest","floor":16,"turns":12},{"damage":16,"enemies":"Shell Parasite","floor":18,"turns":3},{"damage":10,"enemies":"2 Thieves","floor":21,"turns":3},{"damage":5,"enemies":"3 Cultists","floor":22,"turns":4},{"damage":18,"enemies":"Gremlin Leader","floor":23,"turns":4},{"damage":4,"enemies":"Book of Stabbing","floor":27,"turns":2},{"damage":0,"enemies":"Cultist and Chosen","floor":29,"turns":2},{"damage":10,"enemies":"Sentry and Sphere","floor":31,"turns":3},{"damage":11,"enemies":"Pondfish","floor":33,"turns":8},{"damage":1,"enemies":"Orb Walker","floor":35,"turns":2},{"damage":1,"enemies":"3 Darklings","floor":37,"turns":2},{"damage":15,"enemies":"Jaw Worm Horde","floor":38,"turns":4},{"damage":10,"enemies":"Sphere and 2 Shapes","floor":39,"turns":2},{"damage":17,"enemies":"Nemesis","floor":41,"turns":5},{"damage":1,"enemies":"Giant Head","floor":45,"turns":3},{"damage":0,"enemies":"4 Shapes","floor":47,"turns":2},{"damage":0,"enemies":"Jaw Worm Horde","floor":48,"turns":2},{"damage":15,"enemies":"Time Eater","floor":50,"turns":5}],"seed_played":"-6133088616708126211","potions_obtained":[{"floor":0,"key":"Fruit Juice"},{"floor":0,"key":"Reflective Coating"},{"floor":0,"key":"Death Potion"},{"floor":1,"key":"Adrenaline Potion"},{"floor":2,"key":"Toxic Potion"},{"floor":18,"key":"Milkshake"},{"floor":47,"key":"MagicPotion:ReiMu"}],"is_trial":false,"path_per_floor":["M","M","M","?","$","E","R","M","T","E","?","R","T","M","R","B",null,"M","$","?","M","M","E","R","?","T","E","$","M","R","M","R","B",null,"M","$","M","M","M","R","E","T","T","R","E","?","M","M","R","B",null],"character_chosen":"IRONCLAD","items_purchased":["testmod-Charity","ReplayTheSpireMod:Strike From Hell"],"campfire_rested":0,"item_purchase_floors":[19,19],"current_hp_per_floor":[85,85,85,85,85,78,78,78,78,79,79,79,79,67,67,69,180,180,180,146,208,250,273,273,273,276,296,296,320,320,344,344,368,368,384,384,412,444,464,464,500,500,502,504,542,546,572,594,596,628],"gold":687,"neow_bonus":"THREE_SMALL_POTIONS","is_daily":false,"chose_seed":false,"campfire_upgraded":8,"win_rate":0.0,"timestamp":1613875045,"path_taken":["M","M","M","?","?","E","R","M","T","E","?","R","?","M","R","BOSS","M","$","?","M","M","E","R","?","T","E","?","M","R","?","R","BOSS","M","$","M","M","M","R","E","?","T","R","E","?","M","M","R","BOSS"],"items_purchased_type":["Relic","Card"],"build_version":"2020-12-22","purchased_purges":4,"victory":true,"max_hp_per_floor":[85,85,85,85,85,86,86,87,87,88,88,88,88,89,89,90,180,182,182,192,222,250,274,274,274,276,296,296,320,320,344,344,368,368,384,384,412,444,464,464,500,500,502,504,542,546,572,594,596,628],"relic_stats":{"FaceOfCleric":22,"counters":[25,91],"Mummified Hand":[0],"PreservedInsect":254,"Letter Opener":[75],"MawBank":99,"obtain_stats":[{"testmod-HeartOfStrike":0,"ReplayTheSpireMod:Ring of Exchange":11,"testmod-TestBox":0,"Calipers":27,"ScarletDevilRocket":45,"LagranYue:RandomDrawCardRelic":0,"testmod-LifeArmor":10,"PreservedInsect":23,"ice":0,"testmod-HarvestTotem":17,"Letter Opener":6,"LagranYue:MagicReflectiveArmorRelic":13,"Ancient Tea Set":41,"MawBank":42,"Burning Blood":0,"testmod-Charity":19,"Replay:Bandana":9,"FaceOfCleric":4,"Mummified Hand":43,"Ring of Fury":11,"REME_CardOfGreed":34,"REME_ComplimentaryCards":0},{"testmod-HeartOfStrike":0,"ReplayTheSpireMod:Ring of Exchange":6,"testmod-TestBox":0,"Calipers":13,"ScarletDevilRocket":22,"LagranYue:RandomDrawCardRelic":0,"testmod-LifeArmor":6,"PreservedInsect":12,"ice":0,"testmod-HarvestTotem":8,"Letter Opener":4,"LagranYue:MagicReflectiveArmorRelic":6,"Ancient Tea Set":21,"MawBank":21,"Burning Blood":0,"testmod-Charity":9,"Replay:Bandana":5,"FaceOfCleric":3,"Mummified Hand":21,"Ring of Fury":6,"REME_CardOfGreed":16,"REME_ComplimentaryCards":0},{"testmod-HeartOfStrike":0,"ReplayTheSpireMod:Ring of Exchange":18,"testmod-TestBox":0,"Calipers":51,"ScarletDevilRocket":82,"LagranYue:RandomDrawCardRelic":0,"testmod-LifeArmor":18,"PreservedInsect":49,"ice":0,"testmod-HarvestTotem":35,"Letter Opener":10,"LagranYue:MagicReflectiveArmorRelic":18,"Ancient Tea Set":79,"MawBank":79,"Burning Blood":0,"testmod-Charity":38,"Replay:Bandana":13,"FaceOfCleric":7,"Mummified Hand":79,"Ring of Fury":18,"REME_CardOfGreed":64,"REME_ComplimentaryCards":0}],"Burning Blood":96},"card_choices":[{"not_picked":["Wild Strike","Blood for Blood"],"picked":"ReplayTheSpireMod:Stacked","floor":1},{"not_picked":["Metallicize","Heavy Blade","Armaments"],"picked":"SKIP","floor":2},{"not_picked":["Wild Strike","Shrug It Off"],"picked":"True Grit","floor":3},{"not_picked":["Warcry","Evolve","True Grit"],"picked":"SKIP","floor":6},{"not_picked":["Pommel Strike","Replay:Many Hands","Disarm"],"picked":"SKIP","floor":8},{"not_picked":["Body Slam","REME_Scribble","ReplayTheSpireMod:Limb From Limb"],"picked":"SKIP","floor":10},{"not_picked":["Headbutt","Second Wind","Pummel"],"picked":"SKIP","floor":14},{"not_picked":["Demon Form","Offering"],"picked":"REME_TheLastStrike","floor":16},{"not_picked":["Rage+1","ReplayReversal"],"picked":"ReplayTheSpireMod:Muscle Training","floor":18},{"not_picked":["ReplayTheSpireMod:Limb From Limb","Blood for Blood"],"picked":"ReplayTheSpireMod:Strike From Hell+1","floor":21},{"not_picked":["ReplayReversal","Fire Breathing+1"],"picked":"Burning Pact+1","floor":22},{"not_picked":["Massacre+1","Flex"],"picked":"Limit Break","floor":23},{"not_picked":["Warcry","Metallicize"],"picked":"REME_SingleHolding","floor":27},{"not_picked":["Intimidate","Thunderclap","Armaments"],"picked":"SKIP","floor":29},{"not_picked":["Run Through","Replay:Undeath\u0027s Touch","Clothesline+1"],"picked":"SKIP","floor":31},{"not_picked":["Hemogenesis","Juggernaut"],"picked":"REME_TheLastStrike","floor":33},{"not_picked":["Shockwave+1","Blood for Blood","Thunderclap"],"picked":"SKIP","floor":35},{"not_picked":["Wild Strike+1","Reckless Charge+1","Iron Wave"],"picked":"SKIP","floor":37},{"not_picked":["Second Wind+1","Thunderclap","Headbutt+1"],"picked":"SKIP","floor":38},{"not_picked":["Clash+1","Run Through+1","True Grit+1"],"picked":"SKIP","floor":39},{"not_picked":["Evolve+1","REME_Scribble+1","Run Through+1"],"picked":"SKIP","floor":41},{"not_picked":["ReplayTheSpireMod:Stacked","REME_Scribble+1","Life Link"],"picked":"SKIP","floor":45},{"not_picked":["Run Through","ReplayTheSpireMod:Strike From Hell","Juggernaut"],"picked":"SKIP","floor":47},{"not_picked":["Clash+1","Warcry","Infernal Blade+1"],"picked":"SKIP","floor":48}],"player_experience":35350,"relics_obtained":[{"floor":6,"key":"Letter Opener"},{"floor":9,"key":"Replay:Bandana"},{"floor":10,"key":"testmod-LifeArmor"},{"floor":11,"key":"Ring of Fury"},{"floor":11,"key":"ReplayTheSpireMod:Ring of Exchange"},{"floor":13,"key":"LagranYue:MagicReflectiveArmorRelic"},{"floor":23,"key":"PreservedInsect"},{"floor":27,"key":"Calipers"},{"floor":41,"key":"Ancient Tea Set"},{"floor":42,"key":"MawBank"},{"floor":43,"key":"Mummified Hand"},{"floor":45,"key":"ScarletDevilRocket"}],"event_choices":[{"damage_healed":0,"gold_gain":0,"player_choice":"Trade","damage_taken":0,"relics_obtained":["FaceOfCleric"],"max_hp_gain":0,"max_hp_loss":0,"event_name":"FaceTrader","floor":4,"gold_loss":0},{"damage_healed":0,"gold_gain":0,"player_choice":"Shed Blood","damage_taken":46,"max_hp_gain":5,"max_hp_loss":0,"event_name":"Forgotten Altar","floor":20,"gold_loss":0},{"damage_healed":0,"gold_gain":0,"player_choice":"Ignored","damage_taken":0,"max_hp_gain":0,"max_hp_loss":0,"event_name":"Vampires","floor":25,"gold_loss":0},{"damage_healed":0,"gold_gain":400,"player_choice":"Sell","damage_taken":0,"max_hp_gain":0,"max_hp_loss":0,"event_name":"¶÷ÂåË¹µÄÅÌ×Ó","floor":46,"relics_lost":["REME_ComplimentaryCards"],"gold_loss":0}],"is_beta":false,"boss_relics":[{"not_picked":["Cursed Key","testmod-NegativeEmotionEnhancer"],"picked":"testmod-HarvestTotem"},{"not_picked":["HandDrill","RedLine:ReiMu"],"picked":"REME_CardOfGreed"}],"items_purged_floors":[5,19,28,36],"is_endless":false,"potions_floor_spawned":[1,2,6,10,16,18,23,31,37,45,47],"ascension_level":1}}