{"host":"snd6571rw3150vxe","time":1613913623,"event":{"mods":["AchievementEnabler","BaseMod","Bestiary","Colored Powertips","Highlight Path","Minty Spire (QoL Compilation)","Quick Restart","Random Character Button","Relic Stats","StSLib","slay the spire mod where everything is the same but ironclad has a cowboy hat"],"gold_per_floor":[113,124,89,89,89,89,123,123,123,146,146,171,211,211,211,332,332,316,316,316],"floor_reached":19,"language":"ENG","playtime":902,"items_purged":[],"score":245,"play_id":"445daad2-8afc-4be3-b7c1-0c8de5a93f85","local_time":"20210221152023","is_ascension_mode":true,"campfire_choices":[{"data":"Zap","floor":6,"key":"SMITH"},{"floor":8,"key":"REST"},{"floor":15,"key":"REST"}],"circlet_count":0,"master_deck":["Strike_B","Strike_B","Strike_B","Strike_B","Defend_B","Defend_B","Defend_B","Defend_B","Zap+1","Dualcast","Steam","Injury","Genetic Algorithm","Go for the Eyes","Gash","Parasite"],"relics":["Cracked Core","Golden Idol","Lantern","Meat on the Bone","Pear","Potion Belt"],"acts_visited":["Exordium","TheCity"],"potions_floor_usage":[13,16,16,19],"damage_taken":[{"damage":0,"enemies":"Cultist","floor":1,"turns":4},{"damage":13,"enemies":"Small Slimes","floor":2,"turns":4},{"damage":48,"enemies":"Gremlin Nob","floor":7,"turns":5},{"damage":11,"enemies":"Jaw Worm","floor":10,"turns":6},{"damage":3,"enemies":"3 Louse","floor":12,"turns":3},{"damage":39,"enemies":"3 Sentries","floor":13,"turns":9},{"damage":77,"enemies":"Slime Boss","floor":16,"turns":15},{"damage":20,"enemies":"2 Thieves","floor":18,"turns":4},{"damage":68,"enemies":"Masked Bandits","floor":19,"turns":3}],"seed_played":"5587242009609819424","potions_obtained":[{"floor":0,"key":"Dexterity Potion"},{"floor":0,"key":"PotionOfCapacity"},{"floor":0,"key":"SkillPotion"},{"floor":7,"key":"LiquidBronze"},{"floor":13,"key":"Regen Potion"}],"is_trial":false,"path_per_floor":["M","M","?","$","?","R","E","R","T","M","?","M","E","?","R","B",null,"M","?"],"character_chosen":"DEFECT","items_purchased":[],"campfire_rested":2,"item_purchase_floors":[],"current_hp_per_floor":[68,55,73,73,73,73,25,47,47,48,55,52,25,46,71,21,69,49,0,0],"gold":316,"neow_bonus":"THREE_SMALL_POTIONS","is_daily":false,"chose_seed":false,"campfire_upgraded":1,"win_rate":0.0,"timestamp":1613913623,"path_taken":["M","M","?","$","?","R","E","R","T","?","?","M","E","?","R","BOSS","M","?"],"items_purchased_type":[],"build_version":"2020-12-22","purchased_purges":0,"victory":false,"max_hp_per_floor":[75,75,75,75,75,75,75,75,75,75,85,85,85,85,85,85,85,85,85,85],"relic_stats":{"counters":[9,53],"Golden Idol":61,"obtain_stats":[{"Potion Belt":13,"Lantern":7,"Pear":11,"Golden Idol":5,"Cracked Core":0,"Meat on the Bone":9},{"Potion Belt":6,"Lantern":3,"Pear":4,"Golden Idol":2,"Cracked Core":0,"Meat on the Bone":3},{"Potion Belt":31,"Lantern":13,"Pear":19,"Golden Idol":8,"Cracked Core":0,"Meat on the Bone":13}],"Meat on the Bone":36},"card_choices":[{"not_picked":["Streamline","Tempest","Stack"],"picked":"SKIP","floor":1},{"not_picked":["Compile Driver","Cold Snap"],"picked":"Steam","floor":2},{"not_picked":["Sunder","BootSequence"],"picked":"Genetic Algorithm","floor":7},{"not_picked":["Reprogram","Chaos"],"picked":"Go for the Eyes","floor":10},{"not_picked":["Stack","Creative AI"],"picked":"Gash","floor":12},{"not_picked":["Stack","Turbo","BootSequence"],"picked":"SKIP","floor":13},{"not_picked":["Reinforced Body","Cold Snap+1","Sweeping Beam"],"picked":"SKIP","floor":18}],"player_experience":378910,"relics_obtained":[{"floor":7,"key":"Lantern"},{"floor":9,"key":"Meat on the Bone"},{"floor":13,"key":"Potion Belt"}],"event_choices":[{"damage_healed":18,"gold_gain":0,"player_choice":"Healed","damage_taken":0,"max_hp_gain":0,"max_hp_loss":0,"event_name":"The Cleric","floor":3,"gold_loss":35},{"damage_healed":0,"gold_gain":0,"player_choice":"Take Wound","damage_taken":0,"relics_obtained":["Golden Idol"],"max_hp_gain":0,"max_hp_loss":0,"event_name":"Golden Idol","floor":5,"gold_loss":0,"cards_obtained":["Injury"]},{"damage_healed":0,"gold_gain":0,"player_choice":"Success","damage_taken":3,"relics_obtained":["Pear"],"max_hp_gain":0,"max_hp_loss":0,"event_name":"Scrap Ooze","floor":11,"gold_loss":0},{"damage_healed":21,"gold_gain":0,"player_choice":"Healed and dodged fight","damage_taken":0,"max_hp_gain":0,"max_hp_loss":0,"event_name":"Mushrooms","floor":14,"gold_loss":0,"cards_obtained":["Parasite"]},{"damage_healed":0,"gold_gain":0,"player_choice":"Fought Bandits","damage_taken":0,"max_hp_gain":0,"max_hp_loss":0,"event_name":"Masked Bandits","floor":19,"gold_loss":0}],"is_beta":false,"boss_relics":[{"not_picked":["Ectoplasm","Coffee Dripper","Sozu"]}],"items_purged_floors":[],"is_endless":false,"potions_floor_spawned":[7,10,13],"killed_by":"Masked Bandits","ascension_level":8}}