{"host":"2se5dq1do2gp0x9k","time":1613893364,"event":{"mods":["AchievementEnabler","BaseMod","Block Reminder","Colored Map","Colored Powertips","Minty Spire (QoL Compilation)","Relic Stats","StSLib","SuperFastMode"],"gold_per_floor":[217,237,237,50,63,63,96,96,151,163,181,194,206,206,206],"floor_reached":14,"language":"ENG","playtime":502,"items_purged":[],"score":188,"play_id":"d394ba84-75ab-44ea-bfa6-bcd5efeef707","local_time":"20210220234244","is_ascension_mode":true,"campfire_choices":[{"data":"Bouncing Flask","floor":6,"key":"SMITH"},{"floor":8,"key":"REST"}],"circlet_count":0,"master_deck":["AscendersBane","Strike_G","Strike_G","Strike_G","Strike_G","Strike_G","Defend_G","Defend_G","Defend_G","Defend_G","Defend_G","Survivor","Neutralize","Dagger Throw","Bouncing Flask+1","Deadly Poison","Well Laid Plans","Reflex","PiercingWail","Noxious Fumes","Corpse Explosion","Leg Sweep","Poisoned Stab","PiercingWail"],"relics":["Ring of the Snake","Bronze Scales","Bag of Marbles"],"acts_visited":["Exordium"],"potions_floor_usage":[12,13,14],"damage_taken":[{"damage":4,"enemies":"Cultist","floor":1,"turns":5},{"damage":0,"enemies":"2 Louse","floor":2,"turns":4},{"damage":13,"enemies":"Small Slimes","floor":5,"turns":4},{"damage":34,"enemies":"3 Sentries","floor":7,"turns":10},{"damage":5,"enemies":"Looter","floor":10,"turns":3},{"damage":12,"enemies":"2 Fungi Beasts","floor":11,"turns":3},{"damage":16,"enemies":"3 Louse","floor":12,"turns":3},{"damage":0,"enemies":"Exordium Thugs","floor":13,"turns":4},{"damage":10,"enemies":"Lagavulin","floor":14,"turns":3}],"seed_played":"-4902036349473236135","potions_obtained":[{"floor":2,"key":"Strength Potion"},{"floor":5,"key":"Weak Potion"},{"floor":12,"key":"Energy Potion"},{"floor":13,"key":"Poison Potion"}],"is_trial":false,"path_per_floor":["M","M","?","$","M","R","E","R","T","M","M","M","M","E"],"character_chosen":"THE_SILENT","items_purchased":["Deadly Poison","Well Laid Plans","Reflex"],"campfire_rested":1,"item_purchase_floors":[4,4,4],"current_hp_per_floor":[55,55,60,60,47,47,13,34,34,29,17,1,1,0,0],"gold":206,"neow_bonus":"HUNDRED_GOLD","is_daily":false,"chose_seed":false,"campfire_upgraded":1,"win_rate":0.0,"timestamp":1613893364,"path_taken":["M","M","?","$","M","R","E","R","T","M","M","M","M","E"],"items_purchased_type":["Card","Card","Card"],"build_version":"2020-12-22","purchased_purges":0,"victory":false,"max_hp_per_floor":[66,66,71,71,71,71,71,71,71,71,71,71,71,71,71],"relic_stats":{"counters":[9,39],"Bronze Scales":[36],"obtain_stats":[{"Bronze Scales":7,"Bag of Marbles":9,"Ring of the Snake":0},{"Bronze Scales":4,"Bag of Marbles":4,"Ring of the Snake":0},{"Bronze Scales":23,"Bag of Marbles":23,"Ring of the Snake":0}],"Ring of the Snake":[18]},"card_choices":[{"not_picked":["Setup","PiercingWail"],"picked":"Dagger Throw","floor":1},{"not_picked":["Finisher","Flying Knee"],"picked":"Bouncing Flask","floor":2},{"not_picked":["Expertise","Masterful Stab"],"picked":"PiercingWail","floor":5},{"not_picked":["PiercingWail","Blade Dance"],"picked":"Noxious Fumes","floor":7},{"not_picked":["Quick Slash","Well Laid Plans"],"picked":"Corpse Explosion","floor":10},{"not_picked":["Bane","Blade Dance"],"picked":"Leg Sweep","floor":11},{"not_picked":["Well Laid Plans","Choke"],"picked":"Poisoned Stab","floor":12},{"not_picked":["Reflex","Deadly Poison"],"picked":"PiercingWail","floor":13}],"player_experience":4094931,"relics_obtained":[{"floor":7,"key":"Bronze Scales"},{"floor":9,"key":"Bag of Marbles"}],"event_choices":[{"damage_healed":0,"gold_gain":0,"player_choice":"Donut","damage_taken":0,"max_hp_gain":5,"max_hp_loss":0,"event_name":"Big Fish","floor":3,"gold_loss":0}],"is_beta":false,"boss_relics":[],"items_purged_floors":[],"is_endless":false,"potions_floor_spawned":[2,5,10,12,13],"killed_by":"Lagavulin","ascension_level":20}}