{"host":"ssceekdvsvld625r","time":1613898787,"event":{"mods":["AchievementEnabler","BaseMod","Better Third Choice","Block Reminder","Colored Map","Colored Powertips","Downfall","Minty Spire (QoL Compilation)","Permanent Neow","Quick Restart","Rare Cards Sparkle","Relic Stats","Reliquary","Replay The Spire","Shop Mod","StSLib"],"gold_per_floor":[99,119,119,132,149,166,213,231,251,262,274,274,292,310,328,432,432,432,445,462,76,76,76,76,90,108,136,136,156,181,234,249,351,351,351,369,369,420,440,440,467,467,486,496,496,496,359,394,394,414,427,427],"floor_reached":53,"language":"ENG","playtime":6184,"items_purged":["hexamod:SearingWound"],"score":831,"play_id":"cfc1c493-4d7f-47bf-8016-3d7717145cfe","local_time":"20210221021307","is_ascension_mode":false,"campfire_choices":[{"floor":1,"key":"DIG"},{"data":"hexamod:Float","floor":18,"key":"SMITH"},{"floor":35,"key":"DIG"},{"floor":42,"key":"RECALL"},{"floor":49,"key":"REST"}],"circlet_count":0,"master_deck":["hexamod:Strike+1","hexamod:Strike","hexamod:Strike+1","hexamod:Defend+1","hexamod:Defend+1","hexamod:Float+1","hexamod:BurningTouch","hexamod:HauntingEcho","hexamod:GhostShield+1","hexamod:Hexaguard","hexamod:WildfireWeapon+1","hexamod:SpectersWail+1","hexamod:GhostShield","hexamod:GhostLash","hexamod:GhostLash","hexamod:FourthSeal","hexamod:Rewind","hexamod:Hexaguard","hexamod:WildfireWeapon+1","hexamod:TimeOfNeed+1","hexamod:Hexaguard+1","hexamod:NightmareStrike+1","hexamod:GhostLash+1","hexamod:SixthSeal","hexamod:GhostLash+1","hexamod:SpectersWail+1","hexamod:FirstSeal","hexamod:GhostLash+1","hexamod:GhostLash+1","hexamod:UnlimitedPower+1","hexamod:Hexaguard+1","hexamod:ParanormalForm+1","hexamod:GhostLash+1","hexamod:VolcanoVisage+1","hexamod:SpectersWail+1","hexamod:Rewind+1","Parasite","hexamod:RecurringNightmare+1"],"relics":["hexamod:SpiritBrand","reliquary:Stiletto","Toy Ornithopter","Velvet Choker","MerchantsRug","ClockworkSouvenir","Bottled Flame","sneckomod:BabySnecko","hexamod:InflammatoryLetter","hexamod:TheBrokenSeal","Ginger","reliquary:RoseTintedGlasses","ReplayTheSpireMod:TigerMarble","Replay:Drink Me","Quantum Egg","ReplayTheSpireMod:Ring of Addiction","Potion Belt","Chameleon Ring","Incense Burner","Happy Flower","reliquary:Buckler","Replay:Mystery Machine","Cauldron","Blue Doll"],"acts_visited":["Exordium","TheCity","TheBeyond"],"potions_floor_usage":[14,16,16,20,21,25,26,33,33,38,44,47,52,52,52],"damage_taken":[{"damage":6,"enemies":"Jaw Worm","floor":2,"turns":3},{"damage":1,"enemies":"Cultist","floor":4,"turns":3},{"damage":0,"enemies":"Small Slimes","floor":5,"turns":3},{"damage":14,"enemies":"Blue Slaver","floor":6,"turns":4},{"damage":6,"enemies":"Large Slime","floor":8,"turns":4},{"damage":15,"enemies":"2 Fungi Beasts","floor":9,"turns":3},{"damage":12,"enemies":"Exordium Thugs","floor":10,"turns":4},{"damage":3,"enemies":"Exordium Wildlife","floor":11,"turns":4},{"damage":8,"enemies":"Blue Slaver","floor":13,"turns":3},{"damage":0,"enemies":"Gremlin Gang","floor":14,"turns":4},{"damage":0,"enemies":"Exordium Wildlife","floor":15,"turns":4},{"damage":24,"enemies":"IC_STATUS_ARCHETYPE","floor":16,"turns":7},{"damage":12,"enemies":"Shell Parasite","floor":19,"turns":4},{"damage":40,"enemies":"downfall:LooterAlt2","floor":20,"turns":6},{"damage":10,"enemies":"downfall:FleeingMerchant","floor":21,"turns":5},{"damage":18,"enemies":"Cultist and Chosen","floor":25,"turns":7},{"damage":15,"enemies":"Centurion and Healer","floor":26,"turns":7},{"damage":1,"enemies":"Book of Stabbing","floor":27,"turns":3},{"damage":0,"enemies":"Snecko","floor":29,"turns":3},{"damage":3,"enemies":"Slavers","floor":30,"turns":4},{"damage":0,"enemies":"Snake Plant","floor":32,"turns":2},{"damage":20,"enemies":"SI_MIRROR_ARCHETYPE","floor":33,"turns":7},{"damage":9,"enemies":"3 Darklings","floor":36,"turns":4},{"damage":18,"enemies":"2 Orb Walkers","floor":38,"turns":2},{"damage":0,"enemies":"Orb Walker","floor":39,"turns":2},{"damage":3,"enemies":"Sphere and 2 Shapes","floor":43,"turns":2},{"damage":4,"enemies":"Jaw Worm Horde","floor":44,"turns":2},{"damage":10,"enemies":"downfall:FleeingMerchant","floor":47,"turns":4},{"damage":0,"enemies":"R_Hoarder","floor":48,"turns":5},{"damage":0,"enemies":"Writhing Mass","floor":50,"turns":3},{"damage":4,"enemies":"Maw","floor":51,"turns":5},{"damage":27,"enemies":"DF_ARCHETYPE_ORBS","floor":52,"turns":3}],"seed_played":"1774129622641005237","potions_obtained":[{"floor":6,"key":"FearPotion"},{"floor":6,"key":"SteroidPotion"},{"floor":8,"key":"SpeedPotion"},{"floor":9,"key":"Fire Potion"},{"floor":14,"key":"EntropicBrew"},{"floor":14,"key":"PowerPotion"},{"floor":15,"key":"Slimebound:ThreeZeroPotion"},{"floor":16,"key":"Guardian:BlockOnCardUsePotion"},{"floor":19,"key":"Fire Potion"},{"floor":20,"key":"Flashbang"},{"floor":20,"key":"LifebloodPotion"},{"floor":21,"key":"Adrenaline Potion"},{"floor":25,"key":"Energy Potion"},{"floor":25,"key":"FairyPotion"},{"floor":26,"key":"Guardian:BlockOnCardUsePotion"},{"floor":27,"key":"hexamod:SoulburnPotion"},{"floor":29,"key":"hexamod:SoulburnPotion"},{"floor":33,"key":"champ:CounterPotion"},{"floor":33,"key":"Elixir"},{"floor":37,"key":"SmokeBomb"},{"floor":37,"key":"SkillPotion"},{"floor":37,"key":"SkillPotion"},{"floor":39,"key":"PowerPotion"},{"floor":44,"key":"Swift Potion"},{"floor":47,"key":"LifebloodPotion"},{"floor":47,"key":"LiquidMemories"},{"floor":47,"key":"Reflective Coating"},{"floor":48,"key":"hexamod:SoulburnPotion"}],"is_trial":false,"path_per_floor":["R_BF","M","?","M","M","M","T","M","M","M","M","?","M","M","M","B",null,"R","M","M","$","?","?","T","M","M","E","?","M","E","T","M","B",null,"R_BF","M","?","?","M","T","T","R","M","M","PTL","PTL","$","E","R","M","M","B",null],"character_chosen":"THE_SPIRIT","items_purchased":["MerchantsRug","ClockworkSouvenir","Bottled Flame","reliquary:Buckler","Replay:Mystery Machine","Cauldron"],"campfire_rested":1,"item_purchase_floors":[21,21,21,47,47,47],"current_hp_per_floor":[63,57,57,56,56,42,42,36,21,16,20,20,19,31,38,31,63,63,58,30,32,32,32,32,33,73,73,73,73,73,73,73,62,55,55,53,53,40,40,40,40,40,37,38,38,38,33,40,53,53,47,24],"gold":427,"neow_bonus":"TRANSFORM_TWO_CARDS","is_daily":false,"chose_seed":false,"campfire_upgraded":1,"win_rate":0.0,"timestamp":1613898787,"path_taken":["R_BF","M","?","M","M","M","T","M","M","M","?","?","M","M","M","BOSS","R","M","M","$","?","?","T","M","M","E","?","?","E","?","M","BOSS","R_BF","M","?","?","M","?","T","R","M","M","PTL","PTL","$","E","R","?","M","BOSS"],"items_purchased_type":["Relic","Relic","Relic","Relic","Relic","Relic"],"build_version":"2020-12-22","purchased_purges":1,"victory":true,"max_hp_per_floor":[63,63,63,63,63,63,63,63,63,63,63,63,63,63,63,63,63,63,63,63,63,63,63,63,63,73,73,73,73,73,73,73,73,55,55,55,55,55,55,55,55,53,53,53,53,53,53,53,53,53,51,51],"relic_stats":{"Happy Flower":[8],"counters":[32,126],"Ginger":[10],"obtain_stats":[{"Blue Doll":48,"Incense Burner":38,"Ginger":27,"Replay:Mystery Machine":47,"ClockworkSouvenir":21,"downfall:BrokenWingStatue":12,"Chameleon Ring":37,"reliquary:Buckler":47,"reliquary:RoseTintedGlasses":30,"Replay:Drink Me":34,"hexamod:SpiritBrand":0,"Potion Belt":37,"MerchantsRug":21,"Happy Flower":41,"Replay:Grab Bag":17,"Astrolabe":17,"Quantum Egg":35,"ReplayTheSpireMod:Ring of Addiction":37,"Velvet Choker":17,"hexamod:TheBrokenSeal":26,"hexamod:InflammatoryLetter":24,"Runic Dome":17,"sneckomod:BabySnecko":22,"Cauldron":47,"Bottled Flame":21,"reliquary:Stiletto":1,"ReplayTheSpireMod:TigerMarble":31,"Toy Ornithopter":7},{"Blue Doll":29,"Incense Burner":24,"Ginger":18,"Replay:Mystery Machine":28,"ClockworkSouvenir":15,"downfall:BrokenWingStatue":8,"Chameleon Ring":23,"reliquary:Buckler":28,"reliquary:RoseTintedGlasses":20,"Replay:Drink Me":22,"hexamod:SpiritBrand":0,"Potion Belt":23,"MerchantsRug":15,"Happy Flower":25,"Replay:Grab Bag":12,"Astrolabe":12,"Quantum Egg":22,"ReplayTheSpireMod:Ring of Addiction":23,"Velvet Choker":12,"hexamod:TheBrokenSeal":17,"hexamod:InflammatoryLetter":15,"Runic Dome":12,"sneckomod:BabySnecko":15,"Cauldron":28,"Bottled Flame":15,"reliquary:Stiletto":0,"ReplayTheSpireMod:TigerMarble":20,"Toy Ornithopter":4},{"Blue Doll":115,"Incense Burner":100,"Ginger":78,"Replay:Mystery Machine":110,"ClockworkSouvenir":61,"downfall:BrokenWingStatue":28,"Chameleon Ring":98,"reliquary:Buckler":110,"reliquary:RoseTintedGlasses":85,"Replay:Drink Me":94,"hexamod:SpiritBrand":0,"Potion Belt":98,"MerchantsRug":61,"Happy Flower":102,"Replay:Grab Bag":46,"Astrolabe":46,"Quantum Egg":94,"ReplayTheSpireMod:Ring of Addiction":98,"Velvet Choker":46,"hexamod:TheBrokenSeal":73,"hexamod:InflammatoryLetter":61,"Runic Dome":46,"sneckomod:BabySnecko":61,"Cauldron":110,"Bottled Flame":61,"reliquary:Stiletto":0,"ReplayTheSpireMod:TigerMarble":85,"Toy Ornithopter":13}],"Toy Ornithopter":56},"card_choices":[{"not_picked":["hexamod:BacktrackSmack","hexamod:ShieldOfDarkness"],"picked":"hexamod:BurningTouch","floor":2},{"not_picked":["hexamod:DynamicBlow","hexamod:EtherealExpedition"],"picked":"hexamod:ThirdSeal","floor":4},{"not_picked":["hexamod:GhostShield","hexamod:HauntingEcho"],"picked":"hexamod:FourthSeal","floor":5},{"not_picked":["hexamod:GhostShield","hexamod:BacktrackSmack","hexamod:Haunt"],"picked":"SKIP","floor":5},{"not_picked":["hexamod:InspiringFlames","hexamod:NecessarySacrifice"],"picked":"hexamod:HauntingEcho","floor":6},{"not_picked":["hexamod:ShieldOfDarkness","hexamod:HeatMetal"],"picked":"hexamod:GhostShield","floor":6},{"not_picked":["hexamod:NightmareStrike","hexamod:Firestarter"],"picked":"hexamod:EmpoweredFlame","floor":8},{"not_picked":["hexamod:AdvancingGuard","hexamod:StepThrough"],"picked":"hexamod:Hexaguard","floor":8},{"not_picked":["hexamod:GhostLash","hexamod:ThermalTransfer"],"picked":"hexamod:WildfireWeapon","floor":9},{"not_picked":["hexamod:BurningTouch","hexamod:ThermalTransfer"],"picked":"hexamod:FirstSeal","floor":9},{"not_picked":["hexamod:HeatMetal","hexamod:HeatShield"],"picked":"hexamod:SpectersWail","floor":10},{"not_picked":["hexamod:BurningTouch","hexamod:SwordOfDarkness"],"picked":"hexamod:GhostShield","floor":10},{"not_picked":["hexamod:ShieldOfDarkness","hexamod:RainOfEmbers"],"picked":"hexamod:GhostLash","floor":11},{"not_picked":["hexamod:InspiringFlames","hexamod:HeatShield"],"picked":"hexamod:GhostLash","floor":11},{"not_picked":["hexamod:BacktrackSmack","hexamod:Firestarter","hexamod:ShieldOfDarkness"],"picked":"SKIP","floor":13},{"not_picked":["hexamod:SkipABeat","hexamod:TimeWarp","hexamod:HeatShield"],"picked":"SKIP","floor":13},{"not_picked":["hexamod:SkipABeat","hexamod:NightmareGuise"],"picked":"hexamod:FourthSeal","floor":14},{"not_picked":["hexamod:SwordOfDarkness","hexamod:BurningTouch"],"picked":"hexamod:Rewind","floor":14},{"not_picked":["hexamod:BurningTouch","hexamod:HauntingEcho"],"picked":"hexamod:SearingWound","floor":15},{"not_picked":["hexamod:HeatMetal","hexamod:NightmareGuise"],"picked":"hexamod:Hexaguard","floor":15},{"not_picked":["hexamod:HexaLevel","hexamod:SearingWound"],"picked":"hexamod:WildfireWeapon","floor":16},{"not_picked":["hexamod:HexaLevel","hexamod:TimeOfNeed"],"picked":"hexamod:FifthSeal","floor":16},{"not_picked":["hexamod:FirstSeal","hexamod:FourthSeal"],"picked":"hexamod:SixthSeal","floor":19},{"not_picked":["hexamod:Hexaguard","hexamod:HauntingEcho"],"picked":"hexamod:GhostLash+1","floor":19},{"not_picked":["hexamod:ThirdSeal","hexamod:FirstSeal"],"picked":"hexamod:SixthSeal","floor":20},{"not_picked":["hexamod:ThermalTransfer","hexamod:TimeWarp"],"picked":"hexamod:GhostLash","floor":20},{"not_picked":["hexamod:SwordOfDarkness","hexamod:HeatShield"],"picked":"hexamod:SpectersWail","floor":20},{"not_picked":["hexamod:FourthSeal","hexamod:ThirdSeal"],"picked":"hexamod:FirstSeal","floor":21},{"not_picked":["hexamod:ShieldOfDarkness+1","hexamod:FastForward"],"picked":"hexamod:GhostLash","floor":21},{"not_picked":["hexamod:HauntingEcho","hexamod:GhostflameInferno","hexamod:Firestarter"],"picked":"SKIP","floor":21},{"not_picked":["hexamod:FourthSeal","hexamod:SixthSeal"],"picked":"hexamod:SecondSeal","floor":25},{"not_picked":["hexamod:BacktrackSmack","hexamod:HeatMetal","hexamod:ThermalTransfer"],"picked":"SKIP","floor":25},{"not_picked":["hexamod:SecondSeal","hexamod:SkipABeat+1","hexamod:HeatShield"],"picked":"SKIP","floor":25},{"not_picked":["hexamod:ShieldOfDarkness","hexamod:HauntingEcho"],"picked":"hexamod:GhostLash+1","floor":26},{"not_picked":["hexamod:Firestarter","hexamod:AdvancingGuard","hexamod:FourthSeal"],"picked":"SKIP","floor":26},{"not_picked":["hexamod:Again","hexamod:Incineration"],"picked":"hexamod:UnlimitedPower","floor":27},{"not_picked":["hexamod:GhostShield","hexamod:RetreatToShadows"],"picked":"hexamod:Hexaguard+1","floor":29},{"not_picked":["hexamod:Firestarter","hexamod:HeatShield","hexamod:HauntingEcho"],"picked":"SKIP","floor":30},{"not_picked":["hexamod:Firestarter","hexamod:BurningTouch","hexamod:DynamicBlow"],"picked":"SKIP","floor":32},{"not_picked":["hexamod:WildfireWeapon","hexamod:UnlimitedPower"],"picked":"hexamod:ParanormalForm","floor":33},{"not_picked":["hexamod:HeatMetal+1","hexamod:GhostShield+1"],"picked":"hexamod:GhostLash+1","floor":36},{"not_picked":["hexamod:Firestarter","hexamod:ThermalTransfer"],"picked":"hexamod:VolcanoVisage","floor":38},{"not_picked":["hexamod:GhostLash","hexamod:ExtraCrispy","hexamod:GhostOfSpireFuture+1"],"picked":"SKIP","floor":39},{"not_picked":["hexamod:BurningTouch+1","hexamod:PhantomFireball","hexamod:HeatMetal"],"picked":"SKIP","floor":43},{"not_picked":["hexamod:RadiantFlame","hexamod:Hexaguard"],"picked":"hexamod:SpectersWail+1","floor":44},{"not_picked":["hexamod:SearingWound","hexamod:PhantomCloak","hexamod:Again"],"picked":"SKIP","floor":47},{"not_picked":["hexamod:ThermalTransfer","hexamod:TimeOfNeed"],"picked":"hexamod:Rewind+1","floor":48},{"not_picked":["hexamod:Rewind","hexamod:GhostOfSpirePast"],"picked":"hexamod:RecurringNightmare+1","floor":50},{"not_picked":["hexamod:ShieldOfDarkness+1","hexamod:ThermalTransfer","hexamod:BacktrackSmack"],"picked":"SKIP","floor":51}],"player_experience":69134,"relics_obtained":[{"floor":1,"key":"reliquary:Stiletto"},{"floor":7,"key":"Toy Ornithopter"},{"floor":24,"key":"hexamod:InflammatoryLetter"},{"floor":27,"key":"Ginger"},{"floor":30,"key":"reliquary:RoseTintedGlasses"},{"floor":31,"key":"ReplayTheSpireMod:TigerMarble"},{"floor":35,"key":"Quantum Egg"},{"floor":37,"key":"ReplayTheSpireMod:Ring of Addiction"},{"floor":37,"key":"Potion Belt"},{"floor":37,"key":"Chameleon Ring"},{"floor":38,"key":"Incense Burner"},{"floor":41,"key":"Happy Flower"},{"floor":48,"key":"Blue Doll"}],"event_choices":[{"damage_healed":0,"gold_gain":0,"player_choice":"Fight","damage_taken":0,"max_hp_gain":0,"max_hp_loss":0,"event_name":"Mysterious Sphere","floor":38,"gold_loss":0}],"is_beta":false,"boss_relics":[{"not_picked":["Coffee Dripper","Kintsugi"],"picked":"Replay:Grab Bag"},{"not_picked":["reliquary:Ember","ReplayTheSpireMod:Onyx Gauntlets"],"picked":"Runic Dome"},{"not_picked":["reliquary:RedCape","Philosopher\u0027s Stone"],"picked":"Velvet Choker"},{"not_picked":["Empty Cage","SacredBark"],"picked":"Astrolabe"},{"not_picked":["Ring of Chaos","hexamod:IceCube"],"picked":"Replay:Drink Me"}],"items_purged_floors":[21],"is_endless":false,"potions_floor_spawned":[6,8,9,10,14,15,25,26,27,29,33,36,39,48,50,51],"ascension_level":0}}