{"host":"f9ntswufr8mq3t4y","time":1613930985,"event":{"mods":["AchievementEnabler","BaseMod","Best Route Mod","Block Reminder","Colored Map","Colored Powertips","Curses Come First","DeckTracker","Displayed Cursed Tome","Highlight Path","Minty Spire (QoL Compilation)","Permanent Neow","Quick Restart","Slay-I","StSLib"],"gold_per_floor":[368,382,398,66,66,95,95,130,184,184,197,208,226,238,238,238,238],"floor_reached":16,"language":"ENG","playtime":671,"items_purged":["Pain"],"score":143,"play_id":"6c1fe24b-4635-48cb-ba07-6174b9d915a6","local_time":"20210221210945","is_ascension_mode":true,"campfire_choices":[{"floor":7,"key":"REST"},{"floor":10,"key":"REST"},{"data":"Vigilance","floor":15,"key":"SMITH"}],"circlet_count":0,"master_deck":["Strike_P","Strike_P+1","Strike_P+1","Strike_P","Defend_P","Defend_P","Defend_P","Defend_P","Eruption+1","Vigilance+1","DeceiveReality","Protect","Judgement","Consecrate","DeceiveReality"],"relics":["PureWater","Pantograph","Ornamental Fan","Omamori","Whetstone"],"acts_visited":[],"potions_floor_usage":[],"damage_taken":[{"damage":18,"enemies":"2 Louse","floor":1,"turns":2},{"damage":3,"enemies":"Cultist","floor":2,"turns":3},{"damage":5,"enemies":"Jaw Worm","floor":3,"turns":7},{"damage":32,"enemies":"3 Sentries","floor":6,"turns":9},{"damage":45,"enemies":"Lagavulin","floor":8,"turns":7},{"damage":4,"enemies":"3 Louse","floor":11,"turns":3},{"damage":0,"enemies":"Large Slime","floor":12,"turns":5},{"damage":4,"enemies":"Looter","floor":13,"turns":4},{"damage":0,"enemies":"2 Fungi Beasts","floor":14,"turns":1},{"damage":15,"enemies":"The Guardian","floor":16,"turns":5}],"seed_played":"3882676163034811964","potions_obtained":[{"floor":2,"key":"FairyPotion"},{"floor":14,"key":"AttackPotion"}],"is_trial":false,"path_per_floor":["M","M","M","$","?","E","R","E","T","R","M","M","M","M","R","B"],"character_chosen":"WATCHER","items_purchased":["Pantograph"],"campfire_rested":2,"item_purchase_floors":[4],"current_hp_per_floor":[54,51,46,46,46,14,35,21,21,42,38,38,34,34,34,44,44],"gold":238,"neow_bonus":"TWO_FIFTY_GOLD","is_daily":false,"chose_seed":false,"campfire_upgraded":1,"win_rate":0.0,"timestamp":1613930985,"path_taken":["M","M","M","$","?","E","R","E","T","R","M","M","M","M","R","BOSS"],"items_purchased_type":["Relic"],"build_version":"2020-12-22","purchased_purges":1,"victory":false,"max_hp_per_floor":[72,72,72,72,72,72,72,72,72,72,72,72,72,72,72,72,72],"card_choices":[{"not_picked":["Collect","FlurryOfBlows"],"picked":"DeceiveReality","floor":1},{"not_picked":["TalkToTheHand","PathToVictory"],"picked":"Protect","floor":2},{"not_picked":["CrushJoints","PathToVictory","ClearTheMind"],"picked":"SKIP","floor":3},{"not_picked":["ThirdEye","Perseverance","EmptyMind"],"picked":"SKIP","floor":6},{"not_picked":["EmptyFist","ClearTheMind"],"picked":"Judgement","floor":8},{"not_picked":["TalkToTheHand","EmptyFist","Nirvana"],"picked":"SKIP","floor":11},{"not_picked":["FlurryOfBlows","LikeWater"],"picked":"Consecrate","floor":12},{"not_picked":["Halt","ForeignInfluence","Perseverance"],"picked":"SKIP","floor":13},{"not_picked":["CutThroughFate","ThirdEye"],"picked":"DeceiveReality","floor":14}],"player_experience":458364,"relics_obtained":[{"floor":6,"key":"Ornamental Fan"},{"floor":8,"key":"Omamori"},{"floor":9,"key":"Whetstone"}],"event_choices":[{"damage_healed":0,"gold_gain":0,"player_choice":"Forge","damage_taken":0,"max_hp_gain":0,"max_hp_loss":0,"event_name":"Accursed Blacksmith","floor":5,"gold_loss":0,"cards_upgraded":["Eruption"]}],"is_beta":false,"boss_relics":[],"items_purged_floors":[4],"is_endless":false,"potions_floor_spawned":[2,14],"killed_by":"The Guardian","ascension_level":5}}