{"host":"p2ps6s9o3p66sm0r","time":1613903791,"event":{"mods":["BaseMod","Downfall","Hermit","Minty Spire (QoL Compilation)","Replay The Spire","StSLib","The Cursed","The Servant 0.9.4"],"gold_per_floor":[117,135,135,135,135,29,43,43,74,74,74,74,74,39,39,51,51,146,146,161,161,161,6,6,6,21,21,21,21,37,37,0,34,34,132,132,149,149,149,169,184,184,198,198,198,208,208,228,228,247,247,247,247],"floor_reached":52,"language":"ENG","playtime":3968,"items_purged":[],"score":495,"play_id":"d4637a6f-26ec-4a7d-a042-d36eedece292","local_time":"20210221053631","is_ascension_mode":false,"campfire_choices":[{"data":"TheCursedMod:Grudge","floor":8,"key":"SMITH"},{"floor":12,"key":"REST"},{"floor":15,"key":"REST"},{"data":"TheCursedMod:CleanUpWorkshop","floor":25,"key":"SMITH"},{"data":"TheCursedMod:CursedBlade","floor":27,"key":"SMITH"},{"data":"TheCursedMod:CursedAmulet","floor":29,"key":"SMITH"},{"data":"TheCursedMod:ForbiddenAlchemy","floor":34,"key":"SMITH"},{"floor":42,"key":"REST"},{"floor":44,"key":"REST"},{"floor":51,"key":"REST"}],"circlet_count":0,"master_deck":["TheCursedMod:Strike_TheCursed+1","TheCursedMod:Strike_TheCursed+1","TheCursedMod:Strike_TheCursed+1","TheCursedMod:Strike_TheCursed+1","TheCursedMod:Defend_TheCursed+1","TheCursedMod:Defend_TheCursed+1","TheCursedMod:Defend_TheCursed+1","TheCursedMod:Defend_TheCursed+1","TheCursedMod:CursedWand","TheCursedMod:CleanUpWorkshop+1","TheCursedMod:Dregs","TheCursedMod:RapidMovement","TheCursedMod:SmokeScreen","TheCursedMod:SoulReap","TheCursedMod:Grudge+1","TheCursedMod:SoulReap+1","TheCursedMod:CursedStaff","TheCursedMod:CursedAmulet+1","TheCursedMod:DemonSword","TheCursedMod:AbyssShockwave","TheCursedMod:LuckyCharm","TheCursedMod:SpitefulStrike","TheCursedMod:CircleOfFlame","TheCursedMod:CursedBlade+1","TheCursedMod:SpitefulPray+1","TheCursedMod:ForbiddenAlchemy+1","TheCursedMod:CursedRelics","TheCursedMod:SpitefulStrike","Deep Breath","Blind","Dramatic Entrance","Madness","TheCursedMod:FleshFromBone+1","TheCursedMod:ManaBullet+1","TheCursedMod:SpitefulPlan+1","Amnesia","TheCursedMod:TacticalStrike+1","Parasite","TheCursedMod:FuryStrike+1","TheCursedMod:ReleasedKnowledge+1"],"relics":["TheCursedMod:BlackMagic101","NeowsBlessing","Pantograph","Letter Opener","Replay:Baseball","Bag of Marbles","SlaversCollar","Shuriken","MealTicket","Cursed Key"],"acts_visited":["Exordium","TheCity","TheBeyond"],"potions_floor_usage":[18,18,18,20,30,30,41,41,41,43,43,43,46,46,47,47,50,50,50,50,52,52,52,52],"damage_taken":[{"damage":0,"enemies":"Small Slimes","floor":1,"turns":1},{"damage":0,"enemies":"Cultist","floor":2,"turns":1},{"damage":0,"enemies":"Jaw Worm","floor":7,"turns":1},{"damage":64,"enemies":"Gremlin Nob","floor":9,"turns":8},{"damage":0,"enemies":"Looter","floor":16,"turns":2},{"damage":17,"enemies":"Slime Boss","floor":18,"turns":14},{"damage":0,"enemies":"Shell Parasite","floor":20,"turns":7},{"damage":14,"enemies":"2 Thieves","floor":26,"turns":3},{"damage":1,"enemies":"Snecko","floor":30,"turns":3},{"damage":30,"enemies":"Book of Stabbing","floor":33,"turns":5},{"damage":32,"enemies":"Champ","floor":35,"turns":12},{"damage":8,"enemies":"Orb Walker","floor":37,"turns":3},{"damage":4,"enemies":"3 Darklings","floor":40,"turns":5},{"damage":25,"enemies":"Writhing Mass","floor":41,"turns":6},{"damage":34,"enemies":"Jaw Worm Horde","floor":43,"turns":4},{"damage":7,"enemies":"Maw","floor":46,"turns":7},{"damage":0,"enemies":"Writhing Mass","floor":47,"turns":2},{"damage":52,"enemies":"Spire Growth","floor":48,"turns":6},{"damage":1,"enemies":"Maw","floor":50,"turns":6},{"damage":225,"enemies":"Time Eater","floor":52,"turns":6}],"seed_played":"1285322321229443904","potions_obtained":[{"floor":9,"key":"champ:CounterPotion"},{"floor":17,"key":"Milkshake"},{"floor":17,"key":"Cursed Concoction"},{"floor":18,"key":"LiquidMemories"},{"floor":20,"key":"hexamod:SoulburnPotion"},{"floor":35,"key":"TheCursedMod:DregsPotion"},{"floor":37,"key":"SpeedPotion"},{"floor":40,"key":"Swift Potion"},{"floor":48,"key":"LiquidMemories"},{"floor":50,"key":"BlessingOfTheForge"}],"is_trial":false,"path_per_floor":["M","M","?","PTL","PTL","$","M","R","E","?","T","R","?","?","R","M","R","B",null,"M","?","?","$","?","R","M","R","T","R","M","$","?","E","R","B",null,"M","?","?","M","M","R","M","R","T","M","M","M","?","M","R","B"],"character_chosen":"THE_CURSED","items_purchased":["TheCursedMod:SoulReap","TheCursedMod:Grudge","TheCursedMod:LuckyCharm","TheCursedMod:SpitefulStrike","Swift Potion"],"campfire_rested":5,"item_purchase_floors":[6,6,23,23,23],"current_hp_per_floor":[75,75,75,75,75,75,75,75,11,11,11,33,26,44,66,75,75,58,75,75,61,61,61,61,61,59,59,59,59,75,75,75,59,59,56,80,72,62,52,48,34,58,33,57,57,67,67,29,29,40,64,0,0],"gold":247,"neow_bonus":"THREE_ENEMY_KILL","is_daily":false,"chose_seed":false,"campfire_upgraded":5,"win_rate":0.0,"timestamp":1613903791,"path_taken":["M","M","?","PTL","PTL","$","?","R","E","?","T","R","?","?","R","M","R","BOSS","M","?","?","$","?","R","M","R","T","R","M","$","?","E","R","BOSS","M","?","?","M","M","R","M","R","T","M","M","M","?","M","R","BOSS"],"items_purchased_type":["Card","Card","Card","Card","Potion"],"build_version":"2020-12-22","purchased_purges":0,"victory":false,"max_hp_per_floor":[75,75,75,75,75,75,75,75,75,75,75,75,75,75,75,75,75,75,75,75,80,80,80,80,80,80,80,80,80,80,80,80,80,80,80,80,80,80,80,80,80,80,80,80,80,80,80,80,80,80,80,80,80],"card_choices":[{"not_picked":["TheCursedMod:SpitefulStrike","TheCursedMod:Stigma"],"picked":"TheCursedMod:RapidMovement","floor":1},{"not_picked":["TheCursedMod:TacticalStrike","TheCursedMod:Stigma"],"picked":"TheCursedMod:SmokeScreen","floor":2},{"not_picked":["TheCursedMod:BloodBarrier","TheCursedMod:FuryStrike"],"picked":"TheCursedMod:SoulReap","floor":7},{"not_picked":["TheCursedMod:ReleasedStrength","TheCursedMod:Obscuration"],"picked":"TheCursedMod:CursedStaff","floor":9},{"not_picked":["TheCursedMod:Stigma","TheCursedMod:TroublousMinions"],"picked":"TheCursedMod:CursedAmulet","floor":16},{"not_picked":["TheCursedMod:Neurasthenia","TheCursedMod:StunningStrike"],"picked":"TheCursedMod:DemonSword","floor":18},{"not_picked":["TheCursedMod:RapidMovement+1","TheCursedMod:CircleOfCorruption"],"picked":"TheCursedMod:AbyssShockwave","floor":20},{"not_picked":["TheCursedMod:Wield","TheCursedMod:CursedSpellbook"],"picked":"TheCursedMod:CursedBlade","floor":26},{"not_picked":["TheCursedMod:DoubleShield","TheCursedMod:TacticalStrike"],"picked":"TheCursedMod:SpitefulPray+1","floor":30},{"not_picked":["TheCursedMod:CircleOfWindfury","TheCursedMod:SaltUponWound"],"picked":"TheCursedMod:ForbiddenAlchemy","floor":33},{"not_picked":["TheCursedMod:DemonSword","TheCursedMod:UltimatePain"],"picked":"TheCursedMod:CursedRelics","floor":35},{"not_picked":["TheCursedMod:Torture","TheCursedMod:Mangle+1"],"picked":"TheCursedMod:SpitefulStrike","floor":37},{"not_picked":["HandOfGreed","Impatience"],"picked":"Deep Breath","floor":38},{"not_picked":["Thinking Ahead","Flash of Steel"],"picked":"Blind","floor":38},{"not_picked":["Forethought","Trip"],"picked":"Dramatic Entrance","floor":38},{"not_picked":["TheCursedMod:VitalStrike+1","TheCursedMod:Grudge"],"picked":"TheCursedMod:FleshFromBone+1","floor":40},{"not_picked":["TheCursedMod:FleshFromBone","TheCursedMod:CircleOfFlame"],"picked":"TheCursedMod:ManaBullet+1","floor":41},{"not_picked":["TheCursedMod:VitalStrike+1","TheCursedMod:Stigma"],"picked":"TheCursedMod:SpitefulPlan+1","floor":43},{"not_picked":["TheCursedMod:SaltUponWound","TheCursedMod:RapidMovement+1"],"picked":"TheCursedMod:TacticalStrike+1","floor":46},{"not_picked":["TheCursedMod:Grudge","TheCursedMod:SoulCrush"],"picked":"TheCursedMod:FuryStrike+1","floor":48},{"not_picked":["TheCursedMod:FleshFromBone+1","TheCursedMod:RavingStaff"],"picked":"TheCursedMod:ReleasedKnowledge+1","floor":50}],"player_experience":179571,"relics_obtained":[{"floor":3,"key":"Pantograph"},{"floor":9,"key":"Letter Opener"},{"floor":11,"key":"Replay:Baseball"},{"floor":28,"key":"Shuriken"},{"floor":33,"key":"MealTicket"}],"event_choices":[{"damage_healed":0,"gold_gain":0,"player_choice":"Relic","damage_taken":0,"max_hp_gain":0,"max_hp_loss":0,"event_name":"Wheel of Change","floor":3,"gold_loss":0},{"damage_healed":0,"gold_gain":0,"player_choice":"Grow","damage_taken":0,"max_hp_gain":0,"max_hp_loss":0,"event_name":"Living Wall","floor":10,"gold_loss":0,"cards_upgraded":["TheCursedMod:SoulReap"]},{"damage_healed":0,"gold_gain":0,"player_choice":"Success","damage_taken":7,"relics_obtained":["Bag of Marbles"],"max_hp_gain":0,"max_hp_loss":0,"event_name":"Scrap Ooze","floor":13,"gold_loss":0},{"damage_healed":18,"gold_gain":0,"player_choice":"Healed","damage_taken":0,"max_hp_gain":0,"max_hp_loss":0,"event_name":"The Cleric","floor":14,"gold_loss":35},{"damage_healed":0,"gold_gain":0,"player_choice":"Shed Blood","damage_taken":19,"max_hp_gain":5,"max_hp_loss":0,"event_name":"Forgotten Altar","floor":21,"gold_loss":0},{"damage_healed":0,"gold_gain":0,"player_choice":"Simplicity","damage_taken":0,"max_hp_gain":0,"max_hp_loss":0,"event_name":"Back to Basics","floor":22,"gold_loss":0,"cards_upgraded":["TheCursedMod:Strike_TheCursed","TheCursedMod:Strike_TheCursed","TheCursedMod:Strike_TheCursed","TheCursedMod:Strike_TheCursed","TheCursedMod:Defend_TheCursed","TheCursedMod:Defend_TheCursed","TheCursedMod:Defend_TheCursed","TheCursedMod:Defend_TheCursed"]},{"damage_healed":0,"gold_gain":0,"player_choice":"Read","damage_taken":0,"max_hp_gain":0,"max_hp_loss":0,"event_name":"The Library","floor":24,"gold_loss":0,"cards_obtained":["TheCursedMod:CircleOfFlame"]},{"damage_healed":0,"gold_gain":0,"player_choice":"Paid Fearfully","damage_taken":0,"max_hp_gain":0,"max_hp_loss":0,"event_name":"Masked Bandits","floor":32,"gold_loss":37},{"damage_healed":0,"gold_gain":0,"player_choice":"Memory 3","damage_taken":10,"max_hp_gain":0,"max_hp_loss":0,"event_name":"SensoryStone","floor":38,"gold_loss":0},{"damage_healed":0,"gold_gain":0,"player_choice":"Embrace Madness","damage_taken":10,"max_hp_gain":0,"max_hp_loss":0,"event_name":"Winding Halls","floor":39,"gold_loss":0,"cards_obtained":["Madness","Madness"]},{"cards_removed":["Madness"],"damage_healed":0,"gold_gain":0,"player_choice":"Removed Skill","damage_taken":0,"max_hp_gain":0,"max_hp_loss":0,"event_name":"Falling","floor":49,"gold_loss":0}],"is_beta":false,"boss_relics":[{"not_picked":["Black Star","SacredBark"],"picked":"SlaversCollar"},{"not_picked":["bronze:MakeshiftBattery","Coffee Dripper"],"picked":"Cursed Key"}],"items_purged_floors":[],"is_endless":false,"potions_floor_spawned":[9,18,20,35,37,40,48,50],"killed_by":"Time Eater","ascension_level":0}}