{"host":"yx5rao87132cy5xq","time":1613916388,"event":{"mods":["2.2 Compatiblity","AchievementEnabler","BaseMod","Bestiary","Colored Map","Colored Powertips","Minty Spire (QoL Compilation)","Quick Restart","Relic Stats","Slay-I","SuperFastMode"],"gold_per_floor":[114,133,133,58,70,104,120,120,144,144,144,187,210,253,253,352,352,370,391,391,306,56,87,87,87,87],"floor_reached":25,"language":"ENG","playtime":1067,"items_purged":["Pain","Strike_R"],"score":466,"play_id":"b6887c14-59b5-40a1-b1d1-71d5f478a35b","local_time":"20210221150628","is_ascension_mode":true,"campfire_choices":[{"data":"Clothesline","floor":8,"key":"SMITH"},{"data":"True Grit","floor":15,"key":"SMITH"}],"circlet_count":0,"master_deck":["AscendersBane","Strike_R","Strike_R","Strike_R","Strike_R","Defend_R","Defend_R","Defend_R","Defend_R","Bash","Twin Strike","Clothesline+1","Clash","Spot Weakness","Shrug It Off","Demon Form","True Grit+1","Disarm","Offering","Shrug It Off","Feel No Pain","Impervious","Immolate","True Grit+1"],"relics":["Burning Blood","Anchor","WarpedTongs","Akabeko","Oddly Smooth Stone","Golden Idol","Bronze Scales","Blood Vial","Philosopher\u0027s Stone","Kunai","Ginger"],"acts_visited":["Exordium","TheCity"],"potions_floor_usage":[16,23,23,25],"damage_taken":[{"damage":0,"enemies":"2 Louse","floor":1,"turns":2},{"damage":1,"enemies":"Cultist","floor":2,"turns":3},{"damage":3,"enemies":"Small Slimes","floor":5,"turns":3},{"damage":27,"enemies":"Gremlin Nob","floor":6,"turns":4},{"damage":0,"enemies":"Looter","floor":7,"turns":2},{"damage":18,"enemies":"Lagavulin","floor":12,"turns":6},{"damage":0,"enemies":"Blue Slaver","floor":13,"turns":2},{"damage":29,"enemies":"Gremlin Nob","floor":14,"turns":4},{"damage":17,"enemies":"Hexaghost","floor":16,"turns":9},{"damage":19,"enemies":"Chosen","floor":18,"turns":4},{"damage":13,"enemies":"3 Byrds","floor":19,"turns":3},{"damage":20,"enemies":"Slavers","floor":23,"turns":7},{"damage":34,"enemies":"3 Cultists","floor":25,"turns":4}],"seed_played":"2409527370729531892","potions_obtained":[{"floor":2,"key":"SpeedPotion"},{"floor":12,"key":"Dexterity Potion"},{"floor":16,"key":"Dexterity Potion"},{"floor":19,"key":"Weak Potion"},{"floor":23,"key":"ColorlessPotion"}],"is_trial":false,"path_per_floor":["M","M","?","$","M","E","M","R","T","?","?","E","M","E","R","B",null,"M","M","?","?","$","E","?","M"],"character_chosen":"IRONCLAD","items_purchased":["Impervious"],"campfire_rested":0,"item_purchase_floors":[22],"current_hp_per_floor":[74,75,75,75,75,54,60,60,60,60,60,48,54,31,31,22,57,46,41,41,41,41,29,29,0,0],"gold":87,"neow_bonus":"RANDOM_COMMON_RELIC","is_daily":false,"chose_seed":false,"campfire_upgraded":2,"win_rate":0.0,"timestamp":1613916388,"path_taken":["M","M","?","$","M","E","?","R","T","?","?","E","M","E","R","BOSS","M","M","?","?","$","E","?","?"],"items_purchased_type":["Card"],"build_version":"2020-12-22","purchased_purges":2,"victory":false,"max_hp_per_floor":[75,75,75,75,75,75,75,75,75,75,68,68,68,68,68,68,68,68,68,68,68,68,68,68,68,68],"relic_stats":{"Blood Vial":10,"counters":[13,53],"Golden Idol":57,"Bronze Scales":[156],"Kunai":[1],"Ginger":[0],"obtain_stats":[{"Blood Vial":14,"Anchor":0,"Golden Idol":11,"Bronze Scales":12,"Oddly Smooth Stone":9,"Philosopher\u0027s Stone":17,"Kunai":21,"Ginger":23,"Burning Blood":0,"Akabeko":6,"WarpedTongs":3},{"Blood Vial":8,"Anchor":0,"Golden Idol":5,"Bronze Scales":6,"Oddly Smooth Stone":5,"Philosopher\u0027s Stone":9,"Kunai":11,"Ginger":12,"Burning Blood":0,"Akabeko":4,"WarpedTongs":2},{"Blood Vial":26,"Anchor":0,"Golden Idol":14,"Bronze Scales":20,"Oddly Smooth Stone":14,"Philosopher\u0027s Stone":35,"Kunai":42,"Ginger":49,"Burning Blood":0,"Akabeko":12,"WarpedTongs":5}],"Burning Blood":65,"WarpedTongs":[48]},"card_choices":[{"not_picked":["Body Slam","Bloodletting"],"picked":"Twin Strike","floor":1},{"not_picked":["Cleave","Armaments"],"picked":"Clothesline","floor":2},{"not_picked":["Rage","Shrug It Off"],"picked":"Clash","floor":5},{"not_picked":["Clothesline","Thunderclap"],"picked":"Spot Weakness","floor":6},{"not_picked":["Reckless Charge","Clash"],"picked":"Shrug It Off","floor":7},{"not_picked":["Sever Soul","Shockwave"],"picked":"Demon Form","floor":12},{"not_picked":["Anger","Thunderclap"],"picked":"True Grit","floor":13},{"not_picked":["Cleave","Havoc"],"picked":"Disarm","floor":14},{"not_picked":["Bludgeon","Demon Form"],"picked":"Offering","floor":16},{"not_picked":["Iron Wave","Twin Strike"],"picked":"Shrug It Off","floor":18},{"not_picked":["Spot Weakness+1","Intimidate"],"picked":"Feel No Pain","floor":19},{"not_picked":["Fire Breathing","Iron Wave"],"picked":"Immolate","floor":23}],"player_experience":1090154,"relics_obtained":[{"floor":6,"key":"Akabeko"},{"floor":9,"key":"Oddly Smooth Stone"},{"floor":12,"key":"Bronze Scales"},{"floor":14,"key":"Blood Vial"},{"floor":23,"key":"Ginger"}],"event_choices":[{"damage_healed":0,"gold_gain":0,"player_choice":"Rummage","damage_taken":0,"relics_obtained":["WarpedTongs"],"max_hp_gain":0,"max_hp_loss":0,"event_name":"Accursed Blacksmith","floor":3,"gold_loss":0,"cards_obtained":["Pain"]},{"damage_healed":0,"gold_gain":0,"player_choice":"Ignored","damage_taken":0,"max_hp_gain":0,"max_hp_loss":0,"event_name":"Liars Game","floor":10,"gold_loss":0},{"damage_healed":0,"gold_gain":0,"player_choice":"Lose Max HP","damage_taken":0,"relics_obtained":["Golden Idol"],"max_hp_gain":0,"max_hp_loss":7,"event_name":"Golden Idol","floor":11,"gold_loss":0},{"damage_healed":0,"gold_gain":0,"player_choice":"Ignored","damage_taken":0,"max_hp_gain":0,"max_hp_loss":0,"event_name":"Ghosts","floor":20,"gold_loss":0},{"damage_healed":0,"gold_gain":0,"player_choice":"Obtained Relic","damage_taken":0,"relics_obtained":["Kunai"],"max_hp_gain":0,"max_hp_loss":0,"event_name":"Addict","floor":21,"gold_loss":85},{"damage_healed":0,"gold_gain":0,"player_choice":"Copied","damage_taken":0,"max_hp_gain":0,"max_hp_loss":0,"event_name":"Duplicator","floor":24,"gold_loss":0,"cards_obtained":["True Grit"]}],"is_beta":false,"boss_relics":[{"not_picked":["Black Blood","Tiny House"],"picked":"Philosopher\u0027s Stone"}],"items_purged_floors":[4,22],"is_endless":false,"potions_floor_spawned":[2,12,16,19,23],"killed_by":"3 Cultists","ascension_level":19}}