{"host":"krw8kyiy0um8ye49","time":1613869233,"event":{"mods":["BaseMod","Colored Map","Minty Spire (QoL Compilation)","Permanent Neow","Reliquary","StSLib","Uncapped"],"gold_per_floor":[124,136,148,179,201,238,250,281,293,305,329,360,399,411,423,537,549,578,604,165,165,90,90,102,102,102,133,33,52,52,70,70,70,70],"floor_reached":33,"language":"ENG","playtime":1633,"items_purged":["Strike_G","Strike_G+1"],"score":344,"play_id":"0dd43084-f546-4cca-a07f-19d5e158b1a5","local_time":"20210221020033","is_ascension_mode":true,"campfire_choices":[{"data":"Terror","floor":7,"key":"SMITH"},{"data":"Caltrops","floor":10,"key":"SMITH"},{"floor":15,"key":"REST"},{"data":"Infinite Blades","floor":23,"key":"SMITH"},{"data":"Blade Dance","floor":32,"key":"SMITH"}],"circlet_count":0,"master_deck":["Strike_G+1","Strike_G+1","Strike_G+1","Defend_G+1","Defend_G+1","Defend_G+1","Defend_G+1","Defend_G+1","Survivor","Neutralize","Terror+1","Heel Hook","Deadly Poison","Caltrops+1","Escape Plan","Blade Dance+1","Die Die Die","PiercingWail","Infinite Blades+1","Quick Slash+1","Backflip+1"],"relics":["Ring of the Snake","MawBank","Pear","Kunai","Bottled Lightning","WristBlade","Sling","Tiny Chest","reliquary:Spinner","reliquary:Stiletto","Pantograph","Torii"],"acts_visited":["Exordium","TheCity"],"potions_floor_usage":[6,8,13,18,27,27,27,33,33],"damage_taken":[{"damage":0,"enemies":"Cultist","floor":1,"turns":4},{"damage":2,"enemies":"Small Slimes","floor":4,"turns":3},{"damage":5,"enemies":"Jaw Worm","floor":5,"turns":4},{"damage":24,"enemies":"Lagavulin","floor":6,"turns":9},{"damage":15,"enemies":"3 Louse","floor":8,"turns":4},{"damage":18,"enemies":"Large Slime","floor":11,"turns":9},{"damage":0,"enemies":"Blue Slaver","floor":12,"turns":4},{"damage":9,"enemies":"Gremlin Nob","floor":13,"turns":4},{"damage":21,"enemies":"Hexaghost","floor":16,"turns":10},{"damage":8,"enemies":"3 Byrds","floor":18,"turns":4},{"damage":6,"enemies":"Shell Parasite","floor":19,"turns":4},{"damage":14,"enemies":"Snecko","floor":24,"turns":4},{"damage":20,"enemies":"Book of Stabbing","floor":27,"turns":4},{"damage":14,"enemies":"Centurion and Healer","floor":29,"turns":5},{"damage":2,"enemies":"3 Cultists","floor":31,"turns":5},{"damage":57,"enemies":"Champ","floor":33,"turns":8}],"seed_played":"8559413172318034884","potions_obtained":[{"floor":4,"key":"GhostInAJar"},{"floor":6,"key":"ColorlessPotion"},{"floor":8,"key":"Energy Potion"},{"floor":11,"key":"Explosive Potion"},{"floor":19,"key":"FearPotion"},{"floor":24,"key":"EntropicBrew"}],"is_trial":false,"path_per_floor":["M","?","?","M","M","E","R","M","T","R","M","M","E","?","R","B",null,"M","M","$","?","?","R","M","?","T","E","$","M","T","M","R","B"],"character_chosen":"THE_SILENT","items_purchased":["Sling","Tiny Chest","Infinite Blades"],"campfire_rested":1,"item_purchase_floors":[20,20,20],"current_hp_per_floor":[70,70,75,73,68,54,54,39,39,39,21,21,12,12,37,16,85,77,71,71,71,71,71,57,57,57,37,37,23,23,21,21,0,0],"gold":70,"neow_bonus":"RANDOM_COMMON_RELIC","is_daily":false,"chose_seed":false,"campfire_upgraded":4,"win_rate":0.0,"timestamp":1613869233,"path_taken":["M","?","?","M","?","E","R","M","T","R","M","M","E","?","R","BOSS","M","M","$","?","?","R","M","?","T","E","$","M","?","M","R","BOSS"],"items_purchased_type":["Relic","Relic","Card"],"build_version":"2020-12-22","purchased_purges":2,"victory":false,"max_hp_per_floor":[70,70,75,75,75,85,85,85,85,85,85,85,85,85,85,85,85,85,85,85,85,85,85,85,85,85,85,85,85,85,85,85,85,85],"card_choices":[{"not_picked":["Blade Dance","Slice"],"picked":"Terror","floor":1},{"not_picked":["Reflex","Prepared"],"picked":"Heel Hook","floor":4},{"not_picked":["Dagger Throw","Dodge and Roll"],"picked":"Deadly Poison","floor":5},{"not_picked":["Slice","Deadly Poison"],"picked":"Caltrops","floor":6},{"not_picked":["Catalyst","Underhanded Strike"],"picked":"Escape Plan","floor":8},{"not_picked":["Terror","Slice","Quick Slash"],"picked":"SKIP","floor":11},{"not_picked":["Tactician","Sucker Punch"],"picked":"Blade Dance","floor":12},{"not_picked":["Dagger Throw","Storm of Steel","Predator"],"picked":"SKIP","floor":13},{"not_picked":["Storm of Steel","Envenom"],"picked":"Die Die Die","floor":16},{"not_picked":["Reflex","Distraction"],"picked":"PiercingWail","floor":18},{"not_picked":["Concentrate","Tactician","Endless Agony"],"picked":"SKIP","floor":19},{"not_picked":["Sucker Punch","Deflect"],"picked":"Quick Slash+1","floor":24},{"not_picked":["Catalyst+1","Footwork"],"picked":"Backflip+1","floor":27},{"not_picked":["Underhanded Strike","All Out Attack","Choke+1"],"picked":"SKIP","floor":29},{"not_picked":["Backflip+1","Leg Sweep","Blade Dance"],"picked":"SKIP","floor":31}],"player_experience":193097,"relics_obtained":[{"floor":6,"key":"Pear"},{"floor":9,"key":"Kunai"},{"floor":13,"key":"Bottled Lightning"},{"floor":26,"key":"reliquary:Stiletto"},{"floor":27,"key":"Pantograph"},{"floor":30,"key":"Torii"}],"event_choices":[{"damage_healed":0,"gold_gain":0,"player_choice":"Leave","damage_taken":0,"max_hp_gain":0,"max_hp_loss":0,"event_name":"The Cleric","floor":2,"gold_loss":0},{"damage_healed":0,"gold_gain":0,"player_choice":"Donut","damage_taken":0,"max_hp_gain":5,"max_hp_loss":0,"event_name":"Big Fish","floor":3,"gold_loss":0},{"damage_healed":0,"gold_gain":0,"player_choice":"Ignored","damage_taken":0,"max_hp_gain":0,"max_hp_loss":0,"event_name":"Shining Light","floor":14,"gold_loss":0},{"damage_healed":0,"gold_gain":0,"player_choice":"Opened","damage_taken":0,"relics_obtained":["reliquary:Spinner"],"max_hp_gain":0,"max_hp_loss":0,"event_name":"The Mausoleum","floor":21,"gold_loss":0,"cards_obtained":["Writhe"]},{"cards_removed":["Writhe"],"damage_healed":0,"gold_gain":0,"player_choice":"Gave Gold","damage_taken":0,"max_hp_gain":0,"max_hp_loss":0,"event_name":"Beggar","floor":22,"gold_loss":75},{"damage_healed":0,"gold_gain":0,"player_choice":"Simplicity","damage_taken":0,"max_hp_gain":0,"max_hp_loss":0,"event_name":"Back to Basics","floor":25,"gold_loss":0,"cards_upgraded":["Strike_G","Strike_G","Strike_G","Strike_G","Defend_G","Defend_G","Defend_G","Defend_G","Defend_G"]}],"is_beta":false,"boss_relics":[{"not_picked":["reliquary:RustamsPendant","Busted Crown"],"picked":"WristBlade"}],"items_purged_floors":[20,28],"is_endless":false,"potions_floor_spawned":[4,6,8,11,19,24],"killed_by":"Champ","ascension_level":3}}