{"host":"xz7n3qy1zq36rzpg","time":1613868758,"event":{"mods":["BaseMod","Colored Map","Colored Powertips","Highlight Path","Minty Spire (QoL Compilation)","Quick Restart","Shop Mod"],"gold_per_floor":[114,129,129,61,61,91,106,136,136,136,166,116,66,81,81,181,181,196,196,196,46,61,91,91,106,106,22,37,52,82,97,97,197,197,212,542,542,542,557,587,587,612,687,717,732,747,747,762,762,762],"floor_reached":51,"language":"ENG","playtime":4313,"items_purged":[],"score":865,"play_id":"1516b823-bfb0-4ee0-ad2f-4f2dcb4a9647","local_time":"20210221015238","daily_mods":["Shiny","Red Cards","DeadlyEvents"],"is_ascension_mode":false,"campfire_choices":[{"floor":10,"key":"REST"},{"floor":15,"key":"REST"},{"floor":24,"key":"REST"},{"data":"Creative AI","floor":32,"key":"SMITH"},{"data":"Reaper","floor":41,"key":"SMITH"},{"data":"Echo Form","floor":47,"key":"SMITH"},{"data":"Hologram","floor":49,"key":"SMITH"}],"circlet_count":0,"master_deck":["Double Tap","Demon Form","Bludgeon","Feed","Limit Break","Corruption","Barricade","Fiend Fire","Impervious","Juggernaut","Brutality","Reaper+1","Exhume","Offering","Immolate","Multi-Cast","Hyperbeam+1","Thunder Strike","Biased Cognition","Machine Learning","Electrodynamics","Buffer","Seek","Meteor Strike","Echo Form+1","All For One+1","Reboot","Amplify","Creative AI+1","Core Surge","Cold Snap","Entrench","Hologram+1","Coolheaded","FTL","True Grit","Doom and Gloom","Heavy Blade","Beam Cell","Necronomicurse","Cleave","BootSequence","Defragment","Anger+1","Leap+1","Reaper","Cleave+1","Iron Wave+1","Undo","Aggregate+1","Shame","Shame","Body Slam+1","Beam Cell+1"],"relics":["Cracked Core","Anchor","Gambling Chip","Oddly Smooth Stone","Whetstone","Strawberry","Empty Cage","Necronomicon","MutagenicStrength","Bronze Scales","Mercury Hourglass","Matryoshka","Letter Opener","Cursed Key","Old Coin","Centennial Puzzle","MealTicket","Blood Vial","Boot","Ornamental Fan","PreservedInsect"],"acts_visited":["Exordium","TheCity","TheBeyond"],"potions_floor_usage":[16,16,18,25,33,33,33,36,40,50,50,50],"damage_taken":[{"damage":6,"enemies":"Cultist","floor":1,"turns":4},{"damage":24,"enemies":"Jaw Worm","floor":2,"turns":3},{"damage":14,"enemies":"3 Sentries","floor":6,"turns":3},{"damage":0,"enemies":"Small Slimes","floor":7,"turns":2},{"damage":24,"enemies":"Gremlin Nob","floor":8,"turns":4},{"damage":28,"enemies":"3 Sentries","floor":11,"turns":8},{"damage":0,"enemies":"Looter","floor":14,"turns":2},{"damage":51,"enemies":"Hexaghost","floor":16,"turns":8},{"damage":6,"enemies":"Spheric Guardian","floor":18,"turns":1},{"damage":0,"enemies":"Chosen","floor":22,"turns":2},{"damage":37,"enemies":"Slavers","floor":23,"turns":3},{"damage":4,"enemies":"Snecko","floor":25,"turns":3},{"damage":0,"enemies":"Snake Plant","floor":28,"turns":1},{"damage":0,"enemies":"Cultist and Chosen","floor":29,"turns":4},{"damage":0,"enemies":"Gremlin Leader","floor":30,"turns":4},{"damage":0,"enemies":"Centurion and Healer","floor":31,"turns":4},{"damage":60,"enemies":"Collector","floor":33,"turns":8},{"damage":10,"enemies":"3 Shapes","floor":35,"turns":2},{"damage":59,"enemies":"2 Orb Walkers","floor":36,"turns":5},{"damage":19,"enemies":"Orb Walker","floor":39,"turns":4},{"damage":8,"enemies":"Nemesis","floor":40,"turns":7},{"damage":6,"enemies":"Giant Head","floor":44,"turns":6},{"damage":0,"enemies":"Writhing Mass","floor":45,"turns":3},{"damage":43,"enemies":"Maw","floor":46,"turns":6},{"damage":6,"enemies":"Jaw Worm Horde","floor":48,"turns":1},{"damage":79,"enemies":"Time Eater","floor":50,"turns":6}],"seed_played":"3618718455484561711","potions_obtained":[{"floor":11,"key":"CultistPotion"},{"floor":14,"key":"SteroidPotion"},{"floor":16,"key":"SkillPotion"},{"floor":18,"key":"CultistPotion"},{"floor":25,"key":"Ancient Potion"},{"floor":35,"key":"FocusPotion"},{"floor":39,"key":"Weak Potion"},{"floor":40,"key":"LiquidBronze"},{"floor":45,"key":"Explosive Potion"},{"floor":46,"key":"FearPotion"}],"is_trial":false,"path_per_floor":["M","M","?","$","?","E","M","E","T","R","E","$","?","M","R","B",null,"M","?","?","$","M","E","R","M","T","$","M","M","E","M","R","B",null,"M","?","?","?","M","E","R","T","T","E","M","M","R","M","R","B",null],"character_chosen":"DEFECT","items_purchased":["Hologram","Coolheaded","Fire Potion","Bronze Scales","Defragment","FocusPotion"],"campfire_rested":3,"item_purchase_floors":[4,4,12,21,27,27],"current_hp_per_floor":[69,49,49,49,49,47,50,26,26,49,39,39,39,39,65,14,88,82,66,66,66,66,32,59,79,79,79,79,87,91,94,94,34,94,87,28,85,81,68,60,60,60,60,75,77,46,46,81,81,14],"gold":762,"neow_bonus":"","is_daily":true,"chose_seed":false,"campfire_upgraded":4,"win_rate":0.0,"timestamp":1613868758,"path_taken":["M","M","?","$","?","E","M","?","T","R","?","$","?","M","R","BOSS","M","?","?","$","M","E","R","M","T","?","M","M","E","M","R","BOSS","M","?","?","?","M","E","R","?","T","E","M","M","R","M","R","BOSS"],"items_purchased_type":["Card","Card","Potion","Relic","Card","Potion"],"build_version":"2020-12-22","purchased_purges":0,"victory":true,"max_hp_per_floor":[75,75,75,75,75,75,78,78,78,78,88,88,88,88,88,88,88,88,88,88,88,88,91,91,91,91,91,91,91,91,94,94,94,94,97,97,85,81,81,81,81,81,81,81,81,81,81,81,81,84],"card_choices":[{"not_picked":["Gash","Intimidate"],"picked":"Cold Snap","floor":1},{"not_picked":["Clothesline","Dual Wield"],"picked":"Entrench","floor":2},{"not_picked":["Heatsinks","Dark Embrace"],"picked":"FTL","floor":6},{"not_picked":["Sword Boomerang","Intimidate"],"picked":"True Grit","floor":7},{"not_picked":["Biased Cognition","Dual Wield","Conserve Battery"],"picked":"SKIP","floor":8},{"not_picked":["Loop","Pommel Strike"],"picked":"Doom and Gloom","floor":11},{"not_picked":["Reinforced Body","Storm"],"picked":"Heavy Blade","floor":14},{"not_picked":["Seeing Red","Battle Trance+1"],"picked":"Beam Cell","floor":18},{"not_picked":["Shrug It Off","Beam Cell"],"picked":"Cleave","floor":22},{"not_picked":["Havoc+1","Force Field"],"picked":"BootSequence","floor":23},{"not_picked":["Burning Pact","Headbutt","Streamline"],"picked":"SKIP","floor":25},{"not_picked":["Headbutt","Battle Trance","Blizzard"],"picked":"SKIP","floor":28},{"not_picked":["Heavy Blade","Warcry","Rainbow"],"picked":"SKIP","floor":29},{"not_picked":["Rebound","Seek"],"picked":"Anger+1","floor":30},{"not_picked":["Sentinel","Steam"],"picked":"Leap+1","floor":31},{"not_picked":["Feed","Juggernaut"],"picked":"Reaper","floor":33},{"not_picked":["Twin Strike+1","Thunderclap+1"],"picked":"Cleave+1","floor":35},{"not_picked":["Pummel","Ball Lightning+1"],"picked":"Iron Wave+1","floor":36},{"not_picked":["Rebound","Evolve"],"picked":"Undo","floor":39},{"not_picked":["Perfected Strike+1","Double Tap"],"picked":"Aggregate+1","floor":40},{"not_picked":["Cleave+1","Rupture+1"],"picked":"Body Slam+1","floor":44},{"not_picked":["Cold Snap+1","Combust","Barrage+1"],"picked":"SKIP","floor":45},{"not_picked":["Sweeping Beam","FTL+1"],"picked":"Beam Cell+1","floor":46},{"not_picked":["Second Wind","Gash","Whirlwind"],"picked":"SKIP","floor":48}],"player_experience":546823,"relics_obtained":[{"floor":6,"key":"Gambling Chip"},{"floor":8,"key":"Oddly Smooth Stone"},{"floor":9,"key":"Whetstone"},{"floor":11,"key":"Strawberry"},{"floor":19,"key":"Necronomicon"},{"floor":23,"key":"Mercury Hourglass"},{"floor":26,"key":"Matryoshka"},{"floor":30,"key":"Letter Opener"},{"floor":36,"key":"Old Coin"},{"floor":40,"key":"Centennial Puzzle"},{"floor":42,"key":"MealTicket"},{"floor":42,"key":"Blood Vial"},{"floor":43,"key":"Boot"},{"floor":43,"key":"Ornamental Fan"},{"floor":44,"key":"PreservedInsect"}],"event_choices":[{"damage_healed":0,"gold_gain":0,"player_choice":"Ignored","damage_taken":0,"max_hp_gain":0,"max_hp_loss":0,"event_name":"Liars Game","floor":3,"gold_loss":0},{"cards_removed":["Rainbow"],"damage_healed":0,"gold_gain":0,"player_choice":"Gave Card","damage_taken":0,"relics_obtained":["Anchor"],"max_hp_gain":0,"max_hp_loss":0,"event_name":"WeMeetAgain","floor":5,"gold_loss":0},{"damage_healed":0,"gold_gain":0,"player_choice":"Left Gold","damage_taken":0,"max_hp_gain":0,"max_hp_loss":0,"event_name":"World of Goop","floor":13,"gold_loss":50},{"damage_healed":0,"gold_gain":0,"player_choice":"Obtained Book","damage_taken":16,"max_hp_gain":0,"max_hp_loss":0,"event_name":"Cursed Tome","floor":19,"gold_loss":0},{"damage_healed":0,"gold_gain":0,"player_choice":"Inject Mutagens","damage_taken":0,"relics_obtained":["MutagenicStrength"],"max_hp_gain":0,"max_hp_loss":0,"event_name":"Drug Dealer","floor":20,"gold_loss":0},{"damage_healed":0,"gold_gain":0,"player_choice":"Fight","damage_taken":0,"max_hp_gain":0,"max_hp_loss":0,"event_name":"Mysterious Sphere","floor":36,"gold_loss":0},{"damage_healed":85,"gold_gain":0,"player_choice":"Heal","damage_taken":0,"max_hp_gain":0,"max_hp_loss":12,"event_name":"The Moai Head","floor":37,"gold_loss":0},{"damage_healed":0,"gold_gain":0,"player_choice":"Max HP","damage_taken":0,"max_hp_gain":0,"max_hp_loss":4,"event_name":"Winding Halls","floor":38,"gold_loss":0}],"is_beta":false,"boss_relics":[{"not_picked":["Tiny House","Runic Dome"],"picked":"Empty Cage"},{"not_picked":["Astrolabe","Busted Crown"],"picked":"Cursed Key"}],"items_purged_floors":[],"is_endless":false,"potions_floor_spawned":[11,14,16,18,25,28,35,39,40,45,46],"ascension_level":0}}