{"host":"bvp2uifzy1c463d9","time":1613876561,"event":{"mods":["AchievementEnabler","BaseMod","Better Note","Block Reminder","Bossed Relics","Colored Map","Colored Powertips","Highlight Path","Minty Spire (QoL Compilation)","Relic Sorter","Relic Stats","Replay The Spire","StSLib","The Blue Laboratory"],"gold_per_floor":[109,109,34,34,47,80,80,100,100,115,115,147,127,153,153,153,153],"floor_reached":16,"language":"ENG","playtime":586,"items_purged":["Zap"],"score":136,"play_id":"f526a9cc-1ab9-4a21-a9fa-02344b65b8a8","local_time":"20210220210241","is_ascension_mode":true,"campfire_choices":[{"data":"Fusion","floor":7,"key":"SMITH"},{"data":"Leap","floor":11,"key":"SMITH"},{"floor":15,"key":"REST"}],"circlet_count":0,"master_deck":["Strike_B+1","Strike_B","Strike_B+1","Strike_B","Defend_B","Defend_B","Defend_B","Defend_B","Dualcast","CurseOfTheBell","Fusion+1","Beam Cell","Leap+1","Conserve Battery","Hologram","Steam"],"relics":["Calling Bell","Simple Rune","Kunai","FossilizedHelix","Ring of Fury","Eternal Feather","Carrot","Mercury Hourglass","Replay:Bottled Flurry","Pen Nib"],"acts_visited":["Exordium"],"potions_floor_usage":[16],"damage_taken":[{"damage":0,"enemies":"Small Slimes","floor":1,"turns":3},{"damage":0,"enemies":"Cultist","floor":5,"turns":3},{"damage":40,"enemies":"3 Sentries","floor":6,"turns":9},{"damage":0,"enemies":"2 Louse","floor":8,"turns":2},{"damage":0,"enemies":"Exordium Wildlife","floor":10,"turns":6},{"damage":20,"enemies":"Lagavulin","floor":12,"turns":7},{"damage":20,"enemies":"3 Sentries","floor":14,"turns":7},{"damage":44,"enemies":"Hexaghost","floor":16,"turns":11}],"seed_played":"-2508966880767199368","potions_obtained":[{"floor":1,"key":"SteroidPotion"},{"floor":6,"key":"Dexterity Potion"},{"floor":8,"key":"blueLaboratory:LouseDecoction"},{"floor":13,"key":"Fire Potion"}],"is_trial":false,"path_per_floor":["M","?","$","?","M","E","R","M","T","M","R","E","?","E","R","B"],"character_chosen":"DEFECT","items_purchased":[],"campfire_rested":1,"item_purchase_floors":[],"current_hp_per_floor":[75,75,75,75,75,35,41,41,41,41,47,27,27,7,38,0,0],"gold":153,"neow_bonus":"BOSS_RELIC","is_daily":false,"chose_seed":false,"campfire_upgraded":2,"win_rate":0.0,"timestamp":1613876561,"path_taken":["M","?","$","?","M","E","R","?","T","M","R","E","?","E","R","BOSS"],"items_purchased_type":[],"build_version":"2020-12-22","purchased_purges":1,"victory":false,"max_hp_per_floor":[75,75,75,75,75,75,75,75,75,75,75,75,75,75,75,75,75],"relic_stats":{"counters":[8,47],"Eternal Feather":21,"Pen Nib":[1],"Kunai":[8],"obtain_stats":[{"Calling Bell":0,"Carrot":6,"Simple Rune":0,"Ring of Fury":2,"Eternal Feather":4,"Pen Nib":14,"Replay:Bottled Flurry":12,"Kunai":0,"Cracked Core":0,"FossilizedHelix":0,"Mercury Hourglass":9},{"Calling Bell":0,"Carrot":3,"Simple Rune":0,"Ring of Fury":1,"Eternal Feather":1,"Pen Nib":7,"Replay:Bottled Flurry":6,"Kunai":0,"Cracked Core":0,"FossilizedHelix":0,"Mercury Hourglass":4},{"Calling Bell":0,"Carrot":15,"Simple Rune":0,"Ring of Fury":3,"Eternal Feather":3,"Pen Nib":36,"Replay:Bottled Flurry":29,"Kunai":0,"Cracked Core":0,"FossilizedHelix":0,"Mercury Hourglass":17}],"Mercury Hourglass":[115]},"card_choices":[{"not_picked":["Conserve Battery","Go for the Eyes"],"picked":"Fusion","floor":1},{"not_picked":["BasicCrystalCard","Fusion"],"picked":"Beam Cell","floor":5},{"not_picked":["Loop","ReplayTheSpireMod:Repulse"],"picked":"Leap","floor":6},{"not_picked":["Cold Snap","Storm","Fusion"],"picked":"SKIP","floor":8},{"not_picked":["Barrage","Force Field"],"picked":"Conserve Battery","floor":10},{"not_picked":["ReplaySolidLightProjector","Loop"],"picked":"Hologram","floor":12},{"not_picked":["Redo","ReplaySort"],"picked":"Steam","floor":14}],"player_experience":264832,"relics_obtained":[{"floor":0,"key":"Simple Rune"},{"floor":0,"key":"Kunai"},{"floor":0,"key":"FossilizedHelix"},{"floor":2,"key":"Ring of Fury"},{"floor":6,"key":"Carrot"},{"floor":9,"key":"Mercury Hourglass"},{"floor":12,"key":"Replay:Bottled Flurry"},{"floor":14,"key":"Pen Nib"}],"event_choices":[{"damage_healed":0,"gold_gain":0,"player_choice":"Gave Potion","damage_taken":0,"relics_obtained":["Eternal Feather"],"max_hp_gain":0,"max_hp_loss":0,"event_name":"WeMeetAgain","floor":4,"gold_loss":0},{"damage_healed":0,"gold_gain":0,"player_choice":"Bought 1 Potion","damage_taken":0,"max_hp_gain":0,"max_hp_loss":0,"event_name":"The Woman in Blue","floor":13,"gold_loss":0}],"is_beta":false,"boss_relics":[],"items_purged_floors":[3],"is_endless":false,"potions_floor_spawned":[1,6,8],"killed_by":"Hexaghost","ascension_level":3}}