{"host":"y9t3brv5y5t41vuj","time":1613946886,"event":{"mods":["AchievementEnabler","BaseMod","BetterRewards","Block Reminder","Colored Map","Colored Powertips","Conspire","Highlight Path","Hubris","Infinite Spire","Minty Spire (QoL Compilation)","Quick Restart","Replay The Spire","Shop Mod","StSLib","SuperFastMode","Unceasing Turn Reminder"],"gold_per_floor":[118,4,16,91,106,106,134,134,206,339,352,352,365,384,384,481,481,498,468,532,532,545,545,545,545,545],"floor_reached":25,"language":"ENG","playtime":648,"items_purged":["Strike_G"],"score":247,"play_id":"0de991ff-7e7b-4b2d-8d03-4a4f63edaaab","local_time":"20210221233446","is_ascension_mode":true,"campfire_choices":[{"data":"Neutralize","floor":6,"key":"SMITH"},{"data":"Bane","floor":8,"key":"SMITH"},{"data":"Survivor","floor":15,"key":"SMITH"},{"floor":23,"key":"REST"}],"circlet_count":0,"master_deck":["Strike_G","Strike_G","Strike_G","Strike_G","Defend_G+1","Defend_G","Defend_G","Defend_G+1","Defend_G","Survivor+1","Neutralize+1","Poisoned Stab","Fluid Movement","Footwork","Backstab","Bane+1","A Thousand Cuts","Bane","Poisoned Stab","Tools of the Trade","Dagger Spray+1","Dagger Spray","Poisoned Stab","Deflect","Noxious Fumes"],"relics":["Ring of the Snake","FossilizedHelix","hubris:MobiusCoin","War Paint","HoveringKite"],"acts_visited":["Exordium","TheCity"],"potions_floor_usage":[7,16,20,20,25],"damage_taken":[{"damage":0,"enemies":"Small Slimes","floor":1,"turns":4},{"damage":0,"enemies":"Jaw Worm","floor":3,"turns":6},{"damage":0,"enemies":"conspire:RoseBush","floor":5,"turns":5},{"damage":9,"enemies":"Lagavulin","floor":7,"turns":7},{"damage":13,"enemies":"Gremlin Nob","floor":10,"turns":5},{"damage":8,"enemies":"Gremlin Gang","floor":11,"turns":5},{"damage":0,"enemies":"2 Fungi Beasts","floor":13,"turns":3},{"damage":1,"enemies":"Looter","floor":14,"turns":4},{"damage":38,"enemies":"Fading Forest","floor":16,"turns":11},{"damage":18,"enemies":"Chosen","floor":18,"turns":8},{"damage":13,"enemies":"2 Thieves","floor":19,"turns":5},{"damage":10,"enemies":"Snake Plant","floor":20,"turns":5},{"damage":25,"enemies":"Shelled Parasite and Fungi","floor":22,"turns":5},{"damage":25,"enemies":"Slavers","floor":25,"turns":3}],"seed_played":"-614477886024047434","potions_obtained":[{"floor":1,"key":"FearPotion"},{"floor":11,"key":"Block Potion"},{"floor":13,"key":"AttackPotion"},{"floor":14,"key":"Strength Potion"},{"floor":18,"key":"DistilledChaos"}],"is_trial":false,"path_per_floor":["M","$","M","?","M","R","E","R","T","E","M","?","M","M","R","B",null,"M","M","M","?","M","R","?","E"],"character_chosen":"THE_SILENT","items_purchased":["Footwork"],"campfire_rested":1,"item_purchase_floors":[2],"current_hp_per_floor":[70,70,70,59,59,59,50,50,50,37,29,70,70,69,69,37,70,52,39,29,29,4,25,25,0,0],"gold":545,"neow_bonus":"THREE_CARDS","is_daily":false,"chose_seed":false,"campfire_upgraded":3,"win_rate":0.0,"timestamp":1613946886,"path_taken":["M","$","M","?","M","R","E","R","T","E","M","?","?","M","R","BOSS","M","M","?","?","M","R","?","E"],"items_purchased_type":["Card"],"build_version":"2020-12-22","purchased_purges":1,"victory":false,"max_hp_per_floor":[70,70,70,70,70,70,70,70,70,70,70,70,70,70,70,70,70,70,70,70,70,70,70,70,70,70],"card_choices":[{"not_picked":["Acrobatics","hubris:SlightOfHand"],"picked":"Poisoned Stab","floor":0},{"not_picked":["hubris:TrickCloak","Underhanded Strike"],"picked":"Fluid Movement","floor":1},{"not_picked":["Underhanded Strike","hubris:SlightOfHand","conspire:DoublingDagger"],"picked":"SKIP","floor":3},{"not_picked":["Sucker Punch","Dagger Spray"],"picked":"Backstab","floor":5},{"not_picked":["Accuracy","hubris:SlightOfHand"],"picked":"Bane","floor":7},{"not_picked":["Backflip","ReplayTheSpireMod:Exploit Weakness"],"picked":"A Thousand Cuts","floor":10},{"not_picked":["All Out Attack","Backstab"],"picked":"Bane","floor":11},{"not_picked":["Dash","ReplayTheSpireMod:Scrap Shanks"],"picked":"Poisoned Stab","floor":13},{"not_picked":["Setup","hubris:Counter","Escape Plan"],"picked":"SKIP","floor":14},{"not_picked":["Burst","Bullet Time"],"picked":"Tools of the Trade","floor":16},{"not_picked":["PiercingWail","Deflect"],"picked":"Dagger Spray+1","floor":18},{"not_picked":["conspire:DoublingDagger","Dagger Throw"],"picked":"Dagger Spray","floor":19},{"not_picked":["Dagger Spray","Reflex"],"picked":"Poisoned Stab","floor":20},{"not_picked":["Deadly Poison","Flying Knee"],"picked":"Noxious Fumes","floor":22}],"player_experience":550994,"relics_obtained":[{"floor":7,"key":"FossilizedHelix"},{"floor":9,"key":"hubris:MobiusCoin"},{"floor":10,"key":"War Paint"}],"event_choices":[{"damage_healed":0,"gold_gain":75,"player_choice":"Gather Gold","damage_taken":11,"max_hp_gain":0,"max_hp_loss":0,"event_name":"World of Goop","floor":4,"gold_loss":0},{"damage_healed":41,"gold_gain":0,"player_choice":"Full Heal","damage_taken":0,"max_hp_gain":0,"max_hp_loss":0,"event_name":"Wheel of Change","floor":12,"gold_loss":0},{"damage_healed":0,"gold_gain":0,"player_choice":"Leave","damage_taken":0,"max_hp_gain":0,"max_hp_loss":0,"event_name":"conspire:Investor","floor":24,"gold_loss":0}],"is_beta":false,"boss_relics":[{"not_picked":["Snecko Scales","Runic Pyramid"],"picked":"HoveringKite"}],"items_purged_floors":[2],"is_endless":false,"potions_floor_spawned":[1,11,13,14,18,19],"killed_by":"Slavers","ascension_level":3}}