{"host":"enpah696raxjhbxd","time":1613907903,"event":{"mods":["ATMod(°¢èªMod)","BaseMod","Challenge The Spire","Colored Powertips","Friendly Minions","Good Game Mod","Minty Spire (QoL Compilation)","Replay The Spire","StSLib","TestMod","The Bladedancer","UnlockEverythingMod"],"gold_per_floor":[213,226,501,513,513,513,547,557,557,571,588,284,284,301,301,301,301],"floor_reached":16,"language":"ZHS","playtime":497,"items_purged":[],"score":208,"play_id":"a8727bde-d027-4acf-96a7-ffe52dc6eb11","local_time":"20210221194503","is_ascension_mode":true,"campfire_choices":[{"data":"AT_ChampionKick","floor":6,"key":"SMITH"},{"floor":13,"key":"REST"},{"data":"Eruption","floor":15,"key":"SMITH"}],"circlet_count":0,"master_deck":["AscendersBane","Strike_P","Strike_P","Strike_P","Strike_P","Defend_P","Defend_P","Defend_P","Defend_P","Eruption+1","Vigilance","AT_ChampionKick+1","Metamorphosis","FollowUp","Regret","BowlingBash","Wallop","AT_RealColorLess","CutThroughFate","AT_DivineConfetti+1","TalkToTheHand"],"relics":["PureWater","testmod-TestBox","AT_ATBox","REME:ComplimentaryCards","testmod-Justice","Counterbalance","Matryoshka","Melange"],"acts_visited":["Exordium"],"potions_floor_usage":[14],"damage_taken":[{"damage":3,"enemies":"2 Louse","floor":1,"turns":2},{"damage":6,"enemies":"Cultist","floor":2,"turns":4},{"damage":7,"enemies":"Small Slimes","floor":4,"turns":3},{"damage":22,"enemies":"3 Sentries","floor":7,"turns":3},{"damage":9,"enemies":"Exordium Thugs","floor":8,"turns":3},{"damage":9,"enemies":"2 Fungi Beasts","floor":10,"turns":3},{"damage":4,"enemies":"3 Louse","floor":11,"turns":2},{"damage":22,"enemies":"Exordium Wildlife","floor":14,"turns":4},{"damage":22,"enemies":"Hexaghost","floor":16,"turns":4}],"seed_played":"1640941627000488267","potions_obtained":[{"floor":2,"key":"Languid Potion"},{"floor":8,"key":"Reflective Coating"}],"is_trial":false,"path_per_floor":["M","M","?","M","?","R","E","M","T","M","M","$","R","M","R","B"],"character_chosen":"WATCHER","items_purchased":["Melange","AT_DivineConfetti+1","TalkToTheHand"],"campfire_rested":1,"item_purchase_floors":[12,12,12],"current_hp_per_floor":[58,52,52,45,67,67,45,36,36,27,23,23,43,21,21,0,0],"gold":301,"neow_bonus":"HUNDRED_GOLD","is_daily":false,"chose_seed":false,"campfire_upgraded":2,"win_rate":0.0,"timestamp":1613907903,"path_taken":["M","M","?","?","?","R","E","M","T","M","M","?","R","?","R","BOSS"],"items_purchased_type":["Relic","Card","Card"],"build_version":"2020-12-22","purchased_purges":0,"victory":false,"max_hp_per_floor":[68,68,68,68,68,68,68,68,68,68,68,68,68,68,68,68,68],"card_choices":[{"not_picked":["ThirdEye","Crescendo"],"picked":"FollowUp","floor":1},{"not_picked":["WindmillStrike","Pray","FlyingSleeves"],"picked":"SKIP","floor":2},{"not_picked":["Protect","Crescendo"],"picked":"BowlingBash","floor":4},{"not_picked":["Evaluate","WaveOfTheHand"],"picked":"Wallop","floor":7},{"not_picked":["SashWhip","BowlingBash","Prostrate"],"picked":"SKIP","floor":8},{"not_picked":["Protect","PathToVictory"],"picked":"AT_RealColorLess","floor":10},{"not_picked":["CarveReality","Worship"],"picked":"CutThroughFate","floor":11},{"not_picked":["PathToVictory","FlurryOfBlows","EmptyFist"],"picked":"SKIP","floor":14}],"player_experience":241840,"relics_obtained":[{"floor":7,"key":"Counterbalance"},{"floor":9,"key":"Matryoshka"}],"event_choices":[{"damage_healed":0,"gold_gain":275,"player_choice":"Desecrate","damage_taken":0,"max_hp_gain":0,"max_hp_loss":0,"event_name":"Golden Shrine","floor":3,"gold_loss":0,"cards_obtained":["Regret"]},{"damage_healed":22,"gold_gain":0,"player_choice":"Banana","damage_taken":0,"max_hp_gain":0,"max_hp_loss":0,"event_name":"Big Fish","floor":5,"gold_loss":0}],"is_beta":false,"boss_relics":[],"items_purged_floors":[],"is_endless":false,"potions_floor_spawned":[2,8],"killed_by":"Hexaghost","ascension_level":20}}