{"host":"aas8f8jvicx6tcxp","time":1613876977,"event":{"mods":["BaseMod","Better Third Choice","BetterRewards","Clockwork Mod","Hermit","Minty Spire (QoL Compilation)","Shop Mod","StSLib","The Construct","The Jungle"],"gold_per_floor":[119,135,153,169,179,47,63,75,75,86,96,96,96],"floor_reached":12,"language":"ENG","playtime":844,"items_purged":[],"score":78,"play_id":"fd4e1188-96cc-4fbe-8e51-b33aaedef3b6","local_time":"20210220210937","is_ascension_mode":false,"campfire_choices":[],"circlet_count":0,"master_deck":["Strike_P","Strike_P","Strike_P","Strike_P","Defend_P","Defend_P","Defend_P","Defend_P","Eruption","Vigilance","EmptyFist","CutThroughFate","WindmillStrike","Omniscience","Panacea","Fasting2","SashWhip","FollowUp","Pray","FlurryOfBlows"],"relics":["PureWater","NeowsBlessing","Meat on the Bone"],"acts_visited":["Exordium"],"potions_floor_usage":[7],"damage_taken":[{"damage":0,"enemies":"Cultist","floor":1,"turns":1},{"damage":0,"enemies":"2 Louse","floor":2,"turns":1},{"damage":0,"enemies":"Small Slimes","floor":3,"turns":1},{"damage":2,"enemies":"Blue Slaver","floor":4,"turns":3},{"damage":11,"enemies":"3 Louse","floor":5,"turns":3},{"damage":6,"enemies":"Exordium Wildlife","floor":7,"turns":4},{"damage":9,"enemies":"Large Slime","floor":8,"turns":6},{"damage":3,"enemies":"2 Fungi Beasts","floor":10,"turns":3},{"damage":2,"enemies":"3 Louse","floor":11,"turns":2},{"damage":44,"enemies":"Lagavulin","floor":12,"turns":6}],"seed_played":"7652298331643835193","potions_obtained":[{"floor":1,"key":"Fire Potion"},{"floor":4,"key":"Block Potion"},{"floor":5,"key":"Strength Potion"},{"floor":10,"key":"LiquidBronze"}],"is_trial":false,"path_per_floor":["M","M","M","M","M","$","M","M","T","M","M","E"],"character_chosen":"WATCHER","items_purchased":["Panacea","Fasting2"],"campfire_rested":0,"item_purchase_floors":[6,6],"current_hp_per_floor":[72,72,72,70,59,59,53,44,44,41,39,0,0],"gold":96,"neow_bonus":"THREE_ENEMY_KILL","is_daily":false,"chose_seed":false,"campfire_upgraded":0,"win_rate":0.0,"timestamp":1613876977,"path_taken":["M","M","M","M","M","$","M","M","T","M","M","E"],"items_purchased_type":["Card","Card"],"build_version":"2020-12-22","purchased_purges":0,"victory":false,"max_hp_per_floor":[72,72,72,72,72,72,72,72,72,72,72,72,72],"card_choices":[{"not_picked":["CrushJoints","Evaluate"],"picked":"EmptyFist","floor":1},{"not_picked":["FearNoEvil","Crescendo"],"picked":"CutThroughFate","floor":2},{"not_picked":["FlyingSleeves","WheelKick"],"picked":"WindmillStrike","floor":3},{"not_picked":["EmptyBody","Omniscience","BowlingBash"],"picked":"SKIP","floor":4},{"not_picked":["EmptyBody","BowlingBash"],"picked":"Omniscience","floor":4},{"not_picked":["Crescendo","EmptyFist","Meditate"],"picked":"SKIP","floor":5},{"not_picked":["Meditate","Adaptation"],"picked":"SashWhip","floor":7},{"not_picked":["Wallop","Swivel"],"picked":"FollowUp","floor":8},{"not_picked":["Worship","ClearTheMind"],"picked":"Pray","floor":10},{"not_picked":["Consecrate","Conclude"],"picked":"FlurryOfBlows","floor":11}],"player_experience":290455,"relics_obtained":[{"floor":9,"key":"Meat on the Bone"}],"event_choices":[],"is_beta":false,"boss_relics":[],"items_purged_floors":[],"is_endless":false,"potions_floor_spawned":[1,4,5,10,11],"killed_by":"Lagavulin","ascension_level":0}}