{"host":"vxgtqwpb0ulpisda","time":1613933786,"event":{"mods":["BaseMod","Bestiary","Minty Spire (QoL Compilation)","Relic Stats","ojb\u0027s Info Mod"],"gold_per_floor":[110,129,149,149,169,201,201,220,220,250,262,274,286,318,318,318,318],"floor_reached":16,"language":"ENG","playtime":815,"items_purged":[],"score":164,"play_id":"6b473e10-adf7-4eb4-86b6-97d98ed8d144","local_time":"20210221135626","is_ascension_mode":true,"campfire_choices":[{"floor":7,"key":"REST"},{"data":"Armaments","floor":15,"key":"SMITH"}],"circlet_count":0,"master_deck":["Strike_R","Strike_R","Strike_R","Strike_R","Strike_R","Defend_R","Defend_R","Defend_R","Defend_R","Bash","CurseOfTheBell","Thunderclap","Feel No Pain","Immolate","Hemokinesis","Rage","Brutality+1","Hemokinesis","Impervious","Armaments+1","Evolve+1"],"relics":["Calling Bell","Centennial Puzzle","White Beast Statue","Ginger","Regal Pillow","Meat on the Bone","Frozen Egg 2","Bottled Tornado"],"acts_visited":["Exordium"],"potions_floor_usage":[2,5,6,6,10,11,12,14,16,16],"damage_taken":[{"damage":6,"enemies":"2 Louse","floor":1,"turns":2},{"damage":10,"enemies":"Small Slimes","floor":2,"turns":5},{"damage":7,"enemies":"Jaw Worm","floor":3,"turns":3},{"damage":6,"enemies":"Looter","floor":5,"turns":2},{"damage":15,"enemies":"Lagavulin","floor":6,"turns":5},{"damage":0,"enemies":"Exordium Wildlife","floor":8,"turns":2},{"damage":12,"enemies":"3 Sentries","floor":10,"turns":4},{"damage":2,"enemies":"2 Fungi Beasts","floor":11,"turns":1},{"damage":17,"enemies":"Red Slaver","floor":12,"turns":2},{"damage":1,"enemies":"3 Louse","floor":13,"turns":2},{"damage":14,"enemies":"Lagavulin","floor":14,"turns":5},{"damage":54,"enemies":"Hexaghost","floor":16,"turns":9}],"seed_played":"-7780301132047523392","potions_obtained":[{"floor":1,"key":"HeartOfIron"},{"floor":2,"key":"Fire Potion"},{"floor":3,"key":"Energy Potion"},{"floor":5,"key":"DuplicationPotion"},{"floor":6,"key":"Explosive Potion"},{"floor":8,"key":"Strength Potion"},{"floor":10,"key":"Explosive Potion"},{"floor":11,"key":"Ancient Potion"},{"floor":12,"key":"SpeedPotion"},{"floor":13,"key":"Energy Potion"},{"floor":14,"key":"AttackPotion"}],"is_trial":false,"path_per_floor":["M","M","M","?","M","E","R","M","T","E","M","M","M","E","R","B"],"character_chosen":"IRONCLAD","items_purchased":[],"campfire_rested":1,"item_purchase_floors":[],"current_hp_per_floor":[66,56,49,54,48,33,73,73,73,61,59,54,53,51,51,0,0],"gold":318,"neow_bonus":"BOSS_RELIC","is_daily":false,"chose_seed":false,"campfire_upgraded":1,"win_rate":0.0,"timestamp":1613933786,"path_taken":["M","M","M","?","M","E","R","M","T","E","M","M","M","E","R","BOSS"],"items_purchased_type":[],"build_version":"2020-12-22","purchased_purges":0,"victory":false,"max_hp_per_floor":[80,80,80,85,85,85,85,85,85,85,85,85,85,85,85,85,85],"relic_stats":{"Centennial Puzzle":[33],"Regal Pillow":15,"counters":[12,42],"Ginger":[2],"obtain_stats":[{"Calling Bell":0,"Centennial Puzzle":0,"Regal Pillow":6,"Ginger":0,"Frozen Egg 2":10,"Bottled Tornado":14,"Burning Blood":0,"White Beast Statue":0,"Meat on the Bone":9},{"Calling Bell":0,"Centennial Puzzle":0,"Regal Pillow":5,"Ginger":0,"Frozen Egg 2":7,"Bottled Tornado":11,"Burning Blood":0,"White Beast Statue":0,"Meat on the Bone":6},{"Calling Bell":0,"Centennial Puzzle":0,"Regal Pillow":17,"Ginger":0,"Frozen Egg 2":23,"Bottled Tornado":33,"Burning Blood":0,"White Beast Statue":0,"Meat on the Bone":19}],"Meat on the Bone":24},"card_choices":[{"not_picked":["Havoc","Rampage"],"picked":"Thunderclap","floor":1},{"not_picked":["Pummel","Power Through"],"picked":"Feel No Pain","floor":2},{"not_picked":["Wild Strike","Perfected Strike"],"picked":"Immolate","floor":3},{"not_picked":["Twin Strike","Clash","Heavy Blade"],"picked":"SKIP","floor":5},{"not_picked":["Heavy Blade","Perfected Strike"],"picked":"Hemokinesis","floor":6},{"not_picked":["Pommel Strike","Blood for Blood"],"picked":"Rage","floor":8},{"not_picked":["Feel No Pain+1","Body Slam"],"picked":"Brutality+1","floor":10},{"not_picked":["Flex","True Grit"],"picked":"Hemokinesis","floor":11},{"not_picked":["Thunderclap","Iron Wave"],"picked":"Impervious","floor":12},{"not_picked":["Havoc","Wild Strike"],"picked":"Armaments","floor":13},{"not_picked":["Pummel","Perfected Strike"],"picked":"Evolve+1","floor":14}],"player_experience":428020,"relics_obtained":[{"floor":0,"key":"Centennial Puzzle"},{"floor":0,"key":"White Beast Statue"},{"floor":0,"key":"Ginger"},{"floor":6,"key":"Regal Pillow"},{"floor":9,"key":"Meat on the Bone"},{"floor":10,"key":"Frozen Egg 2"},{"floor":14,"key":"Bottled Tornado"}],"event_choices":[{"damage_healed":0,"gold_gain":0,"player_choice":"Donut","damage_taken":0,"max_hp_gain":5,"max_hp_loss":0,"event_name":"Big Fish","floor":4,"gold_loss":0}],"is_beta":false,"boss_relics":[],"items_purged_floors":[],"is_endless":false,"potions_floor_spawned":[1,2,3,5,6,8,10,11,12,13,14],"killed_by":"Hexaghost","ascension_level":6}}