{"host":"sy26bfguqtls01um","time":1613917816,"event":{"mods":["BaseMod","DeckTracker","Hermit","Minty Spire (QoL Compilation)","Random Character Button","StSLib","SuperFastMode","The Hierophant","The Necromancer","The Servant 0.9.4","The Wild Card"],"gold_per_floor":[113,38,54,54,69,69,82,117,166,166,166],"floor_reached":10,"language":"KOR","playtime":612,"items_purged":["Defend_S"],"score":136,"play_id":"7cba71a2-5125-4b9c-9659-c0ce6faf1aed","local_time":"20210221233016","is_ascension_mode":true,"campfire_choices":[{"data":"ShatteredReality","floor":6,"key":"SMITH"}],"circlet_count":0,"master_deck":["AscendersBane","Strike_S","Strike_S","Strike_S","Strike_S","Defend_S","Defend_S","Defend_S","KidneyShot","Exchange","Luminosity","ShatteredReality+1","Defy","BottledTime","Starlight"],"relics":["Uniform","NeowsBlessing","Pantograph","Juzu Bracelet"],"acts_visited":["Exordium"],"potions_floor_usage":[8],"damage_taken":[{"damage":0,"enemies":"Cultist","floor":1,"turns":1},{"damage":0,"enemies":"Jaw Worm","floor":3,"turns":1},{"damage":0,"enemies":"Small Slimes","floor":5,"turns":1},{"damage":3,"enemies":"Blue Slaver","floor":7,"turns":5},{"damage":44,"enemies":"3 Sentries","floor":8,"turns":12},{"damage":15,"enemies":"Lagavulin","floor":10,"turns":3}],"seed_played":"-3914823036689652511","potions_obtained":[{"floor":5,"key":"Block Potion"}],"is_trial":false,"path_per_floor":["M","$","M","?","M","R","M","E","T","E"],"character_chosen":"THE_SERVANT","items_purchased":[],"campfire_rested":0,"item_purchase_floors":[],"current_hp_per_floor":[54,54,54,59,59,59,56,12,12,0,0],"gold":166,"neow_bonus":"THREE_ENEMY_KILL","is_daily":false,"chose_seed":false,"campfire_upgraded":1,"win_rate":0.0,"timestamp":1613917816,"path_taken":["M","$","?","?","M","R","M","E","T","E"],"items_purchased_type":[],"build_version":"2020-12-22","purchased_purges":1,"victory":false,"max_hp_per_floor":[60,60,60,65,65,65,65,65,65,65,65],"card_choices":[{"not_picked":["Replace","Alleviate"],"picked":"Luminosity","floor":1},{"not_picked":["Rearm","DualDimension"],"picked":"ShatteredReality","floor":3},{"not_picked":["Alleviate","Revamp"],"picked":"Defy","floor":5},{"not_picked":["Starlight","Spin"],"picked":"BottledTime","floor":7},{"not_picked":["DoubleEdge","Hightail"],"picked":"Starlight","floor":8}],"player_experience":1907900,"relics_obtained":[{"floor":8,"key":"Pantograph"},{"floor":9,"key":"Juzu Bracelet"}],"event_choices":[{"damage_healed":0,"gold_gain":0,"player_choice":"Donut","damage_taken":0,"max_hp_gain":5,"max_hp_loss":0,"event_name":"Big Fish","floor":4,"gold_loss":0}],"is_beta":false,"boss_relics":[],"items_purged_floors":[2],"is_endless":false,"potions_floor_spawned":[5],"killed_by":"Lagavulin","ascension_level":20}}