{"host":"v7v0an1btpgyzz59","time":1613918660,"event":{"mods":["BaseMod","BetterRewards","Colored Map","Colored Powertips","KinomotoSakuraMod(木之本樱)","Minty Spire (QoL Compilation)","Remilia（蕾米莉亚）","Shop Mod","StSLib","The Bug Knight","The Construct","The Disciple","The Servant 0.9.4","[IsaacMod]以撒尖塔"],"gold_per_floor":[116,116,48,10,22,50,50,75,126,226,243,254,254,254],"floor_reached":13,"language":"ZHS","playtime":635,"items_purged":[],"score":118,"play_id":"e4110ea5-6651-45af-93bd-87608e97d2ff","local_time":"20210221224420","is_ascension_mode":false,"campfire_choices":[],"circlet_count":0,"master_deck":["construct:Strike_Gold","construct:Strike_Gold","construct:Strike_Gold","construct:Strike_Gold","construct:Defend_Gold","construct:Defend_Gold","construct:Defend_Gold","construct:Defend_Gold","construct:Defend_Gold","construct:AttackMode","construct:DefenseMode","construct:Enhance","construct:Hazardproof","construct:Overcharge","construct:VentSteam","construct:Reserves","construct:ReactiveShield"],"relics":["HushsDoor","PokeGo","Sozu","Vajra","Toy Ornithopter","Potion Belt"],"acts_visited":["Exordium"],"potions_floor_usage":[],"damage_taken":[{"damage":0,"enemies":"2 Louse","floor":1,"turns":2},{"damage":0,"enemies":"Cultist","floor":5,"turns":4},{"damage":34,"enemies":"Gremlin Nob","floor":6,"turns":4},{"damage":0,"enemies":"3 Sentries","floor":8,"turns":5},{"damage":0,"enemies":"Jaw Worm","floor":11,"turns":3},{"damage":0,"enemies":"Large Slime","floor":12,"turns":5},{"damage":73,"enemies":"Gremlin Nob","floor":13,"turns":5}],"seed_played":"862021779842408444","potions_obtained":[],"is_trial":false,"path_per_floor":["M","?","$","$","M","E","?","E","T","?","M","M","E"],"character_chosen":"THE_CONSTRUCT_MOD","items_purchased":["construct:Hazardproof","construct:Overcharge"],"campfire_rested":0,"item_purchase_floors":[3,4],"current_hp_per_floor":[85,85,85,85,85,51,51,51,51,51,51,51,0,0],"gold":254,"neow_bonus":"BOSS_RELIC","is_daily":false,"chose_seed":false,"campfire_upgraded":0,"win_rate":0.0,"timestamp":1613918660,"path_taken":["M","?","?","$","?","E","?","E","T","?","M","M","E"],"items_purchased_type":["Card","Card"],"build_version":"2020-12-22","purchased_purges":0,"victory":false,"max_hp_per_floor":[85,85,85,85,85,85,85,85,85,85,85,85,85,85],"card_choices":[{"not_picked":["construct:Synchronize","construct:HeavyBolt"],"picked":"construct:Enhance","floor":1},{"not_picked":["construct:ClusterMines","construct:VentSteam"],"picked":"Bomb","floor":5},{"not_picked":["construct:ScrapCannon","construct:QuickAttack"],"picked":"construct:VentSteam","floor":6},{"not_picked":["construct:SweepLaser","construct:SaveState","construct:Failsafe"],"picked":"SKIP","floor":8},{"not_picked":["construct:LaserCore","construct:Anticipate"],"picked":"construct:Reserves","floor":11},{"not_picked":["construct:MetalShell","construct:ScrapCannon"],"picked":"construct:ReactiveShield","floor":12}],"player_experience":504153,"relics_obtained":[{"floor":6,"key":"Vajra"},{"floor":8,"key":"Toy Ornithopter"},{"floor":9,"key":"Potion Belt"}],"event_choices":[{"cards_removed":["construct:Strike_Gold"],"damage_healed":0,"gold_gain":0,"player_choice":"Purged","damage_taken":0,"max_hp_gain":0,"max_hp_loss":0,"event_name":"Purifier","floor":2,"gold_loss":0},{"damage_healed":0,"gold_gain":100,"player_choice":"Pray","damage_taken":0,"max_hp_gain":0,"max_hp_loss":0,"event_name":"Golden Shrine","floor":10,"gold_loss":0}],"is_beta":false,"boss_relics":[],"items_purged_floors":[],"is_endless":false,"potions_floor_spawned":[5,12],"killed_by":"Gremlin Nob","ascension_level":0}}