{"host":"syfsfjmzue8y1a6l","time":1613925548,"event":{"mods":["AchievementEnabler","BaseMod","Colored Map","DeckTracker","Minty Spire (QoL Compilation)","Permanent Neow","SuperFastMode"],"gold_per_floor":[116,41,41,58,58,58,58,68,94,111,126,137,148,175,175,278,278,294,294,393,393,48,48,82,82,129,129,177,224,239,289,289,319,319],"floor_reached":33,"language":"KOR","playtime":1688,"items_purged":["Defend_P","Defend_P"],"score":269,"play_id":"9c2b1356-80f2-4394-a6b8-e2f6422ee462","local_time":"20210222013908","is_ascension_mode":false,"campfire_choices":[{"data":"Eruption","floor":6.0,"key":"SMITH"},{"data":"Adaptation","floor":15.0,"key":"SMITH"},{"floor":23,"key":"RECALL"},{"data":"MentalFortress","floor":27,"key":"SMITH"},{"floor":32,"key":"REST"}],"circlet_count":0,"master_deck":["Strike_P","Strike_P","Defend_P","Eruption+1","Vigilance","Adaptation+1","FlurryOfBlows","MentalFortress+1","Wish+1","Vault+1","Worship+1","Flash of Steel"],"relics":["PureWater","Orichalcum","Toxic Egg 2","Bag of Preparation","Torii","Strawberry"],"acts_visited":["Exordium","TheCity"],"potions_floor_usage":[24,24],"damage_taken":[{"damage":4.0,"enemies":"2 Louse","floor":1.0,"turns":2.0},{"damage":3.0,"enemies":"Jaw Worm","floor":4.0,"turns":2.0},{"damage":5.0,"enemies":"Small Slimes","floor":8.0,"turns":2.0},{"damage":1.0,"enemies":"Red Slaver","floor":10.0,"turns":4.0},{"damage":3.0,"enemies":"Exordium Wildlife","floor":11.0,"turns":3.0},{"damage":7.0,"enemies":"2 Fungi Beasts","floor":12.0,"turns":4.0},{"damage":6.0,"enemies":"Blue Slaver","floor":13.0,"turns":4.0},{"damage":24.0,"enemies":"Lagavulin","floor":14.0,"turns":7.0},{"damage":15.0,"enemies":"Hexaghost","floor":16.0,"turns":9.0},{"damage":0,"enemies":"Shell Parasite","floor":18,"turns":7},{"damage":27,"enemies":"Slavers","floor":24,"turns":7},{"damage":9,"enemies":"Chosen","floor":28,"turns":6},{"damage":26,"enemies":"Snecko","floor":29,"turns":8},{"damage":13,"enemies":"Snake Plant","floor":30,"turns":6},{"damage":0,"enemies":"Centurion and Healer","floor":31,"turns":6},{"damage":41,"enemies":"Champ","floor":33,"turns":12}],"seed_played":"-511222551466860476","potions_obtained":[{"floor":1.0,"key":"BottledMiracle"},{"floor":4.0,"key":"Fire Potion"},{"floor":10.0,"key":"BottledMiracle"},{"floor":16.0,"key":"Explosive Potion"},{"floor":30,"key":"SteroidPotion"},{"floor":31,"key":"Ancient Potion"}],"is_trial":false,"path_per_floor":["M","$","?","M","?","R","?","M","T","M","M","M","M","E","R","B",null,"M","?","?","?","$","R","E","$","T","R","M","M","M","M","R","B"],"character_chosen":"WATCHER","items_purchased":["Flash of Steel","Bag of Preparation"],"campfire_rested":1,"item_purchase_floors":[22,22],"current_hp_per_floor":[68,68,73,70,63,63,63,58,58,57,54,47,41,17,17,2,77,77,77,77,77,77,77,50,50,57,57,48,22,9,9,34,0,0],"gold":319,"neow_bonus":"RANDOM_COMMON_RELIC","is_daily":false,"chose_seed":false,"campfire_upgraded":3,"win_rate":0.0,"timestamp":1613925548,"path_taken":["M","$","?","M","?","R","?","M","T","M","M","M","M","E","R","BOSS","M","?","?","?","$","R","E","$","T","R","M","M","M","?","R","BOSS"],"items_purchased_type":["Card","Relic"],"build_version":"2020-12-22","purchased_purges":2,"victory":false,"max_hp_per_floor":[72,72,77,77,77,77,77,77,77,77,77,77,77,77,77,77,77,77,77,77,77,77,77,77,77,84,84,84,84,84,84,84,84,84],"card_choices":[{"not_picked":["ThirdEye","Crescendo"],"picked":"Adaptation","floor":1.0},{"not_picked":["EmptyBody","Crescendo"],"picked":"FlurryOfBlows","floor":4.0},{"not_picked":["Halt","Worship"],"picked":"MentalFortress","floor":8.0},{"not_picked":["CrushJoints","Tantrum","BattleHymn"],"picked":"SKIP","floor":10.0},{"not_picked":["FollowUp","SashWhip","WaveOfTheHand"],"picked":"SKIP","floor":11.0},{"not_picked":["SashWhip","EmptyFist","Establishment"],"picked":"SKIP","floor":12.0},{"not_picked":["Pray","InnerPeace","FlyingSleeves"],"picked":"SKIP","floor":13.0},{"not_picked":["Weave","TalkToTheHand","CrushJoints"],"picked":"SKIP","floor":14.0},{"not_picked":["SpiritShield+1","ConjureBlade+1"],"picked":"Wish+1","floor":16.0},{"not_picked":["Fasting2","FlurryOfBlows+1","ReachHeaven"],"picked":"SKIP","floor":18},{"not_picked":["Protect+1","ForeignInfluence+1","ClearTheMind+1"],"picked":"SKIP","floor":24},{"not_picked":["TalkToTheHand+1","Evaluate+1","MentalFortress"],"picked":"SKIP","floor":28},{"not_picked":["TalkToTheHand+1","Evaluate+1","MentalFortress"],"picked":"SKIP","floor":28},{"not_picked":["WaveOfTheHand+1","Consecrate","FlyingSleeves+1"],"picked":"SKIP","floor":29},{"not_picked":["Halt+1","Protect+1","TalkToTheHand"],"picked":"SKIP","floor":30},{"not_picked":["Fasting2+1","FollowUp","Pray+1"],"picked":"SKIP","floor":31}],"player_experience":185747,"relics_obtained":[{"floor":14.0,"key":"Toxic Egg 2"},{"floor":24,"key":"Torii"},{"floor":26,"key":"Strawberry"}],"event_choices":[{"damage_healed":0.0,"max_hp_gain":5.0,"max_hp_loss":0.0,"gold_gain":0.0,"event_name":"Big Fish","player_choice":"Donut","floor":3.0,"gold_loss":0.0,"damage_taken":0.0},{"cards_removed":["Strike_P"],"damage_healed":0.0,"max_hp_gain":0.0,"max_hp_loss":0.0,"gold_gain":0.0,"event_name":"Golden Wing","player_choice":"Card Removal","floor":5.0,"gold_loss":0.0,"damage_taken":7.0},{"damage_healed":0.0,"max_hp_gain":0.0,"max_hp_loss":0.0,"gold_gain":0.0,"event_name":"Liars Game","player_choice":"Ignored","floor":7.0,"gold_loss":0.0,"damage_taken":0.0},{"damage_healed":0,"gold_gain":0,"cards_transformed":["Strike_P","Defend_P"],"player_choice":"Became Test Subject","damage_taken":0,"max_hp_gain":0,"max_hp_loss":0,"event_name":"Drug Dealer","floor":19,"gold_loss":0,"cards_obtained":["Vault","Worship"]},{"damage_healed":0,"gold_gain":99,"player_choice":"Stole From Cult","damage_taken":0,"max_hp_gain":0,"max_hp_loss":0,"event_name":"Nest","floor":20,"gold_loss":0},{"damage_healed":0,"gold_gain":0,"player_choice":"Ignored","damage_taken":0,"max_hp_gain":0,"max_hp_loss":0,"event_name":"NoteForYourself","floor":21,"gold_loss":0}],"is_beta":false,"boss_relics":[{"not_picked":["Ectoplasm","Cursed Key","Runic Dome"]}],"items_purged_floors":[2,22],"is_endless":false,"potions_floor_spawned":[1,4,10,14,16,30,31],"killed_by":"Champ","ascension_level":0}}