{"host":"lrlpjk0euiz9m2wl","time":1613931447,"event":{"mods":["AchievementEnabler","BaseMod","BetterRewards","Downfall","Minty Spire (QoL Compilation)","StSLib"],"gold_per_floor":[99,109,132,57,83,83,136,159,174,174,208,240,240,254,278,374,374,74,95,95,13,31,52,101,101,101,101],"floor_reached":25,"language":"ENG","playtime":2573,"items_purged":["hexamod:SpectralAdrenaline"],"score":230,"play_id":"93003676-c7f8-45f4-86b0-9672a38dc0bc","local_time":"20210221191727","is_ascension_mode":false,"campfire_choices":[{"floor":1,"key":"RECALL"},{"data":"hexamod:Sear","floor":6,"key":"SMITH"},{"data":"hexamod:ExtraCrispy","floor":18,"key":"SMITH"}],"circlet_count":0,"master_deck":["hexamod:Sear+1","hexamod:Float","hexamod:SecondSeal","hexamod:ThirdSeal","hexamod:ShieldOfDarkness","hexamod:Firestarter","hexamod:FourthSeal","hexamod:StepThrough","hexamod:FastForward+1","hexamod:Incineration","hexamod:FirstSeal","hexamod:StepThrough","hexamod:HeatMetal","hexamod:GhostOfSpireFuture","hexamod:Hexaguard","hexamod:HeatShield+1","hexamod:VolcanoVisage","hexamod:SixthSeal","hexamod:InspiringFlames","hexamod:GhostOfSpireFuture","hexamod:FastForward","hexamod:ThirdSeal","hexamod:WildfireWeapon","hexamod:ExtraCrispy+1","hexamod:BurningTouch+1","hexamod:RadiantFlame","RitualDagger","hexamod:SoulSteal","hexamod:RecurringNightmare","hexamod:DynamicBlow+1","hexamod:Rewind","hexamod:ThermalTransfer+1"],"relics":["hexamod:SpiritBrand","Regal Pillow","Odd Mushroom","Pandora\u0027s Box","downfall:HeartBlessingRed","downfall:HeartBlessingGreen","downfall:HeartBlessingBlue","Orichalcum"],"acts_visited":["Exordium","TheCity"],"potions_floor_usage":[],"damage_taken":[{"damage":0,"enemies":"Small Slimes","floor":2,"turns":3},{"damage":0,"enemies":"2 Louse","floor":3,"turns":4},{"damage":0,"enemies":"downfall:FleeingMerchant","floor":4,"turns":4},{"damage":15,"enemies":"Jaw Worm","floor":5,"turns":6},{"damage":6,"enemies":"Exordium Wildlife","floor":8,"turns":6},{"damage":13,"enemies":"3 Louse","floor":9,"turns":4},{"damage":24,"enemies":"Lagavulin","floor":11,"turns":6},{"damage":14,"enemies":"The Mushroom Lair","floor":12,"turns":5},{"damage":11,"enemies":"Large Slime","floor":14,"turns":4},{"damage":5,"enemies":"Blue Slaver","floor":15,"turns":3},{"damage":4,"enemies":"SI_SHIV_ARCHETYPE","floor":16,"turns":10},{"damage":24,"enemies":"downfall:LooterAlt2","floor":19,"turns":6},{"damage":10,"enemies":"downfall:FleeingMerchant","floor":21,"turns":4},{"damage":25,"enemies":"3 Byrds","floor":22,"turns":3},{"damage":28,"enemies":"Snake Plant","floor":23,"turns":6},{"damage":19,"enemies":"Book of Stabbing","floor":25,"turns":2}],"seed_played":"-6523757158087719104","potions_obtained":[{"floor":5,"key":"DuplicationPotion"},{"floor":5,"key":"hexamod:SoulburnPotion"},{"floor":8,"key":"DuplicationPotion"},{"floor":9,"key":"CultistPotion"},{"floor":21,"key":"Regen Potion"}],"is_trial":false,"path_per_floor":["R","M","M","$","M","R","T","M","M","?","E","?","?","M","M","B",null,"R","M","?","$","M","M","T","E"],"character_chosen":"THE_SPIRIT","items_purchased":["hexamod:FourthSeal"],"campfire_rested":0,"item_purchase_floors":[4],"current_hp_per_floor":[77,77,77,77,62,62,62,56,50,50,33,26,26,22,24,20,77,87,70,64,61,36,15,15,0,0,0],"gold":101,"neow_bonus":"TEN_PERCENT_HP_BONUS","is_daily":false,"chose_seed":false,"campfire_upgraded":2,"win_rate":0.0,"timestamp":1613931447,"path_taken":["R","M","M","$","M","R","T","M","M","?","E","?","?","?","M","BOSS","R","M","?","$","M","M","T","E"],"items_purchased_type":["Card"],"build_version":"2020-12-22","purchased_purges":1,"victory":false,"max_hp_per_floor":[77,77,77,77,77,77,77,77,77,77,77,77,77,77,77,77,77,87,87,87,87,87,87,87,87,87,87],"card_choices":[{"not_picked":["hexamod:NightmareGuise","hexamod:ThermalTransfer"],"picked":"hexamod:SecondSeal","floor":2},{"not_picked":["hexamod:SecondSeal","hexamod:ShieldOfDarkness"],"picked":"hexamod:ThirdSeal","floor":3},{"not_picked":["hexamod:Haunt","hexamod:GhostLash"],"picked":"hexamod:ShieldOfDarkness","floor":4},{"not_picked":["hexamod:AdvancingGuard","hexamod:ShieldOfDarkness"],"picked":"hexamod:Firestarter","floor":4},{"not_picked":["hexamod:ThermalTransfer","hexamod:GhostShield"],"picked":"hexamod:StepThrough","floor":5},{"not_picked":["hexamod:CatchUp","hexamod:BacktrackSmack"],"picked":"hexamod:FastForward","floor":5},{"not_picked":["hexamod:HauntingEcho","hexamod:BacktrackSmack"],"picked":"hexamod:Incineration","floor":8},{"not_picked":["hexamod:ForkedFlame","hexamod:GhostflameBarrier"],"picked":"hexamod:FirstSeal","floor":8},{"not_picked":["hexamod:HeatShield","hexamod:SwordOfDarkness"],"picked":"hexamod:StepThrough","floor":9},{"not_picked":["hexamod:SecondSeal","hexamod:PhantomFireball"],"picked":"hexamod:HeatMetal","floor":9},{"not_picked":["hexamod:InspiringFlames","hexamod:ThermalTransfer"],"picked":"hexamod:GhostOfSpireFuture","floor":11},{"not_picked":["hexamod:SpectersWail","hexamod:SwordOfDarkness"],"picked":"hexamod:Hexaguard","floor":12},{"not_picked":["hexamod:BurningTouch","hexamod:FirstSeal"],"picked":"hexamod:HeatShield","floor":14},{"not_picked":["hexamod:EtherealExpedition","hexamod:FastForward","hexamod:ThermalTransfer"],"picked":"SKIP","floor":14},{"not_picked":["hexamod:GhostShield","hexamod:CatchUp","hexamod:BurningTouch"],"picked":"SKIP","floor":15},{"not_picked":["hexamod:TimeOfNeed","hexamod:GhostflameInferno"],"picked":"hexamod:VolcanoVisage","floor":16},{"not_picked":["hexamod:TurnItUp","hexamod:UnlimitedPower"],"picked":"hexamod:SixthSeal","floor":16},{"not_picked":["hexamod:NightmareGuise","hexamod:FastForward"],"picked":"hexamod:RadiantFlame","floor":19},{"not_picked":["hexamod:AdvancingGuard","hexamod:ShieldOfDarkness"],"picked":"hexamod:SoulSteal","floor":21},{"not_picked":["hexamod:GhostLash","hexamod:SpectralAdrenaline"],"picked":"hexamod:RecurringNightmare","floor":21},{"not_picked":["hexamod:GhostShield","hexamod:NightmareStrike"],"picked":"hexamod:DynamicBlow+1","floor":22},{"not_picked":["hexamod:Firestarter","hexamod:GhostflameBarrier"],"picked":"hexamod:Rewind","floor":22},{"not_picked":["hexamod:ThirdSeal","hexamod:HeatMetal","hexamod:FastForward"],"picked":"SKIP","floor":22},{"not_picked":["hexamod:HeatMetal+1","hexamod:HauntingEcho+1"],"picked":"hexamod:ThermalTransfer+1","floor":23},{"not_picked":["hexamod:SwordOfDarkness","hexamod:GhostflameBarrier","hexamod:GhostLash"],"picked":"SKIP","floor":23}],"player_experience":122803,"relics_obtained":[{"floor":11,"key":"Regal Pillow"},{"floor":12,"key":"Odd Mushroom"},{"floor":24,"key":"Orichalcum"}],"event_choices":[{"damage_healed":0,"gold_gain":0,"player_choice":"Grow","damage_taken":0,"max_hp_gain":0,"max_hp_loss":0,"event_name":"Living Wall","floor":10,"gold_loss":0,"cards_upgraded":["hexamod:FastForward"]},{"damage_healed":0,"gold_gain":0,"player_choice":"Fought Mushrooms","damage_taken":0,"max_hp_gain":0,"max_hp_loss":0,"event_name":"Mushrooms","floor":12,"gold_loss":0}],"is_beta":false,"boss_relics":[{"not_picked":["SacredBark","Runic Pyramid"],"picked":"Pandora\u0027s Box"}],"items_purged_floors":[21],"is_endless":false,"potions_floor_spawned":[5,9,11,15,16,19,22,23],"killed_by":"Book of Stabbing","ascension_level":0}}