{"host":"rmsq46plbpwfbxcc","time":1613906155,"event":{"mods":["AchievementEnabler","BaseMod","Colored Map","Colored Powertips","DeckTracker","KOR Keyword Fix","Minty Spire (QoL Compilation)","Permanent Neow","Quick Restart","SuperFastMode"],"gold_per_floor":[114,132,132,147,164,164,197,217,217,217,217,217,142,142,142],"floor_reached":14,"language":"KOR","playtime":470,"items_purged":["Defend_G"],"score":153,"play_id":"bce494b2-681c-48ce-b85a-abfe79cd1579","local_time":"20210221201555","is_ascension_mode":true,"campfire_choices":[{"data":"Noxious Fumes","floor":6,"key":"SMITH"},{"data":"Envenom","floor":12,"key":"SMITH"}],"circlet_count":0,"master_deck":["AscendersBane","Strike_G","Strike_G","Strike_G","Defend_G","Defend_G","Defend_G","Survivor","Neutralize","Backflip+1","Bouncing Flask+1","Tools of the Trade+1","Blade Dance","Noxious Fumes+1","Acrobatics","Well Laid Plans","Envenom+1"],"relics":["Astrolabe","Oddly Smooth Stone","Blue Candle","Question Card","Bottled Tornado"],"acts_visited":["Exordium"],"potions_floor_usage":[14],"damage_taken":[{"damage":1,"enemies":"Cultist","floor":1,"turns":4},{"damage":0,"enemies":"Small Slimes","floor":2,"turns":3},{"damage":0,"enemies":"2 Louse","floor":4,"turns":3},{"damage":15,"enemies":"Lots of Slimes","floor":5,"turns":4},{"damage":14,"enemies":"Lagavulin","floor":7,"turns":6},{"damage":5,"enemies":"Exordium Thugs","floor":8,"turns":4},{"damage":25,"enemies":"3 Sentries","floor":14,"turns":5}],"seed_played":"6513275918985608324","potions_obtained":[{"floor":2,"key":"LiquidMemories"},{"floor":8,"key":"SneckoOil"}],"is_trial":false,"path_per_floor":["M","M","?","M","M","R","E","M","T","T","?","R","$","E"],"character_chosen":"THE_SILENT","items_purchased":[],"campfire_rested":0,"item_purchase_floors":[],"current_hp_per_floor":[58,58,58,58,43,43,29,24,24,24,24,24,24,0,0],"gold":142,"neow_bonus":"BOSS_RELIC","is_daily":false,"chose_seed":false,"campfire_upgraded":2,"win_rate":0.0,"timestamp":1613906155,"path_taken":["M","?","?","M","?","R","E","M","T","?","?","R","$","E"],"items_purchased_type":[],"build_version":"2020-12-22","purchased_purges":1,"victory":false,"max_hp_per_floor":[66,66,66,66,66,66,66,66,66,66,66,66,66,66,66],"card_choices":[{"not_picked":["Slice","Predator"],"picked":"Blade Dance","floor":1},{"not_picked":["Deflect","Heel Hook"],"picked":"Noxious Fumes","floor":2},{"not_picked":["Dash","Quick Slash","Poisoned Stab"],"picked":"SKIP","floor":4},{"not_picked":["Dagger Spray","Caltrops"],"picked":"Acrobatics","floor":5},{"not_picked":["Predator","Poisoned Stab"],"picked":"Well Laid Plans","floor":7},{"not_picked":["Caltrops","Poisoned Stab"],"picked":"Envenom","floor":8}],"player_experience":661688,"relics_obtained":[{"floor":7,"key":"Blue Candle"},{"floor":9,"key":"Question Card"},{"floor":10,"key":"Bottled Tornado"}],"event_choices":[{"damage_healed":0,"gold_gain":0,"player_choice":"Gave Potion","damage_taken":0,"relics_obtained":["Oddly Smooth Stone"],"max_hp_gain":0,"max_hp_loss":0,"event_name":"WeMeetAgain","floor":3,"gold_loss":0},{"damage_healed":0,"gold_gain":0,"player_choice":"Bought 0 Potions","damage_taken":0,"max_hp_gain":0,"max_hp_loss":0,"event_name":"The Woman in Blue","floor":11,"gold_loss":0}],"is_beta":false,"boss_relics":[],"items_purged_floors":[13],"is_endless":false,"potions_floor_spawned":[2,8],"killed_by":"3 Sentries","ascension_level":14}}