{"host":"h3yie3u3olngyjol","time":1613918357,"event":{"mods":["BaseMod","Colored Powertips","Downfall","Highlight Path","Infinite Spire","Lobotomy","LobotomyExtend","Marked Mod","Minty Spire (QoL Compilation)","Prisma Mod","Replay The Spire","RumiaBox-露米娅的神秘盒子","Shop Mod","StSLib","The Hierophant","The Runesmith"],"gold_per_floor":[116,131,144,144,158,190,202,202,202,202,217,229,229,240,240,342,342,362,362,362,287,287,287,306,319,319,319,57,67,67,98,98,203,203,214,264,282,332,382,382,413,413,437,487,537,553,553,573,573,573],"floor_reached":51,"language":"ZHS","playtime":2067,"items_purged":["Defend_G"],"score":1032,"play_id":"75ee8814-428a-4d02-9cc9-3082c511c647","local_time":"20210221223917","is_ascension_mode":true,"campfire_choices":[{"data":"Blade Dance","floor":10,"key":"SMITH"},{"data":"Blade Dance","floor":13,"key":"SMITH"},{"data":"ReplayTheSpireMod:Speed Training","floor":15,"key":"SMITH"},{"data":"ReplayTheSpireMod:Black Plague","floor":23,"key":"SMITH"},{"floor":30,"key":"REST"},{"floor":32,"key":"DIG"},{"data":"Apotheosis","floor":40,"key":"SMITH"},{"data":"Adrenaline","floor":42,"key":"SMITH"},{"data":"ReplayTheSpireMod:Book of Names","floor":47,"key":"SMITH"},{"data":"Survivor","floor":49,"key":"SMITH"}],"circlet_count":0,"master_deck":["Strike_G","Strike_G","Strike_G","Strike_G","Strike_G+1","Defend_G+1","Defend_G+1","Defend_G+1","Survivor+1","Neutralize+1","Blade Dance+1","Infinite Blades","ReplayTheSpireMod:Speed Training+1","Masterful Stab","Blade Dance+1","Die Die Die","ReplayTheSpireMod:Black Plague+1","ReplayTheSpireMod:Book of Names+1","Cloak And Dagger","Escape Plan","Adrenaline+1","Apotheosis+1","Secret Weapon"],"relics":["Ring of the Snake","LetterFromLob","RedMistMask","TungstenRod","Replay:Ringing Soul","AddBug","Ring of the Snake","InkBottle","Omamori","Ring of the Snake","GodSword1","SsserpentHead","Lizard Tail","Orichalcum","Singing Bowl","TungstenRod","downfall:ExtraCursedBell","Replay:Bottled Eggs","SSSystem","Incense Burner","Replay:Mystery Machine","Happy Flower"],"acts_visited":["Exordium","TheCity","TheBeyond"],"potions_floor_usage":[14,16,31,48,50,50],"damage_taken":[{"damage":0,"enemies":"Cultist","floor":1,"turns":4},{"damage":4,"enemies":"Jaw Worm","floor":2,"turns":3},{"damage":0,"enemies":"2 Louse","floor":3,"turns":3},{"damage":0,"enemies":"2 Fungi Beasts","floor":5,"turns":2},{"damage":0,"enemies":"3 Sentries","floor":6,"turns":2},{"damage":0,"enemies":"3 Louse","floor":7,"turns":2},{"damage":0,"enemies":"Blue Slaver","floor":11,"turns":2},{"damage":14,"enemies":"Lots of Slimes","floor":12,"turns":3},{"damage":0,"enemies":"Looter","floor":14,"turns":1},{"damage":12,"enemies":"Slime Boss","floor":16,"turns":6},{"damage":7,"enemies":"Shell Parasite","floor":18,"turns":2},{"damage":0,"enemies":"3 Byrds","floor":24,"turns":2},{"damage":14,"enemies":"Centurion and Healer","floor":25,"turns":3},{"damage":0,"enemies":"Snecko","floor":29,"turns":2},{"damage":9,"enemies":"Slavers","floor":31,"turns":3},{"damage":7,"enemies":"Pondfish","floor":33,"turns":5},{"damage":3,"enemies":"3 Shapes","floor":35,"turns":3},{"damage":2,"enemies":"Orb Walker","floor":37,"turns":2},{"damage":7,"enemies":"R_Hoarder","floor":41,"turns":5},{"damage":0,"enemies":"Jaw Worm Horde","floor":46,"turns":1},{"damage":1,"enemies":"Spire Growth","floor":48,"turns":3},{"damage":9,"enemies":"Donu and Deca","floor":50,"turns":5}],"seed_played":"3640500084846622443","potions_obtained":[{"floor":3,"key":"Guardian:BlockOnCardUsePotion"},{"floor":6,"key":"GamblersBrew"},{"floor":7,"key":"Weak Potion"},{"floor":12,"key":"Fire Potion"},{"floor":16,"key":"Explosive Potion"},{"floor":24,"key":"Block Potion"},{"floor":31,"key":"ColorlessPotion"},{"floor":37,"key":"Regen Potion"}],"is_trial":false,"path_per_floor":["M","M","M","?","M","E","M","?","T","R","M","M","R","M","R","B",null,"M","AVR","?","?","?","R","M","M","T","?","$","M","R","E","R","B",null,"M","?","M","?","?","R","E","R","T","?","?","M","R","M","R","B",null],"character_chosen":"THE_SILENT","items_purchased":["Lizard Tail"],"campfire_rested":1,"item_purchase_floors":[28],"current_hp_per_floor":[63,59,59,59,59,59,59,67,67,67,70,56,56,56,56,47,69,62,65,51,51,51,51,54,40,40,40,40,43,69,60,60,56,82,81,81,81,81,81,81,76,76,76,76,76,78,78,88,88,79],"gold":573,"neow_bonus":"RANDOM_EVENT","is_daily":false,"chose_seed":false,"campfire_upgraded":8,"win_rate":0.0,"timestamp":1613918357,"path_taken":["M","M","?","?","?","E","M","?","T","R","M","M","R","M","R","BOSS","M","AVR","?","?","?","R","M","?","T","?","?","M","R","E","R","BOSS","M","?","M","?","?","R","E","R","T","?","?","M","R","M","R","BOSS"],"items_purchased_type":["Relic"],"build_version":"2020-12-22","purchased_purges":1,"victory":true,"max_hp_per_floor":[70,70,70,70,70,70,70,70,70,70,73,73,73,73,73,76,76,76,79,82,82,82,82,85,85,85,85,85,88,88,88,88,91,91,93,93,95,95,98,98,100,100,100,100,100,102,102,104,104,104],"card_choices":[{"not_picked":["Dagger Throw","Choke"],"picked":"Blade Dance","floor":1},{"not_picked":["Hidden Blade","Outmaneuver","Deflect"],"picked":"SKIP","floor":2},{"not_picked":["Deadly Poison","Dodge and Roll","Blur"],"picked":"SKIP","floor":3},{"not_picked":["Eviscerate","Reflex"],"picked":"Infinite Blades","floor":5},{"not_picked":["Endless Agony","Crippling Poison"],"picked":"ReplayTheSpireMod:Speed Training","floor":6},{"not_picked":["Deadly Poison","Replay:Poison Smokescreen"],"picked":"Masterful Stab","floor":7},{"not_picked":["Noxious Fumes","Cloak And Dagger"],"picked":"Blade Dance","floor":11},{"not_picked":["Bouncing Flask","Flying Knee","Concentrate"],"picked":"SKIP","floor":12},{"not_picked":["ReplayTheSpireMod:Exploit Weakness","Blur","Flechettes"],"picked":"SKIP","floor":14},{"not_picked":["infinitespire:Neurotoxin","Grand Finale"],"picked":"Die Die Die","floor":16},{"not_picked":["Dagger Throw","Toxin Wave","Tactician"],"picked":"SKIP","floor":18},{"not_picked":["infinitespire:Gouge","infinitespire:UltimateForm"],"picked":"ReplayTheSpireMod:Book of Names","floor":20},{"not_picked":["PiercingWail","Deflect"],"picked":"Cloak And Dagger","floor":24},{"not_picked":["ReplayTheSpireMod:Speed Training","ReplayTheSpireMod:Scrap Shanks","Dagger Spray"],"picked":"SKIP","floor":25},{"not_picked":["Sucker Punch+1","Choke"],"picked":"Escape Plan","floor":29},{"not_picked":["Flechettes","ReplayTheSpireMod:Speed Training+1","Deflect"],"picked":"SKIP","floor":31},{"not_picked":["Night Terror","Wraith Form v2"],"picked":"Adrenaline","floor":33},{"not_picked":["Quick Slash","Backflip","Expertise+1"],"picked":"Singing Bowl","floor":35},{"not_picked":["Flying Knee","Noxious Fumes","Crippling Poison"],"picked":"Singing Bowl","floor":37},{"not_picked":["Mayhem","Replay:Dark Deal"],"picked":"Apotheosis","floor":39},{"not_picked":["Replay:BasicMightCard","Trip"],"picked":"Secret Weapon","floor":39},{"not_picked":["Dodge and Roll","Poisoned Stab+1","Sucker Punch+1"],"picked":"Singing Bowl","floor":41},{"not_picked":["Skewer","Cloak And Dagger+1","Blade Dance"],"picked":"Singing Bowl","floor":46},{"not_picked":["Bane+1","Concentrate","Quick Slash+1"],"picked":"Singing Bowl","floor":48}],"player_experience":464763,"relics_obtained":[{"floor":1,"key":"LetterFromLob"},{"floor":3,"key":"RedMistMask"},{"floor":6,"key":"TungstenRod"},{"floor":9,"key":"Replay:Ringing Soul"},{"floor":18,"key":"Ring of the Snake"},{"floor":25,"key":"Ring of the Snake"},{"floor":26,"key":"GodSword1"},{"floor":31,"key":"Orichalcum"},{"floor":32,"key":"Singing Bowl"},{"floor":35,"key":"TungstenRod"},{"floor":36,"key":"Replay:Bottled Eggs"},{"floor":36,"key":"SSSystem"},{"floor":36,"key":"Incense Burner"},{"floor":41,"key":"Replay:Mystery Machine"},{"floor":43,"key":"Happy Flower"}],"event_choices":[{"damage_healed":0,"gold_gain":0,"player_choice":"Upgraded","damage_taken":0,"max_hp_gain":0,"max_hp_loss":0,"event_name":"Upgrade Shrine","floor":4,"gold_loss":0,"cards_upgraded":["Neutralize"]},{"cards_removed":["Defend_G"],"damage_healed":0,"gold_gain":0,"player_choice":"Gave Gold","damage_taken":0,"max_hp_gain":0,"max_hp_loss":0,"event_name":"Beggar","floor":21,"gold_loss":75},{"damage_healed":0,"gold_gain":0,"player_choice":"Gave Potion","damage_taken":0,"relics_obtained":["Omamori"],"max_hp_gain":0,"max_hp_loss":0,"event_name":"WeMeetAgain","floor":22,"gold_loss":0},{"damage_healed":0,"gold_gain":0,"player_choice":"Trade","damage_taken":0,"relics_obtained":["SsserpentHead"],"max_hp_gain":0,"max_hp_loss":0,"event_name":"FaceTrader","floor":27,"gold_loss":0},{"damage_healed":0,"gold_gain":0,"player_choice":"Memory 2","damage_taken":5,"max_hp_gain":0,"max_hp_loss":0,"event_name":"SensoryStone","floor":39,"gold_loss":0}],"is_beta":false,"boss_relics":[{"not_picked":["Busted Crown","Ring of the Serpent"],"picked":"AddBug"},{"not_picked":["Astrolabe","Snecko Eye","ReplayTheSpireMod:DimensionalGlitch"]}],"items_purged_floors":[19],"is_endless":false,"potions_floor_spawned":[3,6,7,12,16,24,31,37,46],"ascension_level":7}}