{"host":"s0nrlal5fls38heo","time":1613915807,"event":{"mods":["AchievementEnabler","BaseMod","Colored Powertips","Dark Map","Displayed Cursed Tome","Downfall","Faster Ascension Climbing","GifTheSpireLib","Minty Spire (QoL Compilation)","Permanent Neow","Rare Cards Sparkle","Relic Filter Mod","StSLib"],"gold_per_floor":[99,111,127,141,141,170,170,196,206,34,67,67,95,112,124,228,228,228,247,262,279,279,310,364,364,364,364,364],"floor_reached":26,"language":"ENG","playtime":1695,"items_purged":[],"score":372,"play_id":"07c4ccfa-c67c-4095-9122-f4dd62228382","local_time":"20210221145647","is_ascension_mode":true,"campfire_choices":[{"data":"champ:Execute","floor":1,"key":"SMITH"},{"floor":12,"key":"REST"},{"data":"champ:Improvising","floor":18,"key":"SMITH"},{"data":"champ:MurderStrike","floor":25,"key":"SMITH"}],"circlet_count":0,"master_deck":["AscendersBane","champ:Strike+1","champ:Strike+1","champ:Defend","champ:Defend","champ:Defend","champ:Defend","champ:Execute+1","champ:Taunt","champ:ArenaPreparation","champ:BringItOn","champ:ShieldWall","champ:GladiatorStyle","champ:Improvising+1","champ:FocusedBerserking","champ:BringItOn","champ:MurderStrike+1","champ:CrownThrow","champ:CalledShot"],"relics":["champ:ChampionCrown","Pantograph","Anchor","Strawberry","Whetstone","champ:BerserkersGuideToSlaughter","Vajra","champ:FightingForDummies","SlaversCollar","Nilry\u0027s Codex","Slimebound:StickyStick","Toy Ornithopter"],"acts_visited":["Exordium","TheCity"],"potions_floor_usage":[11,13,21,23,23,26],"damage_taken":[{"damage":27,"enemies":"Small Slimes","floor":2,"turns":3},{"damage":25,"enemies":"Jaw Worm","floor":3,"turns":4},{"damage":15,"enemies":"Cultist","floor":4,"turns":3},{"damage":31,"enemies":"Gremlin Nob","floor":6,"turns":4},{"damage":26,"enemies":"Lots of Slimes","floor":9,"turns":5},{"damage":18,"enemies":"downfall:FleeingMerchant","floor":10,"turns":4},{"damage":18,"enemies":"3 Sentries","floor":11,"turns":7},{"damage":20,"enemies":"Lagavulin","floor":13,"turns":7},{"damage":1,"enemies":"downfall:LooterAlt","floor":14,"turns":4},{"damage":30,"enemies":"Large Slime","floor":15,"turns":6},{"damage":89,"enemies":"DF_ARCHETYPE_STREAMLINE","floor":16,"turns":11},{"damage":0,"enemies":"Shell Parasite","floor":19,"turns":6},{"damage":14,"enemies":"downfall:LooterAlt2","floor":20,"turns":6},{"damage":53,"enemies":"Cultist and Chosen","floor":21,"turns":8},{"damage":26,"enemies":"Book of Stabbing","floor":23,"turns":6},{"damage":64,"enemies":"Gremlin Leader","floor":26,"turns":9}],"seed_played":"-2181617343452459441","potions_obtained":[{"floor":6,"key":"Fire Potion"},{"floor":9,"key":"Explosive Potion"},{"floor":13,"key":"PowerPotion"},{"floor":14,"key":"Weak Potion"},{"floor":15,"key":"Dexterity Potion"},{"floor":20,"key":"SkillPotion"},{"floor":21,"key":"PowerPotion"}],"is_trial":false,"path_per_floor":["R","M","M","M","?","E","T","T","M","$","E","R","E","M","M","B",null,"R","M","M","M","?","E","T","R","E"],"character_chosen":"THE_CHAMP","items_purchased":["champ:BerserkersGuideToSlaughter"],"campfire_rested":1,"item_purchase_floors":[10],"current_hp_per_floor":[81,74,74,74,49,28,35,35,19,19,17,43,38,42,52,53,79,79,88,88,70,54,53,53,53,29,29,29],"gold":364,"neow_bonus":"REMOVE_TWO","is_daily":false,"chose_seed":false,"campfire_upgraded":3,"win_rate":0.0,"timestamp":1613915807,"path_taken":["R","M","M","M","?","E","T","?","?","?","E","R","E","M","M","BOSS","R","M","M","M","?","E","T","R","E"],"items_purchased_type":["Relic"],"build_version":"2020-12-22","purchased_purges":0,"victory":false,"max_hp_per_floor":[81,81,81,81,81,81,88,88,88,88,88,88,88,88,88,88,88,88,88,88,88,88,88,88,88,88,88,88],"card_choices":[{"not_picked":["champ:BerserkersShout","champ:StanceDance"],"picked":"champ:ArenaPreparation","floor":2},{"not_picked":["champ:Parry","champ:GutPunch"],"picked":"champ:BringItOn","floor":3},{"not_picked":["champ:Shatter","champ:FanOfKnives"],"picked":"champ:ShieldWall","floor":4},{"not_picked":["champ:GutPunch","champ:Shatter"],"picked":"champ:GladiatorStyle","floor":6},{"not_picked":["champ:PreciseThrust","champ:EndlessRage","champ:AdrenalArmor"],"picked":"SKIP","floor":9},{"not_picked":["champ:FlashCut","champ:PreciseThrust"],"picked":"champ:Improvising","floor":10},{"not_picked":["champ:Shatter","champ:DefensiveShout","champ:PerfectedStrike"],"picked":"SKIP","floor":11},{"not_picked":["champ:DefensiveShout","champ:GladiatorStyle","champ:EndlessRage"],"picked":"SKIP","floor":13},{"not_picked":["champ:PreciseThrust","champ:Shatter"],"picked":"champ:FocusedBerserking","floor":14},{"not_picked":["champ:FanOfKnives","champ:IronFortress"],"picked":"champ:BringItOn","floor":15},{"not_picked":["champ:SwordThrow","champ:TripleStrike"],"picked":"champ:MurderStrike","floor":16},{"not_picked":["champ:PreciseThrust","champ:PerfectedStrike","champ:FlashCut"],"picked":"SKIP","floor":19},{"not_picked":["champ:FanOfKnives","champ:DefensiveShout"],"picked":"champ:CrownThrow","floor":20},{"not_picked":["champ:FocusedDefense","champ:FanOfKnives"],"picked":"champ:CalledShot","floor":21},{"not_picked":["champ:ArenaPreparation","champ:FanOfKnives","champ:FocusedBerserking+1"],"picked":"SKIP","floor":23}],"player_experience":57315,"relics_obtained":[{"floor":6,"key":"Anchor"},{"floor":7,"key":"Strawberry"},{"floor":8,"key":"Whetstone"},{"floor":11,"key":"Vajra"},{"floor":13,"key":"champ:FightingForDummies"},{"floor":22,"key":"Nilry\u0027s Codex"},{"floor":23,"key":"Slimebound:StickyStick"},{"floor":24,"key":"Toy Ornithopter"}],"event_choices":[{"damage_healed":0,"gold_gain":0,"player_choice":"Success","damage_taken":25,"relics_obtained":["Pantograph"],"max_hp_gain":0,"max_hp_loss":0,"event_name":"Scrap Ooze","floor":5,"gold_loss":0}],"is_beta":false,"boss_relics":[{"not_picked":["Runic Pyramid","Astrolabe"],"picked":"SlaversCollar"}],"items_purged_floors":[],"is_endless":false,"potions_floor_spawned":[6,9,13,14,15,20,21],"killed_by":"Gremlin Leader","ascension_level":10}}