{"host":"00olc56ucl6mk3pv","time":1613891631,"event":{"mods":["AchievementEnabler","BaseMod","Keyboard Shortcuts","Minty Spire (QoL Compilation)","Quick Restart","SuperFastMode"],"gold_per_floor":[111,111,131,144,160,190,190,216,216,216,236,236,3,3,3,80,80,97,115,115,126,42,42,42,52,128,139,139,139],"floor_reached":28,"language":"KOR","playtime":1023,"items_purged":["Strike_B"],"score":460,"play_id":"1e07c1d7-2acd-40b8-b3ed-3107f2a85a51","local_time":"20210221161351","is_ascension_mode":true,"campfire_choices":[{"data":"Go for the Eyes","floor":7,"key":"SMITH"},{"data":"Dualcast","floor":10,"key":"SMITH"},{"data":"Buffer","floor":15,"key":"SMITH"},{"data":"Chaos","floor":23,"key":"SMITH"}],"circlet_count":0,"master_deck":["AscendersBane","Defend_B","Defend_B","Defend_B","Zap","Dualcast+1","Beam Cell","Leap","Go for the Eyes+1","Cold Snap","Ball Lightning","Buffer+1","FTL","Lockon","Electrodynamics","Conserve Battery","Consume","Coolheaded","Chaos+1","Auto Shields","Self Repair"],"relics":["Cracked Core","Du-Vu Doll","Torii","Unceasing Top","Emotion Chip","Mango","ClockworkSouvenir","Empty Cage","The Courier"],"acts_visited":["Exordium","TheCity"],"potions_floor_usage":[6,27,28],"damage_taken":[{"damage":4,"enemies":"Jaw Worm","floor":1,"turns":4},{"damage":7,"enemies":"Small Slimes","floor":3,"turns":3},{"damage":0,"enemies":"2 Louse","floor":4,"turns":3},{"damage":1,"enemies":"Exordium Thugs","floor":5,"turns":4},{"damage":10,"enemies":"Lagavulin","floor":6,"turns":8},{"damage":1,"enemies":"Gremlin Nob","floor":8,"turns":3},{"damage":0,"enemies":"Blue Slaver","floor":11,"turns":2},{"damage":7,"enemies":"Hexaghost","floor":16,"turns":10},{"damage":23,"enemies":"2 Thieves","floor":18,"turns":3},{"damage":7,"enemies":"3 Byrds","floor":19,"turns":4},{"damage":11,"enemies":"Snecko","floor":21,"turns":4},{"damage":6,"enemies":"Cultist and Chosen","floor":25,"turns":5},{"damage":20,"enemies":"Shelled Parasite and Fungi","floor":27,"turns":6},{"damage":1,"enemies":"Snake Plant","floor":28,"turns":1}],"seed_played":"-3866086743722745788","potions_obtained":[{"floor":3,"key":"SpeedPotion"},{"floor":11,"key":"Strength Potion"},{"floor":27,"key":"CultistPotion"}],"is_trial":false,"path_per_floor":["M","?","M","M","M","E","R","E","T","R","M","?","$","?","R","B",null,"M","M","?","M","$","R","?","M","T","M","M"],"character_chosen":"DEFECT","items_purchased":["ClockworkSouvenir","Chaos"],"campfire_rested":0,"item_purchase_floors":[13,22],"current_hp_per_floor":[60,55,48,48,47,37,37,36,50,50,50,43,43,43,43,36,68,45,38,38,27,27,27,27,21,21,1,0,0],"gold":139,"neow_bonus":"ONE_RARE_RELIC","is_daily":false,"chose_seed":false,"campfire_upgraded":4,"win_rate":0.0,"timestamp":1613891631,"path_taken":["M","?","M","M","M","E","R","E","T","R","M","?","$","?","R","BOSS","M","M","?","M","$","R","?","M","T","M","?"],"items_purchased_type":["Relic","Card"],"build_version":"2020-12-22","purchased_purges":1,"victory":false,"max_hp_per_floor":[64,64,64,64,64,64,64,64,78,78,78,78,78,78,78,78,78,78,78,78,78,78,78,78,78,78,78,78,78],"card_choices":[{"not_picked":["Compile Driver","Barrage"],"picked":"Beam Cell","floor":1},{"not_picked":["Steam Power","Double Energy"],"picked":"Leap","floor":3},{"not_picked":["Conserve Battery","Gash"],"picked":"Go for the Eyes","floor":4},{"not_picked":["Hologram","Melter"],"picked":"Cold Snap","floor":5},{"not_picked":["Conserve Battery","Lockon"],"picked":"Ball Lightning","floor":6},{"not_picked":["Reinforced Body","Go for the Eyes"],"picked":"Buffer","floor":8},{"not_picked":["Conserve Battery","Redo"],"picked":"FTL","floor":11},{"not_picked":["Seek","Multi-Cast"],"picked":"Electrodynamics","floor":16},{"not_picked":["Self Repair","BootSequence"],"picked":"Conserve Battery","floor":18},{"not_picked":["Hologram","Doom and Gloom"],"picked":"Consume","floor":19},{"not_picked":["Steam","Hologram"],"picked":"Coolheaded","floor":21},{"not_picked":["Barrage","Go for the Eyes"],"picked":"Auto Shields","floor":25},{"not_picked":["Machine Learning","Coolheaded"],"picked":"Self Repair","floor":27}],"player_experience":600000,"relics_obtained":[{"floor":6,"key":"Unceasing Top"},{"floor":8,"key":"Emotion Chip"},{"floor":9,"key":"Mango"},{"floor":26,"key":"The Courier"}],"event_choices":[{"damage_healed":0,"gold_gain":0,"player_choice":"Success","damage_taken":5,"relics_obtained":["Torii"],"max_hp_gain":0,"max_hp_loss":0,"event_name":"Scrap Ooze","floor":2,"gold_loss":0},{"cards_removed":["Strike_B"],"damage_healed":0,"gold_gain":0,"player_choice":"Card Removal","damage_taken":7,"max_hp_gain":0,"max_hp_loss":0,"event_name":"Golden Wing","floor":12,"gold_loss":0},{"damage_healed":0,"gold_gain":0,"cards_transformed":["Strike_B"],"player_choice":"Change","damage_taken":0,"max_hp_gain":0,"max_hp_loss":0,"event_name":"Living Wall","floor":14,"gold_loss":0,"cards_obtained":["Lockon"]},{"damage_healed":0,"gold_gain":0,"player_choice":"Ignored","damage_taken":0,"max_hp_gain":0,"max_hp_loss":0,"event_name":"Vampires","floor":20,"gold_loss":0},{"damage_healed":0,"gold_gain":0,"player_choice":"Ignored","damage_taken":0,"max_hp_gain":0,"max_hp_loss":0,"event_name":"Cursed Tome","floor":24,"gold_loss":0}],"is_beta":false,"boss_relics":[{"not_picked":["SlaversCollar","Coffee Dripper"],"picked":"Empty Cage"}],"items_purged_floors":[13],"is_endless":false,"potions_floor_spawned":[3,11,27],"killed_by":"Snake Plant","ascension_level":20}}