{"host":"cjhtzh7tp54jdfyv","time":1613892791,"event":{"mods":["AchievementEnabler","BaseMod","Colored Map","Colored Powertips","Curses Come First","DeckTracker","Filter the Spire","Minty Spire (QoL Compilation)","RNG Fix","Relic Sorter","Relic Stats","StSLib","UnlockEverythingMod","ojb\u0027s Better Paths Mod","ojb\u0027s Info Mod"],"gold_per_floor":[118,130,130,145,145,145,171,171,171,203,215,249,249,262,262,341,341,356,367,367,130,140,175,175,175,199,210,210,221,254,154,154,229,229,249,124,124,140,30,61,61,72,72,89,99,124,44,75,75,75,75,75],"floor_reached":51,"language":"ENG","playtime":3774,"items_purged":["Defend_P+1","Defend_P+1","Defend_P+1"],"score":1840,"play_id":"e7645558-c2ba-4c9b-b186-32d22201ee64","local_time":"20210221023311","is_ascension_mode":true,"campfire_choices":[{"data":"Eruption","floor":6.0,"key":"SMITH"},{"data":"Blasphemy","floor":13.0,"key":"SMITH"},{"data":"CrushJoints","floor":15.0,"key":"SMITH"},{"floor":25.0,"key":"REST"},{"floor":28.0,"key":"RECALL"},{"floor":32.0,"key":"REST"},{"floor":41.0,"key":"REST"},{"floor":49.0,"key":"REST"}],"circlet_count":0,"master_deck":["AscendersBane","Strike_P+1","Strike_P+1","Strike_P+1","Eruption+1","Vigilance","CrushJoints+1","EmptyMind+1","FollowUp+1","Blasphemy+1","Consecrate+1","CrushJoints+1","Eruption+1","DeceiveReality+1","ForeignInfluence+1","LessonLearned+1","Meditate+1","WheelKick+1","CutThroughFate+1","Meditate+1","MentalFortress+1","LessonLearned"],"relics":["Runic Dome","Unceasing Top","Whetstone","Mercury Hourglass","Darkstone Periapt","HornCleat","Fusion Hammer","Frozen Eye","MealTicket","Bag of Marbles","Mango","Philosopher\u0027s Stone","Gremlin Horn","Kunai","The Courier"],"acts_visited":["Exordium","TheCity","TheBeyond"],"potions_floor_usage":[51,51],"damage_taken":[{"damage":0.0,"enemies":"Cultist","floor":1.0,"turns":3.0},{"damage":7.0,"enemies":"Jaw Worm","floor":2.0,"turns":4.0},{"damage":2.0,"enemies":"Small Slimes","floor":4.0,"turns":2.0},{"damage":3.0,"enemies":"3 Sentries","floor":7.0,"turns":4.0},{"damage":0.0,"enemies":"Gremlin Nob","floor":10.0,"turns":2.0},{"damage":0.0,"enemies":"Looter","floor":11.0,"turns":2.0},{"damage":7.0,"enemies":"3 Sentries","floor":12.0,"turns":3.0},{"damage":0.0,"enemies":"2 Fungi Beasts","floor":14.0,"turns":1.0},{"damage":0.0,"enemies":"Slime Boss","floor":16.0,"turns":3.0},{"damage":8.0,"enemies":"Shell Parasite","floor":18.0,"turns":3.0},{"damage":0.0,"enemies":"Spheric Guardian","floor":19.0,"turns":3.0},{"damage":0.0,"enemies":"Snecko","floor":22.0,"turns":2.0},{"damage":0.0,"enemies":"Gremlin Leader","floor":23.0,"turns":1.0},{"damage":18.0,"enemies":"Centurion and Healer","floor":27.0,"turns":2.0},{"damage":0.0,"enemies":"Sentry and Sphere","floor":29.0,"turns":3.0},{"damage":0.0,"enemies":"Slavers","floor":30.0,"turns":1.0},{"damage":23.0,"enemies":"Champ","floor":33.0,"turns":7.0},{"damage":4.0,"enemies":"3 Shapes","floor":35.0,"turns":2.0},{"damage":17.0,"enemies":"Orb Walker","floor":38.0,"turns":2.0},{"damage":0.0,"enemies":"Nemesis","floor":40.0,"turns":3.0},{"damage":13.0,"enemies":"4 Shapes","floor":42.0,"turns":1.0},{"damage":0.0,"enemies":"Transient","floor":44.0,"turns":6.0},{"damage":12.0,"enemies":"Maw","floor":45.0,"turns":4.0},{"damage":0.0,"enemies":"Reptomancer","floor":46.0,"turns":1.0},{"damage":2.0,"enemies":"Nemesis","floor":48.0,"turns":3.0},{"damage":42.0,"enemies":"Awakened One","floor":50.0,"turns":7.0},{"damage":54,"enemies":"Time Eater","floor":51,"turns":3}],"seed_played":"-511889281427789810","potions_obtained":[{"floor":1.0,"key":"PowerPotion"},{"floor":4.0,"key":"Block Potion"},{"floor":11.0,"key":"AttackPotion"},{"floor":12.0,"key":"FearPotion"},{"floor":19.0,"key":"SteroidPotion"},{"floor":27.0,"key":"LiquidBronze"},{"floor":29.0,"key":"AttackPotion"},{"floor":33.0,"key":"Fire Potion"},{"floor":35.0,"key":"Swift Potion"},{"floor":46.0,"key":"Dexterity Potion"}],"is_trial":false,"path_per_floor":["M","M","?","M","?","R","E","?","T","E","M","E","R","M","R","B",null,"M","M","?","$","M","E","?","R","T","M","R","M","E","$","R","B",null,"M","$","?","M","?","E","R","M","T","M","M","E","$","E","R","B","B"],"character_chosen":"WATCHER","items_purchased":["Frozen Eye","MentalFortress"],"campfire_rested":4,"item_purchase_floors":[21,47],"current_hp_per_floor":[61,54,43,41,41,41,38,38,38,38,38,31,31,31,31,31,59,51,51,51,51,51,51,51,68,68,50,50,50,64,79,82,59,76,72,82,82,65,65,65,82,69,69,69,57,57,72,70,82,40,0,0],"gold":75,"neow_bonus":"BOSS_RELIC","is_daily":false,"chose_seed":false,"campfire_upgraded":3,"win_rate":0.0,"timestamp":1613892791,"path_taken":["M","M","?","M","?","R","E","?","T","E","M","E","R","M","R","BOSS","M","M","?","$","M","E","?","R","T","M","R","M","E","$","R","BOSS","M","$","?","M","?","E","R","M","T","M","M","E","$","E","R","BOSS","BOSS"],"items_purchased_type":["Relic","Card"],"build_version":"2020-12-22","purchased_purges":3,"victory":false,"max_hp_per_floor":[68,68,68,68,68,68,68,68,68,68,68,68,68,68,68,68,68,68,68,68,68,68,68,68,68,68,68,68,68,82,82,82,82,82,82,82,82,82,82,82,82,82,82,82,82,82,82,82,82,82,82,82],"relic_stats":{"Darkstone Periapt":0,"Gremlin Horn":[8,8],"counters":[27,78],"MealTicket":40,"Whetstone":["FollowUp","Strike_P"],"Kunai":[13],"obtain_stats":[{"Darkstone Periapt":10,"Gremlin Horn":40,"Mango":30,"The Courier":48,"Whetstone":7,"Mercury Hourglass":9,"Runic Dome":0,"Frozen Eye":21,"HornCleat":12,"MealTicket":23,"Philosopher\u0027s Stone":34,"Fusion Hammer":17,"Bag of Marbles":26,"Kunai":46,"PureWater":0,"Unceasing Top":3},{"Darkstone Periapt":5,"Gremlin Horn":20,"Mango":16,"The Courier":25,"Whetstone":4,"Mercury Hourglass":4,"Runic Dome":0,"Frozen Eye":11,"HornCleat":7,"MealTicket":13,"Philosopher\u0027s Stone":17,"Fusion Hammer":9,"Bag of Marbles":13,"Kunai":24,"PureWater":0,"Unceasing Top":2},{"Darkstone Periapt":15,"Gremlin Horn":53,"Mango":39,"The Courier":68,"Whetstone":13,"Mercury Hourglass":13,"Runic Dome":0,"Frozen Eye":30,"HornCleat":20,"MealTicket":33,"Philosopher\u0027s Stone":46,"Fusion Hammer":24,"Bag of Marbles":33,"Kunai":65,"PureWater":0,"Unceasing Top":7}],"Unceasing Top":[6],"Mercury Hourglass":[231]},"card_choices":[{"not_picked":["FollowUp","Crescendo"],"picked":"CrushJoints","floor":1.0},{"not_picked":["CrushJoints","CarveReality"],"picked":"EmptyMind","floor":2.0},{"not_picked":["Protect","WheelKick"],"picked":"FollowUp","floor":4.0},{"not_picked":["JustLucky","MentalFortress"],"picked":"Blasphemy","floor":7.0},{"not_picked":["EmptyBody","FollowUp","SashWhip"],"picked":"SKIP","floor":10.0},{"not_picked":["EmptyBody","FollowUp","SashWhip"],"picked":"SKIP","floor":10.0},{"not_picked":["Pray","Indignation","Crescendo"],"picked":"SKIP","floor":11.0},{"not_picked":["BowlingBash","Nirvana","Devotion"],"picked":"SKIP","floor":12.0},{"not_picked":["Wireheading","ThirdEye"],"picked":"Consecrate","floor":14.0},{"not_picked":["WaveOfTheHand+1","FollowUp","ReachHeaven"],"picked":"SKIP","floor":18.0},{"not_picked":["Evaluate","Vengeance","BowlingBash"],"picked":"SKIP","floor":19.0},{"not_picked":["LikeWater","WheelKick","PathToVictory"],"picked":"SKIP","floor":22.0},{"not_picked":["MentalFortress","Consecrate"],"picked":"CrushJoints","floor":23.0},{"not_picked":["Prostrate","EmptyFist"],"picked":"DeceiveReality+1","floor":27.0},{"not_picked":["Protect","SashWhip"],"picked":"ForeignInfluence+1","floor":29.0},{"not_picked":["Prostrate","Collect","SashWhip"],"picked":"SKIP","floor":30.0},{"not_picked":["MasterReality","Alpha"],"picked":"LessonLearned","floor":33.0},{"not_picked":["ClearTheMind+1","Swivel","ForeignInfluence"],"picked":"SKIP","floor":35.0},{"not_picked":["ThirdEye+1","Crescendo"],"picked":"Meditate","floor":38.0},{"not_picked":["Indignation","FlyingSleeves+1","Consecrate"],"picked":"SKIP","floor":40.0},{"not_picked":["Swivel","EmptyBody"],"picked":"WheelKick","floor":42.0},{"not_picked":["Establishment","Indignation+1","Swivel+1"],"picked":"SKIP","floor":44.0},{"not_picked":["JustLucky","FollowUp"],"picked":"CutThroughFate","floor":45.0},{"not_picked":["CrushJoints","SashWhip"],"picked":"Meditate","floor":46.0},{"not_picked":["FollowUp","Weave"],"picked":"LessonLearned","floor":48.0}],"player_experience":5118730,"relics_obtained":[{"floor":7.0,"key":"Whetstone"},{"floor":9.0,"key":"Mercury Hourglass"},{"floor":10.0,"key":"Darkstone Periapt"},{"floor":12.0,"key":"HornCleat"},{"floor":23.0,"key":"MealTicket"},{"floor":26.0,"key":"Bag of Marbles"},{"floor":30.0,"key":"Mango"},{"floor":40.0,"key":"Gremlin Horn"},{"floor":46.0,"key":"Kunai"},{"floor":48.0,"key":"The Courier"}],"event_choices":[{"damage_healed":0.0,"max_hp_gain":0.0,"max_hp_loss":0.0,"gold_gain":0.0,"event_name":"Scrap Ooze","player_choice":"Success","floor":3.0,"gold_loss":0.0,"damage_taken":11.0,"relics_obtained":["Unceasing Top"]},{"damage_healed":0.0,"max_hp_gain":0.0,"max_hp_loss":0.0,"gold_gain":0.0,"event_name":"Liars Game","player_choice":"Ignored","floor":5.0,"gold_loss":0.0,"damage_taken":0.0},{"cards_removed":["Defend_P"],"damage_healed":0.0,"max_hp_gain":0.0,"max_hp_loss":0.0,"gold_gain":0.0,"event_name":"Living Wall","player_choice":"Forget","floor":8.0,"gold_loss":0.0,"damage_taken":0.0},{"damage_healed":0.0,"max_hp_gain":0.0,"max_hp_loss":0.0,"gold_gain":0.0,"event_name":"Back to Basics","player_choice":"Simplicity","floor":20.0,"gold_loss":0.0,"damage_taken":0.0,"cards_upgraded":["Strike_P","Strike_P","Strike_P","Defend_P","Defend_P","Defend_P"]},{"damage_healed":0.0,"max_hp_gain":0.0,"max_hp_loss":0.0,"gold_gain":0.0,"event_name":"Duplicator","player_choice":"Copied","floor":24.0,"gold_loss":0.0,"damage_taken":0.0,"cards_obtained":["Eruption"]},{"damage_healed":0.0,"max_hp_gain":0.0,"max_hp_loss":0.0,"gold_gain":0.0,"event_name":"Accursed Blacksmith","player_choice":"Forge","floor":37.0,"gold_loss":0.0,"damage_taken":0.0,"cards_upgraded":["EmptyMind"]},{"cards_removed":["Strike_P"],"damage_healed":0.0,"max_hp_gain":0.0,"max_hp_loss":0.0,"gold_gain":0.0,"event_name":"Designer","player_choice":"Upgrade and Remove","floor":39.0,"gold_loss":110.0,"damage_taken":0.0,"cards_upgraded":["Meditate"]}],"is_beta":false,"boss_relics":[{"not_picked":["Cursed Key","SacredBark"],"picked":"Fusion Hammer"},{"not_picked":["Busted Crown","Velvet Choker"],"picked":"Philosopher\u0027s Stone"}],"items_purged_floors":[21,31,36],"is_endless":false,"potions_floor_spawned":[1,4,11,12,14,19,27,29,33,35,42,46],"killed_by":"Time Eater","ascension_level":20}}