{"host":"sxaoifcprvg3ww0o","time":1613914954,"event":{"mods":["ATMod(∞¢Ë™Mod)","Act Like it!","Arknights","BaseMod","Downfall","Gensokyo","GifTheSpireLib","Hermit","KinomotoSakuraMod(ƒæ÷Æ±æ”£)","Marisa£®ÏF”Í°°ƒß¿Ì…≥£©","Minty Spire (QoL Compilation)","Prisma Mod","Quick Restart","Reimu£®≤©¿ˆ¡È√Œ£©","Reliquary","Remilia£®¿Ÿ√◊¿Ú—«£©","Replay The Spire","StSLib","The Alterego","The Senshi","Waifu the Spire","Yakumo Yukari mod","Youmu£®ªÍ∆«—˝√Œ£©","Yuyuko","°æ“≈ŒÔø®≈∆°øREMEMod"],"gold_per_floor":[115,134,145,145,157,157,190,190,190,190,201,217,244,84,84,163,163,181,195,195,207,122,122,133,158,211,171,171,171,198,210,210,210,210],"floor_reached":33,"language":"ZHS","playtime":1564,"items_purged":[],"score":554,"play_id":"ad8ea368-eccb-459d-bb6c-e3473d70b7de","local_time":"20210221214234","is_ascension_mode":true,"campfire_choices":[{"data":"alterego_mod:PainIsPleasure","floor":6.0,"key":"SMITH"},{"floor":8.0,"key":"RECALL"},{"data":"Limit Break","floor":10.0,"key":"SMITH"},{"floor":15.0,"key":"REST"},{"data":"AT_DivineConfetti","floor":23.0,"key":"SMITH"},{"data":"Body Slam","floor":28.0,"key":"SMITH"},{"data":"ZunPunch:ReiMu","floor":32.0,"key":"SMITH"}],"circlet_count":0,"master_deck":["AscendersBane","Strike_R","Strike_R","Strike_R","Strike_R","Defend_R","Defend_R","Defend_R","Defend_R","Bash","AT_DivineConfetti+1","alterego_mod:PainIsPleasure+1","Feel No Pain","Twin Strike","Limit Break+1","Heavy Blade","Evolve","AT_IchimonjiDouble","ReplayTheSpireMod:Muscle Training","Whirlwind","Feel No Pain","REME_Cut","Hemogenesis","Combust","Body Slam+1","Pot Of Greed","Pot Of Greed","Pot Of Greed","Clash+1","ZunPunch:ReiMu+1","REME_TheLastStrike"],"relics":["Burning Blood","REME_ComplimentaryCards","AT_ATBox","Bag of Marbles","Mastiff:ReiMu","reliquary:TridentHead","AT_ArchangelStaff","REME_ChargedStone","reliquary:WeakTea","Grinning Jar","reliquary:ExpiredCoupon"],"acts_visited":["Exordium","TheCity"],"potions_floor_usage":[],"damage_taken":[{"damage":1.0,"enemies":"Cultist","floor":1.0,"turns":3.0},{"damage":12.0,"enemies":"Small Slimes","floor":2.0,"turns":4.0},{"damage":17.0,"enemies":"Jaw Worm","floor":3.0,"turns":4.0},{"damage":1.0,"enemies":"Gremlin Gang","floor":5.0,"turns":2.0},{"damage":31.0,"enemies":"3 Sentries","floor":7.0,"turns":5.0},{"damage":17.0,"enemies":"Looter","floor":11.0,"turns":3.0},{"damage":25.0,"enemies":"Large Slime","floor":12.0,"turns":7.0},{"damage":21.0,"enemies":"Lagavulin","floor":13.0,"turns":6.0},{"damage":26.0,"enemies":"Fading Forest","floor":16.0,"turns":13.0},{"damage":18.0,"enemies":"Chosen","floor":18.0,"turns":5.0},{"damage":51.0,"enemies":"Shell Parasite","floor":19.0,"turns":7.0},{"damage":10.0,"enemies":"3 Cultists","floor":21.0,"turns":3.0},{"damage":19.0,"enemies":"Snecko","floor":24.0,"turns":5.0},{"damage":28.0,"enemies":"Gremlin Leader","floor":25.0,"turns":3.0},{"damage":17.0,"enemies":"Cultist and Chosen","floor":31.0,"turns":5.0},{"damage":69,"enemies":"Collector","floor":33,"turns":6}],"seed_played":"5247200948316996174","potions_obtained":[{"floor":1.0,"key":"Strength Potion"},{"floor":3.0,"key":"Weak Potion"},{"floor":12.0,"key":"SteroidPotion"},{"floor":18.0,"key":"Venom Potion"},{"floor":21.0,"key":"MagicPotion:ReiMu"}],"is_trial":false,"path_per_floor":["M","M","M","?","M","R","E","R","T","R","M","M","E","$","R","B",null,"M","M","?","M","?","R","M","E","T","?","R","?","T","M","R","B"],"character_chosen":"IRONCLAD","items_purchased":["AT_ArchangelStaff"],"campfire_rested":1,"item_purchase_floors":[14],"current_hp_per_floor":[80,74,63,63,68,68,43,43,43,43,32,33,18,18,42,60,77,65,37,37,33,33,33,48,26,26,26,26,42,42,31,31,0,0],"gold":210,"neow_bonus":"TEN_PERCENT_HP_BONUS","is_daily":false,"chose_seed":false,"campfire_upgraded":5,"win_rate":0.0,"timestamp":1613914954,"path_taken":["M","?","M","?","M","R","E","R","T","R","M","M","E","?","R","BOSS","M","?","?","?","?","R","M","E","T","?","R","?","?","M","R","BOSS"],"items_purchased_type":["Relic"],"build_version":"2020-12-22","purchased_purges":0,"victory":false,"max_hp_per_floor":[82,82,82,82,82,82,82,82,82,82,82,82,82,82,82,82,82,82,82,82,82,82,82,82,82,82,82,82,82,82,82,82,82,82],"card_choices":[{"not_picked":["Heavy Blade","Wild Strike"],"picked":"Feel No Pain","floor":1.0},{"not_picked":["Sever Soul","Run Through"],"picked":"Twin Strike","floor":2.0},{"not_picked":["Perfected Strike","Wild Strike"],"picked":"Limit Break","floor":3.0},{"not_picked":["Thunderclap","Havoc","Warcry"],"picked":"SKIP","floor":5.0},{"not_picked":["Sword Boomerang","Warcry","True Grit"],"picked":"SKIP","floor":7.0},{"not_picked":["Twin Strike","Barricade","AT_GerminateFire"],"picked":"SKIP","floor":11.0},{"not_picked":["Run Through","Perfected Strike"],"picked":"Feel No Pain","floor":12.0},{"not_picked":["Flex","Replay:Many Hands"],"picked":"REME_Cut","floor":13.0},{"not_picked":["Limit Break","Eclipse"],"picked":"Hemogenesis","floor":16.0},{"not_picked":["Clothesline","Power Through","Pummel"],"picked":"SKIP","floor":18.0},{"not_picked":["Wild Strike","Run Through+1"],"picked":"Combust","floor":19.0},{"not_picked":["Sever Soul","Armaments+1"],"picked":"Body Slam","floor":21.0},{"not_picked":["Anger","Warcry","Shockwave"],"picked":"SKIP","floor":24.0},{"not_picked":["Clothesline","Run Through"],"picked":"Clash+1","floor":25.0},{"not_picked":["Run Through","Power Through"],"picked":"REME_TheLastStrike","floor":31.0}],"player_experience":594068,"relics_obtained":[{"floor":7.0,"key":"Bag of Marbles"},{"floor":9.0,"key":"Mastiff:ReiMu"},{"floor":13.0,"key":"reliquary:TridentHead"},{"floor":25.0,"key":"Grinning Jar"},{"floor":30.0,"key":"reliquary:ExpiredCoupon"}],"event_choices":[{"cards_removed":["Strike_R"],"damage_healed":0.0,"max_hp_gain":0.0,"max_hp_loss":0.0,"gold_gain":0.0,"event_name":"Purifier","player_choice":"Purged","floor":20.0,"gold_loss":0.0,"damage_taken":0.0},{"damage_healed":0.0,"max_hp_gain":0.0,"max_hp_loss":0.0,"gold_gain":0.0,"event_name":"Addict","player_choice":"Obtained Relic","floor":22.0,"gold_loss":85.0,"damage_taken":0.0,"relics_obtained":["reliquary:WeakTea"]},{"damage_healed":0.0,"max_hp_gain":0.0,"max_hp_loss":0.0,"gold_gain":0.0,"event_name":"ZunEvent","player_choice":"Ωª≥ˆ…Òæ∆","floor":27.0,"relics_lost":["ZunR:ReiMu"],"gold_loss":0.0,"damage_taken":0.0,"cards_obtained":["ZunPunch:ReiMu"]},{"damage_healed":16.0,"max_hp_gain":0.0,"max_hp_loss":0.0,"gold_gain":0.0,"event_name":"The Library","player_choice":"Heal","floor":29.0,"gold_loss":0.0,"damage_taken":0.0}],"is_beta":false,"boss_relics":[{"not_picked":["expansioncontent:StudyCardRelic","Runic Pyramid"],"picked":"REME_ChargedStone"}],"items_purged_floors":[],"is_endless":false,"potions_floor_spawned":[1,3,5,12,18,21,24],"killed_by":"Collector","ascension_level":20}}