{"host":"pifa3o3uv2a0m12r","time":1613945363,"event":{"mods":["AchievementEnabler","BaseMod","Colored Map","Minty Spire (QoL Compilation)","StSLib","SuperFastMode"],"gold_per_floor":[117,131,131,105,118,147,147,167,167,167,132,157,157,169,169,169,169],"floor_reached":16,"language":"FRA","playtime":495,"items_purged":[],"score":110,"play_id":"eefee025-580c-45b2-9e8c-c4ba53966e8a","local_time":"20210221120923","is_ascension_mode":false,"campfire_choices":[{"data":"Heavy Blade","floor":7,"key":"SMITH"},{"floor":10,"key":"REST"},{"floor":15,"key":"REST"}],"circlet_count":0,"master_deck":["Strike_R","Strike_R","Strike_R","Strike_R","Defend_R","Defend_R","Defend_R","Defend_R","Bash","Armaments","Combust","Cleave","Deep Breath","Heavy Blade+1","Thunderclap","Thunderclap","Warcry","Thunderclap","Strike_R+1","Metallicize+1","Iron Wave"],"relics":["Burning Blood","NeowsBlessing","Dream Catcher","Frozen Egg 2","Blue Candle"],"acts_visited":[],"potions_floor_usage":[8,8],"damage_taken":[{"damage":0.0,"enemies":"Cultist","floor":1.0,"turns":1.0},{"damage":0.0,"enemies":"Small Slimes","floor":2.0,"turns":1.0},{"damage":0,"enemies":"2 Louse","floor":5,"turns":1},{"damage":25,"enemies":"3 Sentries","floor":6,"turns":5},{"damage":18,"enemies":"Gremlin Gang","floor":8,"turns":4},{"damage":32,"enemies":"Gremlin Nob","floor":12,"turns":4},{"damage":10,"enemies":"Exordium Thugs","floor":14,"turns":4},{"damage":75,"enemies":"The Guardian","floor":16,"turns":14}],"seed_played":"-2748424339270082600","potions_obtained":[{"floor":2,"key":"Block Potion"},{"floor":5,"key":"Fire Potion"}],"is_trial":false,"path_per_floor":["M","M","?","$","M","E","R","M","T","R","?","E","?","M","R","B"],"character_chosen":"IRONCLAD","items_purchased":["Heavy Blade"],"campfire_rested":2,"item_purchase_floors":[4],"current_hp_per_floor":[80,80,80,80,80,61,61,49,49,73,80,54,54,50,74,0,0],"gold":169,"neow_bonus":"THREE_ENEMY_KILL","is_daily":false,"chose_seed":false,"campfire_upgraded":1,"win_rate":0.0,"timestamp":1613945363,"path_taken":["M","?","?","?","M","E","R","M","T","R","?","E","?","M","R","BOSS"],"items_purchased_type":["Card"],"build_version":"2020-12-22","purchased_purges":0,"victory":false,"max_hp_per_floor":[80,80,80,80,80,80,80,80,80,80,80,80,80,80,80,80,80],"card_choices":[{"not_picked":["Shrug It Off","Dropkick"],"picked":"Armaments","floor":1.0},{"not_picked":["Dropkick","Wild Strike"],"picked":"Combust","floor":2},{"not_picked":["Sword Boomerang","Pommel Strike"],"picked":"Thunderclap","floor":5},{"not_picked":["True Grit","Anger","Carnage"],"picked":"SKIP","floor":6},{"not_picked":["Brutality","Twin Strike"],"picked":"Thunderclap","floor":8},{"not_picked":["Clothesline","Havoc"],"picked":"Warcry","floor":10},{"not_picked":["Evolve+1","Sever Soul"],"picked":"Thunderclap","floor":12},{"not_picked":["Evolve+1","Havoc"],"picked":"Metallicize+1","floor":14},{"not_picked":["Pommel Strike","Twin Strike"],"picked":"Iron Wave","floor":15}],"player_experience":134474,"relics_obtained":[{"floor":6,"key":"Dream Catcher"},{"floor":9,"key":"Frozen Egg 2"},{"floor":12,"key":"Blue Candle"}],"event_choices":[{"damage_healed":0,"gold_gain":0,"player_choice":"2 cards matched","damage_taken":0,"max_hp_gain":0,"max_hp_loss":0,"event_name":"Match and Keep!","floor":3,"gold_loss":0,"cards_obtained":["Cleave","Deep Breath"]},{"damage_healed":20,"gold_gain":0,"player_choice":"Healed","damage_taken":0,"max_hp_gain":0,"max_hp_loss":0,"event_name":"The Cleric","floor":11,"gold_loss":35},{"cards_removed":["Strike_R"],"damage_healed":0,"gold_gain":0,"player_choice":"Took Card","damage_taken":0,"max_hp_gain":0,"max_hp_loss":0,"event_name":"NoteForYourself","floor":13,"gold_loss":0,"cards_obtained":["Strike_R"]}],"is_beta":false,"boss_relics":[],"items_purged_floors":[],"is_endless":false,"potions_floor_spawned":[2,5],"killed_by":"The Guardian","ascension_level":0}}