{"host":"6p0attdrtjqaih7v","time":1613896556,"event":{"mods":["2.2 Compatiblity","AchievementEnabler","BaseMod","Better Skull","Better Third Choice","Card Filter","Colored Powertips","Hermit","Highlight Path","Hubris","Key Reminder","Minty Spire (QoL Compilation)","Permanent Neow","Quick Restart","Random Character Button","Relic Filter","Relic Stats","Reliquary","Replay The Spire","Robot Space Explorer","StSLib","The Construct","The Gatherer","The Hayseed","The Runesmith","The Witch"],"gold_per_floor":[109,109,125,143,143,168,168,186,186,186,205,236,236,264,264,366,366,380,128,146,146,161,161,189,208,260,294,306,306,173,189,189,286,286,302,317,116,116,127,127,145,157,157,157,167,167,42,28,28,28],"floor_reached":51,"language":"ENG","playtime":3348,"items_purged":["Gatherer:Strike_Gatherer","Gatherer:Strike_Gatherer","Gatherer:Defend_Gatherer"],"score":932,"play_id":"f641acfa-77d1-43c6-8182-dab1fc7d599e","local_time":"20210221033556","is_ascension_mode":true,"metric_token":1681,"campfire_choices":[{"data":"Gatherer:Snatch","floor":7,"key":"SMITH"},{"data":"Gatherer:FruitForce","floor":10,"key":"SMITH"},{"data":"Gatherer:BlackTea","floor":13,"key":"SMITH"},{"data":"Gatherer:SmartManeuver","floor":15,"key":"SMITH"},{"data":"Gatherer:LuckyClover","floor":23,"key":"SMITH"},{"floor":29,"key":"REST"},{"data":"Gatherer:Polymorphism","floor":32,"key":"SMITH"},{"data":"Gatherer:Bulldoze","floor":40,"key":"SMITH"},{"data":"Gatherer:ScrollOfPurity","floor":46,"key":"SMITH"},{"data":"Gatherer:Centralize","floor":49,"key":"SMITH"}],"circlet_count":0,"master_deck":["Gatherer:Defend_Gatherer","Gatherer:Defend_Gatherer","Gatherer:Defend_Gatherer","Gatherer:Defend_Gatherer","Gatherer:Centralize+1","Gatherer:FlowerWhip+1","Gatherer:Photoscythe+1","Gatherer:FlowerShield+1","Gatherer:Snatch+1","Gatherer:BlackTea+1","Gatherer:FruitForce+1","Gatherer:BalancedGrowth+1","Gatherer:LuckyClover+1","Gatherer:SmartManeuver+1","Gatherer:Overflowing","Gatherer:FlamingBottle+1","Gatherer:FragileHammer+1","Gatherer:CollectorsShot+1","Gatherer:ScherryThrow+1","Dark Shackles","Thinking Ahead","Gatherer:GatherMaterial","Gatherer:GatherMaterial","Gatherer:Polymorphism+1","Gatherer:WitheringStrike+1","Gatherer:Bulldoze+1","Gatherer:FlowerShield+1","Gatherer:ScrollOfPurity+1","Gatherer:FlowerFalling+1","Gatherer:CollectorsShot+1"],"relics":["Gatherer:AlchemyBag","Vajra","Gremlin Horn","hubris:PeanutButter","Gatherer:FloralEgg","Astrolabe","ReplayTheSpireMod:ShopPack","TheSimpletonMod:WoodChipper","Happy Flower","reliquary:ExpiredCoupon","keyreminder:keyreminder","Busted Crown","hubris:Icosahedron","hubris:Reverence","Sundial"],"acts_visited":["Exordium","TheCity","TheBeyond"],"potions_floor_usage":[6,12,18,24,24,27,39,41,45,50,50],"damage_taken":[{"damage":0,"enemies":"Jaw Worm","floor":1,"turns":3},{"damage":0,"enemies":"Cultist","floor":3,"turns":3},{"damage":0,"enemies":"2 Louse","floor":4,"turns":3},{"damage":5,"enemies":"Gremlin Nob","floor":6,"turns":4},{"damage":0,"enemies":"Blue Slaver","floor":8,"turns":1},{"damage":0,"enemies":"Gremlin Gang","floor":11,"turns":2},{"damage":18,"enemies":"Replay:BlueRogue","floor":12,"turns":4},{"damage":0,"enemies":"Gremlin Nob","floor":14,"turns":3},{"damage":0,"enemies":"The Guardian","floor":16,"turns":11},{"damage":18,"enemies":"Shell Parasite","floor":18,"turns":4},{"damage":0,"enemies":"Chosen","floor":20,"turns":3},{"damage":0,"enemies":"Centurion and Healer","floor":22,"turns":5},{"damage":4,"enemies":"Slavers","floor":24,"turns":5},{"damage":5,"enemies":"Snecko","floor":25,"turns":6},{"damage":0,"enemies":"Replay:Snechameleon","floor":27,"turns":5},{"damage":0,"enemies":"Snake Plant","floor":28,"turns":3},{"damage":0,"enemies":"Centurion and Healer","floor":31,"turns":5},{"damage":0,"enemies":"Automaton","floor":33,"turns":7},{"damage":0,"enemies":"3 Shapes","floor":35,"turns":2},{"damage":0,"enemies":"3 Darklings","floor":36,"turns":3},{"damage":0,"enemies":"Spire Growth","floor":39,"turns":2},{"damage":0,"enemies":"Writhing Mass","floor":41,"turns":3},{"damage":0,"enemies":"Transient","floor":42,"turns":5},{"damage":0,"enemies":"Sphere and 2 Shapes","floor":45,"turns":2},{"damage":0,"enemies":"Nemesis","floor":48,"turns":5},{"damage":31,"enemies":"Donu and Deca","floor":50,"turns":7}],"seed_played":"-2502802561672098503","potions_obtained":[{"floor":0,"key":"BloodPotion"},{"floor":0,"key":"Venom Potion"},{"floor":0,"key":"Poison Potion"},{"floor":3,"key":"Swift Potion"},{"floor":6,"key":"ColorlessPotion"},{"floor":8,"key":"Venom Potion"},{"floor":16,"key":"Fire Potion"},{"floor":20,"key":"SkillPotion"},{"floor":31,"key":"Energy Potion"},{"floor":33,"key":"Elixir"},{"floor":36,"key":"Dexterity Potion"},{"floor":39,"key":"FearPotion"},{"floor":41,"key":"SkillPotion"}],"is_trial":false,"path_per_floor":["M","?","M","M","?","E","R","M","T","R","M","E","R","E","R","B",null,"M","$","M","?","M","R","E","M","T","E","M","R","$","M","R","B",null,"M","M","$","?","M","R","M","M","T","?","M","R","$","E","R","B",null],"character_chosen":"THE_GATHERER","items_purchased":["ReplayTheSpireMod:ShopPack","AttackPotion","Gatherer:AlchemyTrial","Gatherer:FlowerShield","Gatherer:ScrollOfPurity"],"campfire_rested":1,"item_purchase_floors":[19,19,30,37,37],"current_hp_per_floor":[72,72,72,72,72,67,67,71,71,71,71,53,53,53,53,53,76,58,58,58,58,58,58,54,49,49,49,49,71,71,71,71,71,76,76,76,76,76,76,76,76,76,76,76,76,76,76,76,76,45],"gold":28,"neow_bonus":"THREE_SMALL_POTIONS","is_daily":false,"chose_seed":false,"campfire_upgraded":9,"win_rate":0.0,"timestamp":1613896556,"path_taken":["M","?","M","M","?","E","R","M","T","R","M","E","R","E","R","BOSS","M","$","M","?","M","R","E","M","T","E","M","R","$","M","R","BOSS","M","M","$","?","M","R","M","M","T","?","M","R","$","E","R","BOSS"],"items_purchased_type":["Relic","Potion","Card","Card","Card"],"build_version":"2020-12-22","purchased_purges":3,"victory":true,"max_hp_per_floor":[72,72,72,72,72,72,72,76,76,76,76,76,76,76,76,76,76,76,76,76,76,76,76,76,76,76,76,76,76,76,76,76,76,76,76,76,76,76,76,76,76,76,76,76,76,76,76,76,76,76],"relic_stats":{"Busted Crown":14,"Gremlin Horn":[16,16],"Happy Flower":[16],"counters":[26,106],"Sundial":[0],"Astrolabe":["Gatherer:FlamingBottle","Gatherer:FragileHammer","Gatherer:CollectorsShot"],"obtain_stats":[{"Gremlin Horn":9,"Happy Flower":26,"Astrolabe":17,"Vajra":6,"TheSimpletonMod:WoodChipper":24,"Gatherer:FloralEgg":14,"keyreminder:keyreminder":27,"reliquary:ExpiredCoupon":27,"Busted Crown":34,"hubris:Icosahedron":38,"Sundial":48,"hubris:PeanutButter":12,"Gatherer:AlchemyBag":0,"ReplayTheSpireMod:ShopPack":19,"hubris:Reverence":43},{"Gremlin Horn":5,"Happy Flower":14,"Astrolabe":9,"Vajra":4,"TheSimpletonMod:WoodChipper":13,"Gatherer:FloralEgg":8,"keyreminder:keyreminder":15,"reliquary:ExpiredCoupon":15,"Busted Crown":18,"hubris:Icosahedron":20,"Sundial":25,"hubris:PeanutButter":7,"Gatherer:AlchemyBag":0,"ReplayTheSpireMod:ShopPack":10,"hubris:Reverence":23},{"Gremlin Horn":14,"Happy Flower":57,"Astrolabe":34,"Vajra":13,"TheSimpletonMod:WoodChipper":51,"Gatherer:FloralEgg":23,"keyreminder:keyreminder":62,"reliquary:ExpiredCoupon":62,"Busted Crown":77,"hubris:Icosahedron":82,"Sundial":99,"hubris:PeanutButter":20,"Gatherer:AlchemyBag":0,"ReplayTheSpireMod:ShopPack":38,"hubris:Reverence":92}]},"card_choices":[{"not_picked":["Gatherer:SaveValuables","Gatherer:EnergyBasket"],"picked":"Gatherer:RecoveryHerb","floor":1},{"not_picked":["Gatherer:TreeGrowth","Gatherer:SaveValuables"],"picked":"Gatherer:FlowerShield","floor":3},{"not_picked":["Gatherer:SaveValuables","Gatherer:FlowerShield"],"picked":"Gatherer:Snatch","floor":4},{"not_picked":["Gatherer:Polymorphism","Gatherer:TreeGrowth"],"picked":"Gatherer:BlackTea","floor":6},{"not_picked":["Gatherer:GatherMaterial","Gatherer:Snatch"],"picked":"Gatherer:FruitForce","floor":8},{"not_picked":["Gatherer:Pollute","Gatherer:AromaProtection"],"picked":"Gatherer:BalancedGrowth","floor":11},{"not_picked":["Gatherer:Convert","Gatherer:Snatch"],"picked":"Gatherer:LuckyClover","floor":12},{"not_picked":["Gatherer:BambuSword","Gatherer:Snatch"],"picked":"Gatherer:SmartManeuver","floor":14},{"not_picked":["Gatherer:ColorfulGarden","Gatherer:LuckyClover"],"picked":"Gatherer:Overflowing","floor":16},{"not_picked":["Gatherer:GatherMaterial","Gatherer:BambuSword"],"picked":"Gatherer:ScherryThrow+1","floor":18},{"not_picked":["Dramatic Entrance","Deep Breath"],"picked":"Dark Shackles","floor":19},{"not_picked":["Magnetism","Secret Weapon"],"picked":"Thinking Ahead","floor":19},{"not_picked":["Gatherer:AlchemyTrial","Gatherer:EnergyBasket"],"picked":"Gatherer:GatherMaterial","floor":20},{"not_picked":["Gatherer:Snatch","Gatherer:ScherryThrow","Gatherer:QuickSynthesis"],"picked":"SKIP","floor":22},{"not_picked":["Gatherer:OddSpoils","Gatherer:Liquidism"],"picked":"Gatherer:GatherMaterial","floor":24},{"not_picked":["Gatherer:CarefulStrike","Gatherer:Convert"],"picked":"Gatherer:Polymorphism","floor":25},{"not_picked":["Gatherer:PotentialSlash","Gatherer:WoolGloves","Gatherer:Transmute+1"],"picked":"SKIP","floor":27},{"not_picked":["Gatherer:PotentialSlash","Gatherer:QuickSynthesis","Gatherer:ScrollOfWall+1"],"picked":"SKIP","floor":28},{"not_picked":["Gatherer:PotentialSlash","Gatherer:QuickSynthesis","Gatherer:ScrollOfWall+1"],"picked":"SKIP","floor":28},{"not_picked":["Gatherer:FeelingFine+1","Gatherer:CarefulStrike+1"],"picked":"Gatherer:WitheringStrike+1","floor":31},{"not_picked":["Gatherer:LuckyClover","Gatherer:StoneFence"],"picked":"Gatherer:Bulldoze","floor":33},{"not_picked":["Gatherer:CollectorsShot"],"picked":"SKIP","floor":35},{"not_picked":["Gatherer:Polymorphism"],"picked":"SKIP","floor":36},{"not_picked":[],"picked":"Gatherer:FlowerFalling","floor":39},{"not_picked":["Gatherer:AlchemyTrial"],"picked":"SKIP","floor":41},{"not_picked":[],"picked":"Gatherer:CollectorsShot+1","floor":42},{"not_picked":["Gatherer:FragileHammer"],"picked":"SKIP","floor":45},{"not_picked":["Gatherer:FeelingFine+1"],"picked":"SKIP","floor":48}],"player_experience":1225064,"relics_obtained":[{"floor":6,"key":"Vajra"},{"floor":9,"key":"Gremlin Horn"},{"floor":12,"key":"hubris:PeanutButter"},{"floor":14,"key":"Gatherer:FloralEgg"},{"floor":24,"key":"TheSimpletonMod:WoodChipper"},{"floor":26,"key":"Happy Flower"},{"floor":27,"key":"reliquary:ExpiredCoupon"},{"floor":43,"key":"hubris:Reverence"},{"floor":48,"key":"Sundial"}],"event_choices":[{"damage_healed":0,"gold_gain":0,"player_choice":"Ignored","damage_taken":0,"max_hp_gain":0,"max_hp_loss":0,"event_name":"Gatherer:BottleCollector","floor":5,"gold_loss":0},{"cards_removed":["Gatherer:AlchemyTrial"],"damage_healed":0,"gold_gain":0,"player_choice":"Removed Power","damage_taken":0,"max_hp_gain":0,"max_hp_loss":0,"event_name":"Falling","floor":44,"gold_loss":0}],"is_beta":false,"boss_relics":[{"not_picked":["Sozu","reliquary:Ember"],"picked":"Astrolabe"},{"not_picked":["Empty Cage","Philosopher\u0027s Stone"],"picked":"Busted Crown"}],"items_purged_floors":[19,30,47],"is_endless":false,"potions_floor_spawned":[3,6,8,16,20,31,33,36,39,41],"ascension_level":1}}