{"host":"xp5rvh2jwe2ejyfm","time":1613925666,"event":{"mods":["2.2 Compatiblity","Aspiration","Bard","BaseMod","Beaked The Cultist","Better Altar","Better Match","Better Note","Better Sensory Stone","Better Skull","BetterRewards","Colored Powertips","Conspire","Downfall","GifTheSpireLib","Gremlin Mod","GungeonMod","Hermit","Hubris","Jorbs\u0027s Wanderer Trilogy","Mad Scientist","Minty Spire (QoL Compilation)","Potionbrewer","Quick Restart","Replay The Spire","Robot Space Explorer","Shade Mod","Somnambulant","StSLib","The Bug Knight","The Clintock","The Construct","The Cursed","The Disciple","The Forsaken","The Hierophant","The Marked","The Mystic","The Necromancer","The Runesmith","The Servant 0.9.4","The Valiant","The Witch","TheFirefly","TheVacant","thorton"],"gold_per_floor":[114,16,34,49,62,77,77,96,120,120,120],"floor_reached":10,"language":"ENG","playtime":436,"items_purged":[],"score":62,"play_id":"02f1012d-7012-4451-b0b8-99bc2959b4e6","local_time":"20210221114106","is_ascension_mode":false,"campfire_choices":[{"floor":7,"key":"REST"}],"circlet_count":0,"master_deck":["MadScienceMod:Strike_MadScience","MadScienceMod:Strike_MadScience","MadScienceMod:Strike_MadScience","MadScienceMod:Strike_MadScience","MadScienceMod:Defend_MadScience","MadScienceMod:Defend_MadScience","MadScienceMod:Defend_MadScience","MadScienceMod:Defend_MadScience","MadScienceMod:PoweredStrike","MadScienceMod:HideBehindJunk","MadScienceMod:AcidSpray","MadScienceMod:AssemblyLine","MadScienceMod:FragmentationGrenade","MadScienceMod:OilDrum","MadScienceMod:FlexibleSpear","MadScienceMod:FumeBlast","MadScienceMod:RadioactiveSword","MadScienceMod:Redesign"],"relics":["MadScienceMod:FuelTank","Torii"],"acts_visited":["Exordium"],"potions_floor_usage":[5,10],"damage_taken":[{"damage":7,"enemies":"Cultist","floor":1,"turns":4},{"damage":0,"enemies":"2 Louse","floor":3,"turns":2},{"damage":1,"enemies":"Jaw Worm","floor":4,"turns":5},{"damage":36,"enemies":"Gremlin Gang","floor":5,"turns":7},{"damage":0,"enemies":"3 Louse","floor":6,"turns":3},{"damage":1,"enemies":"Looter","floor":8,"turns":5},{"damage":59,"enemies":"Gremlin Nob","floor":10,"turns":4}],"seed_played":"-8006527111332106742","potions_obtained":[{"floor":3,"key":"ColorlessPotion"},{"floor":4,"key":"SteroidPotion"}],"is_trial":false,"path_per_floor":["M","$","M","M","M","M","R","M","T","E"],"character_chosen":"MAD_SCIENTIST","items_purchased":["MadScienceMod:AssemblyLine","MadScienceMod:FragmentationGrenade"],"campfire_rested":1,"item_purchase_floors":[2,2],"current_hp_per_floor":[58,58,58,57,21,21,43,42,42,0,0],"gold":120,"neow_bonus":"","is_daily":false,"chose_seed":false,"campfire_upgraded":0,"win_rate":0.0,"timestamp":1613925666,"path_taken":["M","$","M","M","M","M","R","M","T","E"],"items_purchased_type":["Card","Card"],"build_version":"2020-12-22","purchased_purges":0,"victory":false,"max_hp_per_floor":[75,75,75,75,75,75,75,75,75,75,75],"card_choices":[{"not_picked":["MadScienceMod:Browse","MadScienceMod:ShrinkRay"],"picked":"MadScienceMod:AcidSpray","floor":1},{"not_picked":["MadScienceMod:FragmentationGrenade","MadScienceMod:Browse"],"picked":"MadScienceMod:OilDrum","floor":3},{"not_picked":["MadScienceMod:ShrinkRay","MadScienceMod:Lightbulb"],"picked":"MadScienceMod:FlexibleSpear","floor":4},{"not_picked":["MadScienceMod:Bombardment","MadScienceMod:Strafe"],"picked":"MadScienceMod:FumeBlast","floor":5},{"not_picked":["MadScienceMod:Strafe","MadScienceMod:Lightbulb"],"picked":"MadScienceMod:RadioactiveSword","floor":6},{"not_picked":["MadScienceMod:EnergyBarrier","MadScienceMod:ImposingConstruct"],"picked":"MadScienceMod:Redesign","floor":8}],"player_experience":546238,"relics_obtained":[],"event_choices":[],"is_beta":false,"boss_relics":[],"items_purged_floors":[],"is_endless":false,"potions_floor_spawned":[3,4],"killed_by":"Gremlin Nob","ascension_level":0}}