{"host":"c1h8o8aodufyrxir","time":1613870734,"event":{"mods":["AchievementEnabler","BaseMod","Block Reminder","Downfall","Minty Spire (QoL Compilation)","Rare Cards Sparkle","Relic Stats","StSLib"],"gold_per_floor":[99,117,117,128,141,160,160,170,203,214,229,246,146,146,168,283,295,307,331,354,366,14,114,114,134,134,148,181,196,215,235,253,253,253,253],"floor_reached":33,"language":"ENG","playtime":6351,"items_purged":[],"score":304,"play_id":"5d7dd26a-d77d-4899-b887-acca643d0d3f","local_time":"20210220182534","is_ascension_mode":false,"campfire_choices":[{"data":"Slimebound:Tackle","floor":1.0,"key":"SMITH"},{"floor":13.0,"key":"REST"},{"data":"Slimebound:PrepareCrush","floor":18.0,"key":"SMITH"},{"data":"Slimebound:SamplingLick","floor":26.0,"key":"SMITH"}],"circlet_count":0,"master_deck":["Slimebound:Strike_Slimebound","Slimebound:Strike_Slimebound","Slimebound:Strike_Slimebound","Slimebound:Tackle+1","Slimebound:Defend_Slimebound","Slimebound:Defend_Slimebound","Slimebound:Defend_Slimebound","Slimebound:Defend_Slimebound","Slimebound:Split","Slimebound:CorrosiveSpit","Slimebound:LivingWall","Slimebound:Prepare","Slimebound:DisruptingSlam","Slimebound:GrowthPunch","Slimebound:GoopSpray","Slimebound:SamplingLick+1","Slimebound:LevelUp","Slimebound:RollThrough","Slimebound:SlimeSpikes","Slimebound:FinishingTackle","Slimebound:PrepareCrush+1","CurseOfTheBell","Slimebound:MegaLick","Slimebound:GoopSpray+1","Slimebound:GrowthPunch","Apotheosis","Slimebound:RejuvenatingLick","Slimebound:ComboTackle","Slimebound:Overexert","Slimebound:GoopTackle","Slimebound:SplitMire","Slimebound:ItLooksTasty+1","Slimebound:LeadByExample"],"relics":["Slimebound:AbsorbEndCombat","Mercury Hourglass","StrikeDummy","downfall:HeartBlessingGreen","MawBank","Calling Bell","Mango","Ornamental Fan","Omamori","Boot","Matryoshka","The Courier"],"acts_visited":["Exordium","TheCity"],"potions_floor_usage":[],"damage_taken":[{"damage":18.0,"enemies":"Jaw Worm","floor":2.0,"turns":3.0},{"damage":7.0,"enemies":"Cultist","floor":4.0,"turns":4.0},{"damage":5.0,"enemies":"Small Slimes","floor":5.0,"turns":5.0},{"damage":0.0,"enemies":"3 Louse","floor":6.0,"turns":3.0},{"damage":2.0,"enemies":"Exordium Thugs","floor":8.0,"turns":5.0},{"damage":8.0,"enemies":"Gremlin Nob","floor":9.0,"turns":5.0},{"damage":3.0,"enemies":"2 Fungi Beasts","floor":10.0,"turns":3.0},{"damage":8.0,"enemies":"Red Slaver","floor":11.0,"turns":3.0},{"damage":0.0,"enemies":"Exordium Wildlife","floor":12.0,"turns":3.0},{"damage":0.0,"enemies":"Lots of Slimes","floor":15.0,"turns":1.0},{"damage":56.0,"enemies":"DF_ARCHETYPE_STREAMLINE","floor":16.0,"turns":10.0},{"damage":24.0,"enemies":"downfall:LooterAlt2","floor":19.0,"turns":5.0},{"damage":3.0,"enemies":"Spheric Guardian","floor":20.0,"turns":5.0},{"damage":0.0,"enemies":"downfall:FleeingMerchant","floor":22.0,"turns":4.0},{"damage":6.0,"enemies":"Chosen and Byrds","floor":25.0,"turns":5.0},{"damage":4.0,"enemies":"Snecko","floor":27.0,"turns":5.0},{"damage":14.0,"enemies":"Gremlin Leader","floor":28.0,"turns":4.0},{"damage":32.0,"enemies":"Snake Plant","floor":29.0,"turns":4.0},{"damage":25.0,"enemies":"Centurion and Healer","floor":30.0,"turns":6.0},{"damage":9,"enemies":"Cultist and Chosen","floor":31,"turns":5},{"damage":9,"enemies":"Chosen and Byrds","floor":32,"turns":4},{"damage":41,"enemies":"IC_MUSHROOM_ARCHETYPE","floor":33,"turns":7}],"seed_played":"4935308683092742131","potions_obtained":[{"floor":3.0,"key":"Strength Potion"},{"floor":3.0,"key":"Fire Potion"},{"floor":3.0,"key":"Slimebound:ThreeZeroPotion"},{"floor":4.0,"key":"bronze:BurnAndBuffPotion"},{"floor":8.0,"key":"champ:CounterPotion"},{"floor":10.0,"key":"Regen Potion"},{"floor":27.0,"key":"Fire Potion"},{"floor":29.0,"key":"bronze:BurnAndBuffPotion"},{"floor":30,"key":"DuplicationPotion"}],"is_trial":false,"path_per_floor":["R","M","?","M","M","M","T","M","E","M","M","M","R","T","M","B",null,"R","M","M","?","$","?","T","M","R","M","E","M","M","M","M","B"],"character_chosen":"SLIMEBOUND","items_purchased":["Boot","Apotheosis"],"campfire_rested":1,"item_purchase_floors":[22,22],"current_hp_per_floor":[71,53,53,50,49,51,51,53,49,50,46,48,69,69,71,21,85,85,65,70,70,74,74,74,76,76,85,77,53,36,33,32,0,0,0],"gold":253,"neow_bonus":"TEN_PERCENT_HP_BONUS","is_daily":false,"chose_seed":false,"campfire_upgraded":3,"win_rate":0.0,"timestamp":1613870734,"path_taken":["R","M","?","?","M","M","T","M","E","M","M","M","R","?","M","BOSS","R","M","?","?","$","?","T","M","R","M","E","M","?","M","M","BOSS"],"items_purchased_type":["Relic","Card"],"build_version":"2020-12-22","purchased_purges":0,"victory":false,"max_hp_per_floor":[71,71,71,71,71,71,71,71,71,71,71,71,71,71,71,71,85,85,85,85,85,85,85,85,85,85,85,85,85,85,85,85,85,85,85],"relic_stats":{"counters":[22,98],"Ornamental Fan":[28],"MawBank":96,"Boot":[9],"obtain_stats":[{"Calling Bell":17,"Matryoshka":24,"Ornamental Fan":17,"downfall:HeartBlessingGreen":13,"Mango":17,"The Courier":28,"Slimebound:AbsorbEndCombat":0,"Omamori":17,"StrikeDummy":9,"MawBank":14,"Boot":22,"Mercury Hourglass":7},{"Calling Bell":11,"Matryoshka":14,"Ornamental Fan":11,"downfall:HeartBlessingGreen":9,"Mango":11,"The Courier":17,"Slimebound:AbsorbEndCombat":0,"Omamori":11,"StrikeDummy":6,"MawBank":9,"Boot":14,"Mercury Hourglass":4},{"Calling Bell":44,"Matryoshka":58,"Ornamental Fan":44,"downfall:HeartBlessingGreen":33,"Mango":44,"The Courier":72,"Slimebound:AbsorbEndCombat":0,"Omamori":44,"StrikeDummy":25,"MawBank":33,"Boot":58,"Mercury Hourglass":15}],"Mercury Hourglass":[318]},"card_choices":[{"not_picked":["Slimebound:SlimeBrawl","Slimebound:GrowthPunch"],"picked":"Slimebound:LivingWall","floor":2.0},{"not_picked":["Slimebound:FormOfPuddle","Slimebound:FinishingTackle"],"picked":"Slimebound:Prepare","floor":4.0},{"not_picked":["Slimebound:Dissolve","Slimebound:FinishingTackle"],"picked":"Slimebound:DisruptingSlam","floor":5.0},{"not_picked":["Slimebound:SplitLeeching","Slimebound:PressTheAttack"],"picked":"Slimebound:GrowthPunch","floor":6.0},{"not_picked":["Slimebound:SplitLeeching","Slimebound:LivingWall"],"picked":"Slimebound:GoopSpray","floor":8.0},{"not_picked":["Slimebound:Prepare","Slimebound:Replication"],"picked":"Slimebound:SamplingLick","floor":9.0},{"not_picked":["Slimebound:Chomp","Slimebound:PressTheAttack"],"picked":"Slimebound:LevelUp","floor":10.0},{"not_picked":["Slimebound:SlimeBrawl","Slimebound:OozeBath"],"picked":"Slimebound:RollThrough","floor":11.0},{"not_picked":["Slimebound:SplitMire","Slimebound:LeadByExample"],"picked":"Slimebound:SlimeSpikes","floor":12.0},{"not_picked":["Slimebound:SplitMire","Slimebound:SamplingLick"],"picked":"Slimebound:FinishingTackle","floor":15.0},{"not_picked":["Slimebound:Overexert","Slimebound:OneTwoCombo"],"picked":"Slimebound:PrepareCrush","floor":16.0},{"not_picked":["Slimebound:SlimeSpikes","Slimebound:GoopSpray"],"picked":"Slimebound:MegaLick","floor":19.0},{"not_picked":["Slimebound:Dissolve","Slimebound:SplitAcid"],"picked":"Slimebound:GoopSpray+1","floor":20.0},{"not_picked":["Slimebound:SlimeBarrage","Slimebound:FinishingTackle"],"picked":"Slimebound:GrowthPunch","floor":22.0},{"not_picked":["Slimebound:LivingWall","Slimebound:GrowthPunch"],"picked":"Slimebound:RejuvenatingLick","floor":25.0},{"not_picked":["Slimebound:SplitAcid","Slimebound:PressTheAttack"],"picked":"Slimebound:ComboTackle","floor":27.0},{"not_picked":["Slimebound:Prepare","Slimebound:DisruptingSlam"],"picked":"Slimebound:Overexert","floor":28.0},{"not_picked":["Slimebound:RainOfGoop","Slimebound:LivingWall"],"picked":"Slimebound:GoopTackle","floor":29.0},{"not_picked":["Slimebound:ItLooksTasty","Slimebound:LivingWall+1"],"picked":"Slimebound:SplitMire","floor":30},{"not_picked":["Slimebound:Prepare","Slimebound:MassFeed"],"picked":"Slimebound:ItLooksTasty+1","floor":31},{"not_picked":["Slimebound:FinishingTackle+1","Slimebound:SplitAcid"],"picked":"Slimebound:LeadByExample","floor":32}],"player_experience":162616,"relics_obtained":[{"floor":7.0,"key":"Mercury Hourglass"},{"floor":9.0,"key":"StrikeDummy"},{"floor":14.0,"key":"MawBank"},{"floor":17.0,"key":"Mango"},{"floor":17.0,"key":"Ornamental Fan"},{"floor":17.0,"key":"Omamori"},{"floor":24.0,"key":"Matryoshka"},{"floor":28.0,"key":"The Courier"}],"event_choices":[{"damage_healed":0.0,"max_hp_gain":0.0,"max_hp_loss":0.0,"gold_gain":0.0,"event_name":"Lab","player_choice":"Got Potions","floor":3.0,"gold_loss":0.0,"damage_taken":0.0}],"is_beta":false,"boss_relics":[{"not_picked":["Empty Cage","Velvet Choker"],"picked":"Calling Bell"}],"items_purged_floors":[],"is_endless":false,"potions_floor_spawned":[4,8,10,11,12,25,27,29,30],"killed_by":"IC_MUSHROOM_ARCHETYPE","ascension_level":0}}