{"host":"l15sdf2mmi0nobpi","time":1613894449,"event":{"mods":["BaseMod","Highlight Path","Minty Spire (QoL Compilation)","MostiFishMod","Quick Restart","StSLib","¡¾¹¦ÄÜMod¡¿Neow½±Àø"],"gold_per_floor":[119,139,150,160,171,196,216,251,251,251,251,282,296,-1346,-1346,-1269,-1269,-1249,-1237,-1163,-1153,-1141,-1141,-1111,-1111,-1111,-1111,-1093,-1093,-1093,-1093,-1093,-1021,-1021,-1004,-992,-992,-979,-969,-937,-920,-920,-897,-897,-869,-856,-827,-815,-803,-791,-779,-767,-755,-743,-696,-684],"floor_reached":57,"language":"ZHS","playtime":2230,"items_purged":["Strike_G"],"score":3472,"play_id":"a28945cd-6a2e-42db-944c-88af12082155","local_time":"20210221160049","is_ascension_mode":true,"campfire_choices":[{"data":"Blade Dance","floor":11.0,"key":"SMITH"},{"data":"Acrobatics","floor":15.0,"key":"SMITH"},{"data":"Calculated Gamble","floor":23.0,"key":"SMITH"},{"data":"Tactician","floor":25.0,"key":"SMITH"},{"data":"Terror","floor":29.0,"key":"SMITH"},{"data":"Neutralize","floor":32.0,"key":"SMITH"},{"floor":42.0,"key":"RECALL"},{"data":"Backflip","floor":44.0,"key":"SMITH"},{"data":"Riddle With Holes","floor":49,"key":"SMITH"},{"data":"After Image","floor":53,"key":"SMITH"}],"circlet_count":0,"master_deck":["AscendersBane","Defend_G","Defend_G","Defend_G","Defend_G","Survivor","Neutralize+1","Dagger Spray","Acrobatics+1","Calculated Gamble+1","Tactician+1","Terror+1","Riddle With Holes+1","Blade Dance+1","MostiFishMod:VineMother","After Image+1","Backflip+1","Cloak And Dagger+1","After Image","Acrobatics+1","Blade Dance+1","Reflex+1"],"relics":["DaveBox","Civilization","ChiXiaoBlade","SynthV:TestCard","Boot","MealTicket","Molten Egg 2","Potion Belt","SynthV:C4","SynthV:MejaisSoulstealer","Empty Cage","Orichalcum","Toxic Egg 2","Coffee Dripper","StoneCalendar","Anchor","Omamori","MawBank","Akabeko"],"acts_visited":["Exordium","TheCity","TheBeyond","TheEnding"],"potions_floor_usage":[56,56],"damage_taken":[{"damage":2.0,"enemies":"2 Louse","floor":1.0,"turns":3.0},{"damage":0.0,"enemies":"Cultist","floor":2.0,"turns":3.0},{"damage":0.0,"enemies":"Small Slimes","floor":3.0,"turns":3.0},{"damage":0.0,"enemies":"Looter","floor":4.0,"turns":2.0},{"damage":0.0,"enemies":"Blue Slaver","floor":5.0,"turns":2.0},{"damage":15.0,"enemies":"Lagavulin","floor":6.0,"turns":6.0},{"damage":0.0,"enemies":"Large Slime","floor":7.0,"turns":5.0},{"damage":29.0,"enemies":"Gremlin Nob","floor":8.0,"turns":4.0},{"damage":10.0,"enemies":"Lagavulin","floor":12.0,"turns":6.0},{"damage":6.0,"enemies":"Exordium Wildlife","floor":13.0,"turns":2.0},{"damage":0.0,"enemies":"Slime Boss","floor":16.0,"turns":3.0},{"damage":0.0,"enemies":"3 Byrds","floor":18.0,"turns":3.0},{"damage":0.0,"enemies":"Chosen","floor":19.0,"turns":2.0},{"damage":9.0,"enemies":"Snake Plant","floor":21.0,"turns":3.0},{"damage":0.0,"enemies":"Chosen and Byrds","floor":22.0,"turns":2.0},{"damage":0.0,"enemies":"Book of Stabbing","floor":24.0,"turns":2.0},{"damage":0.0,"enemies":"Snecko","floor":28.0,"turns":2.0},{"damage":0.0,"enemies":"Automaton","floor":33.0,"turns":4.0},{"damage":0.0,"enemies":"3 Darklings","floor":35.0,"turns":2.0},{"damage":0.0,"enemies":"Orb Walker","floor":36.0,"turns":1.0},{"damage":0.0,"enemies":"Maw","floor":38.0,"turns":3.0},{"damage":19.0,"enemies":"4 Shapes","floor":39.0,"turns":2.0},{"damage":0.0,"enemies":"Nemesis","floor":40.0,"turns":3.0},{"damage":0.0,"enemies":"Spire Growth","floor":41.0,"turns":2.0},{"damage":0.0,"enemies":"Giant Head","floor":45.0,"turns":1.0},{"damage":0.0,"enemies":"Maw","floor":46.0,"turns":2.0},{"damage":0.0,"enemies":"Nemesis","floor":47.0,"turns":3.0},{"damage":0,"enemies":"Donu and Deca","floor":50,"turns":3},{"damage":11,"enemies":"Time Eater","floor":51,"turns":4},{"damage":0,"enemies":"Shield and Spear","floor":55,"turns":4},{"damage":27,"enemies":"The Heart","floor":56,"turns":5}],"seed_played":"-4314179242402140705","potions_obtained":[{"floor":2.0,"key":"GamblersBrew"},{"floor":3.0,"key":"SpeedPotion"},{"floor":12.0,"key":"PowerPotion"},{"floor":13.0,"key":"LiquidBronze"},{"floor":35.0,"key":"Regen Potion"},{"floor":47.0,"key":"Swift Potion"}],"is_trial":false,"path_per_floor":["M","M","M","M","M","E","M","E","T","?","R","E","M","$","R","B",null,"M","M","T","M","M","R","E","R","T","?","M","R","?","?","R","B",null,"M","M","?","M","M","E","M","R","T","R","E","M","E","?","R","B","B",null,"R","$","E","B",null],"character_chosen":"THE_SILENT","items_purchased":["SynthV:C4","SynthV:MejaisSoulstealer"],"campfire_rested":0,"item_purchase_floors":[14,14],"current_hp_per_floor":[59,62,67,72,77,67,72,48,48,48,48,43,42,57,57,62,103,108,113,113,109,114,114,119,119,119,119,124,124,124,124,124,129,146,151,156,156,161,147,152,157,157,157,157,162,167,172,172,172,177,171,197,197,206,211,189],"gold":-672,"neow_bonus":"BOSS_RELIC","is_daily":false,"chose_seed":false,"campfire_upgraded":9,"win_rate":0.0,"timestamp":1613894449,"path_taken":["M","M","M","M","M","E","M","E","T","?","R","E","M","$","R","BOSS","M","M","?","?","M","R","E","R","T","?","M","R","?","?","R","BOSS","M","M","?","M","M","E","M","R","T","R","E","M","E","?","R","BOSS","BOSS","R","$","E","BOSS"],"items_purchased_type":["Relic","Relic"],"build_version":"2020-12-22","purchased_purges":1,"victory":true,"max_hp_per_floor":[68,71,76,81,86,91,96,101,101,101,101,106,111,111,111,116,116,121,126,126,131,136,136,141,141,141,141,146,146,146,146,146,151,151,156,161,161,166,171,176,181,181,181,181,186,191,196,196,196,201,206,206,206,206,211,216],"card_choices":[{"not_picked":["Acrobatics","Slice"],"picked":"Dagger Spray","floor":1.0},{"not_picked":["PiercingWail","Underhanded Strike","Endless Agony","Reflex"],"picked":"Acrobatics","floor":2.0},{"not_picked":["MostiFishMod:InvigoratingSolution","Concentrate","Leg Sweep","Catalyst"],"picked":"Calculated Gamble","floor":3.0},{"not_picked":["MostiFishMod:PerfectParry","Sucker Punch","Quick Slash","Slice","Dodge and Roll"],"picked":"SKIP","floor":4.0},{"not_picked":["Deflect","MostiFishMod:Listen","Acrobatics","Poisoned Stab"],"picked":"Tactician","floor":5.0},{"not_picked":["Leg Sweep","All Out Attack","MostiFishMod:FrostNova","MostiFishMod:PerfectParry"],"picked":"Terror","floor":6.0},{"not_picked":["Cloak And Dagger","Sucker Punch","Slice","MostiFishMod:FrostNova"],"picked":"Riddle With Holes","floor":7.0},{"not_picked":["Acrobatics","Setup","Flying Knee","Backflip"],"picked":"Blade Dance","floor":8.0},{"not_picked":["Quick Slash+1","MostiFishMod:Opportunism","Cloak And Dagger","Skewer+1","Prepared"],"picked":"SKIP","floor":12.0},{"not_picked":["Slice+1","Deflect","Prepared","Tactician"],"picked":"MostiFishMod:VineMother","floor":13.0},{"not_picked":["MostiFishMod:GrandStart+1","Doppelganger","Malaise","Unload+1"],"picked":"After Image","floor":16.0},{"not_picked":["Outmaneuver","Prepared","Expertise","Distraction","Cloak And Dagger"],"picked":"SKIP","floor":18.0},{"not_picked":["Endless Agony+1","Calculated Gamble","Outmaneuver","Setup"],"picked":"Backflip","floor":19.0},{"not_picked":["MostiFishMod:ThornCasing","All Out Attack+1","Underhanded Strike+1","Acrobatics","MostiFishMod:PerfectParry"],"picked":"SKIP","floor":21.0},{"not_picked":["Poisoned Stab+1","Bane+1","Backflip","Sucker Punch+1","Dagger Spray+1"],"picked":"SKIP","floor":22.0},{"not_picked":["Skewer+1","Slice+1","Malaise","Deadly Poison","Setup"],"picked":"SKIP","floor":24.0},{"not_picked":["Slice+1","Bouncing Flask+1","Terror+1","Underhanded Strike+1"],"picked":"Cloak And Dagger+1","floor":28.0},{"not_picked":["Envenom","MostiFishMod:GrandStart+1","A Thousand Cuts","Glass Knife+1"],"picked":"After Image","floor":33.0},{"not_picked":["Backflip+1","Flying Knee+1","Flechettes+1","Setup+1","MostiFishMod:PerfectParry+1"],"picked":"SKIP","floor":35.0},{"not_picked":["Cloak And Dagger+1","Bouncing Flask+1","MostiFishMod:ThornCasing","PiercingWail+1","Flying Knee+1"],"picked":"SKIP","floor":36.0},{"not_picked":["MostiFishMod:InvigoratingSolution+1","Cloak And Dagger+1","Crippling Poison+1","Dagger Spray+1"],"picked":"Acrobatics+1","floor":38.0},{"not_picked":["Distraction+1","Dagger Spray+1","Quick Slash+1","Calculated Gamble+1"],"picked":"Blade Dance+1","floor":39.0},{"not_picked":["Dagger Throw+1","Expertise+1","Endless Agony+1","All Out Attack+1"],"picked":"Reflex+1","floor":40.0},{"not_picked":["Acrobatics+1","PiercingWail+1","MostiFishMod:InvigoratingSolution+1","Slice+1","Envenom"],"picked":"SKIP","floor":41.0},{"not_picked":["PiercingWail+1","Well Laid Plans","MostiFishMod:PerfectParry+1","Deadly Poison+1","Accuracy+1"],"picked":"SKIP","floor":45.0},{"not_picked":["MostiFishMod:PoisonShield+1","Outmaneuver+1","Backflip+1","Blade Dance+1","Bane+1"],"picked":"SKIP","floor":46.0},{"not_picked":["All Out Attack+1","A Thousand Cuts","Bane+1","Noxious Fumes","Quick Slash+1"],"picked":"SKIP","floor":47.0},{"not_picked":["Concentrate+1","MostiFishMod:FrostNova+1","MostiFishMod:PerfectParry+1","PiercingWail+1","All Out Attack+1"],"picked":"SKIP","floor":55}],"player_experience":565958,"relics_obtained":[{"floor":1.0,"key":"SynthV:TestCard"},{"floor":6.0,"key":"Boot"},{"floor":8.0,"key":"MealTicket"},{"floor":9.0,"key":"Molten Egg 2"},{"floor":12.0,"key":"Potion Belt"},{"floor":24.0,"key":"Orichalcum"},{"floor":26.0,"key":"Toxic Egg 2"},{"floor":40.0,"key":"StoneCalendar"},{"floor":43.0,"key":"Anchor"},{"floor":45.0,"key":"Omamori"},{"floor":47.0,"key":"MawBank"},{"floor":55,"key":"Akabeko"}],"event_choices":[{"cards_removed":["Strike_G"],"damage_healed":0.0,"max_hp_gain":0.0,"max_hp_loss":0.0,"gold_gain":0.0,"event_name":"Bonfire Elementals","player_choice":"Offered Basic","floor":10.0,"gold_loss":0.0,"damage_taken":0.0},{"cards_removed":["Strike_G"],"damage_healed":0.0,"max_hp_gain":0.0,"max_hp_loss":0.0,"gold_gain":0.0,"event_name":"Back to Basics","player_choice":"Elegance","floor":27.0,"gold_loss":0.0,"damage_taken":0.0},{"damage_healed":0.0,"max_hp_gain":0.0,"max_hp_loss":0.0,"gold_gain":0.0,"event_name":"Vampires","player_choice":"Ignored","floor":30.0,"gold_loss":0.0,"damage_taken":0.0},{"cards_removed":["Defend_G"],"damage_healed":0.0,"max_hp_gain":0.0,"max_hp_loss":0.0,"gold_gain":0.0,"event_name":"Falling","player_choice":"Removed Skill","floor":37.0,"gold_loss":0.0,"damage_taken":0.0},{"damage_healed":0,"gold_gain":0,"player_choice":"Memory 1","damage_taken":0,"max_hp_gain":0,"max_hp_loss":0,"event_name":"SensoryStone","floor":48,"gold_loss":0}],"is_beta":false,"boss_relics":[{"not_picked":["SlaversCollar","Tiny House"],"picked":"Empty Cage"},{"not_picked":["Cursed Key","MoonlightInvasionPlan"],"picked":"Coffee Dripper"}],"items_purged_floors":[14],"is_endless":false,"potions_floor_spawned":[2,3,5,7,8,12,13,21,24,28,35,38,39,41,47,55],"ascension_level":20}}