{"host":"q6l9o5ad25lrm2yj","time":1613881929,"event":{"mods":["BaseMod","BetterRewards","Colored Powertips","Lobotomy","Minty Spire (QoL Compilation)","Replay The Spire","StSLib","[IsaacMod]ÒÔÈö¼âËþ"],"gold_per_floor":[117,69,69,69,89,105,132,132,158,171,182,212,162,172,172,319,319,334,344,31,41,41,52,52,67,67,79,94,94],"floor_reached":28,"language":"ZHS","playtime":2212,"items_purged":[],"score":251,"play_id":"f90cb94e-ba0c-4bbb-bd9b-326515a416dc","local_time":"20210221123209","is_ascension_mode":false,"campfire_choices":[{"floor":8,"key":"REST"},{"floor":24,"key":"REST"}],"circlet_count":0,"master_deck":["Strike_B","Strike_B","Strike_B","Strike_B","Defend_B","Defend_B","Defend_B","Defend_B","Zap","Dualcast","BettingIsNotGood","Leap","Conserve Battery","Auto Shields","Porccubus","Beam Cell+1","BigBadWolf","ShyLook","Coolheaded","WallGazer","Chill","PunishingBird","Sweeping Beam","LongBird","Defragment","GalaxyChild","ReplayTheSpireMod:Omega Cannon","CherryBlossoms","Conserve Battery","QueenBee","Fan+1","LaLuna","Go for the Eyes","MeltingLove","Bloodbath","Genetic Algorithm","Time Bomb+1","DreamingCurrent","Fusion+1","Woodsman"],"relics":["Cracked Core","HushsDoor","Chaos","CogitoBucket","ReplayTheSpireMod:Lightbulb","Omamori","AdjustmentMirror","Pen Nib","DeadEye","ChangeAnything","Burning Blood","Necronomicon","Gambling Chip"],"acts_visited":["Exordium","TheCity"],"potions_floor_usage":[10,16,16,16],"damage_taken":[{"damage":1,"enemies":"Cultist","floor":1,"turns":4},{"damage":10,"enemies":"2 Louse","floor":5,"turns":3},{"damage":1,"enemies":"Jaw Worm","floor":6,"turns":2},{"damage":12,"enemies":"Red Slaver","floor":7,"turns":4},{"damage":0,"enemies":"Lots of Slimes","floor":10,"turns":1},{"damage":72,"enemies":"3 Louse","floor":11,"turns":8},{"damage":18,"enemies":"Lagavulin","floor":12,"turns":8},{"damage":2,"enemies":"Gremlin Gang","floor":14,"turns":2},{"damage":33,"enemies":"Hexaghost","floor":16,"turns":12},{"damage":18,"enemies":"Spheric Guardian","floor":18,"turns":4},{"damage":27,"enemies":"Shell Parasite","floor":19,"turns":6},{"damage":0,"enemies":"Centurion and Healer","floor":21,"turns":1},{"damage":2,"enemies":"Cultist and Chosen","floor":23,"turns":3},{"damage":0,"enemies":"Chosen and Byrds","floor":25,"turns":2},{"damage":49,"enemies":"Snake Plant","floor":27,"turns":4},{"damage":125,"enemies":"Cultist and Chosen","floor":28,"turns":8}],"seed_played":"6135814582747782192","potions_obtained":[{"floor":1,"key":"Explosive Potion"},{"floor":7,"key":"BlessingOfTheForge"},{"floor":14,"key":"Energy Potion"},{"floor":18,"key":"Explosive Potion"},{"floor":21,"key":"FocusPotion"}],"is_trial":false,"path_per_floor":["M","$","?","T","M","M","M","R","T","M","M","E","$","M","R","B",null,"M","M","$","M","?","M","R","M","T","M","M"],"character_chosen":"DEFECT","items_purchased":["Conserve Battery","FocusPotion","Burning Blood"],"campfire_rested":2,"item_purchase_floors":[2,13,20],"current_hp_per_floor":[74,74,74,74,64,63,51,73,73,73,31,15,15,15,37,16,75,61,38,38,44,28,36,58,66,66,38,0,0],"gold":94,"neow_bonus":"","is_daily":false,"chose_seed":false,"campfire_upgraded":0,"win_rate":0.0,"timestamp":1613881929,"path_taken":["M","?","?","?","M","M","?","R","T","M","?","E","$","?","R","BOSS","M","M","$","M","?","M","R","?","T","M","M"],"items_purchased_type":["Card","Potion","Relic"],"build_version":"2020-12-22","purchased_purges":0,"victory":false,"max_hp_per_floor":[75,75,75,75,75,75,75,75,75,75,75,75,75,75,75,75,75,75,75,75,75,75,75,75,75,75,75,75,75],"card_choices":[{"not_picked":[],"picked":"BettingIsNotGood","floor":0},{"not_picked":["Fission","ReplaySort"],"picked":"Leap","floor":1},{"not_picked":["Scorched","VoidDream"],"picked":"CherryBlossoms","floor":1},{"not_picked":["Compile Driver","Leap"],"picked":"Auto Shields","floor":5},{"not_picked":["LittleHelper","Scorched"],"picked":"Porccubus","floor":5},{"not_picked":["Stack","Leap"],"picked":"Beam Cell","floor":6},{"not_picked":["GalaxyChild","Murderer"],"picked":"BigBadWolf","floor":6},{"not_picked":["Steam","Skim"],"picked":"Redo","floor":7},{"not_picked":["Variant","BigBird"],"picked":"ShyLook","floor":7},{"not_picked":["Sweeping Beam","Steam Power"],"picked":"Coolheaded","floor":10},{"not_picked":["DespairKnight","BeautyBeast"],"picked":"WallGazer","floor":10},{"not_picked":["Compile Driver","Panic Button"],"picked":"Chill","floor":11},{"not_picked":["Scorched","VoidDream"],"picked":"PunishingBird","floor":11},{"not_picked":["Multi-Cast","Rip and Tear"],"picked":"Sweeping Beam","floor":12},{"not_picked":["BeautyBeast","NakedNest"],"picked":"LongBird","floor":12},{"not_picked":["Bomb","Go for the Eyes"],"picked":"Defragment","floor":14},{"not_picked":["SnowQueen","Variant"],"picked":"GalaxyChild","floor":14},{"not_picked":["Mirror Shield","Creative AI"],"picked":"ReplayTheSpireMod:Omega Cannon","floor":16},{"not_picked":["Variant","MHz"],"picked":"CherryBlossoms","floor":16},{"not_picked":["Leap","Cold Snap"],"picked":"Conserve Battery","floor":18},{"not_picked":["Murderer","OSAHOGD"],"picked":"QueenBee","floor":18},{"not_picked":["Barrage","Auto Shields+1"],"picked":"Fan+1","floor":19},{"not_picked":["FairyFestival","GreedKing"],"picked":"LaLuna","floor":19},{"not_picked":["Seek","Barrage"],"picked":"Go for the Eyes","floor":21},{"not_picked":["FieryBird","Rudolta"],"picked":"MeltingLove","floor":21},{"not_picked":["MHz","MeatLantern"],"picked":"Bloodbath","floor":23},{"not_picked":["Beam Cell","Go for the Eyes"],"picked":"Genetic Algorithm","floor":23},{"not_picked":["Stack","ReplayTheSpireMod:Repulse"],"picked":"Time Bomb+1","floor":25},{"not_picked":["VoidDream","MeatLantern"],"picked":"DreamingCurrent","floor":25},{"not_picked":["Barrage","Chill"],"picked":"Fusion+1","floor":27},{"not_picked":["UniverseFragment","Murderer"],"picked":"Woodsman","floor":27}],"player_experience":15939,"relics_obtained":[{"floor":4,"key":"ReplayTheSpireMod:Lightbulb"},{"floor":9,"key":"Omamori"},{"floor":12,"key":"Pen Nib"},{"floor":22,"key":"Necronomicon"},{"floor":26,"key":"Gambling Chip"}],"event_choices":[{"damage_healed":0,"gold_gain":0,"player_choice":"Obtained Book","damage_taken":16,"max_hp_gain":0,"max_hp_loss":0,"event_name":"Cursed Tome","floor":22,"gold_loss":0}],"is_beta":false,"boss_relics":[{"not_picked":["PreservedInsect","Mirror"],"picked":"DeadEye"},{"not_picked":[]}],"items_purged_floors":[],"is_endless":false,"potions_floor_spawned":[1,7,14,18,21],"killed_by":"Cultist and Chosen","ascension_level":0}}