{"host":"6r762osam2bvfm66","time":1613873361,"event":{"mods":["BaseMod","Bestiary","Colored Map","Highlight Path","Minty Spire (QoL Compilation)","Relic Stats"],"gold_per_floor":[119,130,140,61,81,113,113,128,128,160,85,104,104,104,104,201,201,217,233,233,248,263,263,288,288,288,322,69,88,88,119,131,143,143],"floor_reached":33,"language":"ENG","playtime":2697,"items_purged":["Strike_G","Strike_G"],"score":445,"play_id":"88baaa58-e73f-4959-b509-6abc266a9a2c","local_time":"20210220200921","is_ascension_mode":true,"campfire_choices":[{"data":"Tools of the Trade","floor":7,"key":"SMITH"},{"data":"Burst","floor":13,"key":"SMITH"},{"floor":15,"key":"REST"},{"data":"Blade Dance","floor":23,"key":"SMITH"},{"floor":25,"key":"REST"},{"data":"Venomology","floor":30,"key":"SMITH"},{"floor":32,"key":"REST"}],"circlet_count":0,"master_deck":["Defend_G","Defend_G+1","Defend_G","Defend_G","Defend_G","Survivor","Neutralize","Riddle With Holes","Deadly Poison","Burst+1","Tools of the Trade+1","Predator","Reflex","Blade Dance","Tactician+1","Corpse Explosion","Dagger Throw+1","Escape Plan+1","Backflip+1","Backflip+1","Blade Dance+1","Acrobatics+1","Leg Sweep","Blade Dance+1","Venomology+1","Finisher+1","Slice+1","Poisoned Stab+1"],"relics":["Ring of the Snake","Centennial Puzzle","Blood Vial","Bottled Lightning","Kunai","Astrolabe","Boot","Molten Egg 2","The Specimen","Orrery","MawBank"],"acts_visited":["Exordium","TheCity"],"potions_floor_usage":[6,10,24,27,27,27,31,33,33,33,33,33],"damage_taken":[{"damage":1,"enemies":"Cultist","floor":1,"turns":4},{"damage":1,"enemies":"Jaw Worm","floor":2,"turns":3},{"damage":8,"enemies":"Small Slimes","floor":3,"turns":4},{"damage":1,"enemies":"Looter","floor":5,"turns":4},{"damage":10,"enemies":"Lagavulin","floor":6,"turns":6},{"damage":5,"enemies":"2 Fungi Beasts","floor":8,"turns":3},{"damage":12,"enemies":"3 Sentries","floor":10,"turns":7},{"damage":4,"enemies":"Large Slime","floor":12,"turns":4},{"damage":4,"enemies":"The Guardian","floor":16,"turns":13},{"damage":4,"enemies":"Spheric Guardian","floor":18,"turns":4},{"damage":4,"enemies":"Shell Parasite","floor":19,"turns":5},{"damage":3,"enemies":"Snecko","floor":21,"turns":3},{"damage":8,"enemies":"Snake Plant","floor":22,"turns":4},{"damage":19,"enemies":"Gremlin Leader","floor":24,"turns":8},{"damage":15,"enemies":"Book of Stabbing","floor":27,"turns":6},{"damage":0,"enemies":"Cultist and Chosen","floor":29,"turns":4},{"damage":16,"enemies":"Slavers","floor":31,"turns":4},{"damage":66,"enemies":"Champ","floor":33,"turns":10}],"seed_played":"-9107907007464159487","potions_obtained":[{"floor":2,"key":"Weak Potion"},{"floor":3,"key":"Strength Potion"},{"floor":12,"key":"GhostInAJar"},{"floor":21,"key":"Poison Potion"},{"floor":22,"key":"Explosive Potion"},{"floor":24,"key":"EntropicBrew"},{"floor":29,"key":"CunningPotion"}],"is_trial":false,"path_per_floor":["M","M","M","$","M","E","R","M","T","E","$","M","R","?","R","B",null,"M","M","?","M","M","R","E","R","T","E","$","M","R","E","R","B"],"character_chosen":"THE_SILENT","items_purchased":["Tools of the Trade","Orrery"],"campfire_rested":3,"item_purchase_floors":[4,28],"current_hp_per_floor":[62,61,53,53,52,42,42,39,39,29,29,27,27,13,34,32,61,59,57,50,49,43,43,26,47,47,34,34,36,36,22,43,0,0],"gold":143,"neow_bonus":"RANDOM_COMMON_RELIC","is_daily":false,"chose_seed":false,"campfire_upgraded":4,"win_rate":0.0,"timestamp":1613873361,"path_taken":["M","M","M","?","M","E","R","M","T","E","$","M","R","?","R","BOSS","M","M","?","M","M","R","E","R","T","E","$","M","R","E","R","BOSS"],"items_purchased_type":["Card","Relic"],"build_version":"2020-12-22","purchased_purges":2,"victory":false,"max_hp_per_floor":[70,70,70,70,70,70,70,70,70,70,70,70,70,70,70,70,70,70,70,70,70,70,70,70,70,70,70,70,70,70,70,70,70,70],"relic_stats":{"Blood Vial":26,"Centennial Puzzle":[51],"counters":[18,96],"Astrolabe":["Dagger Throw","Escape Plan","Backflip"],"Kunai":[38],"Boot":[84],"MawBank":24,"obtain_stats":[{"Blood Vial":6,"Centennial Puzzle":0,"The Specimen":27,"Astrolabe":17,"Orrery":28,"Molten Egg 2":26,"Bottled Lightning":9,"Kunai":10,"Boot":24,"MawBank":31,"Ring of the Snake":0},{"Blood Vial":5,"Centennial Puzzle":0,"The Specimen":15,"Astrolabe":9,"Orrery":15,"Molten Egg 2":14,"Bottled Lightning":6,"Kunai":7,"Boot":14,"MawBank":17,"Ring of the Snake":0},{"Blood Vial":21,"Centennial Puzzle":0,"The Specimen":78,"Astrolabe":48,"Orrery":78,"Molten Egg 2":72,"Bottled Lightning":24,"Kunai":31,"Boot":72,"MawBank":86,"Ring of the Snake":0}],"Ring of the Snake":[36]},"card_choices":[{"not_picked":["Bane","Terror"],"picked":"Riddle With Holes","floor":1},{"not_picked":["Slice","Flying Knee"],"picked":"Deadly Poison","floor":2},{"not_picked":["Tactician","Acrobatics"],"picked":"Burst","floor":3},{"not_picked":["Concentrate","Poisoned Stab"],"picked":"Predator","floor":5},{"not_picked":["Caltrops","Sucker Punch"],"picked":"Reflex","floor":6},{"not_picked":["Skewer","Quick Slash","Backstab"],"picked":"SKIP","floor":8},{"not_picked":["Burst","Expertise"],"picked":"Blade Dance","floor":10},{"not_picked":["Dagger Spray","Underhanded Strike"],"picked":"Tactician","floor":12},{"not_picked":["Adrenaline","Glass Knife"],"picked":"Corpse Explosion","floor":16},{"not_picked":["Tactician","Distraction"],"picked":"Backflip+1","floor":18},{"not_picked":["Prepared","Poisoned Stab"],"picked":"Blade Dance","floor":19},{"not_picked":["Dagger Spray+1","Dagger Throw+1"],"picked":"Acrobatics+1","floor":21},{"not_picked":["Dagger Throw","Reflex+1"],"picked":"Leg Sweep","floor":22},{"not_picked":["Glass Knife","Acrobatics+1"],"picked":"Blade Dance+1","floor":24},{"not_picked":["Night Terror","Backflip","Venomology"],"picked":"SKIP","floor":27},{"not_picked":["Night Terror","Backflip"],"picked":"Venomology","floor":27},{"not_picked":["Poisoned Stab+1","Acrobatics"],"picked":"Finisher+1","floor":28},{"not_picked":["Glass Knife+1","Choke+1"],"picked":"Slice+1","floor":28},{"not_picked":["Deflect+1","Backstab+1"],"picked":"Poisoned Stab+1","floor":28},{"not_picked":["Flechettes+1","Poisoned Stab+1","Deflect"],"picked":"SKIP","floor":29},{"not_picked":["Quick Slash+1","Setup+1","Bane+1"],"picked":"SKIP","floor":31}],"player_experience":116839,"relics_obtained":[{"floor":6,"key":"Blood Vial"},{"floor":9,"key":"Bottled Lightning"},{"floor":10,"key":"Kunai"},{"floor":24,"key":"Boot"},{"floor":26,"key":"Molten Egg 2"},{"floor":27,"key":"The Specimen"},{"floor":31,"key":"MawBank"}],"event_choices":[{"damage_healed":0,"gold_gain":0,"player_choice":"Entered Light","damage_taken":14,"max_hp_gain":0,"max_hp_loss":0,"event_name":"Shining Light","floor":14,"gold_loss":0,"cards_upgraded":["Defend_G","Tactician"]},{"damage_healed":0,"gold_gain":0,"player_choice":"Damaged","damage_taken":7,"max_hp_gain":0,"max_hp_loss":0,"event_name":"Wheel of Change","floor":20,"gold_loss":0}],"is_beta":false,"boss_relics":[{"not_picked":["Velvet Choker","SlaversCollar"],"picked":"Astrolabe"}],"items_purged_floors":[11,28],"is_endless":false,"potions_floor_spawned":[2,3,12,21,22,24,29],"killed_by":"Champ","ascension_level":6}}