{"host":"cd7awanv0x2msn9z","time":1613877044,"event":{"mods":["BaseMod","Downfall","Minty Spire (QoL Compilation)","Replay The Spire","StSLib","SuperFastMode"],"gold_per_floor":[110,110,124,199,46,46,46,66,139,139,139,152,152,184,184,184,184],"floor_reached":16,"language":"ZHS","playtime":602,"items_purged":[],"score":182,"play_id":"3313ba0e-d50e-4875-83d1-00d4878e5472","local_time":"20210221111044","is_ascension_mode":true,"campfire_choices":[{"data":"Hidden Blade","floor":11.0,"key":"SMITH"},{"data":"Cloak And Dagger","floor":13,"key":"SMITH"},{"floor":15,"key":"REST"}],"circlet_count":0,"master_deck":["Strike_G+1","Strike_G+1","Strike_G","Strike_G","Strike_G","Defend_G","Defend_G","Defend_G","Defend_G","Defend_G","Survivor","Neutralize","ReplayTheSpireMod:Shiv Toss","CurseOfTheBell","CurseOfTheBell","Hidden Blade+1","Pain","Cloak And Dagger+1"],"relics":["Ring of the Snake","HandDrill","downfall:ExtraCursedBell","Oddly Smooth Stone","Golden Egg","Vampiric Spirits","Matryoshka","Anchor","The Courier","WarpedTongs","Whetstone"],"acts_visited":["Exordium"],"potions_floor_usage":[14],"damage_taken":[{"damage":2.0,"enemies":"Jaw Worm","floor":1.0,"turns":4.0},{"damage":0.0,"enemies":"2 Louse","floor":3.0,"turns":3.0},{"damage":3.0,"enemies":"Cultist","floor":8.0,"turns":5.0},{"damage":15,"enemies":"2 Fungi Beasts","floor":12,"turns":5},{"damage":12,"enemies":"Gremlin Nob","floor":14,"turns":2},{"damage":42,"enemies":"Hexaghost","floor":16,"turns":14}],"seed_played":"-8807398035098349276","potions_obtained":[{"floor":3.0,"key":"Death Potion"}],"is_trial":false,"path_per_floor":["M","$","M","?","$","?","T","M","T","?","R","M","R","E","R","B"],"character_chosen":"THE_SILENT","items_purchased":["HandDrill"],"campfire_rested":1,"item_purchase_floors":[5],"current_hp_per_floor":[47,47,47,36,36,36,36,35,35,35,35,23,23,15,36,0,0],"gold":184,"neow_bonus":"RANDOM_COLORLESS_2","is_daily":false,"chose_seed":false,"campfire_upgraded":2,"win_rate":0.0,"timestamp":1613877044,"path_taken":["M","$","M","?","$","?","?","?","T","?","R","?","R","E","R","BOSS"],"items_purchased_type":["Relic"],"build_version":"2020-12-22","purchased_purges":0,"victory":false,"max_hp_per_floor":[70,70,70,70,70,70,70,70,70,70,70,70,70,70,70,70,70],"card_choices":[{"not_picked":["ReplayTheSpireMod:Brewmster","Transmutation"],"picked":"Secret Technique","floor":0.0},{"not_picked":["Blade Dance","Backflip"],"picked":"ReplayTheSpireMod:Shiv Toss","floor":1.0},{"not_picked":["Backflip","Dagger Spray","Quick Slash"],"picked":"SKIP","floor":3.0},{"not_picked":["Poisoned Stab","Acrobatics"],"picked":"Hidden Blade","floor":8.0},{"not_picked":["Tactician","Toxin Wave"],"picked":"Cloak And Dagger","floor":12},{"not_picked":["Deadly Poison","Sucker Punch","Prepared"],"picked":"SKIP","floor":14}],"player_experience":93803,"relics_obtained":[{"floor":6.0,"key":"Oddly Smooth Stone"},{"floor":6.0,"key":"Golden Egg"},{"floor":6.0,"key":"Vampiric Spirits"},{"floor":7.0,"key":"Matryoshka"},{"floor":9.0,"key":"Anchor"},{"floor":9.0,"key":"The Courier"},{"floor":14,"key":"Whetstone"}],"event_choices":[{"damage_healed":0.0,"max_hp_gain":0.0,"max_hp_loss":0.0,"gold_gain":75.0,"event_name":"World of Goop","player_choice":"Gather Gold","floor":4.0,"gold_loss":0.0,"damage_taken":11.0},{"damage_healed":0.0,"max_hp_gain":0.0,"max_hp_loss":0.0,"gold_gain":0.0,"event_name":"Accursed Blacksmith","player_choice":"Rummage","floor":10.0,"gold_loss":0.0,"damage_taken":0.0,"relics_obtained":["WarpedTongs"],"cards_obtained":["Pain"]}],"is_beta":false,"boss_relics":[],"items_purged_floors":[],"is_endless":false,"potions_floor_spawned":[3],"killed_by":"Hexaghost","ascension_level":1}}