{"host":"a1eatafr7pisesky","time":1613889665,"event":{"mods":["AchievementEnabler","BaseMod","Colored Map","Keyboard Shortcuts","Minty Spire (QoL Compilation)","Say the Spire","StSLib","SuperFastMode","everything is the same but u backflip on backflip"],"gold_per_floor":[113,113,113,113,127,127,157,157,157,157,2,2,28,45,45,124,124,139,158,208,208,35,35,68,85,109,126,143,163,163,196,196,270,270,288,288,68,68,85,113,128,128,128,128,139,139,174,13,13,13,13,13,13,40,40],"floor_reached":56,"language":"KOR","playtime":1515,"items_purged":["Decay","Strike_B"],"score":2102,"play_id":"8d885cf4-4477-4e59-b4a6-b792094379f0","local_time":"20210221154105","is_ascension_mode":true,"campfire_choices":[{"data":"Dualcast","floor":6.0,"key":"SMITH"},{"data":"Coolheaded","floor":8.0,"key":"SMITH"},{"data":"Beam Cell","floor":10.0,"key":"SMITH"},{"data":"Doom and Gloom","floor":15.0,"key":"SMITH"},{"data":"Aggregate","floor":23.0,"key":"SMITH"},{"data":"Defragment","floor":32.0,"key":"SMITH"},{"data":"Reboot","floor":42.0,"key":"SMITH"},{"floor":49.0,"key":"RECALL"},{"data":"Reboot","floor":52.0,"key":"SMITH"}],"circlet_count":0,"master_deck":["AscendersBane","Defend_B","Defend_B","Defend_B","Defend_B","Zap","Dualcast+1","Beam Cell+1","BootSequence","Coolheaded+1","Doom and Gloom+1","Reprogram","Biased Cognition","Biased Cognition","Storm+1","Coolheaded+1","Recycle+1","Defragment+1","Capacitor+1","Aggregate+1","Stack","Reboot+1","Capacitor+1","Capacitor","Cold Snap","Consume","Reboot+1","All For One","Loop","Hologram+1"],"relics":["Cracked Core","HornCleat","White Beast Statue","Art of War","Meat on the Bone","Nuclear Battery","Orrery","Bronze Scales","Bag of Preparation","Nloth\u0027s Gift","Letter Opener","Runic Pyramid","Molten Egg 2","Anchor","Pantograph","CeramicFish","OrangePellets","Strawberry"],"acts_visited":["Exordium","TheCity","TheBeyond","TheEnding"],"potions_floor_usage":[55,55],"damage_taken":[{"damage":0.0,"enemies":"Small Slimes","floor":1.0,"turns":1.0},{"damage":0.0,"enemies":"Jaw Worm","floor":5.0,"turns":1.0},{"damage":0.0,"enemies":"3 Sentries","floor":7.0,"turns":1.0},{"damage":2.0,"enemies":"Gremlin Nob","floor":13.0,"turns":4.0},{"damage":0.0,"enemies":"Cultist","floor":14.0,"turns":3.0},{"damage":19.0,"enemies":"The Guardian","floor":16.0,"turns":7.0},{"damage":27.0,"enemies":"2 Thieves","floor":18.0,"turns":4.0},{"damage":2.0,"enemies":"Chosen","floor":19.0,"turns":3.0},{"damage":26.0,"enemies":"Gremlin Leader","floor":24.0,"turns":7.0},{"damage":13.0,"enemies":"Centurion and Healer","floor":25.0,"turns":5.0},{"damage":7.0,"enemies":"Chosen and Byrds","floor":27.0,"turns":3.0},{"damage":0.0,"enemies":"Sentry and Sphere","floor":28.0,"turns":4.0},{"damage":9.0,"enemies":"Centurion and Healer","floor":29.0,"turns":5.0},{"damage":12.0,"enemies":"Book of Stabbing","floor":31.0,"turns":5.0},{"damage":5.0,"enemies":"Champ","floor":33.0,"turns":11.0},{"damage":2.0,"enemies":"3 Darklings","floor":35.0,"turns":3.0},{"damage":14.0,"enemies":"3 Shapes","floor":39.0,"turns":3.0},{"damage":0.0,"enemies":"Giant Head","floor":40.0,"turns":8.0},{"damage":0.0,"enemies":"Maw","floor":41.0,"turns":4.0},{"damage":6.0,"enemies":"4 Shapes","floor":45.0,"turns":3.0},{"damage":1.0,"enemies":"Nemesis","floor":47.0,"turns":5.0},{"damage":4.0,"enemies":"Donu and Deca","floor":50.0,"turns":7.0},{"damage":69.0,"enemies":"Shield and Spear","floor":54.0,"turns":5.0},{"damage":56,"enemies":"The Heart","floor":55,"turns":9}],"seed_played":"5796423439571062715","potions_obtained":[{"floor":1.0,"key":"CultistPotion"},{"floor":13.0,"key":"Strength Potion"},{"floor":14.0,"key":"Ancient Potion"},{"floor":24.0,"key":"DuplicationPotion"},{"floor":25.0,"key":"GamblersBrew"},{"floor":27.0,"key":"BlessingOfTheForge"},{"floor":31.0,"key":"DuplicationPotion"},{"floor":33.0,"key":"SneckoOil"},{"floor":41.0,"key":"DuplicationPotion"},{"floor":54.0,"key":"Regen Potion"}],"is_trial":false,"path_per_floor":["M","?","?","?","M","R","E","R","T","R","$","?","E","M","R","B",null,"M","M","?","?","$","R","E","M","T","M","M","M","?","E","R","B",null,"M","?","$","?","M","E","M","R","T","T","M","T","E","$","R","B",null,"R","$","E","B",null],"character_chosen":"DEFECT","items_purchased":["Doom and Gloom","Orrery","Loop","GamblersBrew","OrangePellets"],"campfire_rested":0,"item_purchase_floors":[11,22,37,37,48],"current_hp_per_floor":[64,64,69,69,69,69,69,69,69,69,69,58,56,56,56,49,69,42,40,40,40,40,40,26,25,25,30,42,45,45,45,45,40,67,65,65,65,65,51,51,51,51,51,51,45,45,44,44,44,65,73,73,73,23,19],"gold":40,"neow_bonus":"THREE_ENEMY_KILL","is_daily":false,"chose_seed":false,"campfire_upgraded":8,"win_rate":0.0,"timestamp":1613889665,"path_taken":["M","?","?","?","?","R","E","R","T","R","$","?","E","M","R","BOSS","M","M","?","?","$","R","E","M","T","M","M","M","?","E","R","BOSS","M","?","?","?","?","E","M","R","T","?","M","?","E","$","R","BOSS","R","$","E","BOSS"],"items_purchased_type":["Card","Relic","Card","Potion","Relic"],"build_version":"2020-12-22","purchased_purges":2,"victory":true,"max_hp_per_floor":[71,71,76,76,76,76,76,76,76,76,76,76,76,76,76,76,76,76,76,76,76,76,76,76,76,76,76,76,76,76,76,76,76,76,76,76,76,76,76,76,76,76,76,76,76,76,76,76,76,76,76,76,76,83,83],"card_choices":[{"not_picked":["Fusion","Rebound"],"picked":"Beam Cell","floor":1.0},{"not_picked":["Rebound","Chill"],"picked":"BootSequence","floor":5.0},{"not_picked":["Streamline","Auto Shields"],"picked":"Coolheaded","floor":7.0},{"not_picked":["Compile Driver","Hologram"],"picked":"Reprogram","floor":13.0},{"not_picked":["Turbo","Doom and Gloom"],"picked":"Biased Cognition","floor":14.0},{"not_picked":["Hyperbeam","Rainbow"],"picked":"Biased Cognition","floor":16.0},{"not_picked":["Hologram","Tempest"],"picked":"Storm+1","floor":18.0},{"not_picked":["Hologram","Stack"],"picked":"Coolheaded+1","floor":19.0},{"not_picked":["Rebound","Steam Power"],"picked":"Recycle+1","floor":22.0},{"not_picked":["Force Field","Creative AI"],"picked":"Defragment","floor":22.0},{"not_picked":["Beam Cell","Static Discharge"],"picked":"Capacitor+1","floor":22.0},{"not_picked":["Coolheaded","Auto Shields"],"picked":"Aggregate","floor":22.0},{"not_picked":["Beam Cell","Genetic Algorithm"],"picked":"Stack","floor":22.0},{"not_picked":["Ball Lightning","BootSequence"],"picked":"Reboot","floor":24.0},{"not_picked":["Beam Cell+1","Barrage+1"],"picked":"Capacitor+1","floor":25.0},{"not_picked":["Steam","Compile Driver"],"picked":"Capacitor","floor":27.0},{"not_picked":["Reprogram","Lockon","Stack"],"picked":"SKIP","floor":28.0},{"not_picked":["Rebound","Go for the Eyes"],"picked":"Cold Snap","floor":29.0},{"not_picked":["Heatsinks","Thunder Strike"],"picked":"Consume","floor":31.0},{"not_picked":["Creative AI","Thunder Strike"],"picked":"Reboot","floor":33.0},{"not_picked":["Stack","Ball Lightning","Chaos"],"picked":"SKIP","floor":35.0},{"not_picked":["Rip and Tear","Thunder Strike"],"picked":"Hologram+1","floor":39.0},{"not_picked":["Chill","Streamline+1","Conserve Battery"],"picked":"SKIP","floor":40.0},{"not_picked":["Conserve Battery","Steam","Beam Cell+1"],"picked":"SKIP","floor":41.0},{"not_picked":["Fission","Ball Lightning+1","White Noise"],"picked":"SKIP","floor":45.0},{"not_picked":["Undo","Auto Shields","Leap"],"picked":"SKIP","floor":47.0},{"not_picked":["Reinforced Body","Scrape+1","Gash+1"],"picked":"SKIP","floor":54.0}],"player_experience":480470,"relics_obtained":[{"floor":7.0,"key":"HornCleat"},{"floor":9.0,"key":"White Beast Statue"},{"floor":13.0,"key":"Meat on the Bone"},{"floor":24.0,"key":"Bronze Scales"},{"floor":26.0,"key":"Bag of Preparation"},{"floor":31.0,"key":"Letter Opener"},{"floor":40.0,"key":"Molten Egg 2"},{"floor":44.0,"key":"Anchor"},{"floor":46.0,"key":"Pantograph"},{"floor":47.0,"key":"CeramicFish"},{"floor":54.0,"key":"Strawberry"}],"event_choices":[{"cards_removed":["Strike_B"],"damage_healed":0.0,"max_hp_gain":0.0,"max_hp_loss":0.0,"gold_gain":0.0,"event_name":"Living Wall","player_choice":"Forget","floor":2.0,"gold_loss":0.0,"damage_taken":0.0},{"damage_healed":0.0,"max_hp_gain":5.0,"max_hp_loss":0.0,"gold_gain":0.0,"event_name":"Big Fish","player_choice":"Donut","floor":3.0,"gold_loss":0.0,"damage_taken":0.0},{"damage_healed":0.0,"max_hp_gain":0.0,"max_hp_loss":0.0,"gold_gain":0.0,"event_name":"Wheel of Change","player_choice":"Cursed","floor":4.0,"gold_loss":0.0,"damage_taken":0.0,"cards_obtained":["Decay"]},{"damage_healed":0.0,"max_hp_gain":0.0,"max_hp_loss":0.0,"gold_gain":0.0,"event_name":"Scrap Ooze","player_choice":"Success","floor":12.0,"gold_loss":0.0,"damage_taken":11.0,"relics_obtained":["Art of War"]},{"damage_healed":0.0,"max_hp_gain":0.0,"max_hp_loss":0.0,"gold_gain":50.0,"event_name":"Nest","player_choice":"Stole From Cult","floor":20.0,"gold_loss":0.0,"damage_taken":0.0},{"damage_healed":0.0,"max_hp_gain":0.0,"max_hp_loss":0.0,"gold_gain":0.0,"event_name":"The Mausoleum","player_choice":"Ignored","floor":21.0,"gold_loss":0.0,"damage_taken":0.0},{"damage_healed":0.0,"max_hp_gain":0.0,"max_hp_loss":0.0,"gold_gain":0.0,"event_name":"N\u0027loth","player_choice":"Traded Relic","floor":30.0,"relics_lost":["NeowsBlessing"],"gold_loss":0.0,"damage_taken":0.0,"relics_obtained":["Nloth\u0027s Gift"]},{"damage_healed":0.0,"max_hp_gain":0.0,"max_hp_loss":0.0,"gold_gain":0.0,"cards_transformed":["Strike_B"],"event_name":"Transmorgrifier","player_choice":"Transformed","floor":36.0,"gold_loss":0.0,"damage_taken":0.0,"cards_obtained":["All For One"]},{"cards_removed":["Strike_B"],"damage_healed":0.0,"max_hp_gain":0.0,"max_hp_loss":0.0,"gold_gain":0.0,"event_name":"Purifier","player_choice":"Purged","floor":38.0,"gold_loss":0.0,"damage_taken":0.0}],"is_beta":false,"boss_relics":[{"not_picked":["Calling Bell","Busted Crown"],"picked":"Nuclear Battery"},{"not_picked":["Tiny House","Black Star"],"picked":"Runic Pyramid"}],"items_purged_floors":[11,37],"is_endless":false,"potions_floor_spawned":[1,13,14,16,18,19,24,25,27,28,29,31,33,35,39,40,41,45,47,54],"ascension_level":16}}