{"host":"6ahom0dz06olb67e","time":1613897100,"event":{"mods":["BaseMod","Colored Map","Colored Powertips","Minty Spire (QoL Compilation)","Random Character Button","StSLib","The Hierophant"],"gold_per_floor":[116,41,41,41,116,116,172,186,186,186,202,219,169,69,69,166,166,180,180,180,194,194,194,194,212,259,276,296,296,296,78,78,78,78],"floor_reached":33,"language":"ENG","playtime":3363,"items_purged":["Defend_R","Writhe"],"score":253,"play_id":"8ece9d10-e3e5-42b1-afa5-0d23e8abcc3a","local_time":"20210221034500","is_ascension_mode":false,"campfire_choices":[{"data":"Strike_R","floor":6,"key":"PURGE"},{"data":"Defend_R","floor":10,"key":"PURGE"},{"data":"Strike_R","floor":15,"key":"PURGE"},{"data":"Strike_R","floor":23,"key":"PURGE"},{"data":"Strike_R","floor":29,"key":"PURGE"},{"floor":32,"key":"REST"}],"circlet_count":0,"master_deck":["Strike_R+1","Bash+1","Rage","Carnage","Perfected Strike","Shrug It Off","Perfected Strike","Armaments","Demon Form","Armaments","Flex+1","Feed","Perfected Strike","Searing Blow","Pommel Strike"],"relics":["Burning Blood","Peace Pipe","Meat on the Bone","Boot","Runic Pyramid","Incense Burner","Anchor"],"acts_visited":["Exordium","TheCity"],"potions_floor_usage":[16,16,24,27,28],"damage_taken":[{"damage":1,"enemies":"Cultist","floor":1,"turns":3},{"damage":26,"enemies":"3 Sentries","floor":7,"turns":9},{"damage":0,"enemies":"2 Louse","floor":8,"turns":2},{"damage":0,"enemies":"Jaw Worm","floor":11,"turns":3},{"damage":0,"enemies":"Large Slime","floor":12,"turns":5},{"damage":21,"enemies":"Slime Boss","floor":16,"turns":10},{"damage":19,"enemies":"Shell Parasite","floor":18,"turns":10},{"damage":11,"enemies":"Chosen","floor":21,"turns":5},{"damage":4,"enemies":"Slavers","floor":24,"turns":3},{"damage":14,"enemies":"3 Cultists","floor":25,"turns":6},{"damage":8,"enemies":"Centurion and Healer","floor":27,"turns":6},{"damage":5,"enemies":"Cultist and Chosen","floor":28,"turns":6},{"damage":101,"enemies":"Automaton","floor":33,"turns":12}],"seed_played":"-6155879682086463662","potions_obtained":[{"floor":8,"key":"SmokeBomb"},{"floor":11,"key":"Explosive Potion"},{"floor":12,"key":"ColorlessPotion"},{"floor":18,"key":"GamblersBrew"},{"floor":25,"key":"EssenceOfSteel"}],"is_trial":false,"path_per_floor":["M","$","?","$","?","R","?","M","T","R","M","M","?","$","R","B",null,"M","?","?","M","?","R","E","M","T","M","M","R","?","$","R","B"],"character_chosen":"IRONCLAD","items_purchased":["Carnage","Armaments","Searing Blow","Pommel Strike"],"campfire_rested":1,"item_purchase_floors":[2,14,31,31],"current_hp_per_floor":[72,72,58,58,47,47,27,45,45,45,51,57,57,57,57,54,72,59,59,59,54,54,54,56,52,52,53,58,58,42,42,68,0,0],"gold":78,"neow_bonus":"ONE_RARE_RELIC","is_daily":false,"chose_seed":false,"campfire_upgraded":0,"win_rate":0.0,"timestamp":1613897100,"path_taken":["M","?","?","?","?","R","?","?","T","R","M","M","?","$","R","BOSS","M","?","?","M","?","R","E","M","T","M","M","R","?","$","R","BOSS"],"items_purchased_type":["Card","Card","Card","Card"],"build_version":"2020-12-22","purchased_purges":2,"victory":false,"max_hp_per_floor":[72,72,72,72,72,72,72,72,72,72,72,72,72,72,72,72,72,72,72,72,72,72,72,72,76,76,79,83,83,88,88,88,88,88],"card_choices":[{"not_picked":["Perfected Strike","Pummel"],"picked":"Rage","floor":1},{"not_picked":["Burning Pact","Armaments"],"picked":"Perfected Strike","floor":7},{"not_picked":["Pummel","Infernal Blade"],"picked":"Shrug It Off","floor":8},{"not_picked":["Flame Barrier","Fire Breathing","Wild Strike"],"picked":"SKIP","floor":11},{"not_picked":["Armaments","Clash"],"picked":"Perfected Strike","floor":12},{"not_picked":["Immolate","Impervious"],"picked":"Demon Form","floor":16},{"not_picked":["Power Through+1","Heavy Blade"],"picked":"Armaments","floor":18},{"not_picked":["Pommel Strike","Thunderclap"],"picked":"Flex+1","floor":21},{"not_picked":["Headbutt","Sword Boomerang"],"picked":"Perfected Strike","floor":25},{"not_picked":["Immolate","Metallicize","Armaments"],"picked":"SKIP","floor":27},{"not_picked":["Battle Trance","Anger","Flex"],"picked":"SKIP","floor":28}],"player_experience":34929,"relics_obtained":[{"floor":7,"key":"Meat on the Bone"},{"floor":9,"key":"Boot"},{"floor":26,"key":"Anchor"}],"event_choices":[{"damage_healed":0,"gold_gain":0,"player_choice":"Entered Light","damage_taken":14,"max_hp_gain":0,"max_hp_loss":0,"event_name":"Shining Light","floor":3,"gold_loss":0,"cards_upgraded":["Bash","Strike_R"]},{"damage_healed":0,"gold_gain":75,"player_choice":"Gather Gold","damage_taken":11,"max_hp_gain":0,"max_hp_loss":0,"event_name":"World of Goop","floor":5,"gold_loss":0},{"damage_healed":0,"gold_gain":30,"player_choice":"Searched \u00272\u0027 times","damage_taken":0,"max_hp_gain":0,"max_hp_loss":0,"event_name":"Dead Adventurer","floor":7,"gold_loss":0},{"cards_removed":["Defend_R"],"damage_healed":0,"gold_gain":0,"player_choice":"Card Removal","damage_taken":0,"max_hp_gain":0,"max_hp_loss":0,"event_name":"The Cleric","floor":13,"gold_loss":50},{"cards_removed":["Defend_R"],"damage_healed":0,"gold_gain":0,"player_choice":"Elegance","damage_taken":0,"max_hp_gain":0,"max_hp_loss":0,"event_name":"Back to Basics","floor":19,"gold_loss":0},{"damage_healed":0,"gold_gain":0,"player_choice":"Opened","damage_taken":0,"relics_obtained":["Incense Burner"],"max_hp_gain":0,"max_hp_loss":0,"event_name":"The Mausoleum","floor":20,"gold_loss":0,"cards_obtained":["Writhe"]},{"damage_healed":0,"gold_gain":0,"player_choice":"Read","damage_taken":0,"max_hp_gain":0,"max_hp_loss":0,"event_name":"The Library","floor":22,"gold_loss":0,"cards_obtained":["Feed"]},{"damage_healed":0,"gold_gain":0,"player_choice":"Shed Blood","damage_taken":21,"max_hp_gain":5,"max_hp_loss":0,"event_name":"Forgotten Altar","floor":30,"gold_loss":0}],"is_beta":false,"boss_relics":[{"not_picked":["Coffee Dripper","SlaversCollar"],"picked":"Runic Pyramid"}],"items_purged_floors":[14,31],"is_endless":false,"potions_floor_spawned":[8,11,12,18,25],"killed_by":"Automaton","ascension_level":0}}