{"host":"y0i0tbisecj7yjyn","time":1613933233,"event":{"mods":["2.2 Compatiblity","AchievementEnabler","AlwaysNeverKeys","BaseMod","Better Third Choice","BetterRewards","Colored Map","Colored Powertips","Curses Come First","Disable Question Mark Monsters","Displayed Cursed Tome","Highlight Path","Keyboard Shortcuts","Minty Spire (QoL Compilation)","Quick Restart","Random Character Button","Rare Cards Sparkle","Relic Stats","Reliquary","Smile Girya","StSLib","SuperFastMode","Transform Curses","Weighted Paths"],"gold_per_floor":[117,117,137,157,175,207,207,221,245,245,277,277,277,277,277],"floor_reached":14,"language":"ENG","playtime":36197,"items_purged":[],"score":120,"play_id":"cf4899c3-10d5-416f-8318-2b97438ef67c","local_time":"20210221124713","is_ascension_mode":true,"campfire_choices":[{"data":"White Noise","floor":7,"key":"SMITH"},{"floor":10,"key":"REST"}],"circlet_count":0,"master_deck":["Strike_B","Strike_B","Strike_B","Strike_B","Defend_B","Defend_B","Defend_B","Defend_B","Zap","Dualcast","Ball Lightning","Lockon","White Noise+1","Beam Cell","Rebound","Reboot"],"relics":["Cracked Core","Blood Vial","Orichalcum","Toy Ornithopter","Regal Pillow","Golden Idol"],"acts_visited":["Exordium"],"potions_floor_usage":[],"damage_taken":[{"damage":2,"enemies":"Jaw Worm","floor":1,"turns":4},{"damage":0,"enemies":"Cultist","floor":3,"turns":3},{"damage":3,"enemies":"2 Louse","floor":4,"turns":2},{"damage":7,"enemies":"Looter","floor":5,"turns":3},{"damage":25,"enemies":"Lagavulin","floor":6,"turns":5},{"damage":23,"enemies":"Exordium Thugs","floor":8,"turns":3},{"damage":24,"enemies":"3 Sentries","floor":11,"turns":4},{"damage":14,"enemies":"Lagavulin","floor":14,"turns":2}],"seed_played":"-4269615242117314461","potions_obtained":[{"floor":6,"key":"Strength Potion"},{"floor":8,"key":"LiquidMemories"},{"floor":11,"key":"Explosive Potion"}],"is_trial":false,"path_per_floor":["M","?","M","M","M","E","R","M","T","R","E","?","?","E"],"character_chosen":"DEFECT","items_purchased":[],"campfire_rested":1,"item_purchase_floors":[],"current_hp_per_floor":[73,73,75,72,67,44,44,23,23,45,23,23,5,0,0],"gold":277,"neow_bonus":"RANDOM_COMMON_RELIC","is_daily":false,"chose_seed":false,"campfire_upgraded":1,"win_rate":0.0,"timestamp":1613933233,"path_taken":["M","?","M","?","M","E","R","M","T","R","E","?","?","E"],"items_purchased_type":[],"build_version":"2020-12-22","purchased_purges":0,"victory":false,"max_hp_per_floor":[75,75,75,75,75,75,75,75,75,75,75,75,75,75,75],"relic_stats":{"Blood Vial":12,"Regal Pillow":0,"counters":[51,218],"Golden Idol":0,"Orichalcum":[18],"obtain_stats":[{"Regal Pillow":11,"reliquary:Boomerang":13,"reliquary:Firecrackers":26,"Bag of Preparation":14,"Whetstone":9,"Ancient Tea Set":8,"Cursed Key":17,"Blood Vial":0,"reliquary:HotPoker":6,"reliquary:Buckler":7,"reliquary:RoseTintedGlasses":9,"Red Mask":19,"HandDrill":20,"Cracked Core":0,"reliquary:SharkskinSheath":0,"Happy Flower":13,"Golden Idol":4,"reliquary:TatteredRug":21,"War Paint":14,"Orichalcum":6,"DataDisk":10,"Art of War":7,"reliquary:TuningFork":11,"Bottled Lightning":24,"reliquary:WritOfMandamus":17,"Toy Ornithopter":9},{"Regal Pillow":50,"reliquary:Boomerang":35,"reliquary:Firecrackers":41,"Bag of Preparation":8,"Whetstone":24,"Ancient Tea Set":24,"Cursed Key":37,"Blood Vial":43,"reliquary:HotPoker":23,"reliquary:Buckler":33,"reliquary:RoseTintedGlasses":4,"Red Mask":39,"HandDrill":39,"Cracked Core":0,"reliquary:SharkskinSheath":13,"Happy Flower":7,"Golden Idol":21,"reliquary:TatteredRug":39,"War Paint":36,"Orichalcum":48,"DataDisk":35,"Art of War":4,"reliquary:TuningFork":6,"Bottled Lightning":41,"reliquary:WritOfMandamus":9,"Toy Ornithopter":49},{"Regal Pillow":216,"reliquary:Boomerang":154,"reliquary:Firecrackers":184,"Bag of Preparation":35,"Whetstone":118,"Ancient Tea Set":118,"Cursed Key":164,"Blood Vial":192,"reliquary:HotPoker":112,"reliquary:Buckler":147,"reliquary:RoseTintedGlasses":15,"Red Mask":171,"HandDrill":171,"Cracked Core":0,"reliquary:SharkskinSheath":68,"Happy Flower":27,"Golden Idol":99,"reliquary:TatteredRug":171,"War Paint":158,"Orichalcum":209,"DataDisk":154,"Art of War":15,"reliquary:TuningFork":24,"Bottled Lightning":184,"reliquary:WritOfMandamus":48,"Toy Ornithopter":212}],"Toy Ornithopter":0},"card_choices":[{"not_picked":["Coolheaded","Leap"],"picked":"Ball Lightning","floor":1},{"not_picked":["Chill","Double Energy"],"picked":"Lockon","floor":3},{"not_picked":["Sweeping Beam","Darkness"],"picked":"White Noise","floor":4},{"not_picked":["Steam Power","Double Energy"],"picked":"Beam Cell","floor":5},{"not_picked":["Skim","Genetic Algorithm","All For One"],"picked":"SKIP","floor":6},{"not_picked":["Barrage","Coolheaded"],"picked":"Rebound","floor":8},{"not_picked":["Chaos","Consume"],"picked":"Blizzard","floor":11}],"player_experience":495542,"relics_obtained":[{"floor":6,"key":"Orichalcum"},{"floor":9,"key":"Toy Ornithopter"},{"floor":11,"key":"Regal Pillow"}],"event_choices":[{"damage_healed":0,"gold_gain":0,"player_choice":"Ignored","damage_taken":0,"max_hp_gain":0,"max_hp_loss":0,"event_name":"Purifier","floor":2,"gold_loss":0},{"damage_healed":0,"gold_gain":0,"cards_transformed":["Blizzard"],"player_choice":"Change","damage_taken":0,"max_hp_gain":0,"max_hp_loss":0,"event_name":"Living Wall","floor":12,"gold_loss":0,"cards_obtained":["Reboot"]},{"damage_healed":0,"gold_gain":0,"player_choice":"Take Damage","damage_taken":18,"relics_obtained":["Golden Idol"],"max_hp_gain":0,"max_hp_loss":0,"event_name":"Golden Idol","floor":13,"gold_loss":0}],"is_beta":false,"boss_relics":[],"items_purged_floors":[],"is_endless":false,"potions_floor_spawned":[6,8,11],"killed_by":"Lagavulin","ascension_level":4}}