{"host":"08xvxt5w1s7zc7e5","time":1613885838,"event":{"mods":["AchievementEnabler","BaseMod","DeckTracker","Minty Spire (QoL Compilation)","Quick Restart","StSLib","SuperFastMode"],"gold_per_floor":[118,118,131,131,131,131,142,174,232,244,273,296,325,349,361,474,486,478,58,77,37,37,37,37],"floor_reached":23,"language":"KOR","playtime":523,"items_purged":["Defend_G"],"score":290,"play_id":"ab3c60bc-880b-40e8-a91f-473075ba1cb3","local_time":"20210221143718","is_ascension_mode":true,"campfire_choices":[{"data":"Neutralize","floor":6.0,"key":"SMITH"},{"data":"Tactician","floor":10.0,"key":"SMITH"},{"data":"Predator","floor":15.0,"key":"SMITH"}],"circlet_count":0,"master_deck":["AscendersBane","Strike_G","Strike_G","Strike_G","Strike_G","Defend_G","Defend_G","Defend_G","Defend_G","Survivor","Neutralize+1","Dagger Spray","PiercingWail","Blur","Tactician+1","Acrobatics","Terror","Expertise","Predator+1","Venomology","CurseOfTheBell","Wraith Form v2","Dagger Spray","Footwork"],"relics":["Ring of the Snake","NeowsBlessing","MawBank","Strawberry","Calling Bell","Juzu Bracelet","Paper Crane","Girya","ClockworkSouvenir"],"acts_visited":["Exordium","TheCity"],"potions_floor_usage":[16,16,18,20,20,23],"damage_taken":[{"damage":0.0,"enemies":"2 Louse","floor":1.0,"turns":1.0},{"damage":0.0,"enemies":"Small Slimes","floor":3.0,"turns":1.0},{"damage":0.0,"enemies":"Cultist","floor":7.0,"turns":1.0},{"damage":31.0,"enemies":"Gremlin Nob","floor":8.0,"turns":5.0},{"damage":0.0,"enemies":"2 Fungi Beasts","floor":11.0,"turns":6.0},{"damage":5.0,"enemies":"3 Louse","floor":12.0,"turns":4.0},{"damage":14.0,"enemies":"Lots of Slimes","floor":13.0,"turns":3.0},{"damage":14.0,"enemies":"Large Slime","floor":14.0,"turns":6.0},{"damage":12,"enemies":"The Guardian","floor":16,"turns":15},{"damage":22,"enemies":"2 Thieves","floor":18,"turns":4},{"damage":13,"enemies":"3 Byrds","floor":20,"turns":6},{"damage":15,"enemies":"Gremlin Leader","floor":23,"turns":3}],"seed_played":"1174123986764344409","potions_obtained":[{"floor":7.0,"key":"Poison Potion"},{"floor":13.0,"key":"Strength Potion"},{"floor":14.0,"key":"DuplicationPotion"},{"floor":16,"key":"Ancient Potion"}],"is_trial":false,"path_per_floor":["M","?","M","?","?","R","M","E","T","R","M","M","M","M","R","B",null,"M","$","M","$","?","E"],"character_chosen":"THE_SILENT","items_purchased":["Wraith Form v2","ClockworkSouvenir","SteroidPotion","Footwork"],"campfire_rested":0,"item_purchase_floors":[19,19,19,21],"current_hp_per_floor":[63,56,56,61,75,75,75,44,51,51,51,46,32,18,18,6,63,41,41,28,28,28,13,13],"gold":37,"neow_bonus":"THREE_ENEMY_KILL","is_daily":false,"chose_seed":false,"campfire_upgraded":3,"win_rate":0.0,"timestamp":1613885838,"path_taken":["M","?","M","?","?","R","?","E","T","R","M","M","M","M","R","BOSS","M","$","M","$","?","E"],"items_purchased_type":["Card","Relic","Potion","Card"],"build_version":"2020-12-22","purchased_purges":1,"victory":false,"max_hp_per_floor":[70,70,70,75,75,75,75,75,82,82,82,82,82,82,82,82,82,82,82,82,82,82,82,82],"card_choices":[{"not_picked":["Prepared","Deflect"],"picked":"Dagger Spray","floor":1.0},{"not_picked":["Poisoned Stab","Doppelganger"],"picked":"PiercingWail","floor":3.0},{"not_picked":["Acrobatics","Dodge and Roll"],"picked":"Blur","floor":7.0},{"not_picked":["PiercingWail","All Out Attack"],"picked":"Tactician","floor":8.0},{"not_picked":["Setup","Bane"],"picked":"Acrobatics","floor":11.0},{"not_picked":["Outmaneuver","Blur"],"picked":"Terror","floor":12.0},{"not_picked":["Bane","Quick Slash"],"picked":"Expertise","floor":13.0},{"not_picked":["Bane","Blade Dance"],"picked":"Predator","floor":14.0},{"not_picked":["Bullet Time","Envenom"],"picked":"Venomology","floor":16},{"not_picked":["Masterful Stab","Dodge and Roll","Blade Dance"],"picked":"SKIP","floor":18},{"not_picked":["Acrobatics","Outmaneuver"],"picked":"Dagger Spray","floor":20}],"player_experience":416844,"relics_obtained":[{"floor":8.0,"key":"MawBank"},{"floor":9.0,"key":"Strawberry"},{"floor":17,"key":"Juzu Bracelet"},{"floor":17,"key":"Paper Crane"},{"floor":17,"key":"Girya"}],"event_choices":[{"cards_removed":["Strike_G"],"damage_healed":0.0,"max_hp_gain":0.0,"max_hp_loss":0.0,"gold_gain":0.0,"event_name":"Golden Wing","player_choice":"Card Removal","floor":2.0,"gold_loss":0.0,"damage_taken":7.0},{"damage_healed":0.0,"max_hp_gain":5.0,"max_hp_loss":0.0,"gold_gain":0.0,"event_name":"Big Fish","player_choice":"Donut","floor":4.0,"gold_loss":0.0,"damage_taken":0.0},{"damage_healed":14.0,"max_hp_gain":0.0,"max_hp_loss":0.0,"gold_gain":0.0,"event_name":"Wheel of Change","player_choice":"Full Heal","floor":5.0,"gold_loss":0.0,"damage_taken":0.0}],"is_beta":false,"boss_relics":[{"not_picked":["Sozu","Ectoplasm"],"picked":"Calling Bell"}],"items_purged_floors":[19],"is_endless":false,"potions_floor_spawned":[7,13,14,16],"killed_by":"Gremlin Leader","ascension_level":10}}