{"host":"rw1trt79hfpl7pom","time":1613905581,"event":{"mods":["BaseMod","Bestiary","Colored Map","Jorbs\u0027s Wanderer Trilogy","Minty Spire (QoL Compilation)","Relic Stats","StSLib","SuperFastMode"],"gold_per_floor":[109,109,123,139,159,187,187,222,222,222,253,267,267,277,277,277,277],"floor_reached":16,"language":"ENG","playtime":571,"items_purged":[],"score":244,"play_id":"74d6a335-d93e-48af-958c-9b759a01ccb8","local_time":"20210221030621","is_ascension_mode":true,"campfire_choices":[{"floor":7.0,"key":"REST"},{"floor":10.0,"key":"REST"},{"floor":15,"key":"REST"}],"circlet_count":0,"master_deck":["AscendersBane","Strike_R","Strike_R","Strike_R","Strike_R","Defend_R","Defend_R","Defend_R","Defend_R","Bash","Combust","Sentinel","Uppercut","Battle Trance","Whirlwind","Flame Barrier","Shrug It Off"],"relics":["Runic Dome","Unceasing Top","Gremlin Horn","Paper Frog","Question Card","Matryoshka"],"acts_visited":["Exordium"],"potions_floor_usage":[],"damage_taken":[{"damage":7.0,"enemies":"Jaw Worm","floor":1.0,"turns":3.0},{"damage":0.0,"enemies":"Cultist","floor":3.0,"turns":4.0},{"damage":7.0,"enemies":"Small Slimes","floor":4.0,"turns":3.0},{"damage":11.0,"enemies":"3 Louse","floor":5.0,"turns":4.0},{"damage":20.0,"enemies":"Lagavulin","floor":6.0,"turns":6.0},{"damage":25.0,"enemies":"Gremlin Nob","floor":8.0,"turns":4.0},{"damage":13.0,"enemies":"3 Sentries","floor":11.0,"turns":5.0},{"damage":6.0,"enemies":"Blue Slaver","floor":12.0,"turns":4.0},{"damage":7.0,"enemies":"Gremlin Gang","floor":14.0,"turns":4.0},{"damage":46,"enemies":"Hexaghost","floor":16,"turns":7}],"seed_played":"-6482928750267990775","potions_obtained":[{"floor":1.0,"key":"SpeedPotion"},{"floor":3.0,"key":"Weak Potion"},{"floor":8.0,"key":"FearPotion"},{"floor":14.0,"key":"Explosive Potion"}],"is_trial":false,"path_per_floor":["M","?","M","M","M","E","R","E","T","R","E","M","T","M","R","B"],"character_chosen":"IRONCLAD","items_purchased":[],"campfire_rested":3,"item_purchase_floors":[],"current_hp_per_floor":[61,61,61,54,43,23,45,20,20,42,29,23,23,16,38,0,0],"gold":277,"neow_bonus":"BOSS_RELIC","is_daily":false,"chose_seed":false,"campfire_upgraded":0,"win_rate":0.0,"timestamp":1613905581,"path_taken":["M","?","M","M","?","E","R","E","T","R","E","M","?","M","R","BOSS"],"items_purchased_type":[],"build_version":"2020-12-22","purchased_purges":0,"victory":false,"max_hp_per_floor":[75,75,75,75,75,75,75,75,75,75,75,75,75,75,75,75,75],"relic_stats":{"Gremlin Horn":[4,4],"counters":[10,44],"Question Card":2,"obtain_stats":[{"Runic Dome":0,"Matryoshka":13,"Gremlin Horn":8,"Question Card":11,"Burning Blood":0,"Unceasing Top":6,"Paper Frog":9},{"Runic Dome":0,"Matryoshka":8,"Gremlin Horn":6,"Question Card":7,"Burning Blood":0,"Unceasing Top":5,"Paper Frog":6},{"Runic Dome":0,"Matryoshka":33,"Gremlin Horn":24,"Question Card":29,"Burning Blood":0,"Unceasing Top":20,"Paper Frog":24}],"Unceasing Top":[0]},"card_choices":[{"not_picked":["Clash","Dual Wield"],"picked":"Combust","floor":1.0},{"not_picked":["Perfected Strike","Clothesline"],"picked":"Uppercut","floor":3.0},{"not_picked":["Cleave","Rage"],"picked":"Battle Trance","floor":4.0},{"not_picked":["Bloodletting","Searing Blow","Flex"],"picked":"SKIP","floor":5.0},{"not_picked":["Exhume","Clothesline"],"picked":"Whirlwind","floor":6.0},{"not_picked":["Thunderclap","Pummel","Havoc"],"picked":"SKIP","floor":8.0},{"not_picked":["Wild Strike","Whirlwind","Combust"],"picked":"SKIP","floor":11.0},{"not_picked":["Sword Boomerang","Evolve","Ghostly Armor"],"picked":"Flame Barrier","floor":12.0},{"not_picked":["Sword Boomerang","Thunderclap","Twin Strike"],"picked":"Shrug It Off","floor":14.0}],"player_experience":2852343,"relics_obtained":[{"floor":6.0,"key":"Unceasing Top"},{"floor":8.0,"key":"Gremlin Horn"},{"floor":9.0,"key":"Paper Frog"},{"floor":11.0,"key":"Question Card"},{"floor":13.0,"key":"Matryoshka"}],"event_choices":[{"damage_healed":0.0,"max_hp_gain":0.0,"max_hp_loss":0.0,"gold_gain":0.0,"cards_transformed":["Strike_R"],"event_name":"Transmorgrifier","player_choice":"Transformed","floor":2.0,"gold_loss":0.0,"damage_taken":0.0,"cards_obtained":["Sentinel"]}],"is_beta":false,"boss_relics":[],"items_purged_floors":[],"is_endless":false,"potions_floor_spawned":[1,3,8,14],"killed_by":"Hexaghost","ascension_level":20}}