{"host":"xltl1aroowo69o4n","time":1613870984,"event":{"mods":["BaseMod","Colored Map","Colored Powertips","Downfall","Koishi","Marisa????????","Minty Spire (QoL Compilation)","Replay The Spire","StSLib","The Cursed","The Hierophant","The Mystic","The Necromancer","The Servant 0.9.4"],"gold_per_floor":[199,212,231,241,253,428,483,528,555,567,597,594,606,637,669,681,681],"floor_reached":16,"language":"ENG","playtime":718,"items_purged":[],"score":111,"play_id":"de1e9878-f638-4e88-84cb-136208eac256","local_time":"20210220202944","is_ascension_mode":true,"campfire_choices":[{"floor":1,"key":"DIG"},{"floor":13,"key":"REST"}],"circlet_count":0,"master_deck":["Koishi:BasicStrike","Koishi:BasicStrike","Koishi:BasicStrike","Koishi:BasicStrike","Koishi:BasicDefend","Koishi:BasicDefend","Koishi:BasicDefend","Koishi:BasicDefend","Koishi:Provoke","Koishi:HauntingSlash","Koishi:DreadfulBlow","Koishi:UnansweredLove","Koishi:EmbersOfLove","Koishi:PhantomBarrier","Doubt","Koishi:DanmakuParanoia","Koishi:TraumaticStroke","Koishi:DreadfulBlow","Koishi:MassHysteria","Koishi:TerrifyingSpectre","Koishi:BloodcurdlingScream","Koishi:TremblingHands"],"relics":["Koishi:ImaginaryFriend","Replay:Baseball","MawBank","ReplayTheSpireMod:Ninjato"],"acts_visited":["Exordium"],"potions_floor_usage":[11,16,16,16,16,16,16],"damage_taken":[{"damage":11,"enemies":"Jaw Worm","floor":2,"turns":4},{"damage":0,"enemies":"Cultist","floor":3,"turns":3},{"damage":0,"enemies":"Small Slimes","floor":4,"turns":4},{"damage":2,"enemies":"2 Fungi Beasts","floor":5,"turns":4},{"damage":35,"enemies":"3 Sentries","floor":8,"turns":14},{"damage":7,"enemies":"Red Slaver","floor":9,"turns":6},{"damage":13,"enemies":"Exordium Thugs","floor":11,"turns":7},{"damage":0,"enemies":"downfall:FleeingMerchant","floor":12,"turns":4},{"damage":0,"enemies":"2 Fungi Beasts","floor":14,"turns":2},{"damage":12,"enemies":"Gremlin Gang","floor":15,"turns":3},{"damage":25,"enemies":"DF_ARCHETYPE_STREAMLINE","floor":16,"turns":4}],"seed_played":"1939958626092675655","potions_obtained":[{"floor":3,"key":"Strength Potion"},{"floor":4,"key":"Weak Potion"},{"floor":8,"key":"GamblersBrew"},{"floor":11,"key":"EntropicBrew"},{"floor":14,"key":"DuplicationPotion"}],"is_trial":false,"path_per_floor":["R_BF","M","M","M","M","?","T","E","M","?","M","$","R","M","M","B"],"character_chosen":"KOISHI","items_purchased":[],"campfire_rested":1,"item_purchase_floors":[],"current_hp_per_floor":[60,51,53,55,57,57,57,26,22,22,14,14,32,33,23,0,0],"gold":681,"neow_bonus":"HUNDRED_GOLD","is_daily":false,"chose_seed":false,"campfire_upgraded":0,"win_rate":0.0,"timestamp":1613870984,"path_taken":["R_BF","M","M","M","M","?","T","E","M","?","?","?","R","M","M","BOSS"],"items_purchased_type":[],"build_version":"2020-12-13","purchased_purges":0,"victory":false,"max_hp_per_floor":[60,60,60,60,60,60,60,60,60,60,60,60,60,60,60,60,60],"card_choices":[{"not_picked":["Koishi:SpiritedAway","Koishi:RacingHeart"],"picked":"Koishi:DreadfulBlow","floor":2},{"not_picked":["Koishi:ParalyzingFear","Koishi:SubterraneanRose"],"picked":"Koishi:UnansweredLove","floor":3},{"not_picked":["Koishi:Prune","Koishi:GeneticsOfTheUnconscious"],"picked":"Koishi:EmbersOfLove","floor":4},{"not_picked":["Koishi:EmbersOfLove","Koishi:IdleWhim"],"picked":"Koishi:PhantomBarrier","floor":5},{"not_picked":["Koishi:Prune","Koishi:GeneticsOfTheUnconscious"],"picked":"Koishi:DanmakuParanoia","floor":8},{"not_picked":["Koishi:UnconsciousUprising","Koishi:UnconsciousUrges"],"picked":"Koishi:TraumaticStroke","floor":9},{"not_picked":["Koishi:ReleaseOfTheId","Koishi:CatchAndRose"],"picked":"Koishi:MassHysteria","floor":11},{"not_picked":["Koishi:JumpScare","Koishi:SubterraneanRose"],"picked":"Koishi:TerrifyingSpectre","floor":12},{"not_picked":["Koishi:RacingHeart","Koishi:Untouchable"],"picked":"Koishi:BloodcurdlingScream","floor":14},{"not_picked":["Koishi:TraumaticStroke","Koishi:UnconsciousUprising"],"picked":"Koishi:TremblingHands","floor":15}],"player_experience":247350,"relics_obtained":[{"floor":1,"key":"Replay:Baseball"},{"floor":7,"key":"MawBank"},{"floor":8,"key":"ReplayTheSpireMod:Ninjato"}],"event_choices":[],"is_beta":false,"boss_relics":[],"items_purged_floors":[],"is_endless":false,"potions_floor_spawned":[3,4,8,11,14],"killed_by":"DF_ARCHETYPE_STREAMLINE","ascension_level":1}}