{"host":"p4v0hquynnreu717","time":1613938381,"event":{"mods":["BaseMod","DeckTracker","Googly Eyes","Marisa£¨ìFÓê¡¡Ä§ÀíÉ³£©","Minty Spire (QoL Compilation)","MostiFishMod","Quick Restart","RumiaBox-Â¶Ã×æ«µÄÉñÃØºÐ×Ó","StSLib","SuperFastMode","[IsaacMod]ÒÔÈö¼âËþ","¡¾ÒÅÎï¿¨ÅÆ¡¿REMEMod"],"gold_per_floor":[114,28,103,53,69,99,99,126,151,179,204,237,237,262,262,335,335,351,371,387,397,14,49,49,49,49,74,74,108,108,33,33,104,104,117,38,38,88,0,0,0],"floor_reached":40,"language":"ZHS","playtime":1329,"items_purged":["Defend_P","Defend_P","Strike_P","Strike_P","Defend_P+1","Strike_P+1"],"score":1418,"play_id":"983d6c8b-ec28-4f89-90c1-d913350e3931","local_time":"20210222041301","daily_mods":["Heirloom","Flight"],"is_ascension_mode":true,"campfire_choices":[{"data":"Eruption","floor":7,"key":"SMITH"},{"data":"Eruption","floor":15,"key":"SMITH"},{"floor":25,"key":"RECALL"},{"data":"EarthLightRay","floor":32,"key":"SMITH"}],"circlet_count":0,"master_deck":["AscendersBane","Eruption+1","Vigilance+1","Eruption+1","MostiFishMod:Overload+1","PowerUp+1","Purity+1","UltimateShortwave","Orbital+1","LessonLearned+1","OortCloud+1","EarthLightRay+1","Panacea+1","Ghostly","Ghostly+1","Ghostly+1","EscapeVelocity"],"relics":["PureWater","DaveBox","HushsDoor","REME_ComplimentaryCards","SteamSale","Jackal-EndForJourney","MostiFishMod:Haymaker","SynthV:TestCard","Happy Flower","HowToJump","Bag of Preparation","Torii","Pear","GodSword3","Blood Vial","Transparent","War Paint","Letter Opener","Void","CloakClasp","Diplopia","Empty Cage","OrangePellets","GnawedLeaf","Shuriken","Art of War"],"acts_visited":["Exordium","TheCity","TheBeyond"],"potions_floor_usage":[18],"damage_taken":[{"damage":6,"enemies":"2 Louse","floor":1,"turns":3},{"damage":0,"enemies":"Small Slimes","floor":5,"turns":2},{"damage":0,"enemies":"Lagavulin","floor":6,"turns":3},{"damage":15,"enemies":"3 Sentries","floor":8,"turns":6},{"damage":0,"enemies":"Gremlin Nob","floor":10,"turns":2},{"damage":0,"enemies":"Lagavulin","floor":11,"turns":3},{"damage":1,"enemies":"3 Sentries","floor":12,"turns":5},{"damage":13,"enemies":"Lagavulin","floor":14,"turns":4},{"damage":40,"enemies":"Slime Boss","floor":16,"turns":7},{"damage":15,"enemies":"Spheric Guardian","floor":18,"turns":1},{"damage":49,"enemies":"3 Byrds","floor":19,"turns":3},{"damage":46,"enemies":"3 Cultists","floor":20,"turns":3},{"damage":53,"enemies":"Snake Plant","floor":21,"turns":3},{"damage":45,"enemies":"Slavers","floor":23,"turns":3},{"damage":15,"enemies":"Gremlin Leader","floor":27,"turns":3},{"damage":15,"enemies":"Slavers","floor":29,"turns":3},{"damage":16,"enemies":"Automaton","floor":33,"turns":4},{"damage":8,"enemies":"3 Darklings","floor":35,"turns":3},{"damage":8,"enemies":"Hiden Room Battle","floor":38,"turns":3},{"damage":16,"enemies":"Nemesis","floor":40,"turns":6}],"seed_played":"1800338969489670001","potions_obtained":[{"floor":6,"key":"Ancient Potion"},{"floor":10,"key":"PowerPotion"},{"floor":11,"key":"LiquidMemories"},{"floor":18,"key":"REME_GoldPotion"},{"floor":21,"key":"SneckoOil"},{"floor":23,"key":"Energy Potion"}],"is_trial":true,"path_per_floor":["M","$","?","$","M","E","R","E","T","E","E","E","?","E","R","B",null,"M","M","M","M","$","E","?","R","T","E","?","E","$","$","R","B",null,"M","$","T","?","$","E"],"character_chosen":"WATCHER","items_purchased":["Purity","EarthLightRay","War Paint","Panacea","Letter Opener","OrangePellets"],"campfire_rested":0,"item_purchase_floors":[2,22,22,22,22,36],"current_hp_per_floor":[55,55,44,44,44,44,44,29,29,29,39,38,64,51,51,13,62,78,75,77,71,71,78,39,39,39,39,39,39,39,39,39,39,34,34,34,34,34,34,24,24],"gold":0,"neow_bonus":"","is_daily":false,"chose_seed":false,"campfire_upgraded":3,"win_rate":0.0,"timestamp":1613938381,"path_taken":["M","$","?","$","M","E","R","E","T","E","E","E","?","E","R","BOSS","M","M","M","M","$","E","?","R","T","E","?","E","$","$","R","BOSS","M","$","?","?","?","E"],"items_purchased_type":["Card","Card","Relic","Card","Relic","Relic"],"build_version":"2020-12-22","purchased_purges":6,"victory":false,"max_hp_per_floor":[68,68,68,68,68,68,68,68,68,68,78,78,78,78,78,78,78,78,78,78,78,78,78,39,39,39,39,39,39,39,39,39,39,34,34,34,34,34,34,34,34],"card_choices":[{"not_picked":["PathToVictory","GasGiant"],"picked":"PowerUp","floor":1},{"not_picked":["LuminesStrike","ShootingEcho","FollowUp","PowerUp","AsteroidBelt"],"picked":"SKIP","floor":5},{"not_picked":["AsteroidBelt","Consecrate","GrandCross","NonDirectionalLaser","PathToVictory"],"picked":"SKIP","floor":6},{"not_picked":["GasGiant","DC","SandsOfTime","FlyingSleeves","SuperPerseids"],"picked":"SKIP","floor":8},{"not_picked":["Protect","ThirdEye","Vengeance","EventHorizon"],"picked":"UltimateShortwave","floor":10},{"not_picked":["GravityBeat","ThirdEye","Evaluate","MostiFishMod:Pointsdynamics","MilkyWay"],"picked":"SKIP","floor":11},{"not_picked":["MostiFishMod:Minus","Study","MostiFishMod:FlowState","Crescendo"],"picked":"Orbital","floor":12},{"not_picked":["FlyingSleeves","MachineGunSpark","Evaluate","EmptyBody","DarkMatter"],"picked":"SKIP","floor":14},{"not_picked":["MostiFishMod:Moonprays","BlazingStar","MaximisePower","Ragnarok"],"picked":"LessonLearned","floor":16},{"not_picked":["StarlightTyphoon","EventHorizon","REME_Repentance","Evaluate","JustLucky"],"picked":"SKIP","floor":18},{"not_picked":["6A","EmptyMind","Protect","DC","DarkSpark+1"],"picked":"SKIP","floor":19},{"not_picked":["Prostrate","Weave","Crescendo","Wallop","FlurryOfBlows"],"picked":"SKIP","floor":20},{"not_picked":["MilkyWay","FollowUp","Collect","Omniscience"],"picked":"OortCloud","floor":21},{"not_picked":["MentalFortress","Conclude","WaveOfTheHand+1","SignatureMove+1","MilkyWay"],"picked":"SKIP","floor":23},{"not_picked":["DeusExMachina","WitchOfGreed","PathToVictory","DeceiveReality+1","GrandCross"],"picked":"SKIP","floor":27},{"not_picked":["CutThroughFate","AsteroidBelt","SashWhip","Meditate","REME_EmptyShield"],"picked":"SKIP","floor":29},{"not_picked":["MaximisePower","MostiFishMod:StarOceanP","REME_EmptyShield","Devotion"],"picked":"EscapeVelocity","floor":33},{"not_picked":["Crescendo+1","6A+1","AsteroidBelt","GravityBeat","Vengeance+1"],"picked":"SKIP","floor":35}],"player_experience":1170169,"relics_obtained":[{"floor":1,"key":"SynthV:TestCard"},{"floor":6,"key":"Happy Flower"},{"floor":8,"key":"HowToJump"},{"floor":9,"key":"Bag of Preparation"},{"floor":10,"key":"Torii"},{"floor":11,"key":"Pear"},{"floor":12,"key":"GodSword3"},{"floor":14,"key":"Blood Vial"},{"floor":23,"key":"Void"},{"floor":27,"key":"CloakClasp"},{"floor":29,"key":"Diplopia"},{"floor":37,"key":"GnawedLeaf"},{"floor":38,"key":"Shuriken"},{"floor":38,"key":"Art of War"}],"event_choices":[{"damage_healed":0,"gold_gain":75,"player_choice":"Gather Gold","damage_taken":11,"max_hp_gain":0,"max_hp_loss":0,"event_name":"World of Goop","floor":3,"gold_loss":0},{"damage_healed":26,"gold_gain":0,"player_choice":"Banana","damage_taken":0,"max_hp_gain":0,"max_hp_loss":0,"event_name":"Big Fish","floor":13,"gold_loss":0},{"damage_healed":0,"gold_gain":0,"player_choice":"Became a Ghost","damage_taken":0,"max_hp_gain":0,"max_hp_loss":39,"event_name":"Ghosts","floor":24,"gold_loss":0,"cards_obtained":["Ghostly","Ghostly","Ghostly"]},{"damage_healed":0,"gold_gain":0,"player_choice":"Fight","damage_taken":0,"max_hp_gain":0,"max_hp_loss":0,"event_name":"HidenRoomEvent","floor":38,"gold_loss":0}],"is_beta":false,"boss_relics":[{"not_picked":["GreenFoldingFan","NightmareShop"],"picked":"Transparent"},{"not_picked":[]},{"not_picked":["Coffee Dripper","SlaversCollar"],"picked":"Empty Cage"},{"not_picked":[]}],"items_purged_floors":[2,4,22,31,34,39],"is_endless":false,"potions_floor_spawned":[6,10,11,14,16,18,21,23,27,35,38],"killed_by":"Nemesis","ascension_level":20}}