{"host":"ilo0sg5cl3zcnqwd","time":1613939700,"event":{"mods":["BaseMod","Downfall","Minty Spire (QoL Compilation)","StSLib"],"gold_per_floor":[99,109,120,139,139,152,205,232,263,300,297,322,334,346,369,477,489,401,429,541,653,677,689,776,374,391,391,391,403,421,421,438,543,543,543,556,248,263,283,314,314,114,134,150,165,192,192,202,219,219,219,254,97,97,97,97,97,97],"floor_reached":56,"language":"ENG","playtime":4107,"items_purged":["Normality","Regret","downfall:Haunted"],"score":814,"play_id":"74a7780c-5ecf-4312-a8e9-fb9b480dca35","local_time":"20210221203500","is_ascension_mode":false,"campfire_choices":[{"data":"Slimebound:Tackle","floor":1.0,"key":"SMITH"},{"floor":13.0,"key":"REST"},{"data":"Slimebound:MassFeed","floor":18.0,"key":"SMITH"},{"floor":28.0,"key":"REST"},{"floor":35,"key":"RECALL"},{"floor":42,"key":"REST"},{"floor":47,"key":"REST"},{"floor":54,"key":"REST"}],"circlet_count":0,"master_deck":["Slimebound:Tackle+1","Slimebound:Defend_Slimebound","Slimebound:Defend_Slimebound","Slimebound:Defend_Slimebound","Slimebound:Defend_Slimebound","Slimebound:Split","Slimebound:CorrosiveSpit+1","Slimebound:SplitBruiser+1","Slimebound:RollThrough","Slimebound:FinishingTackle","downfall:Malfunctioning","Slimebound:SlimeSpikes","Slimebound:ProtectTheBoss","Slimebound:SplitBruiser","Slimebound:RollThrough","Slimebound:RollThrough","Slimebound:ComboTackle","Slimebound:MassFeed+1","Slimebound:GoopSpray","downfall:Haunted","Decay","Slimebound:OneTwoCombo","Slimebound:GoopTackle","Slimebound:BestDefense+1","Slimebound:GoopSpray+1","Slimebound:Chomp","Dramatic Entrance+1","Slimebound:SplitLeeching+1","Slimebound:Tackle+1","Slimebound:Tackle+1","Slimebound:Tackle+1","Slimebound:GoopSpray+1","Slimebound:CheckThePlaybook","Slimebound:ForwardTackle+1","Slimebound:GoopTackle","Mayhem","Slimebound:GoopSpray+1","Slimebound:RollThrough+1","Slimebound:Chomp","downfall:Haunted","Slimebound:SlimeSpikes+1","Slimebound:ForwardTackle+1"],"relics":["Slimebound:AbsorbEndCombat","MawBank","Oddly Smooth Stone","Cursed Key","downfall:HeartBlessingGreen","Darkstone Periapt","Torii","Pear","Enchiridion","Pantograph","Orichalcum","Fusion Hammer","Nunchaku","downfall:HeartBlessingBlue","downfall:HeartBlessingRed","Slimebound:MaxSlimesRelic","Dead Branch","Medical Kit"],"acts_visited":["Exordium","TheCity","TheBeyond","TheEnding"],"potions_floor_usage":[50,55,55,55,56,56],"damage_taken":[{"damage":6.0,"enemies":"Jaw Worm","floor":2.0,"turns":4.0},{"damage":0.0,"enemies":"2 Louse","floor":3.0,"turns":2.0},{"damage":1.0,"enemies":"Cultist","floor":4.0,"turns":3.0},{"damage":7.0,"enemies":"2 Fungi Beasts","floor":6.0,"turns":3.0},{"damage":5.0,"enemies":"Blue Slaver","floor":8.0,"turns":2.0},{"damage":0.0,"enemies":"3 Louse","floor":9.0,"turns":3.0},{"damage":21.0,"enemies":"3 Sentries","floor":10.0,"turns":5.0},{"damage":4.0,"enemies":"downfall:FleeingMerchant","floor":11.0,"turns":4.0},{"damage":7.0,"enemies":"2 Fungi Beasts","floor":12.0,"turns":2.0},{"damage":8.0,"enemies":"Gremlin Gang","floor":15.0,"turns":4.0},{"damage":55.0,"enemies":"DF_ARCHETYPE_STREAMLINE","floor":16.0,"turns":9.0},{"damage":7.0,"enemies":"Shell Parasite","floor":19.0,"turns":5.0},{"damage":36.0,"enemies":"WA_ARCHETYPE_RETAIN","floor":21.0,"turns":8.0},{"damage":8.0,"enemies":"3 Byrds","floor":22.0,"turns":4.0},{"damage":10.0,"enemies":"downfall:FleeingMerchant","floor":25.0,"turns":4.0},{"damage":12.0,"enemies":"Centurion and Healer","floor":26.0,"turns":6.0},{"damage":6.0,"enemies":"3 Cultists","floor":29.0,"turns":4.0},{"damage":1.0,"enemies":"Chosen and Byrds","floor":30.0,"turns":3.0},{"damage":15.0,"enemies":"Sentry and Sphere","floor":32.0,"turns":3.0},{"damage":65,"enemies":"SI_MIRROR_ARCHETYPE","floor":33,"turns":9},{"damage":18,"enemies":"3 Shapes","floor":36,"turns":3},{"damage":0,"enemies":"downfall:FleeingMerchant","floor":37,"turns":4},{"damage":11,"enemies":"3 Darklings","floor":38,"turns":3},{"damage":0,"enemies":"Sphere and 2 Shapes","floor":39,"turns":4},{"damage":3,"enemies":"downfall:FleeingMerchant","floor":40,"turns":2},{"damage":1,"enemies":"Jaw Worm Horde","floor":43,"turns":3},{"damage":34,"enemies":"Spire Growth","floor":44,"turns":4},{"damage":9,"enemies":"Maw","floor":45,"turns":6},{"damage":25,"enemies":"Giant Head","floor":46,"turns":6},{"damage":8,"enemies":"Jaw Worm Horde","floor":48,"turns":2},{"damage":13,"enemies":"Spire Growth","floor":49,"turns":4},{"damage":64,"enemies":"IC_BLOCK_ARCHETYPE","floor":50,"turns":11},{"damage":143,"enemies":"downfall:CharBossMerchant","floor":52,"turns":7},{"damage":108,"enemies":"downfall:NeowBoss","floor":55,"turns":15},{"damage":67,"enemies":"downfall:NeowBossFinal","floor":56,"turns":8}],"seed_played":"-1165029856211833081","potions_obtained":[{"floor":2.0,"key":"SpeedPotion"},{"floor":3.0,"key":"LiquidMemories"},{"floor":6.0,"key":"SneckoOil"},{"floor":10.0,"key":"ColorlessPotion"},{"floor":19.0,"key":"Guardian:BlockOnCardUsePotion"},{"floor":21.0,"key":"SteroidPotion"},{"floor":39,"key":"LiquidBronze"},{"floor":44,"key":"EntropicBrew"}],"is_trial":false,"path_per_floor":["R","M","M","M","?","M","T","M","M","E","$","M","R","?","M","B",null,"R","M","?","?","M","?","T","$","M","?","R","M","M","?","M","B",null,"R","M","$","M","M","$","T","R","M","M","M","E","R","M","M","B",null,"E","$","R","B","B"],"character_chosen":"SLIMEBOUND","items_purchased":["Orichalcum","Slimebound:Chomp","Dramatic Entrance","Slimebound:GoopTackle","Mayhem","Nunchaku","Slimebound:Chomp","Medical Kit"],"campfire_rested":5,"item_purchase_floors":[25,25,25,37,37,40,40,53],"current_hp_per_floor":[71,69,71,70,70,67,67,64,66,45,43,36,57,57,55,4,71,71,71,106,88,98,82,88,80,76,76,117,117,122,114,118,85,142,142,132,140,139,155,154,160,174,173,141,140,138,174,166,153,114,174,38,38,90,30,0,0,0],"gold":97,"neow_bonus":"TEN_PERCENT_HP_BONUS","is_daily":false,"chose_seed":false,"campfire_upgraded":2,"win_rate":0.0,"timestamp":1613939700,"path_taken":["R","M","M","M","?","M","T","M","M","E","$","M","R","?","M","BOSS","R","M","?","?","M","?","T","?","M","?","R","M","M","?","M","BOSS","R","M","$","M","M","$","T","R","M","M","M","E","R","M","M","BOSS","E","$","R","BOSS","BOSS"],"items_purchased_type":["Relic","Card","Card","Card","Card","Relic","Card","Relic"],"build_version":"2020-12-22","purchased_purges":3,"victory":false,"max_hp_per_floor":[71,71,71,71,71,71,71,71,71,71,71,71,71,71,71,71,71,71,75,110,120,132,132,138,138,138,138,138,138,138,138,142,142,142,142,146,146,150,158,158,164,174,174,174,174,174,174,174,174,174,174,174,174,174,174,174,174,174],"card_choices":[{"not_picked":["Slimebound:RainOfGoop","Slimebound:Schlurp"],"picked":"Slimebound:SplitBruiser","floor":2.0},{"not_picked":["Slimebound:PressTheAttack","Slimebound:Gluttony"],"picked":"Slimebound:RollThrough","floor":3.0},{"not_picked":["Slimebound:DivideAndConquer","Slimebound:SlimeSpikes"],"picked":"Slimebound:FinishingTackle","floor":4.0},{"not_picked":["Slimebound:LeechEnergy","Slimebound:SpikyOuterGoop"],"picked":"Slimebound:SlimeSpikes","floor":6.0},{"not_picked":["Slimebound:PressTheAttack","Slimebound:RejuvenatingLick"],"picked":"Slimebound:ProtectTheBoss","floor":8.0},{"not_picked":["Slimebound:DuplicatedForm","Slimebound:RainOfGoop"],"picked":"Slimebound:SplitBruiser","floor":9.0},{"not_picked":["Slimebound:TongueLash","Slimebound:OneTwoCombo"],"picked":"Slimebound:RollThrough","floor":10.0},{"not_picked":["Slimebound:ServeAndProtect","Slimebound:RejuvenatingLick"],"picked":"Slimebound:RollThrough","floor":11.0},{"not_picked":["Slimebound:Prepare","Slimebound:SplitAcid"],"picked":"Slimebound:ComboTackle","floor":12.0},{"not_picked":["Slimebound:ForwardTackle","Slimebound:SlimeBrawl","Slimebound:FinishingTackle"],"picked":"SKIP","floor":15.0},{"not_picked":["Slimebound:WasteNot","Slimebound:SelfFormingGoo"],"picked":"Slimebound:MassFeed","floor":16.0},{"not_picked":["Slimebound:Dissolve","Slimebound:HauntingLick"],"picked":"Slimebound:GoopSpray","floor":19.0},{"not_picked":["Slimebound:SplitLeeching","Slimebound:PressTheAttack+1"],"picked":"Slimebound:GoopTackle","floor":21.0},{"not_picked":["Slimebound:RejuvenatingLick+1","Slimebound:LeechingTouch+1"],"picked":"Slimebound:BestDefense+1","floor":22.0},{"not_picked":["Slimebound:Prepare","Slimebound:AcidTongue"],"picked":"Slimebound:GoopSpray+1","floor":25.0},{"not_picked":["Slimebound:SplitMire","Slimebound:HauntingLick"],"picked":"Slimebound:SplitLeeching+1","floor":26.0},{"not_picked":["Slimebound:Gluttony","Slimebound:Prepare"],"picked":"Slimebound:GoopSpray+1","floor":29.0},{"not_picked":["Slimebound:FinishingTackle","Slimebound:SplitLeeching","Slimebound:SlimeBrawl"],"picked":"SKIP","floor":30.0},{"not_picked":["Slimebound:RollThrough","Slimebound:HauntingLick+1"],"picked":"Slimebound:CheckThePlaybook","floor":32.0},{"not_picked":["Slimebound:ProtectTheBoss+1","Slimebound:PressTheAttack","Slimebound:LevelUp"],"picked":"SKIP","floor":36},{"not_picked":["Slimebound:AcidTongue","Slimebound:SplitAcid+1"],"picked":"Slimebound:ForwardTackle+1","floor":37},{"not_picked":["Slimebound:LeechingTouch+1","Slimebound:MegaLick"],"picked":"Slimebound:GoopSpray+1","floor":38},{"not_picked":["Slimebound:SamplingLick","Slimebound:SlimeTap"],"picked":"Slimebound:RollThrough+1","floor":39},{"not_picked":["Slimebound:Schlurp","Slimebound:FinishingTackle","Slimebound:MegaLick"],"picked":"SKIP","floor":40},{"not_picked":["Slimebound:LeechEnergy+1","Slimebound:RainOfGoop","Slimebound:MegaLick+1"],"picked":"SKIP","floor":43},{"not_picked":["Slimebound:SlimeBrawl+1","Slimebound:AcidTongue+1","Slimebound:SelfFormingGoo"],"picked":"SKIP","floor":44},{"not_picked":["Slimebound:HauntingLick+1","Slimebound:Prepare+1","Slimebound:SplitLeeching"],"picked":"SKIP","floor":45},{"not_picked":["Slimebound:Gluttony","Slimebound:MassRepurpose"],"picked":"Slimebound:SlimeSpikes+1","floor":46},{"not_picked":["Slimebound:SamplingLick","Slimebound:Equalize","Slimebound:ItLooksTasty"],"picked":"SKIP","floor":48},{"not_picked":["Slimebound:Chomp+1","Slimebound:Prepare+1"],"picked":"Slimebound:ForwardTackle+1","floor":49},{"not_picked":["Slimebound:DisruptingSlam","Slimebound:MassFeed","Slimebound:Prepare+1"],"picked":"SKIP","floor":52}],"player_experience":296529,"relics_obtained":[{"floor":7.0,"key":"MawBank"},{"floor":10.0,"key":"Oddly Smooth Stone"},{"floor":21.0,"key":"Torii"},{"floor":21.0,"key":"Pear"},{"floor":23.0,"key":"Enchiridion"},{"floor":24.0,"key":"Pantograph"},{"floor":46,"key":"Slimebound:MaxSlimesRelic"},{"floor":52,"key":"Dead Branch"}],"event_choices":[{"damage_healed":0.0,"max_hp_gain":0.0,"max_hp_loss":0.0,"gold_gain":0.0,"event_name":"NoteForYourself","player_choice":"Ignored","floor":14.0,"gold_loss":0.0,"damage_taken":0.0}],"is_beta":false,"boss_relics":[{"not_picked":["Snecko Eye","Pandora\u0027s Box"],"picked":"Cursed Key"},{"not_picked":["Busted Crown","Runic Pyramid"],"picked":"Fusion Hammer"}],"items_purged_floors":[25,37,40],"is_endless":false,"potions_floor_spawned":[2,3,6,10,15,16,19,21,29,30,39,44,45,49],"killed_by":"downfall:NeowBossFinal","ascension_level":0}}