{"host":"whyfdmrq1ty0e9zp","time":1613898069,"event":{"mods":["Act Like it!","BaseMod","Colored Map","Colored Powertips","Conspire","Energized Spire","Gensokyo","Marisa£¨ìFÓê¡¡Ä§ÀíÉ³£©","Minty Spire (QoL Compilation)","MostiFishMod","Prisma Mod","Quick Restart","Relic Stats","Remilia£¨ÀÙÃ×ÀòÑÇ£©","Replay The Spire","StSLib","TestMod","The Servant 0.9.4","¡¾ÒÅÎï¿¨ÅÆ¡¿REMEMod"],"gold_per_floor":[118,132,132,149,149,149,149,149,175,189,29,64,64,64,64,140,140,154,164,33,47,47,47,47,77,77,93,111,126,126,526,526,600,600,613,355,366,78,78,78,88,104,131,162,162,162,162,179,179,179,179],"floor_reached":52,"language":"ZHS","playtime":1826,"items_purged":["Strike_B","Strike_B","Dualcast"],"score":1950,"play_id":"37c1dad5-3572-437b-be95-17b36227a516","local_time":"20210221170109","is_ascension_mode":true,"campfire_choices":[{"data":"Zap","floor":6.0,"key":"SMITH"},{"data":"ReplayTheSpireMod:Fabricate Wheel","floor":8.0,"key":"SMITH"},{"data":"MostiFishMod:LinkProtocol","floor":13.0,"key":"SMITH"},{"floor":15.0,"key":"REST"},{"data":"MostiFishMod:IntelligentEquipment","floor":23.0,"key":"SMITH"},{"data":"Coolheaded","floor":30.0,"key":"SMITH"},{"data":"Recycle","floor":40.0,"key":"SMITH"},{"data":"MostiFishMod:StrandedSiren","floor":45.0,"key":"SMITH"},{"data":"REME_Whirling","floor":47.0,"key":"SMITH"},{"data":"Loop","floor":49,"key":"SMITH"}],"circlet_count":0,"master_deck":["AscendersBane","Defend_B","Defend_B","Defend_B","Zap+1","Defragment","Echo Form","ForecastOfChange","MostiFishMod:InterfaceCompatibility","Force Field","MostiFishMod:LinkProtocol+1","Electrodynamics","MostiFishMod:IntelligentEquipment+1","Fusion+1","Coolheaded+1","Conserve Battery","REME_Whirling+1","BootSequence","Cold Snap","Thunder Strike","Creative AI","Loop+1","Recycle+1","Heatsinks","MostiFishMod:ReadyAimFire","MostiFishMod:StrandedSiren+1","Hologram+1","Self Repair+1","Madness","Glacier","REME_Shoggoth"],"relics":["Cracked Core","testmod-TestBox","DaveBox","testmod-CasingShield","Nloth\u0027s Gift","NeowsBlessing","SynthV:TestCard","Ring of Fury","Pet Ghost","Prayer Wheel","ReplayTheSpireMod:TigerMarble","Thread and Needle","Painkiller Herb","Omamori","SynthV:C4","REME_LowDesire","Blue Doll","testmod-OneHitWonder","testmod-LifeArmor","testmod-TurbochargingSystem","Replay:Mystery Machine"],"acts_visited":["Exordium","TheCity","TheBeyond"],"potions_floor_usage":[51],"damage_taken":[{"damage":0.0,"enemies":"Cultist","floor":1.0,"turns":1.0},{"damage":0.0,"enemies":"Jaw Worm","floor":2.0,"turns":1.0},{"damage":0.0,"enemies":"Small Slimes","floor":4.0,"turns":1.0},{"damage":21.0,"enemies":"Blue Slaver","floor":10.0,"turns":4.0},{"damage":26.0,"enemies":"3 Sentries","floor":12.0,"turns":6.0},{"damage":0.0,"enemies":"The Guardian","floor":16.0,"turns":9.0},{"damage":15.0,"enemies":"Chosen","floor":18.0,"turns":4.0},{"damage":18.0,"enemies":"2 Thieves","floor":19.0,"turns":3.0},{"damage":3.0,"enemies":"Snecko","floor":21.0,"turns":4.0},{"damage":3.0,"enemies":"Book of Stabbing","floor":25.0,"turns":7.0},{"damage":0.0,"enemies":"Cultist and Chosen","floor":27.0,"turns":3.0},{"damage":2.0,"enemies":"Chosen and Byrds","floor":28.0,"turns":2.0},{"damage":3.0,"enemies":"Shelled Parasite and Fungi","floor":29.0,"turns":2.0},{"damage":0.0,"enemies":"Collector","floor":33.0,"turns":5.0},{"damage":0.0,"enemies":"3 Darklings","floor":35.0,"turns":4.0},{"damage":0.0,"enemies":"Orb Walker","floor":37.0,"turns":3.0},{"damage":8.0,"enemies":"4 Shapes","floor":41.0,"turns":3.0},{"damage":0.0,"enemies":"Writhing Mass","floor":42.0,"turns":4.0},{"damage":0.0,"enemies":"R_Hoarder","floor":44.0,"turns":7.0},{"damage":0,"enemies":"Maw","floor":48,"turns":5},{"damage":0,"enemies":"conspire:OrnateMirror","floor":50,"turns":4},{"damage":21,"enemies":"Replay:Hell Engine","floor":51,"turns":7}],"seed_played":"-3049280800031451828","potions_obtained":[{"floor":2.0,"key":"Fruit Juice"},{"floor":12.0,"key":"Reflective Coating"},{"floor":21.0,"key":"Energy Potion"},{"floor":25.0,"key":"DuplicationPotion"},{"floor":41.0,"key":"testmod-TestPotion"},{"floor":42.0,"key":"FocusPotion"}],"is_trial":false,"path_per_floor":["M","M","?","M","?","R","?","R","T","M","$","E","R","$","R","B",null,"?","?","T","?","T","T","?","E","T","?","?","?","T","?","T","B",null,"?","T","?","T","?","T","?","?","T","E","T","?","T","?","T","B","B",null],"character_chosen":"DEFECT","items_purchased":["ReplayTheSpireMod:TigerMarble","Conserve Battery","testmod-LifeArmor","MostiFishMod:ReadyAimFire"],"campfire_rested":1,"item_purchase_floors":[11,20,36,38],"current_hp_per_floor":[64,69,69,69,69,69,69,69,69,48,48,22,22,22,44,44,68,53,35,35,32,32,32,32,29,29,29,27,24,24,24,24,24,63,63,63,63,63,63,63,55,55,55,55,55,55,55,65,65,65,54],"gold":179,"neow_bonus":"THREE_ENEMY_KILL","is_daily":false,"chose_seed":false,"campfire_upgraded":9,"win_rate":0.0,"timestamp":1613898069,"path_taken":["M","M","?","?","?","R","?","R","T","M","?","E","R","$","R","BOSS","?","?","T","?","T","T","?","E","T","?","?","?","T","?","T","BOSS","?","T","?","T","?","T","?","?","T","E","T","?","T","?","T","BOSS","BOSS"],"items_purchased_type":["Relic","Card","Relic","Card"],"build_version":"2020-12-22","purchased_purges":3,"victory":true,"max_hp_per_floor":[71,76,76,76,76,76,76,76,76,76,76,76,76,76,76,76,76,76,76,76,76,76,76,76,76,76,76,76,76,76,76,76,76,76,76,76,76,76,72,72,72,72,72,72,72,72,72,72,72,72,72],"relic_stats":{"counters":[22,89],"Prayer Wheel":12,"Nloth\u0027s Gift":10,"obtain_stats":[{"testmod-TestBox":0,"DaveBox":0,"NeowsBlessing":0,"Thread and Needle":12,"Painkiller Herb":17,"Blue Doll":34,"testmod-LifeArmor":36,"Omamori":25,"testmod-TurbochargingSystem":43,"Replay:Mystery Machine":44,"testmod-CasingShield":0,"Pet Ghost":9,"SynthV:C4":26,"SynthV:TestCard":1,"Ring of Fury":5,"Prayer Wheel":10,"Nloth\u0027s Gift":0,"ReplayTheSpireMod:TigerMarble":11,"REME_LowDesire":34,"Cracked Core":0,"testmod-OneHitWonder":34,"REME_ComplimentaryCards":0},{"testmod-TestBox":0,"DaveBox":0,"NeowsBlessing":0,"Thread and Needle":5,"Painkiller Herb":6,"Blue Doll":14,"testmod-LifeArmor":15,"Omamori":10,"testmod-TurbochargingSystem":18,"Replay:Mystery Machine":19,"testmod-CasingShield":0,"Pet Ghost":3,"SynthV:C4":10,"SynthV:TestCard":1,"Ring of Fury":3,"Prayer Wheel":4,"Nloth\u0027s Gift":0,"ReplayTheSpireMod:TigerMarble":4,"REME_LowDesire":14,"Cracked Core":0,"testmod-OneHitWonder":14,"REME_ComplimentaryCards":0},{"testmod-TestBox":0,"DaveBox":0,"NeowsBlessing":0,"Thread and Needle":13,"Painkiller Herb":22,"Blue Doll":52,"testmod-LifeArmor":56,"Omamori":40,"testmod-TurbochargingSystem":66,"Replay:Mystery Machine":73,"testmod-CasingShield":0,"Pet Ghost":3,"SynthV:C4":40,"SynthV:TestCard":1,"Ring of Fury":3,"Prayer Wheel":5,"Nloth\u0027s Gift":0,"ReplayTheSpireMod:TigerMarble":7,"REME_LowDesire":52,"Cracked Core":0,"testmod-OneHitWonder":52,"REME_ComplimentaryCards":0}]},"card_choices":[{"not_picked":["Barrage","Panic Button","Lockon"],"picked":"SKIP","floor":1.0},{"not_picked":["Force Field","MostiFishMod:PushDownKick","Doom and Gloom","Sweeping Beam"],"picked":"ReplayTheSpireMod:Fabricate Wheel","floor":2.0},{"not_picked":["Sweeping Beam","Stack","Barrage","Blizzard"],"picked":"Defragment","floor":4.0},{"not_picked":["ReplayTheSpireMod:Calculation Training","Barrage","Stack","Aggregate"],"picked":"MostiFishMod:InterfaceCompatibility","floor":10.0},{"not_picked":["ReplayTheSpireMod:Calculation Training","Sweeping Beam","Beam Cell","Panic Button"],"picked":"Force Field","floor":10.0},{"not_picked":["Turbo","Machine Learning","Auto Shields","Force Field"],"picked":"MostiFishMod:LinkProtocol","floor":12.0},{"not_picked":["MostiFishMod:StarOceanB","Hyperbeam","Fission","Machine Learning"],"picked":"Electrodynamics","floor":16.0},{"not_picked":["FTL","Gash","MostiFishMod:PushDownKick","MostiFishMod:Culaccino"],"picked":"MostiFishMod:IntelligentEquipment","floor":18.0},{"not_picked":["BasicCrystalCard","Conserve Battery","Static Discharge","Stack"],"picked":"Fusion+1","floor":18.0},{"not_picked":["MostiFishMod:LinkProtocol","Redo","Stack","Doom and Gloom"],"picked":"Coolheaded","floor":19.0},{"not_picked":["Turbo","Stack","Hologram","Redo","Coolheaded"],"picked":"SKIP","floor":19.0},{"not_picked":["Stack","Multi-Cast","Ball Lightning","Double Energy","Time Bomb"],"picked":"SKIP","floor":21.0},{"not_picked":["Rebound","Redo","Steam","Gash","Sunder+1"],"picked":"SKIP","floor":21.0},{"not_picked":["Aggregate","BasicCrystalCard","Compile Driver","Electrodynamics","ReplayTheSpireMod:Repulse"],"picked":"SKIP","floor":25.0},{"not_picked":["MostiFishMod:PushDownKick+1","Coolheaded","Scrape","Force Field"],"picked":"REME_Whirling","floor":27.0},{"not_picked":["Go for the Eyes","MostiFishMod:PushDownKick","Auto Shields","ReplayTheSpireMod:Dual Polarity","Crystallizer"],"picked":"SKIP","floor":27.0},{"not_picked":["BasicCrystalCard","MostiFishMod:Impulse","ReplayTheSpireMod:Repulse","Conserve Battery+1"],"picked":"BootSequence","floor":28.0},{"not_picked":["Redo","Beam Cell","Streamline","Force Field","Leap"],"picked":"SKIP","floor":28.0},{"not_picked":["Go for the Eyes","Conserve Battery","MostiFishMod:LinkProtocol","BasicCrystalCard"],"picked":"Cold Snap","floor":29.0},{"not_picked":["BasicCrystalCard","Ball Lightning","REME_Shoggoth","Streamline","Steam Power"],"picked":"SKIP","floor":29.0},{"not_picked":["MostiFishMod:ActiveDefenseSystem","MostiFishMod:IntelligentEquipment","ReplayRNGCard","Amplify"],"picked":"Creative AI","floor":33.0},{"not_picked":["Ball Lightning+1","Conserve Battery","BasicCrystalCard","Sweeping Beam","testmod-ConditionedReflex"],"picked":"Loop","floor":35.0},{"not_picked":["Skim","MostiFishMod:LinkProtocol","Coolheaded+1","Panic Button","REME_MawOfCthun"],"picked":"Recycle","floor":35.0},{"not_picked":["Barrage","Auto Shields","Melter","Gash","REME_MawOfCthun"],"picked":"Heatsinks","floor":37.0},{"not_picked":["Compile Driver","Streamline","Steam","Turbo","Rebound+1","testmod-DeathImprint"],"picked":"SKIP","floor":37.0},{"not_picked":["MostiFishMod:IntelligentEquipment","REME_Compress","FTL+1","ReplayGash","Chill","testmod-TaurusBlackCat"],"picked":"SKIP","floor":41.0},{"not_picked":["Panic Button","Chaos+1","Gash+1","Hologram","Barrage","testmod-SubstituteBySubterfuge"],"picked":"SKIP","floor":41.0},{"not_picked":["Recycle+1","Conserve Battery","Rip and Tear","Scrape","testmod-TemporaryDeletion"],"picked":"MostiFishMod:StrandedSiren","floor":42.0},{"not_picked":["Defragment","MostiFishMod:PushDownKick","Redo","Gash","testmod-Recap"],"picked":"Hologram+1","floor":42.0},{"not_picked":["Multi-Cast","Redo","Turbo","MostiFishMod:Nova","ReplayTheSpireMod:Trickstab+1"],"picked":"Self Repair+1","floor":44.0},{"not_picked":["Replay:Sssssssssshield","Finesse","testmod-Provocation","testmod-WeaknessCounterattack"],"picked":"Madness","floor":46.0},{"not_picked":["Streamline","ReplayTheSpireMod:Repulse","Undo","Blizzard+1","Flash of Steel+1"],"picked":"Glacier","floor":48},{"not_picked":["Steam","Stack","Hologram","REME_Compress","MostiFishMod:KingOfFree"],"picked":"REME_Shoggoth","floor":48}],"player_experience":517673,"relics_obtained":[{"floor":1.0,"key":"SynthV:TestCard"},{"floor":5.0,"key":"Ring of Fury"},{"floor":9.0,"key":"Pet Ghost"},{"floor":12.0,"key":"Thread and Needle"},{"floor":25.0,"key":"Omamori"},{"floor":26.0,"key":"SynthV:C4"},{"floor":34.0,"key":"Blue Doll"},{"floor":34.0,"key":"testmod-OneHitWonder"},{"floor":43.0,"key":"testmod-TurbochargingSystem"},{"floor":44.0,"key":"Replay:Mystery Machine"}],"event_choices":[{"cards_removed":["Strike_B"],"damage_healed":0.0,"max_hp_gain":0.0,"max_hp_loss":0.0,"gold_gain":0.0,"event_name":"Purifier","player_choice":"Purged","floor":3.0,"gold_loss":0.0,"damage_taken":0.0},{"damage_healed":0.0,"max_hp_gain":0.0,"max_hp_loss":0.0,"gold_gain":400.0,"event_name":"¶÷ÂåË¹µÄÅÌ×Ó","player_choice":"Sell","floor":31.0,"relics_lost":["REME_ComplimentaryCards"],"gold_loss":0.0,"damage_taken":0.0},{"damage_healed":0.0,"max_hp_gain":0.0,"max_hp_loss":4.0,"gold_gain":0.0,"event_name":"Winding Halls","player_choice":"Max HP","floor":39.0,"gold_loss":0.0,"damage_taken":0.0},{"damage_healed":0.0,"max_hp_gain":0.0,"max_hp_loss":0.0,"gold_gain":0.0,"event_name":"SensoryStone","player_choice":"Memory 1","floor":46.0,"gold_loss":0.0,"damage_taken":0.0}],"is_beta":false,"boss_relics":[{"not_picked":["testmod-Recursion","PatriotShield"],"picked":"Painkiller Herb"},{"not_picked":["energizedSpire:EnergizedDie","Runic Pyramid"],"picked":"REME_LowDesire"}],"items_purged_floors":[20,36,38],"is_endless":false,"potions_floor_spawned":[2,12,21,25,28,41,42,44],"ascension_level":20}}