{"host":"ilhhjx796p2x2wmd","time":1613896492,"event":{"mods":["AchievementEnabler","BaseMod","BetterRewards","Colored Map","Colored Powertips","DeckTracker","Highlight Path","Minty Spire (QoL Compilation)","Permanent Neow","Rare Cards Sparkle","Shop Mod"],"gold_per_floor":[110,124,140,150,166,194,212,225,294,0,0,13,13,28,28,123,123,133,146,46,0,0,27,40,40,40,40,67,20,119,130,130,130,130],"floor_reached":33,"language":"KOR","playtime":854,"items_purged":["Defend_R","Body Slam+1"],"score":407,"play_id":"51b21a6f-a156-45ca-879e-33b79799ee0c","local_time":"20210221173452","is_ascension_mode":true,"campfire_choices":[{"data":"Inflame","floor":13,"key":"SMITH"},{"floor":15,"key":"REST"},{"data":"Berserk","floor":25,"key":"SMITH"},{"data":"True Grit","floor":27,"key":"SMITH"},{"data":"1","floor":32,"key":"LIFT"}],"circlet_count":0,"master_deck":["Strike_R","Strike_R","Strike_R","Strike_R","Strike_R","Bash","Bludgeon","Pommel Strike","Shrug It Off","Perfected Strike+1","Clothesline","Inflame+1","Heavy Blade","Pummel","Shrug It Off","True Grit+1","Pommel Strike","Berserk+1","Perfected Strike+1","Offering+1","Seeing Red","Perfected Strike+1","Shame","Twin Strike+1","Shrug It Off","Flex+1"],"relics":["Burning Blood","Bag of Marbles","Eternal Feather","Astrolabe","Molten Egg 2","Ancient Tea Set","Meat on the Bone","Girya"],"acts_visited":["Exordium","TheCity"],"potions_floor_usage":[1,23,28,33],"damage_taken":[{"damage":0,"enemies":"Small Slimes","floor":1,"turns":2},{"damage":0,"enemies":"Cultist","floor":2,"turns":2},{"damage":7,"enemies":"Jaw Worm","floor":3,"turns":3},{"damage":10,"enemies":"Exordium Wildlife","floor":4,"turns":4},{"damage":18,"enemies":"Large Slime","floor":5,"turns":4},{"damage":32,"enemies":"3 Sentries","floor":6,"turns":6},{"damage":9,"enemies":"2 Fungi Beasts","floor":7,"turns":3},{"damage":10,"enemies":"Red Slaver","floor":8,"turns":2},{"damage":1,"enemies":"Large Slime","floor":12,"turns":4},{"damage":16,"enemies":"Lots of Slimes","floor":14,"turns":5},{"damage":59,"enemies":"The Guardian","floor":16,"turns":11},{"damage":11,"enemies":"Chosen","floor":18,"turns":3},{"damage":9,"enemies":"2 Thieves","floor":19,"turns":2},{"damage":11,"enemies":"Slavers","floor":23,"turns":2},{"damage":31,"enemies":"Cultist and Chosen","floor":24,"turns":5},{"damage":24,"enemies":"Gremlin Leader","floor":28,"turns":3},{"damage":26,"enemies":"Centurion and Healer","floor":31,"turns":3},{"damage":64,"enemies":"Champ","floor":33,"turns":7}],"seed_played":"7271331916201493954","potions_obtained":[{"floor":1,"key":"Fruit Juice"},{"floor":4,"key":"ElixirPotion"},{"floor":12,"key":"LiquidBronze"},{"floor":19,"key":"Block Potion"},{"floor":23,"key":"PowerPotion"}],"is_trial":false,"path_per_floor":["M","M","M","M","M","E","M","M","T","$","?","M","R","M","R","B",null,"M","M","$","?","?","E","M","R","T","R","E","$","?","M","R","B"],"character_chosen":"IRONCLAD","items_purchased":["Shrug It Off","BloodPotion","Feel No Pain","True Grit","Shrug It Off"],"campfire_rested":1,"item_purchase_floors":[10,10,10,10,29],"current_hp_per_floor":[62,68,67,63,51,25,22,18,18,18,18,23,35,25,62,9,66,61,58,58,58,58,70,45,57,57,69,51,51,51,43,58,0,0],"gold":130,"neow_bonus":"TRANSFORM_TWO_CARDS","is_daily":false,"chose_seed":false,"campfire_upgraded":3,"win_rate":0.0,"timestamp":1613896492,"path_taken":["M","M","M","M","M","E","M","M","T","$","?","?","R","M","R","BOSS","M","M","$","?","?","E","M","R","T","R","E","?","?","M","R","BOSS"],"items_purchased_type":["Card","Potion","Card","Card","Card"],"build_version":"2020-12-22","purchased_purges":2,"victory":false,"max_hp_per_floor":[85,85,85,85,85,85,85,85,85,85,85,85,85,85,85,85,85,85,85,85,85,85,85,85,85,85,85,85,85,85,85,85,85,85],"card_choices":[{"not_picked":["Shockwave","Battle Trance"],"picked":"Pommel Strike","floor":1},{"not_picked":["Clothesline","Armaments"],"picked":"Shrug It Off","floor":2},{"not_picked":["Anger","Warcry"],"picked":"Perfected Strike","floor":3},{"not_picked":["Spot Weakness","Shockwave","Headbutt"],"picked":"SKIP","floor":4},{"not_picked":["Iron Wave","Infernal Blade"],"picked":"Clothesline","floor":5},{"not_picked":["Dark Embrace","Infernal Blade"],"picked":"Inflame","floor":6},{"not_picked":["Intimidate","Wild Strike"],"picked":"Heavy Blade","floor":7},{"not_picked":["Seeing Red","Clothesline"],"picked":"Pummel","floor":8},{"not_picked":["Pommel Strike","Rampage","Sword Boomerang"],"picked":"SKIP","floor":12},{"not_picked":["Rampage","Sword Boomerang"],"picked":"Pommel Strike","floor":12},{"not_picked":["Shockwave","Combust","Body Slam"],"picked":"SKIP","floor":14},{"not_picked":["Immolate","Juggernaut"],"picked":"Berserk","floor":16},{"not_picked":["Wild Strike","Sever Soul"],"picked":"Seeing Red","floor":18},{"not_picked":["Twin Strike","True Grit+1"],"picked":"Perfected Strike+1","floor":19},{"not_picked":["Clothesline+1","Thunderclap+1","Rage"],"picked":"SKIP","floor":23},{"not_picked":["Flex","Shockwave"],"picked":"Twin Strike+1","floor":24},{"not_picked":["Entrench","Barricade","Flame Barrier"],"picked":"SKIP","floor":28},{"not_picked":["Sword Boomerang+1","Anger+1","Flex+1"],"picked":"SKIP","floor":31},{"not_picked":["Sword Boomerang+1","Anger+1"],"picked":"Flex+1","floor":31}],"player_experience":347595,"relics_obtained":[{"floor":6,"key":"Bag of Marbles"},{"floor":9,"key":"Eternal Feather"},{"floor":23,"key":"Ancient Tea Set"},{"floor":26,"key":"Meat on the Bone"},{"floor":28,"key":"Girya"}],"event_choices":[{"damage_healed":0,"gold_gain":0,"player_choice":"Forge","damage_taken":0,"max_hp_gain":0,"max_hp_loss":0,"event_name":"Accursed Blacksmith","floor":11,"gold_loss":0,"cards_upgraded":["Perfected Strike"]},{"damage_healed":0,"gold_gain":0,"player_choice":"Paid Fearfully","damage_taken":0,"max_hp_gain":0,"max_hp_loss":0,"event_name":"Masked Bandits","floor":21,"gold_loss":46},{"damage_healed":0,"gold_gain":0,"player_choice":"Stole Relic","damage_taken":0,"relics_obtained":["Molten Egg 2"],"max_hp_gain":0,"max_hp_loss":0,"event_name":"Addict","floor":22,"gold_loss":0,"cards_obtained":["Shame"]},{"damage_healed":0,"gold_gain":99,"player_choice":"Stole From Cult","damage_taken":0,"max_hp_gain":0,"max_hp_loss":0,"event_name":"Nest","floor":30,"gold_loss":0}],"is_beta":false,"boss_relics":[{"not_picked":["Pandora\u0027s Box","Tiny House"],"picked":"Astrolabe"}],"items_purged_floors":[10,20],"is_endless":false,"potions_floor_spawned":[1,4,12,16,19,23],"killed_by":"Champ","ascension_level":8}}