{"host":"i5vvwdf42szr3cje","time":1613889365,"event":{"mods":["BaseMod","Colored Map","Hermit","Minty Spire (QoL Compilation)","Replay The Spire","StSLib","The Disciple","The Hierophant"],"gold_per_floor":[110,125,145,145,145,181,181,199,272,272,272],"floor_reached":10,"language":"ENG","playtime":1103,"items_purged":[],"score":80,"play_id":"4976c0f3-2394-4471-b97f-b050f1528147","local_time":"20210220223605","is_ascension_mode":true,"campfire_choices":[{"data":"hierophant:ChurchCoffers","floor":7.0,"key":"SMITH"}],"circlet_count":0,"master_deck":["hierophant:Strike_Hierophant","hierophant:Strike_Hierophant","hierophant:Strike_Hierophant","hierophant:Strike_Hierophant","hierophant:Punish","hierophant:Defend_Hierophant","hierophant:Defend_Hierophant","hierophant:Defend_Hierophant","hierophant:ChurchCoffers+1","hierophant:Doubloon","hierophant:RecallFunds","hierophant:Patience+1","hierophant:Rebuild"],"relics":["hierophant:PropheticMaskRelic","Replay:Kaleidoscope","Replay:Rubber Ducky"],"acts_visited":["Exordium"],"potions_floor_usage":[],"damage_taken":[{"damage":5.0,"enemies":"Small Slimes","floor":1.0,"turns":3.0},{"damage":6.0,"enemies":"Jaw Worm","floor":2.0,"turns":5.0},{"damage":0.0,"enemies":"2 Louse","floor":3.0,"turns":3.0},{"damage":30.0,"enemies":"3 Sentries","floor":6.0,"turns":7.0},{"damage":34.0,"enemies":"Gremlin Nob","floor":8.0,"turns":4.0},{"damage":0,"enemies":"3 Sentries","floor":10,"turns":1}],"seed_played":"-7550935768126939916","potions_obtained":[{"floor":1.0,"key":"Block Potion"},{"floor":2.0,"key":"Strength Potion"},{"floor":6.0,"key":"DistilledChaos"},{"floor":8.0,"key":"Ancient Potion"}],"is_trial":false,"path_per_floor":["M","M","M","?","?","E","R","E","T","E"],"character_chosen":"HIEROPHANT","items_purchased":[],"campfire_rested":0,"item_purchase_floors":[],"current_hp_per_floor":[77,71,71,71,71,41,41,7,7,7,7],"gold":272,"neow_bonus":"TEN_PERCENT_HP_BONUS","is_daily":false,"chose_seed":false,"campfire_upgraded":1,"win_rate":0.0,"timestamp":1613889365,"path_taken":["M","M","M","?","?","E","R","E","T","E"],"items_purchased_type":[],"build_version":"2020-12-22","purchased_purges":0,"victory":false,"max_hp_per_floor":[82,82,82,82,82,82,82,82,82,82,82],"card_choices":[{"not_picked":["hierophant:OrnateJavelin","hierophant:Mercenaries"],"picked":"hierophant:RecallFunds","floor":1.0},{"not_picked":["hierophant:Purify","hierophant:HolyVerse","hierophant:FlamingChariot"],"picked":"SKIP","floor":2.0},{"not_picked":["hierophant:Mercenaries","hierophant:HammerAndAnvil","hierophant:Encroach"],"picked":"SKIP","floor":3.0},{"not_picked":["hierophant:Sermon","hierophant:Bribe","hierophant:Empathy"],"picked":"SKIP","floor":6.0},{"not_picked":["hierophant:Shelter","hierophant:Bribe"],"picked":"hierophant:Rebuild","floor":8.0}],"player_experience":189981,"relics_obtained":[{"floor":6.0,"key":"Replay:Kaleidoscope"},{"floor":8.0,"key":"Replay:Rubber Ducky"}],"event_choices":[],"is_beta":false,"boss_relics":[],"items_purged_floors":[],"is_endless":false,"potions_floor_spawned":[1,2,6,8],"killed_by":"3 Sentries","ascension_level":1}}