{"host":"3zb2ho7bzwxq1psp","time":1613902756,"event":{"mods":["AchievementEnabler","AlwaysNeverKeys","Aspiration","BaseMod","BetterRewards","CatGirl Mod","Colored Map","Hubris","Minty Spire (QoL Compilation)","Permanent Neow","Quick Restart","Rare Cards Sparkle","Replay The Spire","Shop Mod","StSLib","The Judge","The Jungle","Unceasing Turn Reminder"],"gold_per_floor":[117,117,117,117,177,208,208,208,276,292,327,327,189,208,208,309,309,320,335,185,284,300,331,331,350,350,384,404,404,416,426,426,529,529,539,539,539,554,430,430,461,461,461,494,348,348,348,366,366,366,366,366,121,154,154],"floor_reached":56,"language":"ENG","playtime":2361,"items_purged":["Strike_B","Strike_B","Strike_B","Strike_B","Defend_B","Defend_B","Defend_B","Defend_B","Streamline","Auto Shields","Self Repair","Storm"],"score":2088,"play_id":"8186c316-a18e-4d60-ab66-b3e739ee3722","local_time":"20210221021916","is_ascension_mode":true,"campfire_choices":[{"data":"Defragment","floor":7,"key":"SMITH"},{"data":"Hologram","floor":15,"key":"SMITH"},{"data":"Loop","floor":24,"key":"SMITH"},{"data":"Conserve Battery","floor":32,"key":"SMITH"},{"data":"Static Discharge","floor":40,"key":"SMITH"},{"floor":49,"key":"DIG"},{"data":"Capacitor","floor":52,"key":"SMITH"}],"circlet_count":0,"master_deck":["Zap+1","Dualcast","Storm+1","Ball Lightning","Melter","Leap","Barrage","Ball Lightning","Coolheaded","Ball Lightning","Go for the Eyes+1","Hologram+1","hubris:DuctTapeCard","Go for the Eyes+1","Static Discharge+1","Cold Snap","Leap","Capacitor+1","Conserve Battery+1","Loop+1","White Noise+1","Core Surge+1","Defragment+1","Double Energy+1","Self Repair+1","Defragment+1","Defragment+1","Defragment+1","Biased Cognition+1","Echo Form+1","Echo Form+1","Panache+1"],"relics":["Cracked Core","Akabeko","Unceasing Top","ReplayTheSpireMod:Ninjato","Gremlin Horn","Letter Opener","MerchantsRug","Oddly Smooth Stone","Bag of Preparation","Juzu Bracelet","Ginger","Orrery","hubris:DuctTape","ClockworkSouvenir","Mummified Hand","Bag of Marbles","hubris:SlimyHat","hubris:BallOfYels","Happy Flower","Membership Card","Frozen Egg 2","Mercury Hourglass","DataDisk","Kunai","aspiration:EnhancedActuators","Cables","Replay:Baseball","hubris:SoftwareUpdate","aspiration:StickyExplosives_weak","Replay:Bottled Flurry","hubris:DisguiseKit","hubris:RGBLights","Inserter","Singing Bowl","Smiling Mask","Sundial","Empty Cage","Replay:Frozen Program","ReplayTheSpireMod:Lightbulb","InkBottle","Shovel","Replay:Bottled Eggs","Bronze Scales","Bird Faced Urn","Geode"],"acts_visited":["Exordium","TheCity","TheBeyond","TheEnding"],"potions_floor_usage":[16,23,28,28,33,33,50,50,50,55,55,55],"damage_taken":[{"damage":0,"enemies":"Cultist","floor":1,"turns":1},{"damage":0,"enemies":"Replay:BlueRogue","floor":6,"turns":2},{"damage":0,"enemies":"Small Slimes","floor":10,"turns":1},{"damage":0,"enemies":"Lagavulin","floor":11,"turns":2},{"damage":0,"enemies":"2 Louse","floor":14,"turns":1},{"damage":0,"enemies":"Fading Forest","floor":16,"turns":4},{"damage":0,"enemies":"Spheric Guardian","floor":18,"turns":1},{"damage":0,"enemies":"Shell Parasite","floor":19,"turns":1},{"damage":0,"enemies":"Centurion and Healer","floor":22,"turns":1},{"damage":0,"enemies":"Replay:Snechameleon","floor":23,"turns":1},{"damage":0,"enemies":"Cultist and Chosen","floor":25,"turns":2},{"damage":3,"enemies":"Book of Stabbing","floor":27,"turns":2},{"damage":0,"enemies":"Chosen and Byrds","floor":28,"turns":2},{"damage":0,"enemies":"Snake Plant","floor":30,"turns":1},{"damage":0,"enemies":"Centurion and Healer","floor":31,"turns":2},{"damage":0,"enemies":"Automaton","floor":33,"turns":3},{"damage":1,"enemies":"3 Darklings","floor":35,"turns":2},{"damage":0,"enemies":"3 Shapes","floor":38,"turns":1},{"damage":0,"enemies":"R_Hoarder","floor":41,"turns":3},{"damage":0,"enemies":"Reptomancer","floor":44,"turns":2},{"damage":0,"enemies":"Maw","floor":48,"turns":3},{"damage":4,"enemies":"hubris:GrandSnecko","floor":50,"turns":3},{"damage":0,"enemies":"Shield and Spear","floor":54,"turns":2},{"damage":41,"enemies":"The Heart","floor":55,"turns":4}],"seed_played":"5864707417392570547","potions_obtained":[{"floor":1,"key":"PotionOfCapacity"},{"floor":6,"key":"SteroidPotion"},{"floor":8,"key":"Toxic Potion"},{"floor":18,"key":"SteroidPotion"},{"floor":25,"key":"LifebloodPotion"},{"floor":28,"key":"AttackPotion"},{"floor":33,"key":"SteroidPotion"},{"floor":35,"key":"LifebloodPotion"},{"floor":38,"key":"Dexterity Potion"},{"floor":44,"key":"Swift Potion"},{"floor":48,"key":"SneckoOil"}],"is_trial":false,"path_per_floor":["M","?","$","?","?","E","R","?","T","M","E","?","$","M","R","B",null,"M","M","$","?","M","E","R","M","T","E","M","?","M","M","R_BF","B",null,"M","?","?","M","$","R","E","?","T","E","$","?","?","M","R","B",null,"R","$","E","B",null],"character_chosen":"DEFECT","items_purchased":["Akabeko","Unceasing Top","ReplayTheSpireMod:Ninjato","Gremlin Horn","Letter Opener","Mango","MerchantsRug","Oddly Smooth Stone","Storm","Ball Lightning","Melter","Conserve Battery","Leap","Bag of Preparation","Streamline","Barrage","Juzu Bracelet","FIFO Queue","Ginger","Ball Lightning","Storm","Orrery","hubris:DuctTape","Go for the Eyes","Static Discharge","Capacitor","Cold Snap","ClockworkSouvenir","Leap","Gash","Capacitor","Mummified Hand","Self Repair","Conserve Battery","Loop","Bag of Marbles","White Noise","Core Surge","hubris:SlimyHat","Guide Book","hubris:BallOfYels","Happy Flower","Defragment","Membership Card","Double Energy","War Paint","Frozen Egg 2","Self Repair+1","Mercury Hourglass","DataDisk","Defragment+1","Kunai","Defragment+1","aspiration:EnhancedActuators","Cables","Replay:Baseball","Replay:Frozen Program","Panache+1","Bird Faced Urn","LiquidMemories","Fire Potion","Ancient Potion"],"campfire_rested":0,"item_purchase_floors":[0,0,0,0,0,0,0,0,0,0,0,0,0,0,0,0,0,0,0,0,0,0,0,0,0,0,0,0,0,0,0,0,0,0,0,0,0,0,0,0,0,0,0,0,0,0,0,0,0,0,0,0,0,0,0,0,39,45,53,53,53,53],"current_hp_per_floor":[89,89,89,89,89,89,89,89,89,89,89,89,89,89,89,89,89,89,89,89,89,89,91,91,93,93,92,97,97,99,101,101,101,101,103,103,103,105,105,105,105,100,100,102,102,102,102,104,104,104,104,104,104,106,84],"gold":154,"neow_bonus":"","is_daily":false,"chose_seed":false,"campfire_upgraded":6,"win_rate":0.0,"timestamp":1613902756,"path_taken":["M","?","$","?","?","E","R","?","T","M","E","?","?","M","R","BOSS","M","M","$","?","M","E","R","M","T","E","M","?","M","M","R_BF","BOSS","M","?","?","M","$","R","E","?","T","E","$","?","?","M","R","BOSS","R","$","E","BOSS"],"items_purchased_type":["Relic","Relic","Relic","Relic","Relic","Relic","Relic","Relic","Card","Card","Card","Card","Card","Relic","Card","Card","Relic","Card","Relic","Card","Card","Relic","Relic","Card","Card","Card","Card","Relic","Card","Card","Card","Relic","Card","Card","Card","Relic","Card","Card","Relic","Relic","Relic","Relic","Card","Relic","Card","Relic","Relic","Card","Relic","Relic","Card","Relic","Card","Relic","Relic","Relic","Relic","Card","Relic","Potion","Potion","Potion"],"build_version":"2020-12-22","purchased_purges":12,"victory":true,"max_hp_per_floor":[89,89,89,89,89,89,89,89,89,89,89,89,89,89,89,89,89,89,89,89,89,89,91,91,93,93,95,97,97,99,101,101,101,101,103,103,103,105,105,105,105,100,100,102,102,102,102,104,104,104,104,104,104,106,106],"card_choices":[{"not_picked":["Rebound","Rip and Tear"],"picked":"Coolheaded","floor":0},{"not_picked":["Compile Driver","Stack"],"picked":"Ball Lightning","floor":0},{"not_picked":["Auto Shields","Panic Button"],"picked":"Go for the Eyes","floor":0},{"not_picked":["Seek","BasicCrystalCard"],"picked":"Hologram","floor":0},{"not_picked":["hubris:PowerSurge","Compile Driver"],"picked":"Auto Shields","floor":0},{"not_picked":["Leap","Sweeping Beam","Streamline"],"picked":"SKIP","floor":1},{"not_picked":["Core Surge","Hologram"],"picked":"Defragment+1","floor":5},{"not_picked":["Rebound","Hologram","Rip and Tear"],"picked":"SKIP","floor":6},{"not_picked":["Stack","Undo","Leap"],"picked":"SKIP","floor":10},{"not_picked":["Coolheaded","aspiration:Polymerization"],"picked":"Biased Cognition+1","floor":11},{"not_picked":["Rebound","BootSequence","Coolheaded","FlurryOfBlows"],"picked":"SKIP","floor":14},{"not_picked":["BasicCrystalCard","Coolheaded","Conserve Battery","ClearTheMind"],"picked":"SKIP","floor":18},{"not_picked":["Ball Lightning","Streamline+1","Force Field","Study"],"picked":"SKIP","floor":19},{"not_picked":["Conserve Battery","Compile Driver","ReplayTheSpireMod:System Scan","Protect"],"picked":"SKIP","floor":22},{"not_picked":["Sweeping Beam","Turbo","Steam","Wireheading"],"picked":"Singing Bowl","floor":23},{"not_picked":["Turbo","Compile Driver","ReplayTheSpireMod:Reroute Power","Replay:AllIn"],"picked":"Singing Bowl","floor":25},{"not_picked":["Storm+1","Panic Button","Rebound","PathToVictory"],"picked":"Singing Bowl","floor":27},{"not_picked":["Redo","Go for the Eyes","Heatsinks+1","Replay:BluntJabs"],"picked":"Singing Bowl","floor":28},{"not_picked":["hubris:SpecializedCircuitry+1","Beam Cell","Barrage","CutThroughFate"],"picked":"Singing Bowl","floor":30},{"not_picked":["BasicCrystalCard+1","Turbo","Reprogram+1","Collect"],"picked":"Singing Bowl","floor":31},{"not_picked":["Rainbow","ReplayTheSpireMod:Omega Cannon","MasterReality"],"picked":"Echo Form+1","floor":33},{"not_picked":["Sweeping Beam","Fusion+1","Chaos","EmptyFist"],"picked":"Singing Bowl","floor":35},{"not_picked":["ReplayTheSpireMod:Repulse","Coolheaded","Sunder+1","ThirdEye"],"picked":"Singing Bowl","floor":38},{"not_picked":["Barrage","Reprogram+1","EmptyBody"],"picked":"Echo Form+1","floor":41},{"not_picked":["Panic Button","Chaos+1","Gash","Nirvana"],"picked":"Singing Bowl","floor":44},{"not_picked":["Streamline+1","Hologram","Rebound","FlyingSleeves"],"picked":"Singing Bowl","floor":48},{"not_picked":["hubris:Ukulele+1","Go for the Eyes","Turbo","ForeignInfluence"],"picked":"Singing Bowl","floor":54}],"player_experience":218244,"relics_obtained":[{"floor":5,"key":"hubris:SoftwareUpdate"},{"floor":6,"key":"aspiration:StickyExplosives_weak"},{"floor":9,"key":"Replay:Bottled Flurry"},{"floor":11,"key":"hubris:DisguiseKit"},{"floor":12,"key":"hubris:RGBLights"},{"floor":23,"key":"Singing Bowl"},{"floor":26,"key":"Smiling Mask"},{"floor":27,"key":"Sundial"},{"floor":41,"key":"ReplayTheSpireMod:Lightbulb"},{"floor":43,"key":"InkBottle"},{"floor":44,"key":"Shovel"},{"floor":49,"key":"Bronze Scales"},{"floor":54,"key":"Geode"}],"event_choices":[{"damage_healed":0,"gold_gain":0,"player_choice":"0 cards matched","damage_taken":0,"max_hp_gain":0,"max_hp_loss":0,"event_name":"Match and Keep!","floor":2,"gold_loss":0,"cards_obtained":[]},{"damage_healed":0,"gold_gain":0,"player_choice":"Upgraded","damage_taken":0,"max_hp_gain":0,"max_hp_loss":0,"event_name":"Upgrade Shrine","floor":4,"gold_loss":0,"cards_upgraded":["White Noise"]},{"damage_healed":0,"gold_gain":0,"player_choice":"Got Potions","damage_taken":0,"max_hp_gain":0,"max_hp_loss":0,"event_name":"Lab","floor":8,"gold_loss":0},{"damage_healed":0,"gold_gain":0,"player_choice":"Relic","damage_taken":0,"max_hp_gain":0,"max_hp_loss":0,"event_name":"Wheel of Change","floor":12,"gold_loss":0},{"damage_healed":0,"gold_gain":99,"player_choice":"Stole From Cult","damage_taken":0,"max_hp_gain":0,"max_hp_loss":0,"event_name":"Nest","floor":21,"gold_loss":0},{"damage_healed":0,"gold_gain":0,"player_choice":"Ignored","damage_taken":0,"max_hp_gain":0,"max_hp_loss":0,"event_name":"Ghosts","floor":29,"gold_loss":0},{"damage_healed":0,"gold_gain":0,"player_choice":"Ignored","damage_taken":0,"max_hp_gain":0,"max_hp_loss":0,"event_name":"Tomb of Lord Red Mask","floor":36,"gold_loss":0},{"damage_healed":0,"gold_gain":0,"player_choice":"Max HP","damage_taken":0,"max_hp_gain":0,"max_hp_loss":5,"event_name":"Winding Halls","floor":42,"gold_loss":0},{"damage_healed":0,"gold_gain":0,"player_choice":"Gave Potion","damage_taken":0,"relics_obtained":["Replay:Bottled Eggs"],"max_hp_gain":0,"max_hp_loss":0,"event_name":"WeMeetAgain","floor":47,"gold_loss":0}],"is_beta":false,"boss_relics":[{"not_picked":["FrozenCore","aspiration:Stellarator"],"picked":"Inserter"},{"not_picked":["Replay:Ancient Bell","hubris:GrandSneckoEye"],"picked":"Empty Cage"}],"items_purged_floors":[0,0,0,0,0,0,0,0,13,20,39,45],"is_endless":false,"potions_floor_spawned":[1,6,18,25,28,33,35,38,44,48],"ascension_level":7}}