{"host":"2lvuisjyit3p3u01","time":1613917683,"event":{"mods":["Act Like it!","BaseMod","Bestiary","Better Synergies","Bossed Relics","CapriCore","Colored Map","Colored Powertips","GifTheSpireLib","Minty Spire (QoL Compilation)","Quick Restart","Replay The Spire","StSLib"],"gold_per_floor":[116,116,140,161,236,236,236,251,251,275,114,129,129,148,148,277,277,302,302,322,345,345,345],"floor_reached":22,"language":"ENG","playtime":734,"items_purged":["Regret"],"score":207,"play_id":"b7016dd6-3047-4c7a-b19e-59c23efa0e16","local_time":"20210221162803","is_ascension_mode":true,"campfire_choices":[{"data":"Inflame","floor":6.0,"key":"SMITH"},{"floor":15.0,"key":"REST"}],"circlet_count":0,"master_deck":["Strike_R","Strike_R","Strike_R","Strike_R","Strike_R","Defend_R","Defend_R","Defend_R","Defend_R","Bash","Inflame+1","Clash","Armaments","Shrug It Off+1","Cleave","Iron Wave","Clash","Demon Form","Thunderclap+1","Limit Break","Bloodletting","Rupture"],"relics":["Burning Blood","Omamori","Golden Idol","Matryoshka","King of Hearts","Paper Frog","Ring of Hypnosis","Coffee Dripper"],"acts_visited":["Exordium","TheCity"],"potions_floor_usage":[22],"damage_taken":[{"damage":3.0,"enemies":"Small Slimes","floor":1.0,"turns":3.0},{"damage":11.0,"enemies":"2 Louse","floor":3.0,"turns":5.0},{"damage":12.0,"enemies":"Jaw Worm","floor":4.0,"turns":4.0},{"damage":13.0,"enemies":"Large Slime","floor":8.0,"turns":6.0},{"damage":7.0,"enemies":"Exordium Wildlife","floor":10.0,"turns":3.0},{"damage":9.0,"enemies":"Red Slaver","floor":12.0,"turns":2.0},{"damage":1.0,"enemies":"Large Slime","floor":14.0,"turns":4.0},{"damage":51.0,"enemies":"Slime Boss","floor":16.0,"turns":12.0},{"damage":11.0,"enemies":"Chosen","floor":18.0,"turns":4.0},{"damage":49.0,"enemies":"3 Byrds","floor":20.0,"turns":3.0},{"damage":24.0,"enemies":"Sentry and Sphere","floor":21.0,"turns":5.0},{"damage":8,"enemies":"Snecko","floor":22,"turns":2}],"seed_played":"3212841537586043890","potions_obtained":[{"floor":1.0,"key":"ElixirPotion"},{"floor":3.0,"key":"Swift Potion"},{"floor":8.0,"key":"FearPotion"},{"floor":10.0,"key":"ElixirPotion"},{"floor":18.0,"key":"PowerPotion"},{"floor":20.0,"key":"ElixirPotion"},{"floor":21.0,"key":"DuplicationPotion"}],"is_trial":false,"path_per_floor":["M","?","M","M","?","R","?","M","T","M","$","M","?","M","R","B",null,"M","?","M","M","M"],"character_chosen":"IRONCLAD","items_purchased":["Shrug It Off+1","Cleave"],"campfire_rested":1,"item_purchase_floors":[11,11],"current_hp_per_floor":[80,74,69,63,52,52,40,33,33,32,32,29,29,34,56,11,74,69,69,26,8,0,0],"gold":345,"neow_bonus":"RANDOM_EVENT","is_daily":false,"chose_seed":false,"campfire_upgraded":1,"win_rate":0.0,"timestamp":1613917683,"path_taken":["M","?","M","M","?","R","?","?","T","M","$","M","?","M","R","BOSS","M","?","?","M","M"],"items_purchased_type":["Card","Card"],"build_version":"2020-12-22","purchased_purges":1,"victory":false,"max_hp_per_floor":[80,74,74,74,74,74,74,74,74,74,74,74,74,74,74,74,74,74,74,74,74,74,74],"card_choices":[{"not_picked":["Clash","Replay:Undeath\u0027s Touch"],"picked":"Inflame","floor":1.0},{"not_picked":["ReplayReversal","Feel No Pain","Warcry"],"picked":"SKIP","floor":3.0},{"not_picked":["Metallicize","True Grit"],"picked":"Clash","floor":4.0},{"not_picked":["Seeing Red","Sentinel","Reckless Charge"],"picked":"SKIP","floor":8.0},{"not_picked":["Run Through","Feel No Pain"],"picked":"Armaments","floor":10.0},{"not_picked":["Replay:Many Hands","Run Through"],"picked":"Iron Wave","floor":12.0},{"not_picked":["Whirlwind","Perfected Strike"],"picked":"Clash","floor":14.0},{"not_picked":["Demonic Infusion","Immolate"],"picked":"Demon Form","floor":16.0},{"not_picked":["Clash","Perfected Strike+1"],"picked":"Thunderclap+1","floor":18.0},{"not_picked":["Havoc+1","Pummel"],"picked":"Bloodletting","floor":20.0},{"not_picked":["Body Slam","Pummel+1"],"picked":"Rupture","floor":21.0}],"player_experience":211215,"relics_obtained":[{"floor":9.0,"key":"King of Hearts"},{"floor":9.0,"key":"Paper Frog"},{"floor":13.0,"key":"Ring of Hypnosis"}],"event_choices":[{"damage_healed":0.0,"max_hp_gain":0.0,"max_hp_loss":0.0,"gold_gain":0.0,"event_name":"Big Fish","player_choice":"Box","floor":0.0,"gold_loss":0.0,"damage_taken":0.0,"relics_obtained":["Omamori"],"cards_obtained":["Regret"]},{"damage_healed":0.0,"max_hp_gain":0.0,"max_hp_loss":6.0,"gold_gain":0.0,"event_name":"Golden Idol","player_choice":"Lose Max HP","floor":2.0,"gold_loss":0.0,"damage_taken":0.0,"relics_obtained":["Golden Idol"]},{"damage_healed":0.0,"max_hp_gain":0.0,"max_hp_loss":0.0,"gold_gain":75.0,"event_name":"World of Goop","player_choice":"Gather Gold","floor":5.0,"gold_loss":0.0,"damage_taken":11.0},{"damage_healed":0.0,"max_hp_gain":0.0,"max_hp_loss":0.0,"gold_gain":0.0,"event_name":"Scrap Ooze","player_choice":"Success","floor":7.0,"gold_loss":0.0,"damage_taken":12.0,"relics_obtained":["Matryoshka"]},{"damage_healed":0.0,"max_hp_gain":0.0,"max_hp_loss":0.0,"gold_gain":0.0,"event_name":"Match and Keep!","player_choice":"1 cards matched","floor":19.0,"gold_loss":0.0,"damage_taken":0.0,"cards_obtained":["Limit Break"]}],"is_beta":false,"boss_relics":[{"not_picked":["Velvet Choker","SacredBark"],"picked":"Coffee Dripper"}],"items_purged_floors":[11],"is_endless":false,"potions_floor_spawned":[1,3,8,10,18,20,21],"killed_by":"Snecko","ascension_level":3}}