{"host":"snczp9esof91ppiq","time":1613894388,"event":{"mods":["AchievementEnabler","BaseMod","Better Match","Better Note","Better Sensory Stone","Better Skull","Colored Map","Colored Powertips","Hermit","Minty Spire (QoL Compilation)","Relic Stats","StSLib"],"gold_per_floor":[119,9,20,31,45,45,62,62,62,62,62,82,108,118,118,191,191,205,255,267,280,24,24,24,24],"floor_reached":24,"language":"ENG","playtime":1332,"items_purged":["Defend_R","Defend_R"],"score":340,"play_id":"1ef625a6-c574-4e44-9795-496eea478699","local_time":"20210221015948","is_ascension_mode":true,"campfire_choices":[{"data":"Heavy Blade","floor":6.0,"key":"SMITH"},{"data":"Barricade","floor":8.0,"key":"SMITH"},{"data":"Inflame","floor":11.0,"key":"SMITH"},{"data":"Armaments","floor":15,"key":"SMITH"},{"floor":23,"key":"REST"}],"circlet_count":0,"master_deck":["AscendersBane","Strike_R","Strike_R","Strike_R","Strike_R","Strike_R","Defend_R+1","Defend_R+1","Bash","Barricade+1","Inflame+1","Metallicize","Cleave","Headbutt","Heavy Blade+1","Thunderclap","Heavy Blade","True Grit","Armaments+1","Reaper","Entrench+1","Second Wind","Feel No Pain","Clothesline","Flame Barrier"],"relics":["Burning Blood","Potion Belt","War Paint","Mark of Pain"],"acts_visited":["Exordium","TheCity"],"potions_floor_usage":[16,18,20],"damage_taken":[{"damage":9.0,"enemies":"2 Louse","floor":1.0,"turns":2.0},{"damage":4.0,"enemies":"Small Slimes","floor":3.0,"turns":3.0},{"damage":4.0,"enemies":"Jaw Worm","floor":4.0,"turns":3.0},{"damage":15.0,"enemies":"Red Slaver","floor":5.0,"turns":4.0},{"damage":7.0,"enemies":"Blue Slaver","floor":7.0,"turns":4.0},{"damage":11.0,"enemies":"Lots of Slimes","floor":12.0,"turns":2.0},{"damage":16.0,"enemies":"3 Sentries","floor":13.0,"turns":6.0},{"damage":9,"enemies":"Looter","floor":14,"turns":3},{"damage":32,"enemies":"Slime Boss","floor":16,"turns":10},{"damage":24,"enemies":"2 Thieves","floor":18,"turns":4},{"damage":8,"enemies":"Spheric Guardian","floor":20,"turns":4},{"damage":25,"enemies":"Snake Plant","floor":21,"turns":6},{"damage":71,"enemies":"Book of Stabbing","floor":24,"turns":7}],"seed_played":"-8683014312892009483","potions_obtained":[{"floor":1.0,"key":"ColorlessPotion"},{"floor":5.0,"key":"HeartOfIron"},{"floor":7.0,"key":"Fire Potion"},{"floor":14,"key":"LiquidMemories"},{"floor":16,"key":"Weak Potion"},{"floor":18,"key":"HeartOfIron"}],"is_trial":false,"path_per_floor":["M","$","M","M","M","R","M","R","T","$","R","M","E","M","R","B",null,"M","?","M","M","$","R","E"],"character_chosen":"IRONCLAD","items_purchased":["Metallicize","Feel No Pain","Clothesline","Flame Barrier"],"campfire_rested":1,"item_purchase_floors":[2,22,22,22],"current_hp_per_floor":[65,65,67,69,60,60,59,59,59,59,59,54,44,41,41,15,60,52,52,50,34,34,56,0,0],"gold":24,"neow_bonus":"ONE_RANDOM_RARE_CARD","is_daily":false,"chose_seed":false,"campfire_upgraded":4,"win_rate":0.0,"timestamp":1613894388,"path_taken":["M","$","M","M","M","R","M","R","T","$","R","M","E","M","R","BOSS","M","?","M","M","$","R","E"],"items_purchased_type":["Card","Card","Card","Card"],"build_version":"2020-12-22","purchased_purges":2,"victory":false,"max_hp_per_floor":[75,75,75,75,75,75,75,75,75,75,75,75,75,75,75,75,75,75,75,75,75,75,75,75,75],"relic_stats":{"counters":[13,58],"War Paint":["Defend_R","Defend_R"],"obtain_stats":[{"Potion Belt":9,"Mark of Pain":17,"War Paint":13,"Burning Blood":0},{"Potion Belt":5,"Mark of Pain":9,"War Paint":7,"Burning Blood":0},{"Potion Belt":16,"Mark of Pain":37,"War Paint":24,"Burning Blood":0}],"Burning Blood":72},"card_choices":[{"not_picked":["Second Wind","Shockwave"],"picked":"Inflame","floor":1.0},{"not_picked":["Dual Wield","Reckless Charge"],"picked":"Cleave","floor":3.0},{"not_picked":["Flex","Burning Pact"],"picked":"Headbutt","floor":4.0},{"not_picked":["Disarm","Sever Soul"],"picked":"Heavy Blade","floor":5.0},{"not_picked":["Anger","True Grit"],"picked":"Thunderclap","floor":7.0},{"not_picked":["Flex","Dark Embrace"],"picked":"Heavy Blade","floor":12.0},{"not_picked":["Rampage","Reckless Charge"],"picked":"True Grit","floor":13.0},{"not_picked":["Body Slam","Searing Blow"],"picked":"Armaments","floor":14},{"not_picked":["Double Tap","Berserk"],"picked":"Reaper","floor":16},{"not_picked":["Pommel Strike","Thunderclap"],"picked":"Entrench+1","floor":18},{"not_picked":["Combust","Flex"],"picked":"Second Wind","floor":20},{"not_picked":["Clash","Whirlwind","Perfected Strike"],"picked":"SKIP","floor":21}],"player_experience":933775,"relics_obtained":[{"floor":9.0,"key":"Potion Belt"},{"floor":13.0,"key":"War Paint"}],"event_choices":[{"damage_healed":0,"gold_gain":100,"player_choice":"Bet on Murderer","damage_taken":0,"max_hp_gain":0,"max_hp_loss":0,"event_name":"The Joust","floor":19,"gold_loss":50}],"is_beta":false,"boss_relics":[{"not_picked":["Coffee Dripper","SacredBark"],"picked":"Mark of Pain"}],"items_purged_floors":[2,22],"is_endless":false,"potions_floor_spawned":[1,5,7,14,16,18],"killed_by":"Book of Stabbing","ascension_level":14}}