{"host":"2a0mdijsgk15db4y","time":1613872023,"event":{"mods":["AchievementEnabler","BaseMod","Colored Map","Colored Powertips","Downfall","Googly Eyes","Hermit","Highlight Path","Hubris","Jorbs\u0027s Wanderer Trilogy","Minty Spire (QoL Compilation)","Quick Restart","Rare Cards Sparkle","Replay The Spire","Shop Mod","StSLib","The Bug Knight","The Construct","The Cursed","The Hierophant","The Mystic"],"gold_per_floor":[112,124,124,42,53,78,78,78,78,105,134,162,59,59,59,209,209,252,263,1,15,27,27,27],"floor_reached":23,"language":"ENG","playtime":2248,"items_purged":[],"score":203,"play_id":"255cc1d2-00c2-400d-a282-daa78e1e475f","local_time":"20210220174703","is_ascension_mode":false,"campfire_choices":[{"data":"stsjorbsmod:TinyHut","floor":8.0,"key":"SMITH"},{"floor":15,"key":"REST"}],"circlet_count":0,"master_deck":["stsjorbsmod:ForbiddenGrimoire+1","stsjorbsmod:Strike_Wanderer","stsjorbsmod:Strike_Wanderer","stsjorbsmod:Defend_Wanderer","stsjorbsmod:Defend_Wanderer","stsjorbsmod:Defend_Wanderer","stsjorbsmod:Defend_Wanderer","stsjorbsmod:FreshAdventure","stsjorbsmod:EyeOfTheStorm+1","stsjorbsmod:BurningFlask","stsjorbsmod:BookOfTongues","stsjorbsmod:MagicMissiles","stsjorbsmod:TinyHut+1","stsjorbsmod:ParryingBlow","stsjorbsmod:Prestidigitation","stsjorbsmod:SchoolsOfMagic","Delirium","stsjorbsmod:Withdraw","stsjorbsmod:Withdraw","ReplayTheSpireMod:Brewmster"],"relics":["stsjorbsmod:GrimoireRelic","Gremlin Horn","Gremlin Food","MerchantsRug","ReplayTheSpireMod:Ring of Challenge","ReplayTheSpireMod:Ring of Exchange","DollysMirror","Bronze Scales"],"acts_visited":["Exordium","TheCity"],"potions_floor_usage":[16,22,23],"damage_taken":[{"damage":6.0,"enemies":"Jaw Worm","floor":1.0,"turns":4.0},{"damage":1.0,"enemies":"Cultist","floor":2.0,"turns":4.0},{"damage":13.0,"enemies":"Small Slimes","floor":5.0,"turns":3.0},{"damage":20.0,"enemies":"Gremlin Nob","floor":6.0,"turns":4.0},{"damage":5.0,"enemies":"Red Slaver","floor":10.0,"turns":4.0},{"damage":9,"enemies":"3 Sentries","floor":11,"turns":6},{"damage":1,"enemies":"2 Fungi Beasts","floor":12,"turns":4},{"damage":13,"enemies":"Fading Forest","floor":16,"turns":10},{"damage":15,"enemies":"Chosen","floor":18,"turns":7},{"damage":20,"enemies":"Spheric Guardian","floor":19,"turns":7},{"damage":14,"enemies":"Shelled Parasite and Fungi","floor":21,"turns":7},{"damage":6,"enemies":"Snake Plant","floor":22,"turns":5},{"damage":33,"enemies":"Slavers","floor":23,"turns":5}],"seed_played":"-1664977733212981438","potions_obtained":[{"floor":2.0,"key":"SteroidPotion"},{"floor":5.0,"key":"BlessingOfTheForge"},{"floor":11,"key":"GamblersBrew"},{"floor":12,"key":"Dexterity Potion"},{"floor":16,"key":"LiquidBronze"},{"floor":18,"key":"SpeedPotion"},{"floor":22,"key":"Fire Potion"}],"is_trial":false,"path_per_floor":["M","M","?","$","M","E","?","R","T","M","E","M","$","?","R","B",null,"M","M","$","M","M","E"],"character_chosen":"WANDERER","items_purchased":["stsjorbsmod:BookOfTongues","MerchantsRug","Bronze Scales","ReplayTheSpireMod:Brewmster"],"campfire_rested":1,"item_purchase_floors":[4,13,20,20],"current_hp_per_floor":[69,70,70,70,59,41,41,41,41,39,33,33,33,33,55,42,74,61,45,45,35,31,0,0],"gold":27,"neow_bonus":"TEN_PERCENT_HP_BONUS","is_daily":false,"chose_seed":false,"campfire_upgraded":1,"win_rate":0.0,"timestamp":1613872023,"path_taken":["M","M","?","?","?","E","?","R","T","M","E","?","$","?","R","BOSS","M","M","$","M","M","E"],"items_purchased_type":["Card","Relic","Relic","Card"],"build_version":"2020-12-22","purchased_purges":0,"victory":false,"max_hp_per_floor":[74,74,74,74,74,74,74,74,74,74,74,74,74,74,74,74,74,74,74,74,74,74,74,74],"card_choices":[{"not_picked":["stsjorbsmod:DoubleCheck","stsjorbsmod:Will","stsjorbsmod:ScorchingRay"],"picked":"SKIP","floor":1.0},{"not_picked":["stsjorbsmod:LoseGrip","stsjorbsmod:ScorchingRay"],"picked":"stsjorbsmod:BurningFlask","floor":2.0},{"not_picked":["stsjorbsmod:DisguiseSelf","stsjorbsmod:ChainLightning"],"picked":"stsjorbsmod:MagicMissiles","floor":5.0},{"not_picked":["stsjorbsmod:LocateObject","stsjorbsmod:Mending"],"picked":"stsjorbsmod:TinyHut","floor":6.0},{"not_picked":["stsjorbsmod:ChatteringStrike","stsjorbsmod:LoseGrip","stsjorbsmod:ParryingBlow"],"picked":"SKIP","floor":10.0},{"not_picked":["stsjorbsmod:RayOfFrost","stsjorbsmod:GatherPower"],"picked":"stsjorbsmod:Prestidigitation","floor":11},{"not_picked":["stsjorbsmod:RayOfFrost","stsjorbsmod:HedgeWizard"],"picked":"stsjorbsmod:SchoolsOfMagic","floor":12},{"not_picked":["stsjorbsmod:MirrorImage","stsjorbsmod:IvoryTower"],"picked":"stsjorbsmod:Withdraw","floor":16},{"not_picked":["stsjorbsmod:Mania","stsjorbsmod:ChatteringStrike+1","stsjorbsmod:RayOfFrost"],"picked":"SKIP","floor":18},{"not_picked":["stsjorbsmod:ChainLightning","stsjorbsmod:AnimateObjects+1","stsjorbsmod:WeightOfMemory+1"],"picked":"SKIP","floor":19},{"not_picked":["stsjorbsmod:ParryingBlow","stsjorbsmod:ArcaneWeapon","stsjorbsmod:Materialize"],"picked":"SKIP","floor":21},{"not_picked":["stsjorbsmod:RefuseToForget","stsjorbsmod:ArcaneWeapon","stsjorbsmod:FracturedMind"],"picked":"SKIP","floor":22}],"player_experience":194080,"relics_obtained":[{"floor":6.0,"key":"hubris:CrystalStatue"},{"floor":9.0,"key":"Gremlin Horn"},{"floor":11,"key":"Gremlin Food"},{"floor":14,"key":"ReplayTheSpireMod:Ring of Challenge"},{"floor":14,"key":"ReplayTheSpireMod:Ring of Exchange"}],"event_choices":[{"cards_removed":["stsjorbsmod:Strike_Wanderer"],"damage_healed":0.0,"max_hp_gain":0.0,"max_hp_loss":0.0,"gold_gain":0.0,"event_name":"Bonfire Elementals","player_choice":"Offered Basic","floor":3.0,"gold_loss":0.0,"damage_taken":0.0},{"damage_healed":0.0,"max_hp_gain":0.0,"max_hp_loss":0.0,"gold_gain":0.0,"cards_transformed":["stsjorbsmod:Strike_Wanderer"],"event_name":"Transmorgrifier","player_choice":"Transformed","floor":7.0,"gold_loss":0.0,"damage_taken":0.0,"cards_obtained":["stsjorbsmod:ParryingBlow"]}],"is_beta":false,"boss_relics":[{"not_picked":["Runic Dome","Lee\u0027s Waffle"],"picked":"DollysMirror"}],"items_purged_floors":[],"is_endless":false,"potions_floor_spawned":[2,5,11,12,16,18,22],"killed_by":"Slavers","ascension_level":0}}