{"host":"qnonbmyem8gan59d","time":1613870420,"event":{"mods":["BaseMod","Colored Powertips","Downfall","Hermit","Minty Spire (QoL Compilation)","Replay The Spire","StSLib"],"gold_per_floor":[99,118,193,211,229,229,229,256,283,283,296,307,331,431,459,563,563,563,590,590,614,635,635,688,527,527,192,216,232,258,49,77,186,186,196,220,351,351,369,421,421,421,421,446,467,117,143,163,220,230],"floor_reached":51,"language":"ENG","playtime":7706,"items_purged":[],"score":730,"play_id":"ad341d32-3737-4505-a5e3-2243eb47fc0f","local_time":"20210220192020","is_ascension_mode":false,"campfire_choices":[{"floor":1,"key":"RECALL"},{"data":"Slimebound:Split","floor":6,"key":"SMITH"},{"data":"Slimebound:OozeBath","floor":18,"key":"SMITH"},{"data":"Slimebound:CorrosiveSpit","floor":26,"key":"SMITH"}],"circlet_count":0,"master_deck":["Slimebound:Strike_Slimebound","Slimebound:Strike_Slimebound","Slimebound:Strike_Slimebound","Slimebound:Tackle","Slimebound:Defend_Slimebound","Slimebound:Defend_Slimebound","Slimebound:Defend_Slimebound","Slimebound:Defend_Slimebound","Slimebound:Split+1","Slimebound:CorrosiveSpit+1","Slimebound:MegaLick","Slimebound:Dissolve+1","Slimebound:GrowthPunch","Slimebound:ItLooksTasty","Slimebound:Prepare","Slimebound:GoopSpray","Slimebound:Schlurp","Slimebound:AcidTongue","Slimebound:OozeBath+1","Slimebound:LeechingTouch","Slimebound:HauntingLick","Slimebound:LeechEnergy","Slimebound:LeechingTouch","Slimebound:SamplingLick","Slimebound:SamplingLick+1","Slimebound:MegaLick","Slimebound:ViciousTackle","Slimebound:GoopSpray","Slimebound:Schlurp","Slimebound:SamplingLick","Slimebound:SamplingLick","Slimebound:SamplingLick","expansioncontent:QuickStudy","Slimebound:HauntingLick","expansioncontent:AwakenDeath","Slimebound:MegaLick","expansioncontent:QuickStudy","Slimebound:ViciousTackle","Slimebound:RejuvenatingLick","Slimebound:AcidTongue"],"relics":["Slimebound:AbsorbEndCombat","Odd Mushroom","Replay:Towering Pillar of Hats","Pen Nib","Replay:Bandana","SlaversCollar","Replay:Baseball","Lee\u0027s Waffle","FossilizedHelix","Lantern","SacredBark","Replay:WaspNest","Turnip","Letter Opener"],"acts_visited":["Exordium","TheCity","TheBeyond"],"potions_floor_usage":[5,9,12,22,29,35,50,50],"damage_taken":[{"damage":3,"enemies":"Small Slimes","floor":2,"turns":4},{"damage":1,"enemies":"2 Louse","floor":4,"turns":3},{"damage":5,"enemies":"Cultist","floor":5,"turns":5},{"damage":14,"enemies":"The Mushroom Lair","floor":8,"turns":4},{"damage":6,"enemies":"3 Sentries","floor":9,"turns":7},{"damage":3,"enemies":"Large Slime","floor":11,"turns":5},{"damage":4,"enemies":"Gremlin Gang","floor":12,"turns":3},{"damage":2,"enemies":"Red Slaver","floor":15,"turns":3},{"damage":29,"enemies":"WA_ARCHETYPE_RETAIN","floor":16,"turns":8},{"damage":23,"enemies":"3 Byrds","floor":19,"turns":5},{"damage":17,"enemies":"Chosen","floor":21,"turns":6},{"damage":5,"enemies":"3 Cultists","floor":22,"turns":5},{"damage":0,"enemies":"downfall:FleeingMerchant","floor":25,"turns":4},{"damage":0,"enemies":"downfall:FleeingMerchant","floor":27,"turns":4},{"damage":2,"enemies":"Snecko","floor":28,"turns":5},{"damage":7,"enemies":"Centurion and Healer","floor":29,"turns":6},{"damage":24,"enemies":"Sentry and Sphere","floor":30,"turns":6},{"damage":0,"enemies":"downfall:FleeingMerchant","floor":31,"turns":4},{"damage":0,"enemies":"Snake Plant","floor":32,"turns":4},{"damage":67,"enemies":"DF_ARCHETYPE_CLAW","floor":33,"turns":9},{"damage":7,"enemies":"DF_ARCHETYPE_CLAW","floor":35,"turns":4},{"damage":0,"enemies":"Orb Walker","floor":36,"turns":3},{"damage":0,"enemies":"downfall:FleeingMerchant","floor":37,"turns":3},{"damage":6,"enemies":"3 Darklings","floor":39,"turns":5},{"damage":0,"enemies":"3 Darklings","floor":40,"turns":2},{"damage":0,"enemies":"Jaw Worm Horde","floor":44,"turns":3},{"damage":18,"enemies":"Spire Growth","floor":45,"turns":5},{"damage":0,"enemies":"Transient","floor":47,"turns":5},{"damage":0,"enemies":"3 Darklings","floor":48,"turns":5},{"damage":0,"enemies":"4 Shapes","floor":49,"turns":2},{"damage":92,"enemies":"IC_BLOCK_ARCHETYPE","floor":50,"turns":8}],"seed_played":"-5717689555258934206","potions_obtained":[{"floor":5,"key":"EntropicBrew"},{"floor":11,"key":"champ:CounterPotion"},{"floor":21,"key":"ColorlessPotion"},{"floor":29,"key":"PowerPotion"},{"floor":32,"key":"AttackPotion"},{"floor":36,"key":"Languid Potion"},{"floor":44,"key":"Regen Potion"}],"is_trial":false,"path_per_floor":["R","M","?","M","M","R","T","?","E","?","M","M","T","?","M","B",null,"R","M","?","M","M","?","T","$","R","$","M","M","M","$","M","B",null,"R","M","$","?","M","?","T","?","?","M","M","$","M","M","M","B",null],"character_chosen":"SLIMEBOUND","items_purchased":["Lee\u0027s Waffle","FossilizedHelix","Slimebound:SamplingLick","Slimebound:GoopSpray","Lantern","Slimebound:SamplingLick","expansioncontent:QuickStudy","Slimebound:MegaLick","expansioncontent:QuickStudy","Slimebound:ViciousTackle"],"campfire_rested":0,"item_purchase_floors":[25,27,27,31,31,37,37,46,46,46],"current_hp_per_floor":[71,70,70,70,67,67,67,61,63,56,61,65,65,65,71,48,71,71,52,52,43,46,46,46,78,78,78,76,75,59,67,73,14,78,75,78,78,78,78,78,78,78,78,78,64,64,72,78,78,9],"gold":230,"neow_bonus":"TEN_PERCENT_HP_BONUS","is_daily":false,"chose_seed":false,"campfire_upgraded":3,"win_rate":0.0,"timestamp":1613870420,"path_taken":["R","M","?","M","M","R","T","?","E","?","M","M","?","?","M","BOSS","R","M","?","?","M","?","T","$","R","$","M","?","M","?","M","BOSS","R","M","$","?","M","?","T","?","?","M","M","?","M","M","M","BOSS"],"items_purchased_type":["Relic","Relic","Card","Card","Relic","Card","Card","Card","Card","Card"],"build_version":"2020-12-22","purchased_purges":0,"victory":true,"max_hp_per_floor":[71,71,71,71,71,71,71,71,71,71,71,71,71,71,71,71,71,71,71,71,71,71,71,71,78,78,78,78,78,78,78,78,78,78,78,78,78,78,78,78,78,78,78,78,78,78,78,78,78,78],"card_choices":[{"not_picked":["Slimebound:SplitAcid","Slimebound:SplitBruiser"],"picked":"Slimebound:MegaLick","floor":2},{"not_picked":["Slimebound:AcidTongue","Slimebound:LevelUp"],"picked":"Slimebound:Dissolve","floor":4},{"not_picked":["Slimebound:Chomp","Slimebound:Equalize"],"picked":"Slimebound:GrowthPunch","floor":5},{"not_picked":["Slimebound:BestDefense","Slimebound:SlimeTap"],"picked":"Slimebound:ItLooksTasty","floor":8},{"not_picked":["Slimebound:Nibble","Slimebound:LeechingTouch"],"picked":"Slimebound:Prepare","floor":9},{"not_picked":["Slimebound:LeechingTouch","Slimebound:LeechEnergy"],"picked":"Slimebound:GoopSpray","floor":11},{"not_picked":["Slimebound:SplitLeeching","Slimebound:SlimeTap"],"picked":"Slimebound:Schlurp","floor":12},{"not_picked":["Slimebound:MegaLick","Slimebound:ItLooksTasty"],"picked":"Slimebound:AcidTongue","floor":15},{"not_picked":["Slimebound:LeechLife","Slimebound:SelfFormingGoo"],"picked":"Slimebound:OozeBath","floor":16},{"not_picked":["Slimebound:FormOfPuddle","Slimebound:SplitLeeching","Slimebound:Grow"],"picked":"SKIP","floor":19},{"not_picked":["Slimebound:SplitAcid","Slimebound:FlameTackle"],"picked":"Slimebound:LeechingTouch","floor":21},{"not_picked":["Slimebound:PressTheAttack+1","Slimebound:SamplingLick"],"picked":"Slimebound:HauntingLick","floor":22},{"not_picked":["Slimebound:ProtectTheBoss","Slimebound:SplitMire+1"],"picked":"Slimebound:LeechEnergy","floor":25},{"not_picked":["Slimebound:SplitBruiser","Slimebound:SplitLeeching+1"],"picked":"Slimebound:LeechingTouch","floor":27},{"not_picked":["Slimebound:OneTwoCombo","Slimebound:LeechingTouch+1"],"picked":"Slimebound:SamplingLick+1","floor":28},{"not_picked":["Slimebound:FinishingTackle","Slimebound:SplitLeeching"],"picked":"Slimebound:MegaLick","floor":29},{"not_picked":["Slimebound:FinishingTackle+1","Slimebound:FlameTackle","Slimebound:ForwardTackle+1"],"picked":"SKIP","floor":30},{"not_picked":["Slimebound:SlimeBrawl","Slimebound:FinishingTackle"],"picked":"Slimebound:ViciousTackle","floor":31},{"not_picked":["Slimebound:SamplingLick","Slimebound:LivingWall+1"],"picked":"Slimebound:Schlurp","floor":32},{"not_picked":["Slimebound:LevelUp+1","Slimebound:SplitAcid+1"],"picked":"Slimebound:SamplingLick","floor":36},{"not_picked":["Slimebound:SplitLeeching+1","Slimebound:ComboTackle","Slimebound:BestDefense+1"],"picked":"SKIP","floor":37},{"not_picked":["Slimebound:GoopTackle","Slimebound:Gluttony+1","Slimebound:SlimeBarrage+1"],"picked":"SKIP","floor":39},{"not_picked":["Slimebound:SlimeBrawl","Slimebound:RollThrough"],"picked":"Slimebound:HauntingLick","floor":40},{"not_picked":["expansioncontent:InvincibleStrength","Replay:SS_hec_1"],"picked":"expansioncontent:AwakenDeath","floor":42},{"not_picked":["Slimebound:ComboTackle","Slimebound:LevelUp+1","Slimebound:SplitLeeching+1"],"picked":"SKIP","floor":44},{"not_picked":["Slimebound:LeechEnergy","Slimebound:Teamwork","Slimebound:SplitMire"],"picked":"SKIP","floor":45},{"not_picked":["Slimebound:ComboTackle+1","Slimebound:SlimeBrawl"],"picked":"Slimebound:RejuvenatingLick","floor":47},{"not_picked":["Slimebound:SplitLeeching","Slimebound:FlameTackle","Slimebound:Equalize+1"],"picked":"SKIP","floor":48},{"not_picked":["Slimebound:ComboTackle","Slimebound:Nibble"],"picked":"Slimebound:AcidTongue","floor":49}],"player_experience":93104,"relics_obtained":[{"floor":8,"key":"Odd Mushroom"},{"floor":9,"key":"Replay:Towering Pillar of Hats"},{"floor":13,"key":"Replay:Bandana"},{"floor":24,"key":"Replay:Baseball"},{"floor":38,"key":"Replay:WaspNest"},{"floor":40,"key":"Turnip"},{"floor":41,"key":"Letter Opener"}],"event_choices":[{"damage_healed":0,"gold_gain":0,"player_choice":"Fought Mushrooms","damage_taken":0,"max_hp_gain":0,"max_hp_loss":0,"event_name":"Mushrooms","floor":8,"gold_loss":0},{"damage_healed":0,"gold_gain":0,"player_choice":"Success","damage_taken":7,"relics_obtained":["Pen Nib"],"max_hp_gain":0,"max_hp_loss":0,"event_name":"Scrap Ooze","floor":10,"gold_loss":0},{"damage_healed":0,"gold_gain":0,"player_choice":"Forge","damage_taken":0,"max_hp_gain":0,"max_hp_loss":0,"event_name":"Accursed Blacksmith","floor":20,"gold_loss":0,"cards_upgraded":["Slimebound:Dissolve"]},{"damage_healed":0,"gold_gain":0,"player_choice":"Ignored","damage_taken":0,"max_hp_gain":0,"max_hp_loss":0,"event_name":"NoteForYourself","floor":23,"gold_loss":0}],"is_beta":false,"boss_relics":[{"not_picked":["Sozu","Replay:Grab Bag"],"picked":"SlaversCollar"},{"not_picked":["Runic Pyramid","Runic Dome"],"picked":"SacredBark"}],"items_purged_floors":[],"is_endless":false,"potions_floor_spawned":[5,8,11,21,29,32,33,36,44,45,49],"ascension_level":0}}