{"host":"wshh0nphwn6jv7vj","time":1613873157,"event":{"mods":["BaseMod","Bestiary","Minty Spire (QoL Compilation)","Relic Stats"],"gold_per_floor":[110,185,25,175,20,51,51,78,78,96,96,131,131,159,159,233,283,295,220,236,253,128,163,87,87,135,150,168,83,83,109,109,182,182,218,218,15,40,79,79,137,177,248,248,248,273,273,273,273,273,273],"floor_reached":50,"language":"ENG","playtime":4294,"items_purged":["Strike_P","Doubt","Defend_P"],"score":1250,"play_id":"4fdd18e8-c277-4b39-b9be-9edfc04d6260","local_time":"20210220210557","is_ascension_mode":true,"campfire_choices":[{"data":"Weave","floor":7,"key":"SMITH"},{"data":"CutThroughFate","floor":11,"key":"SMITH"},{"data":"1","floor":15,"key":"LIFT"},{"floor":25,"key":"REST"},{"floor":32,"key":"REST"},{"data":"2","floor":40,"key":"LIFT"},{"data":"3","floor":45,"key":"LIFT"},{"floor":47,"key":"REST"},{"floor":49,"key":"RECALL"}],"circlet_count":0,"master_deck":["AscendersBane","Strike_P+1","Defend_P","Defend_P","Defend_P+1","Eruption","Vigilance","CutThroughFate+1","Weave+1","JustLucky","Pray","CutThroughFate","Consecrate","DevaForm","Scrawl","Weave","WaveOfTheHand+1","Protect","LikeWater","ClearTheMind+1","Wireheading","JustLucky+1","J.A.X.","Wish","Nirvana","Evaluate+1","BowlingBash+1","Parasite"],"relics":["PureWater","NeowsBlessing","Oddly Smooth Stone","Whetstone","Orichalcum","FossilizedHelix","Girya","Tiny House","MealTicket","Lantern","PreservedInsect","Busted Crown","Membership Card","Molten Egg 2","Pantograph","Blood Vial","CeramicFish"],"acts_visited":["Exordium","TheCity","TheBeyond"],"potions_floor_usage":[6,16,16,27,33,38,42,42,46,50],"damage_taken":[{"damage":0,"enemies":"2 Louse","floor":1,"turns":1},{"damage":0,"enemies":"Gremlin Nob","floor":6,"turns":1},{"damage":0,"enemies":"Lagavulin","floor":8,"turns":1},{"damage":0,"enemies":"Small Slimes","floor":10,"turns":2},{"damage":0,"enemies":"Gremlin Nob","floor":12,"turns":2},{"damage":13,"enemies":"Lagavulin","floor":14,"turns":7},{"damage":27,"enemies":"Hexaghost","floor":16,"turns":8},{"damage":0,"enemies":"Spheric Guardian","floor":18,"turns":1},{"damage":8,"enemies":"2 Thieves","floor":20,"turns":4},{"damage":15,"enemies":"Snecko","floor":21,"turns":12},{"damage":25,"enemies":"Book of Stabbing","floor":23,"turns":9},{"damage":0,"enemies":"Centurion and Healer","floor":27,"turns":4},{"damage":0,"enemies":"3 Cultists","floor":28,"turns":5},{"damage":24,"enemies":"Slavers","floor":31,"turns":4},{"damage":26,"enemies":"Champ","floor":33,"turns":6},{"damage":0,"enemies":"3 Shapes","floor":35,"turns":4},{"damage":0,"enemies":"3 Darklings","floor":38,"turns":2},{"damage":7,"enemies":"Transient","floor":39,"turns":6},{"damage":0,"enemies":"Giant Head","floor":41,"turns":6},{"damage":39,"enemies":"Writhing Mass","floor":42,"turns":7},{"damage":34,"enemies":"Nemesis","floor":46,"turns":7},{"damage":72,"enemies":"Donu and Deca","floor":50,"turns":6}],"seed_played":"8567264382259733423","potions_obtained":[{"floor":10,"key":"Fruit Juice"},{"floor":12,"key":"Block Potion"},{"floor":17,"key":"SmokeBomb"},{"floor":20,"key":"GamblersBrew"},{"floor":28,"key":"LiquidBronze"},{"floor":33,"key":"AttackPotion"},{"floor":41,"key":"PowerPotion"},{"floor":42,"key":"Regen Potion"},{"floor":46,"key":"SteroidPotion"}],"is_trial":false,"path_per_floor":["M","?","$","?","$","E","R","E","T","M","R","E","?","E","R","B",null,"M","?","M","M","$","E","$","R","T","M","M","?","?","E","R","B",null,"M","?","$","M","M","R","E","M","T","T","R","E","R","?","R","B"],"character_chosen":"WATCHER","items_purchased":["Weave","Strength Potion","Wireheading","Membership Card","Nirvana"],"campfire_rested":3,"item_purchase_floors":[3,5,24,37,37],"current_hp_per_floor":[61,50,50,50,50,50,50,50,50,50,50,50,50,37,37,15,64,64,64,56,41,41,16,31,54,54,54,54,54,54,30,53,27,65,65,65,78,78,71,71,71,32,32,32,32,15,38,38,38,0,0],"gold":273,"neow_bonus":"THREE_ENEMY_KILL","is_daily":false,"chose_seed":false,"campfire_upgraded":2,"win_rate":0.0,"timestamp":1613873157,"path_taken":["M","?","$","?","$","E","R","E","T","M","R","E","?","E","R","BOSS","M","?","M","M","$","E","$","R","T","M","M","?","?","E","R","BOSS","M","?","$","M","M","R","E","M","T","?","R","E","R","?","R","BOSS"],"items_purchased_type":["Card","Potion","Card","Relic","Card"],"build_version":"2020-12-22","purchased_purges":3,"victory":false,"max_hp_per_floor":[68,68,68,68,68,68,68,68,68,68,68,68,68,68,68,73,78,78,78,78,78,78,78,78,78,78,78,78,78,78,78,78,78,78,78,78,78,78,78,78,78,78,78,78,78,78,78,78,78,78,78],"relic_stats":{"Blood Vial":4,"Busted Crown":10,"counters":[22,105],"Pantograph":25,"CeramicFish":0,"MealTicket":28,"PreservedInsect":180,"Whetstone":["Strike_P","Strike_P"],"Orichalcum":[60],"obtain_stats":[{"Girya":14,"Lantern":29,"Tiny House":17,"NeowsBlessing":0,"CeramicFish":46,"Oddly Smooth Stone":6,"PreservedInsect":31,"Whetstone":8,"Orichalcum":9,"Blood Vial":44,"Busted Crown":34,"Pantograph":43,"MealTicket":23,"Molten Egg 2":41,"Membership Card":37,"PureWater":0,"FossilizedHelix":12},{"Girya":6,"Lantern":13,"Tiny House":7,"NeowsBlessing":0,"CeramicFish":21,"Oddly Smooth Stone":2,"PreservedInsect":14,"Whetstone":3,"Orichalcum":3,"Blood Vial":20,"Busted Crown":15,"Pantograph":20,"MealTicket":11,"Molten Egg 2":19,"Membership Card":16,"PureWater":0,"FossilizedHelix":5},{"Girya":14,"Lantern":57,"Tiny House":22,"NeowsBlessing":0,"CeramicFish":99,"Oddly Smooth Stone":2,"PreservedInsect":61,"Whetstone":3,"Orichalcum":3,"Blood Vial":92,"Busted Crown":67,"Pantograph":92,"MealTicket":48,"Molten Egg 2":85,"Membership Card":71,"PureWater":0,"FossilizedHelix":7}]},"card_choices":[{"not_picked":["SashWhip","CrushJoints"],"picked":"CutThroughFate","floor":1},{"not_picked":["Tantrum","Consecrate"],"picked":"JustLucky","floor":6},{"not_picked":["ClearTheMind","FearNoEvil"],"picked":"Pray","floor":8},{"not_picked":["LikeWater","Evaluate"],"picked":"CutThroughFate","floor":10},{"not_picked":["PathToVictory","Adaptation"],"picked":"Consecrate","floor":12},{"not_picked":["PathToVictory","ForeignInfluence","WindmillStrike"],"picked":"SKIP","floor":14},{"not_picked":["Alpha","Ragnarok"],"picked":"Scrawl","floor":16},{"not_picked":["BowlingBash","EmptyFist"],"picked":"Weave","floor":17},{"not_picked":["Halt+1","CrushJoints"],"picked":"WaveOfTheHand+1","floor":18},{"not_picked":["WheelKick","ClearTheMind"],"picked":"Protect","floor":20},{"not_picked":["FlurryOfBlows","FlyingSleeves"],"picked":"LikeWater","floor":21},{"not_picked":["FlurryOfBlows","Tantrum"],"picked":"ClearTheMind+1","floor":23},{"not_picked":["EmptyBody","FollowUp","Indignation"],"picked":"SKIP","floor":27},{"not_picked":["EmptyBody+1","BowlingBash"],"picked":"JustLucky+1","floor":28},{"not_picked":["SignatureMove","BattleHymn","BowlingBash"],"picked":"SKIP","floor":31},{"not_picked":["Establishment","Judgement"],"picked":"Wish","floor":33},{"not_picked":["Halt+1"],"picked":"SKIP","floor":35},{"not_picked":[],"picked":"Evaluate+1","floor":39},{"not_picked":[],"picked":"BowlingBash+1","floor":41},{"not_picked":["ForeignInfluence"],"picked":"SKIP","floor":42},{"not_picked":["FollowUp+1"],"picked":"SKIP","floor":46}],"player_experience":1669472,"relics_obtained":[{"floor":6,"key":"Oddly Smooth Stone"},{"floor":8,"key":"Whetstone"},{"floor":9,"key":"Orichalcum"},{"floor":12,"key":"FossilizedHelix"},{"floor":14,"key":"Girya"},{"floor":23,"key":"MealTicket"},{"floor":31,"key":"PreservedInsect"},{"floor":41,"key":"Molten Egg 2"},{"floor":43,"key":"Pantograph"},{"floor":44,"key":"Blood Vial"},{"floor":46,"key":"CeramicFish"}],"event_choices":[{"damage_healed":0,"gold_gain":75,"player_choice":"Gather Gold","damage_taken":11,"max_hp_gain":0,"max_hp_loss":0,"event_name":"World of Goop","floor":2,"gold_loss":0},{"damage_healed":0,"gold_gain":150,"player_choice":"AGREE","damage_taken":0,"max_hp_gain":0,"max_hp_loss":0,"event_name":"Liars Game","floor":4,"gold_loss":0,"cards_obtained":["Doubt"]},{"damage_healed":0,"gold_gain":0,"cards_transformed":["Strike_P"],"player_choice":"Change","damage_taken":0,"max_hp_gain":0,"max_hp_loss":0,"event_name":"Living Wall","floor":13,"gold_loss":0,"cards_obtained":["DevaForm"]},{"cards_removed":["Strike_P"],"damage_healed":0,"gold_gain":0,"player_choice":"Gave Gold","damage_taken":0,"max_hp_gain":0,"max_hp_loss":0,"event_name":"Beggar","floor":19,"gold_loss":75},{"damage_healed":0,"gold_gain":0,"player_choice":"Obtained Relic","damage_taken":0,"relics_obtained":["Lantern"],"max_hp_gain":0,"max_hp_loss":0,"event_name":"Addict","floor":29,"gold_loss":85},{"damage_healed":0,"gold_gain":0,"player_choice":"Obtain J.A.X.","damage_taken":0,"max_hp_gain":0,"max_hp_loss":0,"event_name":"Drug Dealer","floor":30,"gold_loss":0,"cards_obtained":["J.A.X."]},{"damage_healed":0,"gold_gain":0,"player_choice":"Ignored","damage_taken":0,"max_hp_gain":0,"max_hp_loss":0,"event_name":"Tomb of Lord Red Mask","floor":36,"gold_loss":0},{"damage_healed":0,"gold_gain":0,"player_choice":"Ignored","damage_taken":0,"max_hp_gain":0,"max_hp_loss":0,"event_name":"Mysterious Sphere","floor":48,"gold_loss":0}],"is_beta":false,"boss_relics":[{"not_picked":["Snecko Eye","Sozu"],"picked":"Tiny House"},{"not_picked":["Velvet Choker","Fusion Hammer"],"picked":"Busted Crown"}],"items_purged_floors":[3,5,22],"is_endless":false,"potions_floor_spawned":[10,12,20,23,28,33,38,41,42,46],"killed_by":"Donu and Deca","ascension_level":17}}