{"host":"vjx32eilbdx7ga3d","time":1613936157,"event":{"mods":["A Penny For Your Troubles","Aspiration","BaseMod","Beaked The Cultist","Bestiary","Better Altar","Better Third Choice","BetterRewards","Bossed Relics","Colored Map","Conspire","Defuse TimeMaze Blight","Energized Spire","Fox Events","GifTheSpireLib","Halation","HexUI Lib","Hubris","Infinite Spire","Jedi Mod","Minty Spire (QoL Compilation)","Permanent Neow","Relic Sorter","Relic Stats","Reliquary","Replay The Spire","Spikes Relics","StSLib","Stuff the Spire","SuperFastMode","TheWitcher","Trackpad","Wandering Minibosses","[IsaacMod]????"],"gold_per_floor":[375,375,388,404,423,423,458,458,458,458,493,524,535,563,563,665,742,757,777,808,835,855,881,901,927,1059,1090,1090,1119,1131,1160,1160,1262,1339,1355,1405,1419,1437,1437,1472,1490,1524,1677,1677,1691,1691,1691,1691,1725,1742,1742,1742,1742],"floor_reached":52,"language":"ENG","playtime":1761,"items_purged":["Regret"],"score":756,"play_id":"7a982f43-9d60-4dd3-92b9-f0fba9716a2f","local_time":"20210221213557","is_ascension_mode":true,"campfire_choices":[{"data":"hubris:MerchantsHand","floor":6,"key":"SMITH"},{"data":"Invigoration","floor":8,"key":"SMITH"},{"floor":15,"key":"DIG"},{"data":"Heavy Blade","floor":28,"key":"SMITH"},{"data":"Massacre","floor":32,"key":"SMITH"},{"data":"Double Tap","floor":44,"key":"SMITH"},{"data":"infinitespire:Menacing","floor":51,"key":"SMITH"}],"circlet_count":0,"master_deck":["Strike_R","Strike_R","Strike_R","Strike_R","Strike_R","Defend_R","Defend_R","Defend_R","Defend_R","Bash","Defend_R","hubris:MerchantsHand+1","ReplayTheSpireMod:Limb From Limb","Sword Boomerang","Massacre+1","Invigoration+1","Feed","Heavy Blade+1","Flex+1","Whirlwind","Double Tap+1","infinitespire:Menacing+1"],"relics":["Burning Blood","HushsDoor","MoneyPower","StuffTheSpire:RedRose","trackpad:PetRock","SnafuTest:BearRelic","foxEvents:LuckyCharm","Question Card","aspiration:RitualDagger","Shuriken","reliquary:Spinner","CaptainsWheel","King of Hearts","Orichalcum","StuffTheSpire:Experiment12","reliquary:WritOfMandamus","Calipers","Matryoshka","infinitespire:PuzzleCube","Leech","halation:EternalFortune","infinitespire:Bottled Soul"],"acts_visited":["Exordium","TheCity","TheBeyond"],"potions_floor_usage":[20,20,25,25,27,42,42],"damage_taken":[{"damage":0,"enemies":"Cultist","floor":1,"turns":2},{"damage":5,"enemies":"conspire:RoseBush","floor":3,"turns":2},{"damage":1,"enemies":"2 Louse","floor":4,"turns":2},{"damage":7,"enemies":"Blue Slaver","floor":5,"turns":2},{"damage":40,"enemies":"3 Sentries","floor":7,"turns":8},{"damage":0,"enemies":"Colosseum Slavers","floor":11,"turns":1},{"damage":22,"enemies":"Lagavulin","floor":12,"turns":4},{"damage":2,"enemies":"2 Fungi Beasts","floor":13,"turns":3},{"damage":3,"enemies":"Gremlin Nob","floor":14,"turns":2},{"damage":45,"enemies":"Fading Forest","floor":16,"turns":11},{"damage":18,"enemies":"Chosen","floor":18,"turns":3},{"damage":16,"enemies":"Spheric Guardian","floor":19,"turns":3},{"damage":44,"enemies":"conspire:MimicChest","floor":20,"turns":4},{"damage":40,"enemies":"3 Cultists","floor":21,"turns":5},{"damage":50,"enemies":"conspire:HollyBat","floor":22,"turns":7},{"damage":74,"enemies":"conspire:Head Lice","floor":23,"turns":11},{"damage":18,"enemies":"Snake Plant","floor":24,"turns":2},{"damage":59,"enemies":"Gremlin Leader","floor":25,"turns":5},{"damage":14,"enemies":"Book of Stabbing","floor":27,"turns":3},{"damage":9,"enemies":"Snecko","floor":29,"turns":2},{"damage":33,"enemies":"Shelled Parasite and Fungi","floor":30,"turns":3},{"damage":16,"enemies":"conspire:Head Lice","floor":31,"turns":3},{"damage":22,"enemies":"conspire:MysteriousRune","floor":33,"turns":5},{"damage":7,"enemies":"Orb Walker","floor":35,"turns":2},{"damage":40,"enemies":"Mind Bloom Boss Battle","floor":36,"turns":3},{"damage":3,"enemies":"3 Darklings","floor":37,"turns":1},{"damage":0,"enemies":"Transient","floor":38,"turns":5},{"damage":8,"enemies":"Reptomancer","floor":40,"turns":3},{"damage":3,"enemies":"Jaw Worm Horde","floor":41,"turns":1},{"damage":66,"enemies":"Nightmare","floor":42,"turns":5},{"damage":20,"enemies":"Writhing Mass","floor":45,"turns":2},{"damage":28,"enemies":"R_Hoarder","floor":49,"turns":3},{"damage":5,"enemies":"Sphere and 2 Shapes","floor":50,"turns":1},{"damage":95,"enemies":"conspire:OrnateMirror","floor":52,"turns":3}],"seed_played":"-7290214283419277744","potions_obtained":[{"floor":1,"key":"Dexterity Potion"},{"floor":4,"key":"Elixir"},{"floor":18,"key":"HeartOfIron"},{"floor":19,"key":"Energy Potion"},{"floor":21,"key":"jedi:tentaclejuice"},{"floor":23,"key":"EssenceOfSteel"},{"floor":27,"key":"LiquidMemories"},{"floor":31,"key":"AttackPotion"},{"floor":37,"key":"LiquidMemories"},{"floor":40,"key":"AttackPotion"},{"floor":45,"key":"AttackPotion"},{"floor":49,"key":"Dexterity Potion"}],"is_trial":false,"path_per_floor":["M","?","M","M","M","R","E","R","T","$","?","E","M","E","R_BF","B",null,"M","M","?","M","M","E","M","E","T","E","R","M","M","E","R","B",null,"M","?","M","M","$","E","M","NM","T","R","M","?","PTL","PTL","E","M","R","B"],"character_chosen":"IRONCLAD","items_purchased":[],"campfire_rested":0,"item_purchase_floors":[],"current_hp_per_floor":[80,80,80,80,79,79,45,45,45,45,51,35,39,42,42,13,80,68,58,23,83,60,39,35,10,10,18,18,29,14,26,26,41,78,78,61,77,78,78,78,78,37,37,37,43,46,46,46,66,82,82,0,0],"gold":1742,"neow_bonus":"TWO_FIFTY_GOLD","is_daily":false,"chose_seed":false,"campfire_upgraded":6,"win_rate":0.0,"timestamp":1613936157,"path_taken":["M","?","M","M","?","R","E","R","T","$","?","E","M","E","R_BF","BOSS","M","M","?","M","?","E","M","E","T","E","R","M","M","E","R","BOSS","M","?","M","M","$","E","M","NM","T","R","M","?","PTL","PTL","E","M","R","BOSS"],"items_purchased_type":[],"build_version":"2020-12-22","purchased_purges":1,"victory":false,"max_hp_per_floor":[80,80,80,80,80,80,80,80,80,80,80,80,80,80,80,80,80,80,80,83,83,83,83,83,83,83,83,83,83,83,83,83,83,78,78,78,78,78,78,78,78,78,78,78,78,81,81,81,81,84,84,84,84],"relic_stats":{"counters":[34,120],"Shuriken":[18],"Orichalcum":[0],"Question Card":30,"obtain_stats":[{"KeepersGift":0,"SnafuTest:BearRelic":9,"Calipers":36,"trackpad:PetRock":7,"King of Hearts":26,"MoneyPower":0,"reliquary:Spinner":23,"Orichalcum":27,"Question Card":15,"Burning Blood":0,"Leech":43,"StuffTheSpire:Experiment12":31,"CaptainsWheel":25,"Matryoshka":40,"Shuriken":20,"infinitespire:Bottled Soul":49,"halation:EternalFortune":46,"foxEvents:LuckyCharm":11,"aspiration:RitualDagger":17,"StuffTheSpire:RedRose":2,"reliquary:WritOfMandamus":34,"HushsDoor":0,"infinitespire:PuzzleCube":42},{"KeepersGift":0,"SnafuTest:BearRelic":5,"Calipers":25,"trackpad:PetRock":5,"King of Hearts":18,"MoneyPower":0,"reliquary:Spinner":16,"Orichalcum":19,"Question Card":9,"Burning Blood":0,"Leech":30,"StuffTheSpire:Experiment12":22,"CaptainsWheel":18,"Matryoshka":28,"Shuriken":13,"infinitespire:Bottled Soul":32,"halation:EternalFortune":31,"foxEvents:LuckyCharm":6,"aspiration:RitualDagger":10,"StuffTheSpire:RedRose":1,"reliquary:WritOfMandamus":23,"HushsDoor":0,"infinitespire:PuzzleCube":30},{"KeepersGift":0,"SnafuTest:BearRelic":16,"Calipers":96,"trackpad:PetRock":16,"King of Hearts":75,"MoneyPower":0,"reliquary:Spinner":68,"Orichalcum":78,"Question Card":24,"Burning Blood":0,"Leech":111,"StuffTheSpire:Experiment12":86,"CaptainsWheel":75,"Matryoshka":105,"Shuriken":45,"infinitespire:Bottled Soul":116,"halation:EternalFortune":113,"foxEvents:LuckyCharm":17,"aspiration:RitualDagger":35,"StuffTheSpire:RedRose":2,"reliquary:WritOfMandamus":91,"HushsDoor":0,"infinitespire:PuzzleCube":111}],"Burning Blood":161},"card_choices":[{"not_picked":[],"picked":"Bomb","floor":0},{"not_picked":["StuffTheSpire:Incineration","Anger"],"picked":"ReplayTheSpireMod:Limb From Limb","floor":1},{"not_picked":["StuffTheSpire:Incineration","StuffTheSpire:RockThrow"],"picked":"Sword Boomerang","floor":3},{"not_picked":["Shrug It Off","Burning Pact"],"picked":"Massacre","floor":4},{"not_picked":["Sword Boomerang","Cleave","Armaments"],"picked":"SKIP","floor":5},{"not_picked":["Havoc","Berserk"],"picked":"Invigoration","floor":7},{"not_picked":["ReplayTheSpireMod:Muscle Training","StuffTheSpire:Slingshot","Headbutt"],"picked":"SKIP","floor":12},{"not_picked":["True Grit","Intimidate","ReplayTheSpireMod:Corrosion Curse"],"picked":"SKIP","floor":13},{"not_picked":["Intimidate","jedi:controlledanger","StuffTheSpire:Slingshot"],"picked":"SKIP","floor":14},{"not_picked":["Exhume","Demon Form","Brutality"],"picked":"Feed","floor":16},{"not_picked":["Blood for Blood","hubris:SharpeningStone","Clash+1","Carnage"],"picked":"SKIP","floor":18},{"not_picked":["StuffTheSpire:Slingshot","Twin Strike","Replay:Undeath\u0027s Touch","hubris:ReadiedAction"],"picked":"SKIP","floor":19},{"not_picked":["StuffTheSpire:Slingshot","Twin Strike","Replay:Undeath\u0027s Touch","hubris:ReadiedAction"],"picked":"SKIP","floor":19},{"not_picked":["Hemokinesis+1","Warcry+1","Cleave"],"picked":"Heavy Blade","floor":20},{"not_picked":["Perfected Strike+1","Replay:Undeath\u0027s Touch+1","Armaments","Sentinel"],"picked":"SKIP","floor":21},{"not_picked":["Metallicize+1","ReplayTheSpireMod:Stacked","Cleave","StuffTheSpire:BloodClot"],"picked":"SKIP","floor":22},{"not_picked":["Offering","True Grit","ReplayTheSpireMod:Muscle Training+1","StuffTheSpire:Pyroclast"],"picked":"SKIP","floor":23},{"not_picked":["Invigoration","hubris:CleavingFinish","StuffTheSpire:Incineration","Pommel Strike+1"],"picked":"SKIP","floor":24},{"not_picked":["Warcry","ReplayTheSpireMod:Strike From Hell","jedi:fear+1","Wild Strike"],"picked":"SKIP","floor":25},{"not_picked":["Ghostly Armor+1","StuffTheSpire:Slingshot","Body Slam"],"picked":"Flex+1","floor":27},{"not_picked":["StuffTheSpire:Incineration","Flame Barrier","StuffTheSpire:TitanForm"],"picked":"Whirlwind","floor":29},{"not_picked":["Body Slam","Hemokinesis+1","jedi:fear+1","StuffTheSpire:BloodClot"],"picked":"SKIP","floor":30},{"not_picked":["Armaments","Shrug It Off","Iron Wave","Invigoration"],"picked":"SKIP","floor":31},{"not_picked":["Barricade","jedi:harder","Bludgeon"],"picked":"Double Tap","floor":33},{"not_picked":["Replay:Undeath\u0027s Touch+1","Shrug It Off","Havoc","True Grit"],"picked":"SKIP","floor":35},{"not_picked":["Heavy Blade+1","jedi:fear+1","Combust","Infernal Blade+1"],"picked":"SKIP","floor":37},{"not_picked":["jedi:collectorstrike+1","Metallicize","Immolate","StuffTheSpire:Incineration"],"picked":"SKIP","floor":38},{"not_picked":["Iron Wave+1","StuffTheSpire:RockThrow+1","Whirlwind+1","Bloodletting+1"],"picked":"SKIP","floor":40},{"not_picked":["Uppercut+1","ReplayTheSpireMod:Stacked","Carnage","Fire Breathing+1"],"picked":"SKIP","floor":41},{"not_picked":["infinitespire:Oblivion","infinitespire:DeathsTouch"],"picked":"infinitespire:Menacing","floor":42},{"not_picked":["Massacre","Twin Strike","Sword Boomerang","Warcry+1"],"picked":"SKIP","floor":42},{"not_picked":["hubris:CleavingFinish+1","Iron Wave","Run Through+1","hubris:ReadiedAction"],"picked":"SKIP","floor":45},{"not_picked":["Cleave+1","StuffTheSpire:Slingshot","Heavy Blade+1","StuffTheSpire:RockThrow+1"],"picked":"SKIP","floor":49},{"not_picked":["Shrug It Off","Iron Wave","Heavy Blade","Massacre"],"picked":"SKIP","floor":50}],"player_experience":461496,"relics_obtained":[{"floor":7,"key":"trackpad:PetRock"},{"floor":9,"key":"SnafuTest:BearRelic"},{"floor":11,"key":"foxEvents:LuckyCharm"},{"floor":15,"key":"Question Card"},{"floor":20,"key":"Shuriken"},{"floor":23,"key":"reliquary:Spinner"},{"floor":25,"key":"CaptainsWheel"},{"floor":26,"key":"King of Hearts"},{"floor":27,"key":"Orichalcum"},{"floor":31,"key":"StuffTheSpire:Experiment12"},{"floor":36,"key":"Calipers"},{"floor":40,"key":"Matryoshka"},{"floor":42,"key":"infinitespire:PuzzleCube"},{"floor":43,"key":"Leech"},{"floor":49,"key":"infinitespire:Bottled Soul"}],"event_choices":[{"damage_healed":0,"gold_gain":0,"player_choice":"Fight","damage_taken":0,"max_hp_gain":0,"max_hp_loss":0,"event_name":"MindBloom","floor":36,"gold_loss":0}],"is_beta":false,"boss_relics":[{"not_picked":["hubris:Stopwatch","energizedSpire:OgreHead"],"picked":"aspiration:RitualDagger"},{"not_picked":[]},{"not_picked":["conspire:SeveredTorchhead","SacredBark"],"picked":"reliquary:WritOfMandamus"},{"not_picked":[]}],"items_purged_floors":[34],"is_endless":true,"potions_floor_spawned":[1,4,18,19,21,23,27,31,37,40,41,45,49],"killed_by":"conspire:OrnateMirror","ascension_level":1}}