{"host":"sim2kxx81cjsn49b","time":1613935201,"event":{"mods":["ATMod(阿瑾Mod)","BaseMod","Minty Spire (QoL Compilation)","StSLib","TestMod"],"gold_per_floor":[110,35,50,70,70,97,97,123,123,123,150,62,90,107,107,180,180,194,205,27,43,93,124,152,189,269,308,334,446,373,385,397,483,545,577,607,629,658,687,730,757,804,816,828,871,897,962,1003,1015,1027,1039,1051,1063,658,692,692],"floor_reached":57,"language":"ZHS","playtime":1770,"items_purged":["Defend_P","Fasting2+1","LessonLearned+1"],"score":3949,"play_id":"92cef6d5-b0af-4421-8a49-bc4008f12549","local_time":"20210222032001","is_ascension_mode":true,"campfire_choices":[{"data":"Fasting2","floor":7.0,"key":"SMITH"},{"data":"Eruption","floor":10.0,"key":"SMITH"},{"data":"Tantrum","floor":15.0,"key":"SMITH"},{"floor":32.0,"key":"RECALL"},{"data":"AT_ChampionStep","floor":44.0,"key":"SMITH"},{"floor":49.0,"key":"REST"},{"floor":53.0,"key":"REST"}],"circlet_count":0,"master_deck":["AscendersBane","AT_KingSlayer+1","Halt+1","CutThroughFate+1","Tantrum+1","FearNoEvil+1","Adaptation+1","Blasphemy+1","AT_ChampionStep+1","Adaptation+1","InnerPeace+1"],"relics":["PureWater","AT_ATBox","testmod-TestBox","testmod-Temperance","NeowsBlessing","Bag of Preparation","TeardropLocket","Potion Belt","Strawberry","Shuriken","Astrolabe","MawBank","PreservedInsect","testmod-AssaultLearning","testmod-CrystalShield","AT_DeathDance","AT_SunfireAegis","Tiny House","Smiling Mask","testmod-Maize","AT_SilvercatRing","Centennial Puzzle","Incense Burner","testmod-CasingShield","Pantograph","Bag of Marbles"],"acts_visited":["Exordium","TheCity","TheBeyond","TheEnding"],"potions_floor_usage":[56,56,56,56],"damage_taken":[{"damage":2.0,"enemies":"Small Slimes","floor":1.0,"turns":2.0},{"damage":0.0,"enemies":"Jaw Worm","floor":3.0,"turns":1.0},{"damage":0.0,"enemies":"Cultist","floor":4.0,"turns":1.0},{"damage":28.0,"enemies":"Lagavulin","floor":6.0,"turns":6.0},{"damage":16.0,"enemies":"3 Sentries","floor":8.0,"turns":7.0},{"damage":0.0,"enemies":"Lagavulin","floor":11.0,"turns":2.0},{"damage":0.0,"enemies":"3 Sentries","floor":13.0,"turns":2.0},{"damage":0.0,"enemies":"Large Slime","floor":14.0,"turns":1.0},{"damage":0.0,"enemies":"Hexaghost","floor":16.0,"turns":2.0},{"damage":0.0,"enemies":"Shell Parasite","floor":18.0,"turns":1.0},{"damage":0.0,"enemies":"3 Byrds","floor":19.0,"turns":2.0},{"damage":0.0,"enemies":"Centurion and Healer","floor":21.0,"turns":1.0},{"damage":0.0,"enemies":"Gremlin Leader","floor":23.0,"turns":1.0},{"damage":0.0,"enemies":"3 Cultists","floor":24.0,"turns":2.0},{"damage":0.0,"enemies":"Slavers","floor":25.0,"turns":1.0},{"damage":0.0,"enemies":"Gremlin Leader","floor":27.0,"turns":1.0},{"damage":0.0,"enemies":"Snecko","floor":28.0,"turns":1.0},{"damage":0.0,"enemies":"Colosseum Slavers","floor":29.0,"turns":1.0},{"damage":0.0,"enemies":"Colosseum Nobs","floor":29.0,"turns":1.0},{"damage":0.0,"enemies":"Automaton","floor":33.0,"turns":1.0},{"damage":0.0,"enemies":"Orb Walker","floor":35.0,"turns":1.0},{"damage":0.0,"enemies":"3 Darklings","floor":36.0,"turns":1.0},{"damage":0.0,"enemies":"Spire Growth","floor":37.0,"turns":1.0},{"damage":0.0,"enemies":"4 Shapes","floor":38.0,"turns":3.0},{"damage":0.0,"enemies":"Writhing Mass","floor":39.0,"turns":1.0},{"damage":0.0,"enemies":"Giant Head","floor":40.0,"turns":1.0},{"damage":0.0,"enemies":"Maw","floor":41.0,"turns":1.0},{"damage":0.0,"enemies":"Nemesis","floor":42.0,"turns":1.0},{"damage":0.0,"enemies":"Giant Head","floor":45.0,"turns":1.0},{"damage":0.0,"enemies":"Sphere and 2 Shapes","floor":46.0,"turns":2.0},{"damage":0.0,"enemies":"2 Orb Walkers","floor":47.0,"turns":1.0},{"damage":0.0,"enemies":"Reptomancer","floor":48.0,"turns":1.0},{"damage":0.0,"enemies":"Awakened One","floor":50.0,"turns":2.0},{"damage":0.0,"enemies":"Time Eater","floor":51.0,"turns":1.0},{"damage":0.0,"enemies":"Shield and Spear","floor":55.0,"turns":1.0},{"damage":3,"enemies":"The Heart","floor":56,"turns":5}],"seed_played":"808575024201560827","potions_obtained":[{"floor":3.0,"key":"testmod-TimePotion"},{"floor":6.0,"key":"Energy Potion"},{"floor":8.0,"key":"EssenceOfSteel"},{"floor":14.0,"key":"Strength Potion"},{"floor":18.0,"key":"AttackPotion"},{"floor":38.0,"key":"testmod-SpacePotion"},{"floor":45.0,"key":"SkillPotion"},{"floor":47.0,"key":"SteroidPotion"}],"is_trial":false,"path_per_floor":["M","$","M","M","?","E","R","E","T","R","E","$","E","M","R","B",null,"M","M","$","M","?","E","M","E","T","E","M","?","?","?","R","B",null,"M","M","M","M","M","E","M","E","T","R","E","M","?","E","R","B","B",null,"R","$","E","B",null],"character_chosen":"WATCHER","items_purchased":["Tantrum","Adaptation","InnerPeace","Pantograph"],"campfire_rested":2,"item_purchase_floors":[12,20,54,54],"current_hp_per_floor":[59,59,59,59,59,31,31,15,15,15,22,22,22,22,22,22,62,62,62,62,62,62,62,62,62,62,62,62,62,62,62,62,62,77,77,77,77,77,77,77,77,77,77,77,77,77,77,77,80,80,80,80,80,80,80,77],"gold":692,"neow_bonus":"THREE_ENEMY_KILL","is_daily":false,"chose_seed":false,"campfire_upgraded":4,"win_rate":0.0,"timestamp":1613935201,"path_taken":["M","$","M","M","?","E","R","E","T","R","E","$","E","M","R","BOSS","M","M","$","M","?","E","M","E","T","E","M","?","?","?","R","BOSS","M","M","?","M","M","E","M","E","T","R","E","M","?","E","R","BOSS","BOSS","R","$","E","BOSS"],"items_purchased_type":["Card","Card","Card","Relic"],"build_version":"2020-12-22","purchased_purges":3,"victory":true,"max_hp_per_floor":[68,68,68,68,68,68,68,68,68,68,75,75,75,75,75,75,75,75,75,75,75,75,75,75,75,75,75,75,75,75,75,75,75,80,80,80,80,80,80,80,80,80,80,80,80,80,80,80,80,80,80,80,80,80,80,80],"card_choices":[{"not_picked":["FollowUp","EmptyBody","ClearTheMind"],"picked":"SKIP","floor":1.0},{"not_picked":["PathToVictory","WaveOfTheHand"],"picked":"BowlingBash","floor":3.0},{"not_picked":["JustLucky","ClearTheMind","CarveReality"],"picked":"SKIP","floor":4.0},{"not_picked":["AT_RealFormLess","Scrawl"],"picked":"Fasting2","floor":6.0},{"not_picked":["MasterReality","ThirdEye","Weave"],"picked":"SKIP","floor":8.0},{"not_picked":["Conclude","FlyingSleeves","Prostrate"],"picked":"SKIP","floor":11.0},{"not_picked":["Devotion","ThirdEye","MentalFortress"],"picked":"SKIP","floor":13.0},{"not_picked":["Worship","BowlingBash","Crescendo"],"picked":"SKIP","floor":14.0},{"not_picked":["ThirdEye+1","EmptyBody+1","Halt"],"picked":"SKIP","floor":18.0},{"not_picked":["ThirdEye","Crescendo+1","Meditate+1"],"picked":"SKIP","floor":19.0},{"not_picked":["ClearTheMind","EmptyBody","EmptyFist"],"picked":"SKIP","floor":21.0},{"not_picked":["SpiritShield","FlurryOfBlows","Prostrate"],"picked":"SKIP","floor":23.0},{"not_picked":["FollowUp","ThirdEye","ClearTheMind"],"picked":"SKIP","floor":24.0},{"not_picked":["JustLucky","PathToVictory","CrushJoints"],"picked":"SKIP","floor":25.0},{"not_picked":["MasterReality","PathToVictory","ClearTheMind"],"picked":"SKIP","floor":27.0},{"not_picked":["CarveReality","SashWhip","Protect+1"],"picked":"SKIP","floor":28.0},{"not_picked":["Judgement","AT_RealColorLess"],"picked":"Blasphemy","floor":33.0},{"not_picked":["Nirvana","Wireheading","Crescendo"],"picked":"SKIP","floor":35.0},{"not_picked":["CrushJoints","ClearTheMind+1","DeceiveReality"],"picked":"SKIP","floor":36.0},{"not_picked":["Evaluate","Swivel","SpiritShield"],"picked":"SKIP","floor":37.0},{"not_picked":["CutThroughFate","FollowUp"],"picked":"AT_ChampionStep","floor":38.0},{"not_picked":["Evaluate","SashWhip","EmptyFist+1"],"picked":"SKIP","floor":39.0},{"not_picked":["AT_OneInchPunch","Evaluate","CutThroughFate"],"picked":"SKIP","floor":40.0},{"not_picked":["DeceiveReality","Perseverance"],"picked":"Adaptation","floor":41.0},{"not_picked":["FearNoEvil","Halt","Weave"],"picked":"SKIP","floor":42.0},{"not_picked":["CarveReality+1","Halt","ReachHeaven"],"picked":"SKIP","floor":45.0},{"not_picked":["SashWhip+1","EmptyBody","PathToVictory"],"picked":"SKIP","floor":46.0},{"not_picked":["CrushJoints","DeceiveReality","Omniscience"],"picked":"SKIP","floor":48.0},{"not_picked":["AT_SoftenMuscles","Evaluate","ClearTheMind+1"],"picked":"SKIP","floor":55.0}],"player_experience":623743,"relics_obtained":[{"floor":6.0,"key":"Bag of Preparation"},{"floor":8.0,"key":"TeardropLocket"},{"floor":9.0,"key":"Potion Belt"},{"floor":11.0,"key":"Strawberry"},{"floor":13.0,"key":"Shuriken"},{"floor":23.0,"key":"MawBank"},{"floor":25.0,"key":"PreservedInsect"},{"floor":27.0,"key":"testmod-AssaultLearning"},{"floor":29.0,"key":"testmod-CrystalShield"},{"floor":29.0,"key":"AT_DeathDance"},{"floor":40.0,"key":"Smiling Mask"},{"floor":42.0,"key":"testmod-Maize"},{"floor":43.0,"key":"AT_SilvercatRing"},{"floor":45.0,"key":"Centennial Puzzle"},{"floor":47.0,"key":"Incense Burner"},{"floor":48.0,"key":"testmod-CasingShield"},{"floor":55.0,"key":"Bag of Marbles"}],"event_choices":[{"damage_healed":0.0,"max_hp_gain":0.0,"max_hp_loss":0.0,"gold_gain":0.0,"event_name":"给自己的盒子","player_choice":"Swap Relic","floor":5.0,"relics_lost":["Pandora\u0027s Box"],"gold_loss":0.0,"damage_taken":0.0,"relics_obtained":["Pandora\u0027s Box"]},{"damage_healed":0.0,"max_hp_gain":0.0,"max_hp_loss":0.0,"gold_gain":50.0,"event_name":"Nest","player_choice":"Stole From Cult","floor":22.0,"gold_loss":0.0,"damage_taken":0.0},{"damage_healed":0.0,"max_hp_gain":0.0,"max_hp_loss":0.0,"gold_gain":0.0,"event_name":"Colosseum","player_choice":"Fight","floor":29.0,"gold_loss":0.0,"damage_taken":0.0},{"damage_healed":0.0,"max_hp_gain":0.0,"max_hp_loss":0.0,"gold_gain":0.0,"event_name":"Colosseum","player_choice":"Fought Nobs","floor":29.0,"gold_loss":0.0,"damage_taken":0.0},{"damage_healed":0.0,"max_hp_gain":0.0,"max_hp_loss":0.0,"gold_gain":0.0,"event_name":"Addict","player_choice":"Obtained Relic","floor":30.0,"gold_loss":85.0,"damage_taken":0.0,"relics_obtained":["AT_SunfireAegis"]},{"damage_healed":0.0,"max_hp_gain":0.0,"max_hp_loss":0.0,"gold_gain":0.0,"event_name":"Accursed Blacksmith","player_choice":"Ignored","floor":31.0,"gold_loss":0.0,"damage_taken":0.0},{"damage_healed":0.0,"max_hp_gain":0.0,"max_hp_loss":0.0,"gold_gain":0.0,"event_name":"Mysterious Sphere","player_choice":"Fight","floor":47.0,"gold_loss":0.0,"damage_taken":0.0}],"is_beta":false,"boss_relics":[{"not_picked":["Sozu","testmod-EnergyCheck"],"picked":"Astrolabe"},{"not_picked":["Coffee Dripper","AT_MortalBlade"],"picked":"Tiny House"}],"items_purged_floors":[2,20,54],"is_endless":false,"potions_floor_spawned":[3,6,8,14,18,19,28,29,33,35,38,39,45,47,55],"ascension_level":20}}