{"host":"xkc7tfemhzdc5j5t","time":1613904067,"event":{"mods":["AchievementEnabler","Act Like it!","BaseMod","BetterRewards","Colored Map","Colored Powertips","Downfall","Gensokyo","Hallownest","Hermit","Highlight Path","Infinite Spire","Marisa£®ÏF”Í°°ƒß¿Ì…≥£©","Minty Spire (QoL Compilation)","Prisma Mod","Quick Restart","Reimu£®≤©¿ˆ¡È√Œ£©","Replay The Spire","Shop Mod","StSLib","SuperFastMode","The Bug Knight","The Construct","The Cursed","The Disciple","The Hierophant","The Jungle","The Necromancer","The Runesmith","The Servant 0.9.4","Youmu£®ªÍ∆«—˝√Œ£©"],"gold_per_floor":[117,117,117,130,141,160,178,178,205,185,110,127,147,175,175,252,252,270,270,220,220,25,25,25],"floor_reached":23,"language":"ZHS","playtime":1044,"items_purged":["Strike_B","Defend_B"],"score":344,"play_id":"4877d35d-9fa7-4b48-9d8d-6a68dc429829","local_time":"20210221184107","is_ascension_mode":true,"campfire_choices":[{"data":"Zap","floor":8.0,"key":"SMITH"},{"data":"Beam Cell","floor":15,"key":"SMITH"}],"circlet_count":0,"master_deck":["AscendersBane","Strike_B","Strike_B","Strike_B","Defend_B","Defend_B","Zap+1","Dualcast","Leap","Rebound","ReplayTheSpireMod:Calculation Training","Machine Learning","Beam Cell+1","Ball Lightning","Seek","Loop","ReplayTheSpireMod:Calculation Training","Apotheosis"],"relics":["Cracked Core","NeowsBlessing","HollowMod:PaleOreRelic","Anchor","Smiling Mask","Replay:Grab Bag","Cursed Key","Sozu","Black Star"],"acts_visited":["Exordium","TheCity"],"potions_floor_usage":[16,16],"damage_taken":[{"damage":0.0,"enemies":"Jaw Worm","floor":1.0,"turns":1.0},{"damage":0.0,"enemies":"Small Slimes","floor":4.0,"turns":1.0},{"damage":0.0,"enemies":"2 Louse","floor":5.0,"turns":1.0},{"damage":11.0,"enemies":"Lots of Slimes","floor":6.0,"turns":4.0},{"damage":0.0,"enemies":"Large Slime","floor":7.0,"turns":4.0},{"damage":2.0,"enemies":"Looter","floor":12.0,"turns":3.0},{"damage":0.0,"enemies":"2 Fungi Beasts","floor":13.0,"turns":3.0},{"damage":3,"enemies":"Gremlin Nob","floor":14,"turns":3},{"damage":13,"enemies":"Slime Boss","floor":16,"turns":6},{"damage":6,"enemies":"3 Byrds","floor":18,"turns":4},{"damage":54,"enemies":"Slavers","floor":23,"turns":3}],"seed_played":"7419492437194050437","potions_obtained":[{"floor":5.0,"key":"Fire Potion"},{"floor":6.0,"key":"Fire Potion"}],"is_trial":false,"path_per_floor":["M","?","?","M","M","M","M","R","T","?","$","M","M","E","R","B",null,"M","?","$","?","$","E"],"character_chosen":"DEFECT","items_purchased":["Apotheosis"],"campfire_rested":0,"item_purchase_floors":[22],"current_hp_per_floor":[64,64,53,53,53,42,42,42,42,42,42,40,40,37,37,24,59,53,53,53,53,53,0,0],"gold":25,"neow_bonus":"THREE_ENEMY_KILL","is_daily":false,"chose_seed":false,"campfire_upgraded":2,"win_rate":0.0,"timestamp":1613904067,"path_taken":["M","?","?","?","M","M","M","R","T","?","$","M","?","E","R","BOSS","M","?","$","?","$","E"],"items_purchased_type":["Card"],"build_version":"2020-12-22","purchased_purges":2,"victory":false,"max_hp_per_floor":[71,71,71,71,71,71,71,71,71,71,71,71,71,71,71,71,71,71,71,71,71,71,71,71],"card_choices":[{"not_picked":["Blizzard","Go for the Eyes"],"picked":"Leap","floor":1.0},{"not_picked":["Steam Power","Stack"],"picked":"Rebound","floor":4.0},{"not_picked":["Compile Driver","Blizzard"],"picked":"ReplayTheSpireMod:Calculation Training","floor":5.0},{"not_picked":["Coolheaded","Go for the Eyes"],"picked":"Machine Learning","floor":6.0},{"not_picked":["Rebound","Coolheaded","Barrage"],"picked":"SKIP","floor":7.0},{"not_picked":["Fission","Coolheaded"],"picked":"Beam Cell","floor":12.0},{"not_picked":["Undo","BasicCrystalCard"],"picked":"Ball Lightning","floor":13.0},{"not_picked":["Coolheaded","Steam Power","Lockon"],"picked":"SKIP","floor":14},{"not_picked":["Meteor Strike","Echo Form"],"picked":"Seek","floor":16},{"not_picked":["Beam Cell","Streamline"],"picked":"Loop","floor":18}],"player_experience":800530,"relics_obtained":[{"floor":9.0,"key":"Anchor"},{"floor":14,"key":"Smiling Mask"}],"event_choices":[{"damage_healed":0.0,"max_hp_gain":0.0,"max_hp_loss":0.0,"gold_gain":0.0,"event_name":"Scrap Ooze","player_choice":"Success","floor":3.0,"gold_loss":0.0,"damage_taken":11.0,"relics_obtained":["HollowMod:PaleOreRelic"]},{"damage_healed":0.0,"max_hp_gain":0.0,"max_hp_loss":0.0,"gold_gain":0.0,"event_name":"The Woman in Blue","player_choice":"Bought 1 Potion","floor":10.0,"gold_loss":0.0,"damage_taken":0.0},{"damage_healed":0,"gold_gain":0,"player_choice":"Read","damage_taken":0,"max_hp_gain":0,"max_hp_loss":0,"event_name":"The Library","floor":21,"gold_loss":0,"cards_obtained":["ReplayTheSpireMod:Calculation Training"]}],"is_beta":false,"boss_relics":[{"not_picked":["Coffee Dripper","construct:ClawGrip"],"picked":"Replay:Grab Bag"},{"not_picked":["Runic Dome","Velvet Choker"],"picked":"Cursed Key"},{"not_picked":["ChewingGum","Fusion Hammer"],"picked":"Sozu"},{"not_picked":["Kintsugi","Astrolabe"],"picked":"Black Star"}],"items_purged_floors":[11,20],"is_endless":false,"potions_floor_spawned":[5,6,7,13,18],"killed_by":"Slavers","ascension_level":16}}