{"host":"i45hfqkcke4zequp","time":1613919405,"event":{"mods":["AchievementEnabler","BaseMod","BetterRewards","Minty Spire (QoL Compilation)","Permanent Neow","Shop Mod","SuperFastMode"],"gold_per_floor":[113,113,78,153,113,143,143,163,163,181,193,206,217,236,236,341,341,355,355,355,355,454,454,132,132,212,225,243,254,42,75,75,175,175,190,240,250,250,122,122,154,129,129,129,145,145,145,162,162,162],"floor_reached":51,"language":"KOR","playtime":3284,"items_purged":["Shame"],"score":1281,"play_id":"62886661-bafb-41bf-8db4-d5d320a84a09","local_time":"20210221235645","is_ascension_mode":true,"campfire_choices":[{"floor":7.0,"key":"REST"},{"data":"Fasting2","floor":15.0,"key":"SMITH"},{"data":"Establishment","floor":23.0,"key":"SMITH"},{"data":"BattleHymn","floor":25.0,"key":"SMITH"},{"floor":32.0,"key":"REST"},{"data":"Vault","floor":40,"key":"SMITH"},{"data":"DeusExMachina","floor":44,"key":"SMITH"},{"data":"Worship","floor":46,"key":"SMITH"},{"floor":49,"key":"REST"}],"circlet_count":0,"master_deck":["Strike_P","Strike_P","Strike_P","Strike_P","Defend_P","Defend_P","Defend_P","Defend_P","Eruption+1","Vigilance","ClearTheMind","BattleHymn+1","Conclude","JustLucky","Evaluate","Fasting2+1","Weave","SandsOfTime","Consecrate","Prostrate","EmptyFist","FearNoEvil","FlurryOfBlows","FlurryOfBlows","Establishment+1","CutThroughFate+1","Crescendo+1","Conclude+1","Prostrate","Perseverance+1","JustLucky+1","Wallop+1","Protect","Vault+1","JustLucky+1","EmptyBody+1","DeusExMachina+1","FlurryOfBlows+1","FlurryOfBlows+1","Worship+1","BowlingBash+1","SashWhip+1","Panacea","Panacea","FlurryOfBlows+1","Worship+1"],"relics":["HolyWater","Gambling Chip","ClockworkSouvenir","Lizard Tail","Prayer Wheel","Meat on the Bone","Singing Bowl","Runic Pyramid","Omamori","MutagenicStrength","Molten Egg 2","Membership Card","Gremlin Horn","StrikeDummy","FossilizedHelix","Anchor","Torii","Strange Spoon","MealTicket","Bronze Scales"],"acts_visited":["Exordium","TheCity","TheBeyond"],"potions_floor_usage":[41,41,41,48,50],"damage_taken":[{"damage":0.0,"enemies":"Jaw Worm","floor":1.0,"turns":1.0},{"damage":0.0,"enemies":"Gremlin Nob","floor":6.0,"turns":2.0},{"damage":2.0,"enemies":"Small Slimes","floor":8.0,"turns":2.0},{"damage":0.0,"enemies":"2 Louse","floor":10.0,"turns":1.0},{"damage":9.0,"enemies":"Looter","floor":11.0,"turns":2.0},{"damage":3.0,"enemies":"Large Slime","floor":12.0,"turns":4.0},{"damage":0.0,"enemies":"Exordium Wildlife","floor":13.0,"turns":1.0},{"damage":3.0,"enemies":"Blue Slaver","floor":14.0,"turns":3.0},{"damage":26.0,"enemies":"Hexaghost","floor":16.0,"turns":6.0},{"damage":17.0,"enemies":"2 Thieves","floor":18.0,"turns":3.0},{"damage":17.0,"enemies":"Shell Parasite","floor":27.0,"turns":3.0},{"damage":31.0,"enemies":"Snake Plant","floor":28.0,"turns":3.0},{"damage":6.0,"enemies":"Cultist and Chosen","floor":29.0,"turns":3.0},{"damage":0.0,"enemies":"Book of Stabbing","floor":31.0,"turns":4.0},{"damage":0.0,"enemies":"Automaton","floor":33.0,"turns":6.0},{"damage":0,"enemies":"3 Darklings","floor":35,"turns":2},{"damage":2,"enemies":"2 Orb Walkers","floor":36,"turns":4},{"damage":22,"enemies":"Orb Walker","floor":37,"turns":4},{"damage":7,"enemies":"Giant Head","floor":41,"turns":8},{"damage":0,"enemies":"Sphere and 2 Shapes","floor":45,"turns":2},{"damage":19,"enemies":"Spire Growth","floor":48,"turns":4},{"damage":45,"enemies":"Awakened One","floor":50,"turns":8}],"seed_played":"8595344768359919214","potions_obtained":[{"floor":1.0,"key":"Fire Potion"},{"floor":6.0,"key":"ColorlessPotion"},{"floor":14.0,"key":"AttackPotion"},{"floor":16.0,"key":"CultistPotion"},{"floor":27.0,"key":"Block Potion"},{"floor":31.0,"key":"Dexterity Potion"},{"floor":33.0,"key":"SpeedPotion"},{"floor":36,"key":"ColorlessPotion"},{"floor":45,"key":"Explosive Potion"}],"is_trial":false,"path_per_floor":["M","?","?","?","$","E","R","M","T","M","M","M","M","M","R","B",null,"M","?","?","T","?","R","$","R","T","M","M","M","$","E","R","B",null,"M","?","M","?","$","R","E","$","T","R","M","R","?","M","R","B",null],"character_chosen":"WATCHER","items_purchased":["ClockworkSouvenir","ClearTheMind","BattleHymn","Conclude","Fasting2","Membership Card","Gremlin Horn","Conclude+1","Prostrate","FossilizedHelix","BlessingOfTheForge","Strange Spoon","Fruit Juice","PowerPotion"],"campfire_rested":3,"item_purchase_floors":[0,0,0,0,5,24,24,24,24,30,30,39,39,42],"current_hp_per_floor":[30,30,48,37,37,37,58,56,56,56,49,48,52,51,51,37,71,54,54,54,54,54,54,54,54,54,49,30,36,36,48,72,72,80,82,80,58,79,79,79,79,91,91,91,93,93,85,66,94,49],"gold":162,"neow_bonus":"","is_daily":false,"chose_seed":false,"campfire_upgraded":6,"win_rate":0.0,"timestamp":1613919405,"path_taken":["M","?","?","?","?","E","R","M","T","M","M","M","M","M","R","BOSS","M","?","?","?","?","R","$","R","T","M","M","M","?","E","R","BOSS","M","?","M","?","$","R","E","?","T","R","M","R","?","M","R","BOSS"],"items_purchased_type":["Relic","Card","Card","Card","Card","Relic","Relic","Card","Card","Relic","Potion","Relic","Potion","Potion"],"build_version":"2020-12-22","purchased_purges":1,"victory":true,"max_hp_per_floor":[72,72,72,72,72,72,72,72,72,72,74,76,80,82,82,82,82,82,82,82,82,82,82,82,82,82,82,82,82,82,82,82,82,82,84,84,84,84,84,84,91,91,91,91,93,93,95,95,95,95],"card_choices":[{"not_picked":["Sanctity","Protect"],"picked":"JustLucky","floor":1.0},{"not_picked":["SandsOfTime","Halt"],"picked":"Evaluate","floor":1.0},{"not_picked":["Fasting2","Evaluate"],"picked":"Weave","floor":6.0},{"not_picked":["PathToVictory","Sanctity"],"picked":"SandsOfTime","floor":8.0},{"not_picked":["FlyingSleeves","JustLucky"],"picked":"Consecrate","floor":8.0},{"not_picked":["CrushJoints","Alpha"],"picked":"Prostrate","floor":10.0},{"not_picked":["EmptyBody","SignatureMove"],"picked":"EmptyFist","floor":10.0},{"not_picked":["ThirdEye","ClearTheMind"],"picked":"FearNoEvil","floor":11.0},{"not_picked":["Swivel","Vengeance","Protect"],"picked":"Singing Bowl","floor":11.0},{"not_picked":["BowlingBash","Indignation","TalkToTheHand"],"picked":"Singing Bowl","floor":12.0},{"not_picked":["ClearTheMind","Evaluate"],"picked":"FlurryOfBlows","floor":12.0},{"not_picked":["CrushJoints","Sanctity","Evaluate"],"picked":"Singing Bowl","floor":13.0},{"not_picked":["Swivel","MasterReality","Perseverance"],"picked":"Singing Bowl","floor":13.0},{"not_picked":["Halt","WindmillStrike"],"picked":"FlurryOfBlows","floor":14.0},{"not_picked":["BowlingBash","Fasting2","WaveOfTheHand"],"picked":"Singing Bowl","floor":14.0},{"not_picked":["SpiritShield","ConjureBlade"],"picked":"Establishment","floor":16.0},{"not_picked":["SignatureMove","Evaluate"],"picked":"CutThroughFate+1","floor":18.0},{"not_picked":["CrushJoints","Vengeance+1"],"picked":"Crescendo+1","floor":18.0},{"not_picked":["Halt","BattleHymn"],"picked":"Perseverance+1","floor":27.0},{"not_picked":["Consecrate+1","FlyingSleeves+1"],"picked":"JustLucky+1","floor":27.0},{"not_picked":["Collect","BowlingBash+1"],"picked":"Wallop+1","floor":28.0},{"not_picked":["Vengeance","InnerPeace"],"picked":"Protect","floor":28.0},{"not_picked":["Meditate","WindmillStrike+1"],"picked":"Vault","floor":29.0},{"not_picked":["Consecrate+1","Halt+1"],"picked":"JustLucky+1","floor":29.0},{"not_picked":["Judgement","ClearTheMind"],"picked":"EmptyBody+1","floor":31.0},{"not_picked":["Ragnarok+1","Alpha"],"picked":"DeusExMachina","floor":33.0},{"not_picked":["EmptyMind","Study","Crescendo"],"picked":"Singing Bowl","floor":35},{"not_picked":["ThirdEye","Crescendo+1"],"picked":"FlurryOfBlows+1","floor":35},{"not_picked":["EmptyBody","ForeignInfluence"],"picked":"FlurryOfBlows+1","floor":36},{"not_picked":["FlurryOfBlows+1","Collect+1"],"picked":"Worship","floor":37},{"not_picked":["Fasting2+1","EmptyBody"],"picked":"BowlingBash+1","floor":37},{"not_picked":["EmptyBody+1","FlyingSleeves+1","Collect+1"],"picked":"Singing Bowl","floor":41},{"not_picked":["FlurryOfBlows+1","Halt","BowlingBash+1"],"picked":"Singing Bowl","floor":45},{"not_picked":["Crescendo","Alpha"],"picked":"SashWhip+1","floor":45},{"not_picked":["Transmutation","Metamorphosis"],"picked":"Panacea","floor":47},{"not_picked":["Secret Technique","Enlightenment"],"picked":"Panacea","floor":47},{"not_picked":["Madness","Secret Technique","PanicButton"],"picked":"Singing Bowl","floor":47},{"not_picked":["JustLucky+1","CrushJoints+1"],"picked":"FlurryOfBlows+1","floor":48},{"not_picked":["CutThroughFate+1","WindmillStrike+1"],"picked":"Worship+1","floor":48}],"player_experience":580429,"relics_obtained":[{"floor":6.0,"key":"Meat on the Bone"},{"floor":9.0,"key":"Singing Bowl"},{"floor":21.0,"key":"Molten Egg 2"},{"floor":26.0,"key":"StrikeDummy"},{"floor":31.0,"key":"Anchor"},{"floor":36,"key":"Torii"},{"floor":41,"key":"MealTicket"},{"floor":43,"key":"Bronze Scales"}],"event_choices":[{"damage_healed":0.0,"max_hp_gain":0.0,"max_hp_loss":0.0,"gold_gain":0.0,"event_name":"Living Wall","player_choice":"Grow","floor":2.0,"gold_loss":0.0,"damage_taken":0.0,"cards_upgraded":["Eruption"]},{"damage_healed":18.0,"max_hp_gain":0.0,"max_hp_loss":0.0,"gold_gain":0.0,"event_name":"The Cleric","player_choice":"Healed","floor":3.0,"gold_loss":35.0,"damage_taken":0.0},{"damage_healed":0.0,"max_hp_gain":0.0,"max_hp_loss":0.0,"gold_gain":75.0,"event_name":"World of Goop","player_choice":"Gather Gold","floor":4.0,"gold_loss":0.0,"damage_taken":11.0},{"damage_healed":0.0,"max_hp_gain":0.0,"max_hp_loss":0.0,"gold_gain":0.0,"event_name":"Addict","player_choice":"Stole Relic","floor":19.0,"gold_loss":0.0,"damage_taken":0.0,"relics_obtained":["Omamori"],"cards_obtained":["Shame"]},{"damage_healed":0.0,"max_hp_gain":0.0,"max_hp_loss":0.0,"gold_gain":0.0,"event_name":"Drug Dealer","player_choice":"Inject Mutagens","floor":20.0,"gold_loss":0.0,"damage_taken":0.0,"relics_obtained":["MutagenicStrength"]},{"damage_healed":0.0,"max_hp_gain":0.0,"max_hp_loss":0.0,"gold_gain":99.0,"event_name":"Nest","player_choice":"Stole From Cult","floor":22.0,"gold_loss":0.0,"damage_taken":0.0},{"damage_healed":0,"gold_gain":0,"player_choice":"Fight","damage_taken":0,"max_hp_gain":0,"max_hp_loss":0,"event_name":"Mysterious Sphere","floor":36,"gold_loss":0},{"damage_healed":21,"gold_gain":0,"player_choice":"Writhe","damage_taken":0,"max_hp_gain":0,"max_hp_loss":0,"event_name":"Winding Halls","floor":38,"gold_loss":0,"cards_obtained":["Writhe"]},{"damage_healed":0,"gold_gain":0,"player_choice":"Memory 3","damage_taken":10,"max_hp_gain":0,"max_hp_loss":0,"event_name":"SensoryStone","floor":47,"gold_loss":0}],"is_beta":false,"boss_relics":[{"not_picked":["Snecko Eye","Runic Dome"],"picked":"Runic Pyramid"},{"not_picked":["Empty Cage","Astrolabe"],"picked":"HolyWater"}],"items_purged_floors":[30],"is_endless":false,"potions_floor_spawned":[1,6,14,16,27,31,33,36,45],"ascension_level":5}}