{"host":"41vgbr386mrj4p17","time":1613898085,"event":{"mods":["AchievementEnabler","AlwaysNeverKeys","BaseMod","Bestiary","Better Altar","Better Match","Better Note","Better Sensory Stone","Better Skull","Better Third Choice","Colored Map","Curses Come First","Downfall","Googly Eyes","Hermit","Highlight Path","Minty Spire (QoL Compilation)","Shade Mod","StSLib","The Cursed"],"gold_per_floor":[99,110,120,135,25,25,25,56,56,90,100,133,152,183,196,296,296,96,114,127,146,146,46,46,63,63,76,76,110,110,142,154,257,257,257,270,51,401,401,416,440,540,569,314,332,332,366,327,342,342,342],"floor_reached":50,"language":"ENG","playtime":4470,"items_purged":["Shade:Defend_Shade","Shade:Strike_Shade","Shade:Defend_Shade"],"score":1200,"play_id":"05a07834-b7c6-424b-806f-2c5ed8eb754c","local_time":"20210221040125","is_ascension_mode":true,"campfire_choices":[{"data":"Shade:AnimateDead","floor":1,"key":"SMITH"},{"data":"Shade:Bite_Shade","floor":6,"key":"SMITH"},{"data":"Shade:Carnophage","floor":18,"key":"SMITH"},{"data":"Shade:Putrefaction","floor":23,"key":"SMITH"},{"data":"Shade:FreshBones","floor":28,"key":"SMITH"},{"data":"Shade:RitualOffering","floor":30,"key":"SMITH"},{"data":"Shade:ExtraLimbs","floor":35,"key":"SMITH"},{"floor":46,"key":"REST"}],"circlet_count":0,"master_deck":["AscendersBane","Shade:Strike_Shade+1","Shade:Strike_Shade+1","Shade:AnimateDead+1","Shade:CarefulCut","Shade:Bite_Shade+1","Shade:FuneraryJewels","Shade:FeralStrike","Shade:ExtraLimbs","Shade:FleshToFlesh+1","Shade:Carnophage+1","Shade:ExtraLimbs+1","Shade:RitualOffering+1","Shade:FreshBones+1","Shade:Putrefaction+1","Forethought","Panacea","Shade:FuneraryArmor","Shade:SensePrey+1","Shade:FuneraryArmor+1","Shade:ExtraLimbs","Shade:LoseControl","expansioncontent:Chronoboost","expansioncontent:PrepareCrush","expansioncontent:Chronoboost","Shade:AuraOfUnlife","Shade:LoseControl","Shade:Excise","Shade:Excise"],"relics":["Shade:YorickSkull","Slimebound:PreparedRelic","Art of War","Lantern","Potion Belt","PreservedInsect","Prayer Wheel","bronze:MakeshiftBattery","downfall:HeartBlessingRed","downfall:HeartBlessingBlue","downfall:HeartBlessingGreen","Du-Vu Doll","Omamori","Whetstone","Calling Bell","Smiling Mask","Thread and Needle","Blue Candle","Guardian:BottledAnomaly","Old Coin","Centennial Puzzle","Regal Pillow","Membership Card","Blood Vial","Lee\u0027s Waffle","War Paint","Mango"],"acts_visited":["Exordium","TheCity","TheBeyond"],"potions_floor_usage":[5,5,10,14,16,27,29,33,43,49,50,50],"damage_taken":[{"damage":0,"enemies":"Jaw Worm","floor":2,"turns":2},{"damage":0,"enemies":"Cultist","floor":3,"turns":3},{"damage":0,"enemies":"2 Louse","floor":4,"turns":2},{"damage":0,"enemies":"downfall:FleeingMerchant","floor":5,"turns":4},{"damage":28,"enemies":"Gremlin Nob","floor":8,"turns":4},{"damage":11,"enemies":"Lagavulin","floor":10,"turns":4},{"damage":7,"enemies":"Exordium Thugs","floor":11,"turns":3},{"damage":10,"enemies":"3 Sentries","floor":12,"turns":6},{"damage":0,"enemies":"2 Fungi Beasts","floor":13,"turns":2},{"damage":0,"enemies":"Lagavulin","floor":14,"turns":3},{"damage":0,"enemies":"Blue Slaver","floor":15,"turns":3},{"damage":0,"enemies":"SI_SHIV_ARCHETYPE","floor":16,"turns":27},{"damage":0,"enemies":"3 Byrds","floor":19,"turns":8},{"damage":4,"enemies":"Chosen","floor":20,"turns":4},{"damage":33,"enemies":"Snake Plant","floor":21,"turns":5},{"damage":2,"enemies":"Shelled Parasite and Fungi","floor":25,"turns":4},{"damage":4,"enemies":"Chosen and Byrds","floor":27,"turns":4},{"damage":0,"enemies":"Gremlin Leader","floor":29,"turns":2},{"damage":4,"enemies":"Book of Stabbing","floor":31,"turns":4},{"damage":2,"enemies":"Centurion and Healer","floor":32,"turns":4},{"damage":38,"enemies":"DF_ARCHETYPE_CLAW","floor":33,"turns":7},{"damage":0,"enemies":"Orb Walker","floor":36,"turns":3},{"damage":0,"enemies":"downfall:FleeingMerchant","floor":37,"turns":4},{"damage":2,"enemies":"downfall:FleeingMerchant","floor":38,"turns":8},{"damage":0,"enemies":"3 Shapes","floor":40,"turns":3},{"damage":30,"enemies":"Nemesis","floor":43,"turns":9},{"damage":16,"enemies":"downfall:FleeingMerchant","floor":44,"turns":4},{"damage":25,"enemies":"Jaw Worm Horde","floor":45,"turns":4},{"damage":37,"enemies":"Giant Head","floor":47,"turns":8},{"damage":0,"enemies":"downfall:FleeingMerchant","floor":48,"turns":1},{"damage":0,"enemies":"Sphere and 2 Shapes","floor":49,"turns":4},{"damage":134,"enemies":"IC_BLOCK_ARCHETYPE","floor":50,"turns":7}],"seed_played":"1987560945976457224","potions_obtained":[{"floor":2,"key":"PowerPotion"},{"floor":3,"key":"Swift Potion"},{"floor":8,"key":"AttackPotion"},{"floor":12,"key":"Fire Potion"},{"floor":13,"key":"Dexterity Potion"},{"floor":16,"key":"Slimebound:ThreeZeroPotion"},{"floor":20,"key":"AttackPotion"},{"floor":21,"key":"Explosive Potion"},{"floor":25,"key":"Ancient Potion"},{"floor":31,"key":"Energy Potion"},{"floor":38,"key":"SpeedPotion"},{"floor":40,"key":"Regen Potion"},{"floor":47,"key":"Swift Potion"},{"floor":49,"key":"SkillPotion"}],"is_trial":false,"path_per_floor":["R","M","M","M","$","R","T","E","?","E","M","E","M","E","M","B",null,"R","M","M","M","?","R","T","M","?","M","R","E","R","E","M","B",null,"R","M","$","?","?","M","T","?","E","$","M","R","E","$","M","B"],"character_chosen":"SHADE","items_purchased":["Fruit Juice","Guardian:BottledAnomaly","Membership Card","Shade:AuraOfUnlife","Shade:Excise","Lee\u0027s Waffle","War Paint","Mango"],"campfire_rested":1,"item_purchase_floors":[5,37,44,44,48,48,48,48],"current_hp_per_floor":[59,59,59,59,64,64,64,42,27,25,21,20,20,26,29,64,64,74,74,73,44,44,44,44,48,48,47,47,50,50,49,50,18,60,60,63,66,70,60,63,63,63,47,34,12,49,21,95,95,0,0],"gold":342,"neow_bonus":"REMOVE_TWO","is_daily":false,"chose_seed":false,"campfire_upgraded":7,"win_rate":0.0,"timestamp":1613898085,"path_taken":["R","M","M","M","$","R","T","E","?","E","M","E","M","E","M","BOSS","R","M","M","M","?","R","T","M","?","M","R","E","R","E","M","BOSS","R","M","$","?","?","M","T","?","E","$","M","R","E","$","M","BOSS"],"items_purchased_type":["Potion","Relic","Relic","Card","Card","Relic","Relic","Relic"],"build_version":"2020-12-22","purchased_purges":3,"victory":false,"max_hp_per_floor":[59,59,59,59,64,64,64,64,64,64,64,64,64,64,64,64,64,74,74,74,74,74,74,74,74,74,74,74,74,74,74,74,74,74,74,74,74,74,74,74,74,74,74,74,74,74,74,95,95,95,95],"card_choices":[{"not_picked":["Shade:CoffinDance","Shade:FreshBones"],"picked":"Shade:Bite_Shade","floor":2},{"not_picked":["Shade:OpenGraves","Shade:BoneShards"],"picked":"Shade:FuneraryJewels","floor":3},{"not_picked":["Shade:SpectralStrikes","Shade:Frenzy","Shade:WallOfFlesh"],"picked":"SKIP","floor":4},{"not_picked":["Shade:PoundOfFlesh","Shade:FreshBones","Shade:Frenzy"],"picked":"SKIP","floor":5},{"not_picked":["Shade:WallOfFlesh","Shade:ScuttlingHand","Shade:AncientSpear"],"picked":"SKIP","floor":8},{"not_picked":["Shade:OfferingToTheBeyond","Shade:SpectralStrikes"],"picked":"Shade:FeralStrike","floor":10},{"not_picked":["Shade:AblativeArmor","Shade:CommandSoldier"],"picked":"Shade:ExtraLimbs","floor":11},{"not_picked":["Shade:Patience","Shade:ClawBack"],"picked":"Shade:FleshToFlesh","floor":12},{"not_picked":["Shade:Asphyxiate","Shade:AblativeArmor","Shade:WallOfFlesh"],"picked":"SKIP","floor":13},{"not_picked":["Shade:ClawBack","Shade:CoffinDance"],"picked":"Shade:Carnophage","floor":14},{"not_picked":["Shade:CommandSoldier","Shade:SoulToxin"],"picked":"Shade:ExtraLimbs","floor":15},{"not_picked":["Shade:GreyBargain","Shade:FreshBones"],"picked":"Shade:RitualOffering","floor":15},{"not_picked":["Shade:BoneShards","Shade:Awaken","Shade:AncientSpear"],"picked":"SKIP","floor":19},{"not_picked":["Shade:SkeletonHug","Shade:AncientSpear","Shade:CoffinDance"],"picked":"SKIP","floor":19},{"not_picked":["Shade:Frenzy","Shade:FingerOfDeath"],"picked":"Shade:FreshBones","floor":20},{"not_picked":["Shade:SkeletonHug","Shade:Trample"],"picked":"Shade:Putrefaction","floor":20},{"not_picked":["Shade:ClawBack","Shade:Bonestorm","Shade:GreyBargain"],"picked":"SKIP","floor":21},{"not_picked":["Shade:Brains","Shade:FeralStrike","Shade:AncientSpear"],"picked":"SKIP","floor":21},{"not_picked":["Shade:ClawBack","Shade:Bonestorm+1","Shade:DangerousRitual+1"],"picked":"SKIP","floor":25},{"not_picked":["Shade:Brains+1","Shade:SoulToxin","Shade:FeralStrike"],"picked":"SKIP","floor":25},{"not_picked":["Discovery","Mind Blast"],"picked":"Forethought","floor":26},{"not_picked":["Mind Blast","HandOfGreed"],"picked":"Panacea","floor":26},{"not_picked":["Shade:GraveStillness","Shade:FleshToFlesh"],"picked":"Shade:FuneraryArmor","floor":27},{"not_picked":["Shade:GraveStillness","Shade:SpontaneousRitual"],"picked":"Shade:SensePrey","floor":27},{"not_picked":["Shade:SkeletonArmy","Shade:PotionOfRestlessness","Shade:Trample"],"picked":"SKIP","floor":29},{"not_picked":["Shade:SkeletonHug","Shade:SpectralStrikes"],"picked":"Shade:FuneraryArmor+1","floor":31},{"not_picked":["Shade:FeralStrike","Shade:AncientSpear"],"picked":"Shade:ExtraLimbs","floor":32},{"not_picked":["Shade:CoffinDance","Shade:FingerOfDeath","Shade:Bonestorm"],"picked":"SKIP","floor":32},{"not_picked":["Shade:BoneShards+1","Shade:SkeletonHug","Shade:ExtraLimbs"],"picked":"SKIP","floor":36},{"not_picked":["Shade:Bonestorm","Shade:GreyBargain","Shade:PressTheAttack"],"picked":"SKIP","floor":36},{"not_picked":["Shade:FingerOfDeath+1","Shade:SensePrey"],"picked":"Shade:LoseControl","floor":37},{"not_picked":["expansioncontent:HyperBeam","expansioncontent:PolyBeam"],"picked":"expansioncontent:Chronoboost","floor":39},{"not_picked":["expansioncontent:PolyBeam","expansioncontent:LastStand"],"picked":"expansioncontent:PrepareCrush","floor":39},{"not_picked":["expansioncontent:LastStand","expansioncontent:InvincibleStrength"],"picked":"expansioncontent:Chronoboost","floor":39},{"not_picked":["Shade:WallOfFlesh+1","Shade:GreyBargain+1","Shade:AblativeArmor"],"picked":"SKIP","floor":40},{"not_picked":["Shade:SoulToxin","Shade:Premonition","Shade:BoneShards"],"picked":"SKIP","floor":40},{"not_picked":["Shade:FleshToFlesh","Shade:SoulToxin","Shade:AncientSpear"],"picked":"SKIP","floor":43},{"not_picked":["Shade:GreyBargain","Shade:BoneShards","Shade:RavenousHorde"],"picked":"SKIP","floor":44},{"not_picked":["Shade:SkeletonHug","Shade:Frenzy","Shade:Asphyxiate"],"picked":"SKIP","floor":45},{"not_picked":["Shade:Coordination","Shade:PotionOfRestlessness+1","Shade:Frenzy"],"picked":"SKIP","floor":45},{"not_picked":["Shade:FreshBones","Shade:Trample+1","Shade:FleshToFlesh"],"picked":"SKIP","floor":47},{"not_picked":["Shade:CommandSoldier","Shade:ExtraLimbs"],"picked":"Shade:LoseControl","floor":48},{"not_picked":["Shade:Trample","Shade:Bite_Shade"],"picked":"Shade:Excise","floor":49},{"not_picked":["Shade:GreyBargain","Shade:ClawBack+1","Shade:AncientSpear"],"picked":"SKIP","floor":49}],"player_experience":1101360,"relics_obtained":[{"floor":7,"key":"Slimebound:PreparedRelic"},{"floor":8,"key":"Art of War"},{"floor":10,"key":"Potion Belt"},{"floor":12,"key":"PreservedInsect"},{"floor":14,"key":"Prayer Wheel"},{"floor":24,"key":"Du-Vu Doll"},{"floor":29,"key":"Omamori"},{"floor":31,"key":"Whetstone"},{"floor":34,"key":"Smiling Mask"},{"floor":34,"key":"Thread and Needle"},{"floor":34,"key":"Blue Candle"},{"floor":38,"key":"Old Coin"},{"floor":41,"key":"Centennial Puzzle"},{"floor":43,"key":"Regal Pillow"},{"floor":47,"key":"Blood Vial"}],"event_choices":[{"damage_healed":0,"gold_gain":0,"player_choice":"RE ","damage_taken":17,"relics_obtained":["Lantern"],"max_hp_gain":0,"max_hp_loss":0,"event_name":"betterSkull:BetterSkull","floor":9,"gold_loss":0,"cards_upgraded":[]},{"cards_removed":["Shade:Defend_Shade"],"damage_healed":0,"gold_gain":0,"player_choice":"Elegance","damage_taken":0,"max_hp_gain":0,"max_hp_loss":0,"event_name":"betterThird:BetterWriting","floor":22,"gold_loss":0},{"damage_healed":0,"gold_gain":2,"player_choice":"1","damage_taken":0,"max_hp_gain":0,"max_hp_loss":0,"event_name":"betterStone:BetterStone","floor":26,"gold_loss":0}],"is_beta":false,"boss_relics":[{"not_picked":["SacredBark","Astrolabe"],"picked":"bronze:MakeshiftBattery"},{"not_picked":["Velvet Choker","Runic Dome"],"picked":"Calling Bell"}],"items_purged_floors":[37,44,48],"is_endless":false,"potions_floor_spawned":[2,3,8,12,13,16,20,21,25,31,38,40,47,49],"killed_by":"IC_BLOCK_ARCHETYPE","ascension_level":12}}