{"host":"8d3fefv2347kqkpz","time":1613942565,"event":{"mods":["AchievementEnabler","BaseMod","Better Vampires","BetterRewards","Colored Map","Colored Powertips","Downfall","Emptier Cage","Highlight Path","Marked Mod","Minty Spire (QoL Compilation)","Permanent Neow","Quick Restart","Rare Cards Sparkle","Relic Stats","Say the Spire","Spicy Shops","StSLib","Waifu the Spire"],"gold_per_floor":[113,113,125,14,34,65,82,115,141,151,151,151,151],"floor_reached":12,"language":"ZHS","playtime":303,"items_purged":["Defend_B"],"score":115,"play_id":"7bfe96c0-d3c5-4126-b12c-636d1b4d7b6e","local_time":"20210222052245","is_ascension_mode":false,"campfire_choices":[{"floor":11,"key":"REST"}],"circlet_count":0,"master_deck":["Strike_B","Strike_B","Defend_B","Defend_B","Defend_B","Zap","Dualcast","Echo Form","Leap","Melter","Double Energy","Steam"],"relics":["Cracked Core","Art of War","Strawberry"],"acts_visited":["Exordium"],"potions_floor_usage":[],"damage_taken":[{"damage":6,"enemies":"Jaw Worm","floor":1,"turns":4},{"damage":0,"enemies":"Cultist","floor":3,"turns":4},{"damage":0,"enemies":"2 Louse","floor":5,"turns":2},{"damage":55,"enemies":"Gremlin Nob","floor":6,"turns":6},{"damage":5,"enemies":"Looter","floor":7,"turns":3},{"damage":0,"enemies":"Lagavulin","floor":8,"turns":7},{"damage":2,"enemies":"3 Louse","floor":10,"turns":2},{"damage":64,"enemies":"Gremlin Nob","floor":12,"turns":5}],"seed_played":"-1360181150578394064","potions_obtained":[{"floor":1,"key":"SpeedPotion"}],"is_trial":false,"path_per_floor":["M","?","M","$","M","E","M","E","T","M","R","E"],"character_chosen":"DEFECT","items_purchased":["Leap"],"campfire_rested":1,"item_purchase_floors":[4],"current_hp_per_floor":[69,69,69,69,69,14,9,16,16,14,38,0,0],"gold":151,"neow_bonus":"TRANSFORM_CARD","is_daily":false,"chose_seed":false,"campfire_upgraded":0,"win_rate":0.0,"timestamp":1613942565,"path_taken":["M","?","M","?","M","E","M","E","T","M","R","E"],"items_purchased_type":["Card"],"build_version":"2020-12-22","purchased_purges":1,"victory":false,"max_hp_per_floor":[75,75,75,75,75,75,75,82,82,82,82,82,82],"relic_stats":{"counters":[8,33],"Art of War":[4],"obtain_stats":[{"Strawberry":8,"Art of War":6,"Cracked Core":0},{"Strawberry":6,"Art of War":4,"Cracked Core":0},{"Strawberry":26,"Art of War":16,"Cracked Core":0}]},"card_choices":[{"not_picked":["Darkness","Auto Shields","Compile Driver"],"picked":"SKIP","floor":1},{"not_picked":["Hello World","Ball Lightning","Compile Driver"],"picked":"SKIP","floor":3},{"not_picked":["Ball Lightning","Compile Driver","Turbo"],"picked":"SKIP","floor":5},{"not_picked":["Turbo","Compile Driver"],"picked":"Melter","floor":6},{"not_picked":["White Noise","Genetic Algorithm","Coolheaded"],"picked":"SKIP","floor":7},{"not_picked":["Stack","Reprogram"],"picked":"Double Energy","floor":8},{"not_picked":["Redo","Lockon"],"picked":"Steam","floor":10}],"player_experience":504445,"relics_obtained":[{"floor":6,"key":"Art of War"},{"floor":8,"key":"Strawberry"}],"event_choices":[{"cards_removed":["Strike_B"],"damage_healed":0,"gold_gain":0,"player_choice":"Offered Basic","damage_taken":0,"max_hp_gain":0,"max_hp_loss":0,"event_name":"Bonfire Elementals","floor":2,"gold_loss":0}],"is_beta":false,"boss_relics":[],"items_purged_floors":[4],"is_endless":false,"potions_floor_spawned":[1],"killed_by":"Gremlin Nob","ascension_level":0}}