{"host":"bvp2uifzy1c463d9","time":1613875257,"event":{"mods":["AchievementEnabler","BaseMod","Better Note","Block Reminder","Bossed Relics","Colored Map","Colored Powertips","Highlight Path","Minty Spire (QoL Compilation)","Relic Sorter","Relic Stats","Replay The Spire","StSLib","The Blue Laboratory"],"gold_per_floor":[113,125,141,73,84,84,119,119,167,197,211,211,226,246,246,348,448,468,482,97,97,117,117,149,162,214,214,242,280,280,324,324,364,364],"floor_reached":33,"language":"ENG","playtime":2236,"items_purged":["Writhe"],"score":375,"play_id":"4af32d09-5255-4b0a-95d1-15022e15a9aa","local_time":"20210220204057","is_ascension_mode":true,"campfire_choices":[{"data":"FTL","floor":6,"key":"SMITH"},{"floor":8,"key":"REST"},{"data":"Streamline","floor":15,"key":"SMITH"},{"data":"Hyperbeam","floor":23,"key":"SMITH"},{"floor":27,"key":"REST"},{"data":"Leap","floor":32,"key":"SMITH"}],"circlet_count":0,"master_deck":["Strike_B","Strike_B","Defend_B","Defend_B","Defend_B","Streamline+1","Stack","Stack","FTL+1","Sweeping Beam","Hyperbeam+1","Leap","Hologram+1","Genetic Algorithm","BootSequence","AbeCurse","ReplayTheSpireMod:Splinters","Double Energy","Gash","Sunder+1","Steam","Gash","Aggregate","Leap+1"],"relics":["ChewingGum","Mercury Hourglass","Replay:Wax Seal","Blood Vial","Replay:Grab Bag","Abe\u0027s Treasure","Replay:Wanted Poster","Kintsugi","Torii","Tiny Chest","Juzu Bracelet","Replay:Bandana"],"acts_visited":["Exordium","TheCity"],"potions_floor_usage":[25,29,33,33,33],"damage_taken":[{"damage":6.0,"enemies":"Cultist","floor":1.0,"turns":3.0},{"damage":2,"enemies":"Jaw Worm","floor":2,"turns":3},{"damage":0,"enemies":"2 Louse","floor":3,"turns":2},{"damage":10,"enemies":"Looter","floor":5,"turns":4},{"damage":48,"enemies":"Lagavulin","floor":7,"turns":12},{"damage":0,"enemies":"3 Sentries","floor":10,"turns":3},{"damage":15,"enemies":"Exordium Thugs","floor":11,"turns":4},{"damage":3,"enemies":"Blue Slaver","floor":13,"turns":3},{"damage":0,"enemies":"Exordium Wildlife","floor":14,"turns":1},{"damage":19,"enemies":"Hexaghost","floor":16,"turns":11},{"damage":0,"enemies":"3 Byrds","floor":18,"turns":3},{"damage":10,"enemies":"Shell Parasite","floor":19,"turns":4},{"damage":30,"enemies":"Shelled Parasite and Fungi","floor":22,"turns":7},{"damage":29,"enemies":"Replay:Snechameleon","floor":24,"turns":7},{"damage":0,"enemies":"Cultist and Chosen","floor":25,"turns":4},{"damage":21,"enemies":"Book of Stabbing","floor":28,"turns":6},{"damage":10,"enemies":"Snecko","floor":29,"turns":4},{"damage":25,"enemies":"Sentry and Sphere","floor":31,"turns":5},{"damage":55,"enemies":"Automaton","floor":33,"turns":6}],"seed_played":"7983535894954533356","potions_obtained":[{"floor":1,"key":"PotionOfCapacity"},{"floor":5,"key":"blueLaboratory:RememoryPotion"},{"floor":13,"key":"blueLaboratory:FruitPreserves"},{"floor":22,"key":"Fire Potion"},{"floor":25,"key":"SpeedPotion"},{"floor":31,"key":"blueLaboratory:Moonshine"}],"is_trial":false,"path_per_floor":["M","M","M","$","M","R","E","R","T","E","M","?","M","M","R","B",null,"M","M","$","?","M","R","E","M","T","R","E","M","$","M","R","B"],"character_chosen":"DEFECT","items_purchased":["FTL","Torii"],"campfire_rested":2,"item_purchase_floors":[4,20],"current_hp_per_floor":[69,67,67,67,57,57,9,31,31,31,18,18,17,19,19,2,75,75,65,65,65,37,37,10,12,12,34,15,37,37,14,14,0,0],"gold":364,"neow_bonus":"BOSS_RELIC","is_daily":false,"chose_seed":false,"campfire_upgraded":4,"win_rate":0.0,"timestamp":1613875257,"path_taken":["M","M","M","$","?","R","E","R","T","E","M","?","M","M","R","BOSS","M","M","?","?","M","R","E","?","T","R","E","M","$","M","R","BOSS"],"items_purchased_type":["Card","Relic"],"build_version":"2020-12-22","purchased_purges":1,"victory":false,"max_hp_per_floor":[75,75,75,75,75,75,75,75,75,75,75,75,75,75,75,75,75,75,75,75,75,75,75,75,75,75,75,75,75,75,75,75,75,75],"relic_stats":{"Blood Vial":22,"Torii":22,"counters":[19,91],"Tiny Chest":0,"Juzu Bracelet":0,"obtain_stats":[{"Torii":20,"Replay:Grab Bag":17,"Juzu Bracelet":26,"Mercury Hourglass":7,"Blood Vial":10,"Replay:Wanted Poster":17,"Replay:Bandana":28,"ChewingGum":0,"Tiny Chest":24,"Replay:Wax Seal":9,"Kintsugi":17,"Cracked Core":0,"Abe\u0027s Treasure":17},{"Torii":12,"Replay:Grab Bag":10,"Juzu Bracelet":15,"Mercury Hourglass":5,"Blood Vial":6,"Replay:Wanted Poster":10,"Replay:Bandana":16,"ChewingGum":0,"Tiny Chest":14,"Replay:Wax Seal":5,"Kintsugi":10,"Cracked Core":0,"Abe\u0027s Treasure":10},{"Torii":52,"Replay:Grab Bag":45,"Juzu Bracelet":70,"Mercury Hourglass":24,"Blood Vial":26,"Replay:Wanted Poster":45,"Replay:Bandana":76,"ChewingGum":0,"Tiny Chest":66,"Replay:Wax Seal":24,"Kintsugi":45,"Cracked Core":0,"Abe\u0027s Treasure":45}],"Mercury Hourglass":[212]},"card_choices":[{"not_picked":["Loop","Conserve Battery"],"picked":"Streamline","floor":1},{"not_picked":["Cold Snap","Darkness"],"picked":"Stack","floor":2},{"not_picked":["Darkness","Compile Driver"],"picked":"Stack","floor":3},{"not_picked":["Leap","Streamline"],"picked":"Sweeping Beam","floor":5},{"not_picked":["ReplaySolidLightProjector","Consume"],"picked":"Hyperbeam","floor":7},{"not_picked":["ReplaySolidLightProjector","Cold Snap"],"picked":"Leap","floor":10},{"not_picked":["Ball Lightning","Leap"],"picked":"Hologram","floor":11},{"not_picked":["Panic Button","Time Bomb"],"picked":"Genetic Algorithm","floor":13},{"not_picked":["Mirror Shield","Capacitor"],"picked":"BootSequence","floor":14},{"not_picked":["Coolheaded","ReplayTheSpireMod:System Scan"],"picked":"Double Energy","floor":18},{"not_picked":["BootSequence","Beam Cell"],"picked":"Gash","floor":19},{"not_picked":["Go for the Eyes","Undo"],"picked":"Sunder+1","floor":22},{"not_picked":["Static Discharge","Coolheaded"],"picked":"Steam","floor":24},{"not_picked":["Beam Cell","Genetic Algorithm"],"picked":"Gash","floor":25},{"not_picked":["Panic Button","Biased Cognition"],"picked":"Aggregate","floor":28},{"not_picked":["Tempest","Ball Lightning","Doom and Gloom"],"picked":"SKIP","floor":29},{"not_picked":["Gash+1","Barrage"],"picked":"Leap","floor":31}],"player_experience":261900,"relics_obtained":[{"floor":7,"key":"Mercury Hourglass"},{"floor":9,"key":"Replay:Wax Seal"},{"floor":10,"key":"Blood Vial"},{"floor":24,"key":"Tiny Chest"},{"floor":26,"key":"Juzu Bracelet"},{"floor":28,"key":"Replay:Bandana"}],"event_choices":[{"damage_healed":0,"gold_gain":0,"player_choice":"Upgraded","damage_taken":0,"max_hp_gain":0,"max_hp_loss":0,"event_name":"Upgrade Shrine","floor":12,"gold_loss":0,"cards_upgraded":["Hologram"]},{"damage_healed":0,"gold_gain":0,"player_choice":"Ignored","damage_taken":0,"max_hp_gain":0,"max_hp_loss":0,"event_name":"The Mausoleum","floor":21,"gold_loss":0}],"is_beta":false,"boss_relics":[{"not_picked":["Replay:Bronze Core","Ectoplasm"],"picked":"Replay:Grab Bag"},{"not_picked":["Runic Dome","ReplayTheSpireMod:Onyx Gauntlets"],"picked":"Abe\u0027s Treasure"},{"not_picked":["Busted Crown","Sozu"],"picked":"Replay:Wanted Poster"},{"not_picked":["Pandora\u0027s Box","Runic Pyramid"],"picked":"Kintsugi"}],"items_purged_floors":[20],"is_endless":false,"potions_floor_spawned":[1,5,13,14,22,24,25,31],"killed_by":"Automaton","ascension_level":3}}