{"host":"zk6vb2npgw3pu6j2","time":1613933170,"event":{"mods":["Act Like it!","Aspiration","Bard","BaseMod","Beaked The Cultist","Bestiary","Better Note","Better Sensory Stone","CapriCore","Conspire","Downfall","Friendly Minions","Gensokyo","GifTheSpireLib","Hermit","Hubris","Koishi","Marisa????????","Marked Mod","Minty Spire (QoL Compilation)","Quarter Circle Forward PUNCH!","Reimu??????","Reliquary","Replay The Spire","Retaliation","Ruina","StSLib","The Administrix","The Alterego","The Blue Laboratory","The Bug Knight","The Construct","The Exalted","The Hierophant","The Immortal","The Marked","The Runesmith","The Senshi","The Servant 0.9.4","The Wild Card","TheVacant","Wandering Minibosses","yUi"],"gold_per_floor":[199,215,230,248,248,268,293,309,325,325,325,325],"floor_reached":10,"language":"ENG","playtime":591,"items_purged":[],"score":62,"play_id":"4612ce73-b7e7-4718-9c99-d1204f685323","local_time":"20210221134610","is_ascension_mode":false,"campfire_choices":[],"circlet_count":0,"master_deck":["sneckomod:Strike","sneckomod:Strike","sneckomod:Strike","sneckomod:Defend","sneckomod:Defend","sneckomod:Defend","sneckomod:TailWhip","sneckomod:SnekBite","sneckomod:Unknown","construct:LongRangeLance","sneckomod:UnknownUncommonAttack","sneckomod:CheapStock","sneckomod:UnknownDraw+1","sneckomod:UnendingSupply","sneckomod:QuickMove","sneckomod:MorePower"],"relics":["sneckomod:SneckoSoul","Anchor"],"acts_visited":["Exordium"],"potions_floor_usage":[],"damage_taken":[{"damage":1,"enemies":"2 Louse","floor":2,"turns":2},{"damage":4,"enemies":"Cultist","floor":3,"turns":3},{"damage":1,"enemies":"Jaw Worm","floor":4,"turns":3},{"damage":27,"enemies":"Large Slime","floor":6,"turns":7},{"damage":0,"enemies":"downfall:LooterAlt","floor":8,"turns":2},{"damage":34,"enemies":"Exordium Wildlife","floor":9,"turns":5},{"damage":26,"enemies":"3 Sentries","floor":10,"turns":7}],"seed_played":"4412575886144414176","potions_obtained":[{"floor":8,"key":"PowerPotion"},{"floor":9,"key":"LiquidMemories"}],"is_trial":false,"path_per_floor":["R","M","M","M","?","M","T","M","M","E"],"character_chosen":"THE_SNECKO","items_purchased":[],"campfire_rested":0,"item_purchase_floors":[],"current_hp_per_floor":[90,89,85,84,84,57,57,57,23,0,0,0],"gold":325,"neow_bonus":"HUNDRED_GOLD","is_daily":false,"chose_seed":false,"campfire_upgraded":0,"win_rate":0.0,"timestamp":1613933170,"path_taken":["R","M","M","M","?","M","T","?","M","E"],"items_purchased_type":[],"build_version":"2020-12-22","purchased_purges":0,"victory":false,"max_hp_per_floor":[90,90,90,90,90,90,90,90,90,90,90,90],"card_choices":[{"not_picked":["sneckomod:SoulDraw","sneckomod:UnknownCommonSkill"],"picked":"sneckomod:UnknownUncommonAttack","floor":2},{"not_picked":["sneckomod:SerpentIdol","sneckomod:UnknownCommonAttack"],"picked":"sneckomod:CheapStock","floor":3},{"not_picked":["sneckomod:DiceBoulder","sneckomod:SoulRoll"],"picked":"sneckomod:UnknownDraw","floor":4},{"not_picked":["sneckomod:QuickMove","sneckomod:UnknownBlock"],"picked":"sneckomod:UnendingSupply","floor":6},{"not_picked":["sneckomod:Nope","sneckomod:SoulDraw"],"picked":"sneckomod:QuickMove","floor":8},{"not_picked":["sneckomod:UnknownCommonAttack","sneckomod:RainOfDice"],"picked":"sneckomod:MorePower","floor":9}],"player_experience":311603,"relics_obtained":[{"floor":7,"key":"Anchor"}],"event_choices":[],"is_beta":false,"boss_relics":[],"items_purged_floors":[],"is_endless":false,"potions_floor_spawned":[8,9],"killed_by":"3 Sentries","ascension_level":0}}