{"host":"oigynbtg272c19pw","time":1613905781,"event":{"mods":["BaseMod","Colored Map","Minty Spire (QoL Compilation)","Relic Stats","Slay the Relics Exporter","StSLib"],"gold_per_floor":[115,40,40,51,67,67,92,92,92,117,136,136,148,8,8,8,8],"floor_reached":16,"playtime":1122,"items_purged":["Regret","Pain"],"score":220,"play_id":"b2935db1-28cc-4c69-a63b-4c23b594534b","local_time":"20210221120941","is_ascension_mode":true,"campfire_choices":[{"data":"BowlingBash","floor":6.0,"key":"SMITH"},{"floor":8.0,"key":"REST"},{"data":"Wallop","floor":15.0,"key":"SMITH"}],"circlet_count":0,"master_deck":["AscendersBane","Strike_P","Strike_P","Strike_P","Strike_P+1","Defend_P+1","Defend_P","Defend_P","Defend_P","Eruption","Vigilance","ClearTheMind+1","Meditate+1","BowlingBash+1","Wallop+1","Consecrate","Tantrum","CutThroughFate","MentalFortress"],"relics":["PureWater","Dead Branch","WarpedTongs","Turnip","Eternal Feather","War Paint"],"acts_visited":["Exordium"],"potions_floor_usage":[],"damage_taken":[{"damage":12.0,"enemies":"Jaw Worm","floor":1.0,"turns":4.0},{"damage":9.0,"enemies":"Cultist","floor":4.0,"turns":3.0},{"damage":0.0,"enemies":"Small Slimes","floor":5.0,"turns":2.0},{"damage":19.0,"enemies":"3 Sentries","floor":7.0,"turns":5.0},{"damage":11.0,"enemies":"Gremlin Nob","floor":10.0,"turns":3.0},{"damage":3.0,"enemies":"Looter","floor":11.0,"turns":2.0},{"damage":5.0,"enemies":"Red Slaver","floor":13.0,"turns":3.0},{"damage":20,"enemies":"The Guardian","floor":16,"turns":8}],"seed_played":"1209939721177417360","potions_obtained":[{"floor":1.0,"key":"GamblersBrew"},{"floor":7.0,"key":"Block Potion"},{"floor":11.0,"key":"Regen Potion"}],"is_trial":false,"path_per_floor":["M","$","?","M","M","R","E","R","T","E","M","?","M","$","R","B"],"character_chosen":"WATCHER","items_purchased":["MentalFortress"],"campfire_rested":1,"item_purchase_floors":[14],"current_hp_per_floor":[49,49,49,40,40,40,21,41,41,30,27,7,11,11,20,0,0],"gold":8,"neow_bonus":"ONE_RARE_RELIC","is_daily":false,"chose_seed":false,"campfire_upgraded":2,"win_rate":0.0,"timestamp":1613905781,"path_taken":["M","$","?","?","M","R","E","R","T","E","M","?","M","$","R","BOSS"],"items_purchased_type":["Card"],"build_version":"2020-12-13","purchased_purges":2,"victory":false,"max_hp_per_floor":[68,68,68,68,68,68,68,68,68,68,68,68,68,68,68,68,68],"relic_stats":{"counters":[8,30],"Dead Branch":[19],"Eternal Feather":9,"Turnip":[0],"War Paint":["Defend_P","ClearTheMind"],"obtain_stats":[{"Dead Branch":0,"Eternal Feather":9,"Turnip":7,"PureWater":0,"War Paint":10,"WarpedTongs":3},{"Dead Branch":0,"Eternal Feather":4,"Turnip":4,"PureWater":0,"War Paint":5,"WarpedTongs":1},{"Dead Branch":0,"Eternal Feather":14,"Turnip":14,"PureWater":0,"War Paint":17,"WarpedTongs":4}],"WarpedTongs":[26]},"card_choices":[{"not_picked":["SandsOfTime","BowlingBash"],"picked":"ClearTheMind","floor":1.0},{"not_picked":["ThirdEye","Consecrate"],"picked":"Meditate","floor":4.0},{"not_picked":["Protect","BowlingBash","FollowUp"],"picked":"SKIP","floor":5.0},{"not_picked":["Protect","FollowUp"],"picked":"BowlingBash","floor":5.0},{"not_picked":["Study","FlurryOfBlows"],"picked":"Wallop","floor":7.0},{"not_picked":["Weave","FlyingSleeves"],"picked":"Consecrate","floor":10.0},{"not_picked":["PathToVictory","FlyingSleeves"],"picked":"Tantrum","floor":11.0},{"not_picked":["FlyingSleeves","Prostrate"],"picked":"CutThroughFate","floor":13.0}],"player_experience":1637712,"relics_obtained":[{"floor":7.0,"key":"Turnip"},{"floor":9.0,"key":"Eternal Feather"},{"floor":10.0,"key":"War Paint"}],"event_choices":[{"damage_healed":0.0,"max_hp_gain":0.0,"max_hp_loss":0.0,"gold_gain":0.0,"event_name":"Accursed Blacksmith","player_choice":"Rummage","floor":3.0,"gold_loss":0.0,"damage_taken":0.0,"relics_obtained":["WarpedTongs"],"cards_obtained":["Pain"]},{"damage_healed":0.0,"max_hp_gain":0.0,"max_hp_loss":0.0,"gold_gain":0.0,"event_name":"Shining Light","player_choice":"Entered Light","floor":12.0,"gold_loss":0.0,"damage_taken":20.0,"cards_upgraded":["Strike_P","Meditate"]}],"is_beta":false,"boss_relics":[],"items_purged_floors":[2,14],"is_endless":false,"potions_floor_spawned":[1,7,11],"killed_by":"The Guardian","ascension_level":20}}