{"host":"5wilga4482d891pp","time":1613951174,"event":{"mods":["100% Spire Juice","2.2 Compatiblity","A Magickal Journey","AchievementEnabler","Act Like it!","Arknights","Aspiration","Bartender","BaseMod","Better Note","Better Third Choice","CapriCore","Chen","Conspire","Downfall","Elementarium","Energized Spire","Gensokyo","GungeonMod","Hallownest","Hermit","Hubris","Jorbs\u0027s Wanderer Trilogy","KinomotoSakuraMod(木之本?)","Koishi","Lobotomy","LobotomyExtend","Luminous","Marisa（霧雨　魔理沙）","Marked Mod","Minty Spire (QoL Compilation)","Pale of the Ancients","Railgun Mod","Reimu（博??梦）","Reliquary","Replay The Spire","Ruina","RumiaBox-露米?的神秘盒子","Shade Mod","Shapeshifter Mod","StSLib","The Administrix","The Alterego","The Animator","The Bug Knight","The Construct","The Cursed","The Gatherer","The Immortal","The Wild Card","TheBandit","TheFirefly","TheSwordswoman","TheVacant","Uncapped","UnlockEverythingMod","WarShipGirlsR/??少女R mod","Yakumo Yukari mod","Yuyuko"],"gold_per_floor":[115,135,145,193,204,204,231,231,231,257,270,283,303,303,303,318,318,420,420,434,445,445,37,56,85,95,124,124,142,142,178,211,56,56,154,154,171,221,273,292,306,339,339,339,363,392,392,404,16,29,29,29],"floor_reached":53,"language":"ENG","playtime":5730,"items_purged":[],"score":966,"play_id":"74475a2f-6f73-4e1b-aa14-2a174c094df2","local_time":"20210221174614","is_ascension_mode":false,"campfire_choices":[{"data":"theWildCard:Salvation","floor":6,"key":"SMITH"},{"data":"theWildCard:EnergyTheft","floor":8,"key":"SMITH"},{"data":"theWildCard:Abstinence","floor":17,"key":"SMITH"},{"data":"theWildCard:Providence","floor":30,"key":"SMITH"},{"data":"theWildCard:Salvation","floor":34,"key":"SMITH"},{"data":"theWildCard:Thanatos","floor":44,"key":"SMITH"},{"data":"theWildCard:AllOutAttack","floor":47,"key":"SMITH"}],"circlet_count":0,"master_deck":["theWildCard:BasicStrike","theWildCard:BasicStrike","theWildCard:BasicStrike","theWildCard:BasicStrike","theWildCard:BasicDefend","theWildCard:BasicDefend","theWildCard:BasicDefend","theWildCard:CallToAdventure","theWildCard:Arsene","theWildCard:EnergyTheft+1","theWildCard:Salvation+1","theWildCard:PowerOfTheArcana","theWildCard:MagicMettle","theWildCard:ArchaicAssault","theWildCard:Providence+1","theWildCard:LadyLuck","theWildCard:EnergizedStroke","theWildCard:Abstinence+1","theWildCard:Sakuya","theWildCard:Lucifer","theWildCard:StingingStrike","theWildCard:Loki+1","theWildCard:Salvation+1","ruina:Harvest","theWildCard:ArcaneArts","theWildCard:Desolation","theWildCard:Satanael","theWildCard:StalwartBlade","theWildCard:SeveringSlash+1","theWildCard:MagicalMight+1","theWildCard:ArchaicAssault","theWildCard:AllOutAttack+1","theWildCard:ChangingDestiny","hubris:Despair","ReplayTheSpireMod:Faulty Equipment","Doubt","theWildCard:Thanatos+1","theWildCard:Scathach+1","theWildCard:MasterPlan","theWildCard:ArcanaArtistry","Parasite","theWildCard:Safeguard","theWildCard:MagicMettle+1","theWildCard:UnendingRitual+1","theWildCard:Impatience+1","theWildCard:IdentityTheft+1","theWildCard:SacrificialStroke"],"relics":["theWildCard:VelvetContract","hubris:ToyBattleship","LetterFromLob","ReplayTheSpireMod:Lightbulb","Du-Vu Doll","Replay:Bottled Snecko","ReplayTheSpireMod:Ninjato","conspire:RoyalGoblet","ReplayTheSpireMod:TigerMarble","Blue Candle","Strawberry","Peace Pipe","ChaoDraw","LastBattle","Replay:Ancient Bell","reliquary:Aerogel","Onion Ring","theWildCard:Evoker","hubris:BundleOfHerbs","MoreBug","reliquary:PartyBalloon","Centennial Puzzle","Replay:Accelerometer","Lee\u0027s Waffle","reliquary:Firecrackers"],"acts_visited":["Exordium","ruina:Briah","TheBeyond"],"potions_floor_usage":[12,18,18,18,21,27,29,31,31,31,31,31,31,35,46,50],"damage_taken":[{"damage":1,"enemies":"ats:Genji","floor":1,"turns":3},{"damage":0,"enemies":"Cultist","floor":2,"turns":3},{"damage":6,"enemies":"Small Slimes","floor":3,"turns":2},{"damage":10,"enemies":"Exordium Thugs","floor":5,"turns":4},{"damage":20,"enemies":"HollowMod:MossKnight","floor":7,"turns":5},{"damage":1,"enemies":"3 Sentries","floor":10,"turns":5},{"damage":8,"enemies":"3 Louse","floor":11,"turns":2},{"damage":7,"enemies":"Exordium Wildlife","floor":12,"turns":4},{"damage":7,"enemies":"Exordium Thugs","floor":13,"turns":4},{"damage":0,"enemies":"3 Louse","floor":16,"turns":3},{"damage":0,"enemies":"Hexaghost","floor":18,"turns":8},{"damage":4,"enemies":"ruina:Nosferatu","floor":20,"turns":4},{"damage":11,"enemies":"ruina:BadWolf","floor":21,"turns":4},{"damage":8,"enemies":"ruina:QueenOfHate","floor":24,"turns":3},{"damage":0,"enemies":"ruina:ServantOfWrath","floor":25,"turns":4},{"damage":5,"enemies":"ruina:KnightOfDespair","floor":26,"turns":3},{"damage":4,"enemies":"ruina:RoadHome","floor":27,"turns":7},{"damage":39,"enemies":"ruina:Nos_and_Bat","floor":29,"turns":4},{"damage":0,"enemies":"conspire:MimicChest","floor":31,"turns":4},{"damage":0,"enemies":"ruina:ServantOfWrath","floor":32,"turns":3},{"damage":33,"enemies":"ruina:JesterOfNihil","floor":35,"turns":6},{"damage":0,"enemies":"Orb Walker","floor":37,"turns":2},{"damage":9,"enemies":"Mind Bloom Boss Battle","floor":38,"turns":4},{"damage":9,"enemies":"2 Orb Walkers","floor":39,"turns":2},{"damage":0,"enemies":"3 Darklings","floor":40,"turns":1},{"damage":2,"enemies":"Writhing Mass","floor":41,"turns":2},{"damage":7,"enemies":"HollowMod:StalkingDevout","floor":42,"turns":5},{"damage":34,"enemies":"Nemesis","floor":46,"turns":5},{"damage":1,"enemies":"Spire Growth","floor":48,"turns":1},{"damage":0,"enemies":"Jaw Worm Horde","floor":50,"turns":2},{"damage":17,"enemies":"Donu and Deca","floor":52,"turns":3}],"seed_played":"-6629128338134563614","potions_obtained":[{"floor":2,"key":"Dexterity Potion"},{"floor":5,"key":"hexamod:SoulburnPotion"},{"floor":10,"key":"construct:ShiftPotion"},{"floor":11,"key":"Regen Potion"},{"floor":12,"key":"Languid Potion"},{"floor":13,"key":"DemoMod:LeadSkinPotion"},{"floor":20,"key":"AttackPotion"},{"floor":25,"key":"ColorlessPotion"},{"floor":29,"key":"EntropicBrew"},{"floor":32,"key":"Weak Potion"},{"floor":40,"key":"Explosive Potion"},{"floor":42,"key":"Swift Potion"},{"floor":48,"key":"Venom Potion"}],"is_trial":false,"path_per_floor":["M","M","M","T","M","R","E","R","T","E","M","M","M","PTL","PTL","M","R","B",null,"M","M","?","$","M","E","M","E","T","M","R","?","E","$","R","B",null,"M","?","?","M","M","E","?","R","T","E","R","M","$","M","R","B",null],"character_chosen":"THE_WILD_CARD","items_purchased":["theWildCard:Salvation","ReplayTheSpireMod:TigerMarble","ruina:Harvest","theWildCard:AllOutAttack","Lee\u0027s Waffle","reliquary:Firecrackers"],"campfire_rested":0,"item_purchase_floors":[23,23,23,33,49,49],"current_hp_per_floor":[59,59,53,53,43,43,23,23,23,22,15,19,14,14,14,15,15,18,60,57,56,56,56,49,51,46,51,51,13,13,67,67,67,67,36,67,68,59,53,53,51,50,57,57,57,41,41,40,73,73,73,59],"gold":29,"neow_bonus":"RANDOM_COMMON_RELIC","is_daily":false,"chose_seed":false,"campfire_upgraded":7,"win_rate":0.0,"timestamp":1613951174,"path_taken":["M","?","M","?","M","R","E","R","T","E","M","M","M","PTL","PTL","M","R","BOSS","M","M","?","?","M","E","M","E","T","?","R","?","E","?","R","BOSS","M","?","?","M","M","E","?","R","T","E","R","M","$","M","R","BOSS"],"items_purchased_type":["Card","Relic","Card","Card","Relic","Relic"],"build_version":"2020-12-22","purchased_purges":0,"victory":true,"max_hp_per_floor":[60,60,60,60,60,60,60,60,60,60,60,60,60,60,60,60,60,60,60,60,60,60,60,60,60,60,67,67,67,67,67,67,67,67,67,67,68,68,68,68,68,68,68,68,68,68,68,66,73,73,73,73],"card_choices":[{"not_picked":["theWildCard:ArcaneArts","theWildCard:StalwartBlade"],"picked":"theWildCard:EnergyTheft","floor":1},{"not_picked":["theWildCard:LadyLuck","theWildCard:CryOfAgony"],"picked":"theWildCard:Salvation","floor":2},{"not_picked":["theWildCard:Sakuya","theWildCard:Salvation"],"picked":"theWildCard:PowerOfTheArcana","floor":3},{"not_picked":["theWildCard:EnergizedStroke","theWildCard:Polydeuces"],"picked":"theWildCard:MagicMettle","floor":5},{"not_picked":["theWildCard:Patience","theWildCard:Sakuya"],"picked":"theWildCard:ArchaicAssault","floor":7},{"not_picked":["theWildCard:Loki","theWildCard:Polydeuces"],"picked":"theWildCard:Providence","floor":10},{"not_picked":["theWildCard:MaskChange","theWildCard:EnergyTheft"],"picked":"theWildCard:LadyLuck","floor":11},{"not_picked":["theWildCard:Polydeuces","theWildCard:Patience"],"picked":"theWildCard:EnergizedStroke","floor":12},{"not_picked":["theWildCard:PaleRider","theWildCard:BladeOfGenerations"],"picked":"theWildCard:Abstinence","floor":13},{"not_picked":["theWildCard:EnergizedStroke","theWildCard:LadyLuck"],"picked":"theWildCard:Sakuya","floor":16},{"not_picked":["theWildCard:TheArcanaUnleashed","theWildCard:FuelForTheFire"],"picked":"theWildCard:Lucifer","floor":18},{"not_picked":["theWildCard:StalwartBlade","theWildCard:Sakuya+1"],"picked":"theWildCard:StingingStrike","floor":20},{"not_picked":["theWildCard:Unburden+1","theWildCard:Sakuya"],"picked":"theWildCard:Loki+1","floor":21},{"not_picked":["theWildCard:SeveringSlash","theWildCard:Sakuya+1"],"picked":"theWildCard:ArcaneArts","floor":24},{"not_picked":["theWildCard:Sakuya","theWildCard:SeveringSlash"],"picked":"theWildCard:Desolation","floor":25},{"not_picked":["theWildCard:EnergyTheft","theWildCard:StingingStrike"],"picked":"theWildCard:Satanael","floor":26},{"not_picked":["theWildCard:MaskChange","theWildCard:Proficiency"],"picked":"theWildCard:StalwartBlade","floor":27},{"not_picked":["theWildCard:SacrificialStroke","theWildCard:Alice"],"picked":"theWildCard:SeveringSlash+1","floor":29},{"not_picked":["theWildCard:Providence","theWildCard:CryOfAgony"],"picked":"theWildCard:MagicalMight+1","floor":31},{"not_picked":["theWildCard:StalwartBlade+1","theWildCard:Loki"],"picked":"theWildCard:ArchaicAssault","floor":32},{"not_picked":["theWildCard:Desolation","theWildCard:Lucifer"],"picked":"theWildCard:ChangingDestiny","floor":35},{"not_picked":["animator:Curse_GriefSeed","animator:Curse_Greed"],"picked":"hubris:Despair","floor":36},{"not_picked":["Shame","Doubt"],"picked":"ReplayTheSpireMod:Faulty Equipment","floor":36},{"not_picked":["Parasite","conspire:NecroticWound"],"picked":"Doubt","floor":36},{"not_picked":["theWildCard:SeveringSlash+1","theWildCard:Impatience+1"],"picked":"theWildCard:Thanatos","floor":37},{"not_picked":["theWildCard:MaskChange","theWildCard:StingingStrike"],"picked":"theWildCard:Scathach+1","floor":38},{"not_picked":["theWildCard:UnderLockAndKey+1","theWildCard:Scathach+1"],"picked":"theWildCard:MasterPlan","floor":39},{"not_picked":["theWildCard:Polydeuces","theWildCard:PowerOfTheArcana+1"],"picked":"theWildCard:ArcanaArtistry","floor":40},{"not_picked":["theWildCard:SeveringSlash","theWildCard:MaskChange+1"],"picked":"theWildCard:Safeguard","floor":41},{"not_picked":["theWildCard:Patience","theWildCard:SacrificialStroke"],"picked":"theWildCard:MagicMettle+1","floor":42},{"not_picked":["theWildCard:SeveringSlash+1","theWildCard:Proficiency"],"picked":"theWildCard:UnendingRitual+1","floor":46},{"not_picked":["theWildCard:ArcaneArts+1","theWildCard:MagicMettle"],"picked":"theWildCard:Impatience+1","floor":48},{"not_picked":["theWildCard:ArchaicAssault","theWildCard:StingingStrike"],"picked":"theWildCard:IdentityTheft+1","floor":50}],"player_experience":53101,"relics_obtained":[{"floor":1,"key":"LetterFromLob"},{"floor":4,"key":"ReplayTheSpireMod:Lightbulb"},{"floor":7,"key":"Du-Vu Doll"},{"floor":9,"key":"Replay:Bottled Snecko"},{"floor":10,"key":"ReplayTheSpireMod:Ninjato"},{"floor":25,"key":"Blue Candle"},{"floor":27,"key":"Strawberry"},{"floor":28,"key":"Peace Pipe"},{"floor":31,"key":"ChaoDraw"},{"floor":32,"key":"LastBattle"},{"floor":38,"key":"hubris:BundleOfHerbs"},{"floor":39,"key":"MoreBug"},{"floor":42,"key":"reliquary:PartyBalloon"},{"floor":45,"key":"Centennial Puzzle"},{"floor":46,"key":"Replay:Accelerometer"}],"event_choices":[{"damage_healed":0,"gold_gain":0,"player_choice":"Fight","damage_taken":0,"max_hp_gain":0,"max_hp_loss":0,"event_name":"MindBloom","floor":38,"gold_loss":0},{"damage_healed":0,"gold_gain":0,"player_choice":"Fight","damage_taken":0,"max_hp_gain":0,"max_hp_loss":0,"event_name":"Mysterious Sphere","floor":39,"gold_loss":0}],"is_beta":false,"boss_relics":[{"not_picked":["energizedSpire:SpiderWeb","hubris:HollowSoul"],"picked":"conspire:RoyalGoblet"},{"not_picked":["Runic Dome","aspiration:RitualDagger"],"picked":"Replay:Ancient Bell"},{"not_picked":["hubris:TenFootPole","Pen Nib"],"picked":"reliquary:Aerogel"},{"not_picked":["reliquary:QuartzCube","InkBottle"],"picked":"Onion Ring"},{"not_picked":["hubris:CuriousFeather","DemoMod:PartiallyEatenCheese"],"picked":"theWildCard:Evoker"}],"items_purged_floors":[],"is_endless":false,"potions_floor_spawned":[2,5,10,11,12,13,20,25,29,32,40,42,48],"ascension_level":0}}