{"host":"5bsc0nab6whpyrbj","time":1613892400,"event":{"mods":["BaseMod","Highlight Path","Minty Spire (QoL Compilation)"],"gold_per_floor":[117,117,117,134,186,186,113,113,113,113,72,99,99,115,115,218,268,285,211,227,227,247,261,278,278,302,302,320,68,68,82,82,185,185,203,203,215,8,8,36,36,36,36],"floor_reached":42,"language":"ENG","playtime":876,"items_purged":[],"score":474,"play_id":"db26f746-cd92-4fef-9c9f-5deae5db53c2","local_time":"20210221022640","is_ascension_mode":false,"campfire_choices":[{"data":"Storm","floor":6.0,"key":"SMITH"},{"floor":8.0,"key":"REST"},{"data":"Hello World","floor":13.0,"key":"SMITH"},{"floor":15.0,"key":"REST"},{"floor":25.0,"key":"REST"},{"floor":30.0,"key":"REST"},{"floor":32.0,"key":"REST"},{"floor":41.0,"key":"REST"}],"circlet_count":0,"master_deck":["Strike_B","Strike_B","Strike_B","Strike_B","Defend_B","Defend_B+1","Defend_B","Defend_B+1","Zap+1","Dualcast","Ball Lightning","Doom and Gloom","Storm+1","Self Repair","Hello World+1","Ball Lightning","Amplify","Barrage","Ball Lightning","Capacitor","Capacitor+1","Storm","Creative AI","Creative AI","White Noise+1","Barrage+1","Ball Lightning"],"relics":["Cracked Core","HornCleat","TungstenRod","Tiny House","Juzu Bracelet","Pear","Black Star","Dream Catcher","Torii","Centennial Puzzle"],"acts_visited":["Exordium","TheCity","TheBeyond"],"potions_floor_usage":[42,42],"damage_taken":[{"damage":0.0,"enemies":"Small Slimes","floor":1.0,"turns":3.0},{"damage":3.0,"enemies":"Jaw Worm","floor":4.0,"turns":2.0},{"damage":31.0,"enemies":"3 Sentries","floor":12.0,"turns":5.0},{"damage":0.0,"enemies":"2 Louse","floor":14.0,"turns":2.0},{"damage":57.0,"enemies":"Hexaghost","floor":16.0,"turns":10.0},{"damage":0.0,"enemies":"Spheric Guardian","floor":18.0,"turns":3.0},{"damage":17.0,"enemies":"Chosen","floor":20.0,"turns":4.0},{"damage":33.0,"enemies":"Snake Plant","floor":22.0,"turns":4.0},{"damage":29.0,"enemies":"3 Cultists","floor":23.0,"turns":5.0},{"damage":17.0,"enemies":"Cultist and Chosen","floor":24.0,"turns":4.0},{"damage":24.0,"enemies":"Snake Plant","floor":28.0,"turns":4.0},{"damage":25.0,"enemies":"Centurion and Healer","floor":31.0,"turns":5.0},{"damage":92.0,"enemies":"Collector","floor":33.0,"turns":8.0},{"damage":33.0,"enemies":"Orb Walker","floor":35.0,"turns":4.0},{"damage":28.0,"enemies":"3 Shapes","floor":37.0,"turns":4.0},{"damage":40.0,"enemies":"Giant Head","floor":40.0,"turns":6.0},{"damage":44,"enemies":"Nemesis","floor":42,"turns":3}],"seed_played":"-37487927909421725","potions_obtained":[{"floor":1.0,"key":"Dexterity Potion"},{"floor":4.0,"key":"FairyPotion"},{"floor":17.0,"key":"CultistPotion"},{"floor":23.0,"key":"GamblersBrew"},{"floor":31.0,"key":"ColorlessPotion"},{"floor":33.0,"key":"SteroidPotion"},{"floor":35.0,"key":"Dexterity Potion"},{"floor":39.0,"key":"EssenceOfDarkness"},{"floor":39.0,"key":"EssenceOfDarkness"},{"floor":40.0,"key":"FearPotion"}],"is_trial":false,"path_per_floor":["M","?","?","M","?","R","$","R","T","?","$","E","R","M","R","B",null,"M","$","M","?","M","M","M","R","T","?","M","$","R","M","R","B",null,"M","?","M","$","?","E","R","E"],"character_chosen":"DEFECT","items_purchased":["Self Repair","Hello World","Capacitor","Pear","Ball Lightning","Dream Catcher"],"campfire_rested":6,"item_purchase_floors":[7,11,19,29,38,38],"current_hp_per_floor":[75,75,60,57,57,57,57,75,75,75,75,51,51,51,73,23,80,80,80,70,80,54,32,22,46,46,46,29,39,66,48,75,41,90,64,64,43,43,43,3,30,0,0],"gold":36,"neow_bonus":"THREE_CARDS","is_daily":false,"chose_seed":false,"campfire_upgraded":2,"win_rate":0.0,"timestamp":1613892400,"path_taken":["M","?","?","M","?","R","$","R","T","?","$","E","R","M","R","BOSS","M","$","M","?","M","?","M","R","T","?","M","$","R","M","R","BOSS","M","?","M","?","?","E","R","E"],"items_purchased_type":["Card","Card","Card","Relic","Card","Relic"],"build_version":"2020-12-22","purchased_purges":0,"victory":false,"max_hp_per_floor":[75,75,75,75,75,75,75,75,75,75,75,75,75,75,75,75,80,80,80,80,80,80,80,80,80,80,80,80,90,90,90,90,90,90,90,90,90,90,90,90,90,90,90],"card_choices":[{"not_picked":["Undo","Coolheaded"],"picked":"Ball Lightning","floor":0.0},{"not_picked":["Reinforced Body","Skim"],"picked":"Doom and Gloom","floor":1.0},{"not_picked":["Undo","Sweeping Beam"],"picked":"Storm","floor":4.0},{"not_picked":["Cold Snap","Redo"],"picked":"Ball Lightning","floor":12.0},{"not_picked":["Conserve Battery","Leap","Sweeping Beam"],"picked":"SKIP","floor":14.0},{"not_picked":["Fission","Reboot"],"picked":"Amplify","floor":16.0},{"not_picked":["Rebound","Reinforced Body"],"picked":"Barrage","floor":17.0},{"not_picked":["Undo+1","Gash+1"],"picked":"Ball Lightning","floor":18.0},{"not_picked":["Cold Snap","Recycle","Conserve Battery"],"picked":"SKIP","floor":20.0},{"not_picked":["Steam","Scrape+1","Cold Snap"],"picked":"SKIP","floor":22.0},{"not_picked":["Go for the Eyes","Double Energy+1","Genetic Algorithm+1"],"picked":"SKIP","floor":23.0},{"not_picked":["Turbo+1","Steam+1"],"picked":"Capacitor","floor":24.0},{"not_picked":["Skim+1","Auto Shields","Reinforced Body+1"],"picked":"SKIP","floor":28.0},{"not_picked":["Scrape","Compile Driver"],"picked":"Creative AI","floor":31.0},{"not_picked":["Fission","Hyperbeam"],"picked":"Creative AI","floor":33.0},{"not_picked":["Recycle+1","Coolheaded+1"],"picked":"White Noise+1","floor":35.0},{"not_picked":["Gash","Steam+1"],"picked":"Barrage+1","floor":37.0},{"not_picked":["Stack","Steam Power+1","Recycle"],"picked":"SKIP","floor":40.0}],"player_experience":84786,"relics_obtained":[{"floor":9.0,"key":"HornCleat"},{"floor":12.0,"key":"TungstenRod"},{"floor":26.0,"key":"Juzu Bracelet"},{"floor":40.0,"key":"Torii"},{"floor":40.0,"key":"Centennial Puzzle"}],"event_choices":[{"damage_healed":0.0,"max_hp_gain":0.0,"max_hp_loss":0.0,"gold_gain":0.0,"event_name":"The Cleric","player_choice":"Leave","floor":2.0,"gold_loss":0.0,"damage_taken":0.0},{"damage_healed":0.0,"max_hp_gain":0.0,"max_hp_loss":0.0,"gold_gain":0.0,"event_name":"Shining Light","player_choice":"Entered Light","floor":3.0,"gold_loss":0.0,"damage_taken":15.0,"cards_upgraded":["Defend_B","Defend_B"]},{"damage_healed":0.0,"max_hp_gain":0.0,"max_hp_loss":0.0,"gold_gain":52.0,"event_name":"Golden Wing","player_choice":"Gained Gold","floor":5.0,"gold_loss":0.0,"damage_taken":0.0},{"damage_healed":0.0,"max_hp_gain":0.0,"max_hp_loss":0.0,"gold_gain":0.0,"event_name":"Scrap Ooze","player_choice":"Fled","floor":10.0,"gold_loss":0.0,"damage_taken":0.0},{"damage_healed":10.0,"max_hp_gain":0.0,"max_hp_loss":0.0,"gold_gain":0.0,"event_name":"Wheel of Change","player_choice":"Full Heal","floor":21.0,"gold_loss":0.0,"damage_taken":0.0},{"damage_healed":0.0,"max_hp_gain":0.0,"max_hp_loss":0.0,"gold_gain":0.0,"event_name":"The Library","player_choice":"Read","floor":27.0,"gold_loss":0.0,"damage_taken":0.0,"cards_obtained":["Storm"]},{"damage_healed":0.0,"max_hp_gain":0.0,"max_hp_loss":0.0,"gold_gain":0.0,"event_name":"Accursed Blacksmith","player_choice":"Forge","floor":36.0,"gold_loss":0.0,"damage_taken":0.0,"cards_upgraded":["Capacitor"]},{"damage_healed":0.0,"max_hp_gain":0.0,"max_hp_loss":0.0,"gold_gain":0.0,"event_name":"Lab","player_choice":"Got Potions","floor":39.0,"gold_loss":0.0,"damage_taken":0.0}],"is_beta":false,"boss_relics":[{"not_picked":["Runic Dome","Snecko Eye"],"picked":"Tiny House"},{"not_picked":["Sozu","Cursed Key"],"picked":"Black Star"}],"items_purged_floors":[],"is_endless":false,"potions_floor_spawned":[1,4,23,24,31,33,35,40],"killed_by":"Nemesis","ascension_level":0}}