{"host":"eglukmwb6rueyn6u","time":1613945632,"event":{"mods":["AchievementEnabler","BaseMod","Colored Powertips","Highlight Path","Minty Spire (QoL Compilation)"],"gold_per_floor":[109,123,134,23,23,23,34,34,34,34,49,49,49,69,69,167,167,186,206,224,224,234,234,234,234],"floor_reached":24,"language":"ENG","playtime":1155,"items_purged":["Strike_P"],"score":240,"play_id":"dfdeb25c-d0eb-46f8-b253-9970dc3d7917","local_time":"20210222001352","is_ascension_mode":false,"campfire_choices":[{"data":"Eruption","floor":6.0,"key":"SMITH"},{"data":"Indignation","floor":8.0,"key":"SMITH"},{"data":"Nirvana","floor":10.0,"key":"SMITH"},{"data":"ThirdEye","floor":13.0,"key":"SMITH"},{"data":"BowlingBash","floor":15.0,"key":"SMITH"},{"data":"ThirdEye","floor":23.0,"key":"SMITH"}],"circlet_count":0,"master_deck":["Strike_P","Strike_P","Strike_P","Defend_P","Defend_P","Defend_P","Defend_P","Eruption+1","Vigilance","Sanctity+1","Indignation+1","FollowUp+1","Nirvana+1","FearNoEvil","ThirdEye+1","BowlingBash+1","Judgement","CurseOfTheBell","ThirdEye+1","Halt+1","EmptyBody","Prostrate"],"relics":["PureWater","Mercury Hourglass","Calling Bell","Juzu Bracelet","InkBottle","Peace Pipe"],"acts_visited":["Exordium","TheCity"],"potions_floor_usage":[],"damage_taken":[{"damage":2.0,"enemies":"Small Slimes","floor":1.0,"turns":3.0},{"damage":0.0,"enemies":"Jaw Worm","floor":2.0,"turns":4.0},{"damage":0.0,"enemies":"2 Louse","floor":3.0,"turns":2.0},{"damage":0.0,"enemies":"Exordium Wildlife","floor":7.0,"turns":3.0},{"damage":0.0,"enemies":"2 Fungi Beasts","floor":11.0,"turns":4.0},{"damage":0.0,"enemies":"3 Louse","floor":14.0,"turns":2.0},{"damage":0.0,"enemies":"Slime Boss","floor":16.0,"turns":5.0},{"damage":2.0,"enemies":"2 Thieves","floor":18.0,"turns":3.0},{"damage":2.0,"enemies":"Chosen","floor":19.0,"turns":4.0},{"damage":0.0,"enemies":"Sentry and Sphere","floor":20.0,"turns":2.0},{"damage":29.0,"enemies":"Shelled Parasite and Fungi","floor":22.0,"turns":6.0},{"damage":52,"enemies":"Book of Stabbing","floor":24,"turns":7}],"seed_played":"-8585985796223791155","potions_obtained":[{"floor":0.0,"key":"FearPotion"},{"floor":0.0,"key":"LiquidMemories"},{"floor":0.0,"key":"AttackPotion"},{"floor":16.0,"key":"StancePotion"}],"is_trial":false,"path_per_floor":["M","M","M","$","?","R","M","R","T","R","M","?","R","M","R","B",null,"M","M","M","?","M","R","E"],"character_chosen":"WATCHER","items_purchased":["Nirvana"],"campfire_rested":0,"item_purchase_floors":[4],"current_hp_per_floor":[70,70,70,70,56,56,56,56,56,56,56,61,61,61,61,61,77,75,73,73,73,44,44,0,0],"gold":234,"neow_bonus":"THREE_SMALL_POTIONS","is_daily":false,"chose_seed":false,"campfire_upgraded":6,"win_rate":0.0,"timestamp":1613945632,"path_taken":["M","M","M","$","?","R","M","R","T","R","M","?","R","?","R","BOSS","M","M","M","?","M","R","E"],"items_purchased_type":["Card"],"build_version":"2020-12-22","purchased_purges":1,"victory":false,"max_hp_per_floor":[72,72,72,72,72,72,72,72,72,72,72,77,77,77,77,77,77,77,77,77,77,77,77,77,77],"card_choices":[{"not_picked":["Swivel","ForeignInfluence"],"picked":"Sanctity","floor":1.0},{"not_picked":["CrushJoints","Worship"],"picked":"Indignation","floor":2.0},{"not_picked":["Prostrate","Vault"],"picked":"FollowUp","floor":3.0},{"not_picked":["Collect","Evaluate"],"picked":"FearNoEvil","floor":7.0},{"not_picked":["Protect","EmptyFist"],"picked":"ThirdEye","floor":11.0},{"not_picked":["Crescendo","FlurryOfBlows"],"picked":"BowlingBash","floor":14.0},{"not_picked":["Blasphemy","ConjureBlade"],"picked":"Judgement","floor":16.0},{"not_picked":["Evaluate","Worship"],"picked":"ThirdEye","floor":18.0},{"not_picked":["Crescendo+1","SignatureMove"],"picked":"Halt+1","floor":19.0},{"not_picked":["Worship","BattleHymn"],"picked":"EmptyBody","floor":20.0},{"not_picked":["DeceiveReality","SashWhip"],"picked":"Prostrate","floor":22.0}],"player_experience":144258,"relics_obtained":[{"floor":9.0,"key":"Mercury Hourglass"},{"floor":17.0,"key":"Juzu Bracelet"},{"floor":17.0,"key":"InkBottle"},{"floor":17.0,"key":"Peace Pipe"}],"event_choices":[{"damage_healed":0.0,"max_hp_gain":0.0,"max_hp_loss":0.0,"gold_gain":0.0,"event_name":"Shining Light","player_choice":"Entered Light","floor":5.0,"gold_loss":0.0,"damage_taken":14.0,"cards_upgraded":["FollowUp","Sanctity"]},{"damage_healed":0.0,"max_hp_gain":5.0,"max_hp_loss":0.0,"gold_gain":0.0,"event_name":"Big Fish","player_choice":"Donut","floor":12.0,"gold_loss":0.0,"damage_taken":0.0},{"damage_healed":0.0,"max_hp_gain":0.0,"max_hp_loss":0.0,"gold_gain":0.0,"event_name":"Vampires","player_choice":"Ignored","floor":21.0,"gold_loss":0.0,"damage_taken":0.0}],"is_beta":false,"boss_relics":[{"not_picked":["Runic Pyramid","Sozu"],"picked":"Calling Bell"}],"items_purged_floors":[4],"is_endless":false,"potions_floor_spawned":[1,2,16,18],"killed_by":"Book of Stabbing","ascension_level":0}}