{"host":"v0dnu0zs4qo0v13s","time":1613874863,"event":{"mods":["BaseMod","Colored Map","Colored Powertips","Minty Spire (QoL Compilation)","Relic Stats","StSLib","SuperFastMode","everything is the same but u backflip on backflip"],"gold_per_floor":[118,141,141,141,158,158,191,191,217,232,232,249,269,285,285,358,358,378,32,32,32,43,43,59,84,84,84,84],"floor_reached":27,"language":"ENG","playtime":9770,"items_purged":["Strike_R"],"score":408,"play_id":"027a7730-dfe0-4f5a-932c-817141f0d08d","local_time":"20210220213423","is_ascension_mode":true,"campfire_choices":[{"data":"Searing Blow+1","floor":6.0,"key":"SMITH"},{"data":"True Grit","floor":8.0,"key":"SMITH"},{"data":"Searing Blow+2","floor":15.0,"key":"SMITH"},{"data":"Searing Blow+3","floor":23.0,"key":"SMITH"}],"circlet_count":0,"master_deck":["AscendersBane","Strike_R","Strike_R","Strike_R","Strike_R","Defend_R+1","Defend_R+1","Defend_R","Defend_R","Bash+1","Searing Blow+4","Shockwave","True Grit+1","Evolve","Battle Trance","Burning Pact","Offering","Rupture","Pummel+1"],"relics":["Coffee Dripper","War Paint","Charon\u0027s Ashes","Calipers","Smiling Mask","Philosopher\u0027s Stone","Eternal Feather","Kunai","Akabeko"],"acts_visited":["Exordium","TheCity"],"potions_floor_usage":[27],"damage_taken":[{"damage":0.0,"enemies":"Cultist","floor":1.0,"turns":3.0},{"damage":0.0,"enemies":"2 Louse","floor":5.0,"turns":2.0},{"damage":15.0,"enemies":"Lagavulin","floor":7.0,"turns":3.0},{"damage":2.0,"enemies":"Jaw Worm","floor":10.0,"turns":3.0},{"damage":3.0,"enemies":"Lots of Slimes","floor":12.0,"turns":4.0},{"damage":0.0,"enemies":"3 Louse","floor":13.0,"turns":3.0},{"damage":1.0,"enemies":"Large Slime","floor":14.0,"turns":4.0},{"damage":12.0,"enemies":"Slime Boss","floor":16.0,"turns":8.0},{"damage":9.0,"enemies":"2 Thieves","floor":18.0,"turns":3.0},{"damage":10.0,"enemies":"3 Byrds","floor":22.0,"turns":5.0},{"damage":11.0,"enemies":"Cultist and Chosen","floor":24.0,"turns":3.0},{"damage":28.0,"enemies":"Gremlin Leader","floor":25.0,"turns":4.0},{"damage":11,"enemies":"Book of Stabbing","floor":27,"turns":3}],"seed_played":"-3641744249788466277","potions_obtained":[{"floor":5.0,"key":"Strength Potion"},{"floor":14.0,"key":"Fire Potion"},{"floor":25.0,"key":"AttackPotion"}],"is_trial":false,"path_per_floor":["M","T","?","T","M","R","E","R","T","M","?","M","M","M","R","B",null,"M","$","?","$","M","R","M","E","T","E"],"character_chosen":"IRONCLAD","items_purchased":["Eternal Feather","Rupture"],"campfire_rested":0,"item_purchase_floors":[19,19],"current_hp_per_floor":[68,68,45,45,45,45,30,30,30,28,17,14,14,13,13,1,57,48,48,48,48,38,47,36,8,8,0,0],"gold":84,"neow_bonus":"BOSS_RELIC","is_daily":false,"chose_seed":false,"campfire_upgraded":4,"win_rate":0.0,"timestamp":1613874863,"path_taken":["M","?","?","?","M","R","E","R","T","?","?","?","M","M","R","BOSS","M","$","?","$","M","R","?","E","T","E"],"items_purchased_type":["Relic","Card"],"build_version":"2020-12-22","purchased_purges":1,"victory":false,"max_hp_per_floor":[75,75,75,75,75,75,75,75,75,75,75,75,75,75,75,75,75,75,75,75,75,75,75,75,75,75,75,75],"relic_stats":{"counters":[13,48],"Eternal Feather":9,"Charon\u0027s Ashes":[216],"Kunai":[0],"War Paint":["Defend_R","Defend_R"],"Smiling Mask":25,"obtain_stats":[{"Calipers":7,"Philosopher\u0027s Stone":17,"Eternal Feather":19,"Charon\u0027s Ashes":4,"Coffee Dripper":0,"Kunai":25,"War Paint":2,"Smiling Mask":9,"Burning Blood":0,"Akabeko":26},{"Calipers":3,"Philosopher\u0027s Stone":8,"Eternal Feather":9,"Charon\u0027s Ashes":1,"Coffee Dripper":0,"Kunai":12,"War Paint":1,"Smiling Mask":3,"Burning Blood":0,"Akabeko":12},{"Calipers":8,"Philosopher\u0027s Stone":30,"Eternal Feather":33,"Charon\u0027s Ashes":3,"Coffee Dripper":0,"Kunai":45,"War Paint":3,"Smiling Mask":8,"Burning Blood":0,"Akabeko":45}]},"card_choices":[{"not_picked":["Havoc","Heavy Blade"],"picked":"Searing Blow","floor":1.0},{"not_picked":["Shrug It Off","Iron Wave"],"picked":"Shockwave","floor":5.0},{"not_picked":["Perfected Strike","Iron Wave"],"picked":"True Grit","floor":7.0},{"not_picked":["Shrug It Off","Disarm"],"picked":"Evolve","floor":10.0},{"not_picked":["Flame Barrier","Iron Wave"],"picked":"Battle Trance","floor":12.0},{"not_picked":["Ghostly Armor","Uppercut"],"picked":"Burning Pact","floor":13.0},{"not_picked":["Headbutt","Clash","Heavy Blade"],"picked":"SKIP","floor":14.0},{"not_picked":["Bludgeon","Fiend Fire"],"picked":"Offering","floor":16.0},{"not_picked":["Bloodletting","Combust","Carnage"],"picked":"SKIP","floor":18.0},{"not_picked":["Searing Blow","Clash"],"picked":"Pummel+1","floor":22.0},{"not_picked":["Clothesline","Heavy Blade","Ghostly Armor"],"picked":"SKIP","floor":24.0},{"not_picked":["Blood for Blood","Evolve","Ghostly Armor"],"picked":"SKIP","floor":25.0}],"player_experience":751318,"relics_obtained":[{"floor":2.0,"key":"War Paint"},{"floor":4.0,"key":"Charon\u0027s Ashes"},{"floor":7.0,"key":"Calipers"},{"floor":9.0,"key":"Smiling Mask"},{"floor":25.0,"key":"Kunai"},{"floor":26.0,"key":"Akabeko"}],"event_choices":[{"damage_healed":0.0,"max_hp_gain":0.0,"max_hp_loss":0.0,"gold_gain":0.0,"event_name":"Shining Light","player_choice":"Entered Light","floor":3.0,"gold_loss":0.0,"damage_taken":23.0,"cards_upgraded":["Searing Blow","Bash"]},{"damage_healed":0.0,"max_hp_gain":0.0,"max_hp_loss":0.0,"gold_gain":0.0,"event_name":"Wheel of Change","player_choice":"Damaged","floor":11.0,"gold_loss":0.0,"damage_taken":11.0},{"damage_healed":0.0,"max_hp_gain":0.0,"max_hp_loss":0.0,"gold_gain":0.0,"event_name":"N\u0027loth","player_choice":"Ignored","floor":20.0,"gold_loss":0.0,"damage_taken":0.0}],"is_beta":false,"boss_relics":[{"not_picked":["Ectoplasm","Sozu"],"picked":"Philosopher\u0027s Stone"}],"items_purged_floors":[19],"is_endless":false,"potions_floor_spawned":[5,14,25],"killed_by":"Book of Stabbing","ascension_level":15}}