{"host":"z37g2hkgkh2zjyzk","time":1613923733,"event":{"mods":["2.2 Compatiblity","AchievementEnabler","BaseMod","Bestiary","Colored Map","Colored Powertips","Curses Come First","Highlight Path","Keyboard Shortcuts","Minty Spire (QoL Compilation)","Relic Stats","StSLib","SuperFastMode"],"gold_per_floor":[119,119,139,159,179,179,214,227,227,261,275,55,69,99,99,200,200,217,232,252,78,93,93,125,125,174,186,205,234,234,263,263,361,361,376,376,56,72,89,119,119,148,148,173,173,188,64,64,64,64,64,64,15,43,43],"floor_reached":56,"language":"ENG","playtime":5990,"items_purged":["Parasite"],"score":1552,"play_id":"04121723-0800-4a8a-9eaf-1f684c4f09a9","local_time":"20210221170853","is_ascension_mode":true,"campfire_choices":[{"data":"Eruption","floor":6.0,"key":"SMITH"},{"data":"Conclude","floor":15.0,"key":"SMITH"},{"data":"MasterReality","floor":23.0,"key":"SMITH"},{"floor":30.0,"key":"REST"},{"data":"TalkToTheHand","floor":32.0,"key":"SMITH"},{"data":"SashWhip","floor":41.0,"key":"SMITH"},{"floor":49.0,"key":"RECALL"},{"data":"TalkToTheHand","floor":52.0,"key":"SMITH"}],"circlet_count":0,"master_deck":["Strike_P","Strike_P","Strike_P","Defend_P","Defend_P","Defend_P","Defend_P+1","Eruption+1","Vigilance+1","EmptyFist","Conclude+1","ReachHeaven","SashWhip+1","CutThroughFate","Tantrum","TalkToTheHand+1","DeceiveReality","Crescendo","WheelKick","BowlingBash","FlurryOfBlows","Scrawl","FearNoEvil","EmptyBody","Indignation+1","FollowUp","MasterReality+1","Prostrate","ThirdEye","FlurryOfBlows+1","Worship","Blasphemy","ClearTheMind+1","LikeWater","LikeWater+1","TalkToTheHand+1","Adaptation+1","WaveOfTheHand","TalkToTheHand+1","Scrawl"],"relics":["PureWater","Centennial Puzzle","Pen Nib","Bag of Marbles","War Paint","Orichalcum","Mummified Hand","Black Star","Strawberry","Lantern","MutagenicStrength","PreservedInsect","Regal Pillow","Art of War","Vajra","HornCleat","Cursed Key","MealTicket","Ornamental Fan","Pantograph","Damaru","InkBottle","Anchor","CaptainsWheel","Bronze Scales","Pear","Gremlin Horn"],"acts_visited":["Exordium","TheCity","TheBeyond","TheEnding"],"potions_floor_usage":[55,55,55],"damage_taken":[{"damage":3.0,"enemies":"2 Louse","floor":1.0,"turns":2.0},{"damage":0.0,"enemies":"Cultist","floor":3.0,"turns":2.0},{"damage":1.0,"enemies":"Jaw Worm","floor":4.0,"turns":2.0},{"damage":0.0,"enemies":"2 Fungi Beasts","floor":5.0,"turns":2.0},{"damage":18.0,"enemies":"3 Sentries","floor":7.0,"turns":6.0},{"damage":3.0,"enemies":"Red Slaver","floor":8.0,"turns":2.0},{"damage":0.0,"enemies":"Lagavulin","floor":10.0,"turns":4.0},{"damage":0.0,"enemies":"Exordium Wildlife","floor":11.0,"turns":2.0},{"damage":0.0,"enemies":"Lots of Slimes","floor":13.0,"turns":1.0},{"damage":1.0,"enemies":"3 Sentries","floor":14.0,"turns":2.0},{"damage":0.0,"enemies":"Slime Boss","floor":16.0,"turns":3.0},{"damage":2.0,"enemies":"3 Byrds","floor":18.0,"turns":3.0},{"damage":3.0,"enemies":"2 Thieves","floor":19.0,"turns":2.0},{"damage":17.0,"enemies":"Centurion and Healer","floor":20.0,"turns":3.0},{"damage":0.0,"enemies":"Shelled Parasite and Fungi","floor":22.0,"turns":2.0},{"damage":0.0,"enemies":"Gremlin Leader","floor":24.0,"turns":4.0},{"damage":9.0,"enemies":"Snake Plant","floor":27.0,"turns":2.0},{"damage":0.0,"enemies":"3 Cultists","floor":28.0,"turns":4.0},{"damage":16.0,"enemies":"Book of Stabbing","floor":29.0,"turns":4.0},{"damage":0.0,"enemies":"Gremlin Leader","floor":31.0,"turns":1.0},{"damage":14.0,"enemies":"Automaton","floor":33.0,"turns":6.0},{"damage":0.0,"enemies":"3 Shapes","floor":35.0,"turns":1.0},{"damage":9.0,"enemies":"3 Darklings","floor":38.0,"turns":3.0},{"damage":3.0,"enemies":"4 Shapes","floor":39.0,"turns":1.0},{"damage":6.0,"enemies":"Nemesis","floor":40.0,"turns":3.0},{"damage":1.0,"enemies":"Reptomancer","floor":42.0,"turns":5.0},{"damage":0.0,"enemies":"Nemesis","floor":44.0,"turns":1.0},{"damage":49.0,"enemies":"Writhing Mass","floor":46.0,"turns":3.0},{"damage":5.0,"enemies":"Donu and Deca","floor":50.0,"turns":6.0},{"damage":8,"enemies":"Shield and Spear","floor":54,"turns":4},{"damage":5,"enemies":"The Heart","floor":55,"turns":8}],"seed_played":"-9113830102016970321","potions_obtained":[{"floor":3.0,"key":"DistilledChaos"},{"floor":4.0,"key":"Swift Potion"},{"floor":7.0,"key":"BlessingOfTheForge"},{"floor":10.0,"key":"BlessingOfTheForge"},{"floor":16.0,"key":"GamblersBrew"},{"floor":19.0,"key":"Swift Potion"},{"floor":22.0,"key":"Dexterity Potion"},{"floor":27.0,"key":"Regen Potion"},{"floor":29.0,"key":"SpeedPotion"},{"floor":31.0,"key":"SkillPotion"},{"floor":33.0,"key":"SkillPotion"},{"floor":35.0,"key":"FearPotion"},{"floor":40.0,"key":"Energy Potion"},{"floor":42.0,"key":"PowerPotion"},{"floor":54,"key":"Ambrosia"}],"is_trial":false,"path_per_floor":["M","?","M","M","M","R","E","M","T","E","M","$","M","E","R","B",null,"M","M","M","$","M","R","E","?","T","M","M","E","R","E","R","B",null,"M","?","$","M","M","E","R","E","T","E","?","M","$","$","R","B",null,"R","$","E","B",null],"character_chosen":"WATCHER","items_purchased":["Orichalcum","WheelKick","FollowUp","MasterReality","Ornamental Fan","LikeWater","Swift Potion","BlessingOfTheForge"],"campfire_rested":1,"item_purchase_floors":[12,12,21,21,37,37,47,53],"current_hp_per_floor":[69,69,69,68,68,68,50,47,47,47,47,47,47,46,46,46,72,70,67,50,50,50,50,57,57,57,48,48,32,70,70,70,56,79,79,79,79,70,67,61,61,60,60,60,60,11,26,41,41,61,76,76,76,78,81],"gold":43,"neow_bonus":"RANDOM_COMMON_RELIC","is_daily":false,"chose_seed":false,"campfire_upgraded":6,"win_rate":0.0,"timestamp":1613923733,"path_taken":["M","?","M","M","M","R","E","M","T","E","M","?","M","E","R","BOSS","M","M","M","$","M","R","E","?","T","M","M","E","R","E","R","BOSS","M","?","$","?","M","E","R","E","T","E","?","?","?","$","R","BOSS","R","$","E","BOSS"],"items_purchased_type":["Relic","Card","Card","Card","Relic","Card","Potion","Potion"],"build_version":"2020-12-22","purchased_purges":1,"victory":true,"max_hp_per_floor":[72,72,72,72,72,72,72,72,72,72,72,72,72,72,72,72,72,72,72,72,72,72,72,79,79,79,79,79,79,79,79,79,79,79,79,79,79,79,79,79,79,79,79,79,79,79,76,76,76,76,76,76,76,86,86],"relic_stats":{"Regal Pillow":15,"Gremlin Horn":[0,0],"counters":[31,94],"Pen Nib":[22],"PreservedInsect":319,"War Paint":["Vigilance","Defend_P"],"Orichalcum":[36],"Cursed Key":1,"Centennial Puzzle":[54],"Mummified Hand":[28],"Ornamental Fan":[92],"Pantograph":33,"Bronze Scales":[126],"MealTicket":30,"Black Star":7,"Art of War":[2],"obtain_stats":[{"Lantern":24,"Regal Pillow":29,"Gremlin Horn":54,"Vajra":31,"Cursed Key":34,"Centennial Puzzle":0,"HornCleat":31,"Mummified Hand":14,"Strawberry":24,"Pantograph":40,"MealTicket":36,"InkBottle":42,"Pear":54,"Damaru":40,"Pen Nib":7,"PreservedInsect":26,"War Paint":10,"Orichalcum":12,"Anchor":42,"CaptainsWheel":44,"Ornamental Fan":37,"MutagenicStrength":25,"Bronze Scales":44,"Bag of Marbles":9,"Black Star":17,"Art of War":29,"PureWater":0},{"Lantern":16,"Regal Pillow":19,"Gremlin Horn":30,"Vajra":20,"Cursed Key":21,"Centennial Puzzle":0,"HornCleat":20,"Mummified Hand":10,"Strawberry":16,"Pantograph":25,"MealTicket":22,"InkBottle":26,"Pear":30,"Damaru":25,"Pen Nib":5,"PreservedInsect":16,"War Paint":7,"Orichalcum":8,"Anchor":26,"CaptainsWheel":27,"Ornamental Fan":22,"MutagenicStrength":16,"Bronze Scales":27,"Bag of Marbles":6,"Black Star":11,"Art of War":19,"PureWater":0},{"Lantern":42,"Regal Pillow":52,"Gremlin Horn":86,"Vajra":53,"Cursed Key":59,"Centennial Puzzle":0,"HornCleat":53,"Mummified Hand":25,"Strawberry":42,"Pantograph":67,"MealTicket":60,"InkBottle":72,"Pear":86,"Damaru":67,"Pen Nib":14,"PreservedInsect":42,"War Paint":20,"Orichalcum":22,"Anchor":72,"CaptainsWheel":73,"Ornamental Fan":60,"MutagenicStrength":42,"Bronze Scales":73,"Bag of Marbles":16,"Black Star":28,"Art of War":52,"PureWater":0}],"InkBottle":[12]},"card_choices":[{"not_picked":["Protect","EmptyBody"],"picked":"EmptyFist","floor":1.0},{"not_picked":["Pray","Evaluate"],"picked":"ReachHeaven","floor":3.0},{"not_picked":["SandsOfTime","Study"],"picked":"SashWhip","floor":4.0},{"not_picked":["Halt","BowlingBash"],"picked":"CutThroughFate","floor":5.0},{"not_picked":["Consecrate","Halt"],"picked":"Tantrum","floor":7.0},{"not_picked":["WindmillStrike","SandsOfTime"],"picked":"TalkToTheHand","floor":8.0},{"not_picked":["CarveReality","SignatureMove"],"picked":"DeceiveReality","floor":10.0},{"not_picked":["Pray","Conclude"],"picked":"Crescendo","floor":11.0},{"not_picked":["ConjureBlade","BattleHymn"],"picked":"BowlingBash","floor":13.0},{"not_picked":["BattleHymn","Consecrate"],"picked":"FlurryOfBlows","floor":14.0},{"not_picked":["Omniscience","Judgement"],"picked":"Scrawl","floor":16.0},{"not_picked":["Perseverance","Crescendo"],"picked":"FearNoEvil","floor":18.0},{"not_picked":["PathToVictory","Consecrate"],"picked":"EmptyBody","floor":19.0},{"not_picked":["Weave","Consecrate"],"picked":"Indignation+1","floor":20.0},{"not_picked":["FlyingSleeves","EmptyFist+1"],"picked":"Prostrate","floor":22.0},{"not_picked":["Sanctity+1","Scrawl"],"picked":"ThirdEye","floor":24.0},{"not_picked":["FlyingSleeves","SashWhip","Evaluate"],"picked":"SKIP","floor":27.0},{"not_picked":["Protect+1","EmptyFist"],"picked":"FlurryOfBlows+1","floor":28.0},{"not_picked":["EmptyBody+1","ThirdEye"],"picked":"Worship","floor":29.0},{"not_picked":["Crescendo","JustLucky","SashWhip+1"],"picked":"SKIP","floor":31.0},{"not_picked":["Omniscience","Vault"],"picked":"Blasphemy","floor":33.0},{"not_picked":["Halt","Prostrate"],"picked":"ClearTheMind+1","floor":35.0},{"not_picked":["CrushJoints","FlurryOfBlows+1"],"picked":"LikeWater+1","floor":38.0},{"not_picked":["Sanctity","Conclude","Tantrum"],"picked":"SKIP","floor":39.0},{"not_picked":["Worship+1","FlurryOfBlows+1"],"picked":"TalkToTheHand","floor":40.0},{"not_picked":["SashWhip","Omniscience"],"picked":"Adaptation+1","floor":42.0},{"not_picked":["CutThroughFate","Collect"],"picked":"WaveOfTheHand","floor":44.0},{"not_picked":["Evaluate","SandsOfTime"],"picked":"TalkToTheHand+1","floor":46.0},{"not_picked":["WreathOfFlame","Sanctity"],"picked":"Scrawl","floor":54}],"player_experience":172570,"relics_obtained":[{"floor":7.0,"key":"Pen Nib"},{"floor":9.0,"key":"Bag of Marbles"},{"floor":10.0,"key":"War Paint"},{"floor":14.0,"key":"Mummified Hand"},{"floor":24.0,"key":"Strawberry"},{"floor":24.0,"key":"Lantern"},{"floor":26.0,"key":"PreservedInsect"},{"floor":29.0,"key":"Regal Pillow"},{"floor":29.0,"key":"Art of War"},{"floor":31.0,"key":"Vajra"},{"floor":31.0,"key":"HornCleat"},{"floor":40.0,"key":"Pantograph"},{"floor":40.0,"key":"Damaru"},{"floor":42.0,"key":"InkBottle"},{"floor":42.0,"key":"Anchor"},{"floor":44.0,"key":"CaptainsWheel"},{"floor":44.0,"key":"Bronze Scales"},{"floor":54,"key":"Pear"},{"floor":54,"key":"Gremlin Horn"}],"event_choices":[{"damage_healed":0.0,"max_hp_gain":0.0,"max_hp_loss":0.0,"gold_gain":0.0,"cards_transformed":["Strike_P"],"event_name":"Transmorgrifier","player_choice":"Transformed","floor":2.0,"gold_loss":0.0,"damage_taken":0.0,"cards_obtained":["Conclude"]},{"damage_healed":0.0,"max_hp_gain":0.0,"max_hp_loss":0.0,"gold_gain":0.0,"event_name":"Drug Dealer","player_choice":"Inject Mutagens","floor":25.0,"gold_loss":0.0,"damage_taken":0.0,"relics_obtained":["MutagenicStrength"]},{"damage_healed":0.0,"max_hp_gain":0.0,"max_hp_loss":0.0,"gold_gain":0.0,"event_name":"WeMeetAgain","player_choice":"Gave Potion","floor":36.0,"gold_loss":0.0,"damage_taken":0.0,"relics_obtained":["MealTicket"]},{"damage_healed":0.0,"max_hp_gain":0.0,"max_hp_loss":0.0,"gold_gain":0.0,"event_name":"SecretPortal","player_choice":"Ignored","floor":45.0,"gold_loss":0.0,"damage_taken":0.0}],"is_beta":false,"boss_relics":[{"not_picked":["Sozu","Pandora\u0027s Box"],"picked":"Black Star"},{"not_picked":["Fusion Hammer","SacredBark"],"picked":"Cursed Key"}],"items_purged_floors":[47],"is_endless":false,"potions_floor_spawned":[3,4,7,10,16,19,22,27,29,31,33,35,40,42,44,54],"ascension_level":1}}