{"host":"z9rwthyxsf7d04ix","time":1613923690,"event":{"mods":["AchievementEnabler","BaseMod","Colored Map","Colored Powertips","Minty Spire (QoL Compilation)","Quick Restart"],"gold_per_floor":[115,115,129,129,129,160,160,194,194,235,256,265,33,42,42,156,215,239,6,6,6,26,54,73,109,109,109,109,109],"floor_reached":28,"language":"ENG","playtime":1732,"items_purged":["Regret","Anger"],"score":327,"play_id":"cbc97fab-03f6-4312-a04c-e3abeff751a4","local_time":"20210221180810","is_ascension_mode":true,"campfire_choices":[{"floor":7.0,"key":"RECALL"},{"floor":15,"key":"REST"},{"data":"Metallicize","floor":27,"key":"SMITH"}],"circlet_count":0,"master_deck":["Strike_R","Strike_R","Strike_R","Defend_R","Defend_R","Defend_R","Defend_R","Bash","Impervious","Thunderclap","Warcry","Evolve","Barricade+1","Impervious","Fire Breathing","Anger+1","Metallicize+1","Shrug It Off","Rage","Iron Wave"],"relics":["Burning Blood","NeowsBlessing","Mercury Hourglass","CeramicFish","Paper Frog","Red Skull","Bronze Scales","Tiny Chest","Tiny House","Membership Card","Nilry\u0027s Codex","Juzu Bracelet","Kunai","Toxic Egg 2"],"acts_visited":["Exordium","TheCity"],"potions_floor_usage":[22,23,24,25,28,28],"damage_taken":[{"damage":0.0,"enemies":"Jaw Worm","floor":1.0,"turns":1.0},{"damage":0.0,"enemies":"2 Louse","floor":3.0,"turns":1.0},{"damage":0.0,"enemies":"3 Sentries","floor":6.0,"turns":1.0},{"damage":55.0,"enemies":"Gremlin Nob","floor":8.0,"turns":6.0},{"damage":21.0,"enemies":"3 Sentries","floor":10.0,"turns":9.0},{"damage":0,"enemies":"Cultist","floor":11,"turns":2},{"damage":15,"enemies":"Hexaghost","floor":16,"turns":9},{"damage":12,"enemies":"Shell Parasite","floor":18,"turns":8},{"damage":12,"enemies":"Chosen","floor":22,"turns":5},{"damage":36,"enemies":"Slavers","floor":23,"turns":5},{"damage":4,"enemies":"Centurion and Healer","floor":24,"turns":10},{"damage":15,"enemies":"Book of Stabbing","floor":25,"turns":6},{"damage":40,"enemies":"Slavers","floor":28,"turns":5}],"seed_played":"-5236133540660233199","potions_obtained":[{"floor":1.0,"key":"BloodPotion"},{"floor":10.0,"key":"Energy Potion"},{"floor":17,"key":"Fire Potion"},{"floor":22,"key":"PowerPotion"},{"floor":23,"key":"SkillPotion"},{"floor":24,"key":"Swift Potion"}],"is_trial":false,"path_per_floor":["M","?","M","?","$","E","R","E","T","E","M","?","$","?","R","B",null,"M","$","?","T","M","E","M","E","T","R","E"],"character_chosen":"IRONCLAD","items_purchased":["Tiny Chest","Membership Card","Metallicize"],"campfire_rested":1,"item_purchase_floors":[13,19,19],"current_hp_per_floor":[80,80,80,80,80,80,80,31,31,16,22,22,22,22,46,37,85,79,79,63,63,57,27,29,20,20,20,0,0],"gold":109,"neow_bonus":"THREE_ENEMY_KILL","is_daily":false,"chose_seed":false,"campfire_upgraded":1,"win_rate":0.0,"timestamp":1613923690,"path_taken":["M","?","M","?","$","E","R","E","T","E","?","?","?","?","R","BOSS","M","?","?","?","M","E","M","E","T","R","E"],"items_purchased_type":["Relic","Relic","Card"],"build_version":"2020-12-22","purchased_purges":2,"victory":false,"max_hp_per_floor":[80,80,80,80,80,80,80,80,80,80,80,80,80,80,80,80,85,85,85,85,85,85,85,85,85,85,85,85,85],"card_choices":[{"not_picked":["Shrug It Off","Headbutt","Pommel Strike"],"picked":"SKIP","floor":1.0},{"not_picked":["Wild Strike","Battle Trance"],"picked":"Impervious","floor":3.0},{"not_picked":["Body Slam","Blood for Blood"],"picked":"Thunderclap","floor":6.0},{"not_picked":["Rupture","Twin Strike"],"picked":"Anger","floor":8.0},{"not_picked":["Pommel Strike","Anger"],"picked":"Warcry","floor":10.0},{"not_picked":["Heavy Blade","Disarm"],"picked":"Evolve","floor":11},{"not_picked":["Reaper","Brutality"],"picked":"Impervious","floor":16},{"not_picked":["Thunderclap","Combust"],"picked":"Fire Breathing","floor":17},{"not_picked":["Heavy Blade","Clash"],"picked":"Anger+1","floor":18},{"not_picked":["Whirlwind","Armaments"],"picked":"Shrug It Off","floor":22},{"not_picked":["Limit Break","Havoc","Twin Strike"],"picked":"SKIP","floor":23},{"not_picked":["Rampage","Perfected Strike"],"picked":"Rage","floor":24},{"not_picked":["Hemokinesis","Flex"],"picked":"Iron Wave","floor":25}],"player_experience":760044,"relics_obtained":[{"floor":6.0,"key":"Mercury Hourglass"},{"floor":8.0,"key":"CeramicFish"},{"floor":9.0,"key":"Paper Frog"},{"floor":10.0,"key":"Red Skull"},{"floor":20,"key":"Nilry\u0027s Codex"},{"floor":23,"key":"Juzu Bracelet"},{"floor":25,"key":"Kunai"},{"floor":26,"key":"Toxic Egg 2"}],"event_choices":[{"damage_healed":0.0,"max_hp_gain":0.0,"max_hp_loss":0.0,"gold_gain":0.0,"event_name":"The Cleric","player_choice":"Leave","floor":2.0,"gold_loss":0.0,"damage_taken":0.0},{"cards_removed":["Strike_R"],"damage_healed":0.0,"max_hp_gain":0.0,"max_hp_loss":0.0,"gold_gain":0.0,"event_name":"Purifier","player_choice":"Purged","floor":4.0,"gold_loss":0.0,"damage_taken":0.0},{"damage_healed":0,"gold_gain":0,"player_choice":"Box","damage_taken":0,"relics_obtained":["Bronze Scales"],"max_hp_gain":0,"max_hp_loss":0,"event_name":"Big Fish","floor":12,"gold_loss":0,"cards_obtained":["Regret"]},{"damage_healed":0,"gold_gain":0,"cards_transformed":["Strike_R"],"player_choice":"Transformed","damage_taken":0,"max_hp_gain":0,"max_hp_loss":0,"event_name":"Transmorgrifier","floor":14,"gold_loss":0,"cards_obtained":["Barricade"]},{"damage_healed":0,"gold_gain":0,"player_choice":"Obtained Book","damage_taken":16,"max_hp_gain":0,"max_hp_loss":0,"event_name":"Cursed Tome","floor":20,"gold_loss":0}],"is_beta":false,"boss_relics":[{"not_picked":["Sozu","Runic Cube"],"picked":"Tiny House"}],"items_purged_floors":[13,19],"is_endless":false,"potions_floor_spawned":[1,10,22,23,24],"killed_by":"Slavers","ascension_level":2}}