{"host":"zs3tguvuxkh90jf4","time":1613949136,"event":{"mods":["AchievementEnabler","BaseMod","Better Silent Start","Better-Laid Plans","BetterRewards","Block Reminder","Colored Map","Colored Powertips","Gold Saver","Minty Spire (QoL Compilation)","Shop Mod","StSLib","Transform Curses"],"gold_per_floor":[1860,1879,1810,1810,1273,1273,798,832,832,863,907,907,947,580,580,675,675,693,693,314,314,327,367,367,367,367,367,89,89,113,131,131,227,1200,1225,1250,1274,1289,741,741,741,741,765,527,527,566,566,589,589,589,589,589,589,82,120,120],"floor_reached":57,"language":"ENG","playtime":2713,"items_purged":["Doubt","Injury","Defend_B","Strike_B+1","Strike_B+1","Zap"],"score":3374,"play_id":"3820a9b6-0ac6-4c40-9420-f60c6bd40dbf","local_time":"20210221151216","is_ascension_mode":true,"campfire_choices":[{"floor":6.0,"key":"REST"},{"floor":12.0,"key":"REST"},{"floor":15.0,"key":"REST"},{"floor":25.0,"key":"REST"},{"floor":29.0,"key":"REST"},{"data":"White Noise","floor":32.0,"key":"SMITH"},{"floor":40,"key":"REST"},{"floor":47,"key":"RECALL"},{"data":"Apotheosis","floor":49,"key":"SMITH"},{"data":"Aggregate","floor":53,"key":"SMITH"}],"circlet_count":0,"master_deck":["AscendersBane","Strike_B+1","Strike_B+1","Defend_B+1","Defend_B+1","Defend_B+1","Dualcast+1","Gash","Coolheaded","Capacitor","Redo","Reinforced Body","Apotheosis+1","Steam","Hologram","Darkness","Static Discharge","Double Energy","Turbo","Go for the Eyes","Storm+1","Defragment+1","Conserve Battery","Echo Form+1","Redo","White Noise+1","Steam+1","Aggregate+1","Gash+1","Sweeping Beam+1","Buffer+1","Leap+1","Consume","Beam Cell+1","All For One+1","Glacier","Master of Strategy","Loop+1","Bandage Up","All For One+1","Gash+1","Electrodynamics+1","Defragment+1"],"relics":["FrozenCore","Blood Vial","Golden Idol","Membership Card","Ancient Tea Set","MerchantsRug","TungstenRod","Tiny Chest","Gremlin Horn","Frozen Egg 2","Odd Mushroom","Oddly Smooth Stone","Bottled Tornado","Blue Candle","Nuclear Battery","Ginger","Incense Burner","Lantern","Pantograph","Art of War","DataDisk","Molten Egg 2","Calipers","Shuriken","Bag of Marbles","Runic Capacitor","Orichalcum","PreservedInsect","Bag of Preparation","Lizard Tail","Chemical X","Happy Flower","Symbiotic Virus","Vajra"],"acts_visited":["Exordium","TheCity","TheBeyond","TheEnding"],"potions_floor_usage":[50,50,56,56],"damage_taken":[{"damage":6.0,"enemies":"2 Louse","floor":1.0,"turns":3.0},{"damage":20.0,"enemies":"Small Slimes","floor":2.0,"turns":3.0},{"damage":27.0,"enemies":"Gremlin Nob","floor":8.0,"turns":4.0},{"damage":8.0,"enemies":"The Mushroom Lair","floor":10.0,"turns":4.0},{"damage":28.0,"enemies":"Lagavulin","floor":11.0,"turns":6.0},{"damage":23.0,"enemies":"Gremlin Nob","floor":13.0,"turns":4.0},{"damage":22.0,"enemies":"Hexaghost","floor":16.0,"turns":8.0},{"damage":17.0,"enemies":"Spheric Guardian","floor":18.0,"turns":4.0},{"damage":17.0,"enemies":"2 Thieves","floor":22.0,"turns":4.0},{"damage":46.0,"enemies":"Gremlin Leader","floor":23.0,"turns":7.0},{"damage":0.0,"enemies":"Snake Plant","floor":30.0,"turns":3.0},{"damage":13.0,"enemies":"Centurion and Healer","floor":31.0,"turns":6.0},{"damage":55.0,"enemies":"Automaton","floor":33.0,"turns":7.0},{"damage":22,"enemies":"3 Shapes","floor":35,"turns":4},{"damage":12,"enemies":"3 Darklings","floor":36,"turns":5},{"damage":27,"enemies":"4 Shapes","floor":37,"turns":4},{"damage":0,"enemies":"Sphere and 2 Shapes","floor":38,"turns":6},{"damage":0,"enemies":"Giant Head","floor":46,"turns":7},{"damage":0,"enemies":"Jaw Worm Horde","floor":48,"turns":3},{"damage":0,"enemies":"Time Eater","floor":50,"turns":11},{"damage":7,"enemies":"Donu and Deca","floor":51,"turns":10},{"damage":24,"enemies":"Shield and Spear","floor":55,"turns":6},{"damage":98,"enemies":"The Heart","floor":56,"turns":6}],"seed_played":"-327247929742814763","potions_obtained":[{"floor":8.0,"key":"Regen Potion"},{"floor":10.0,"key":"Weak Potion"},{"floor":11.0,"key":"SkillPotion"},{"floor":13.0,"key":"FocusPotion"},{"floor":22.0,"key":"Dexterity Potion"},{"floor":23.0,"key":"Fire Potion"},{"floor":38,"key":"ColorlessPotion"}],"is_trial":false,"path_per_floor":["M","M","?","?","$","R","$","E","T","?","E","R","E","$","R","B",null,"M","?","$","?","M","E","T","R","T","T","$","R","M","M","R","B",null,"M","M","M","M","$","R","?","T","T","$","?","E","R","M","R","B","B",null,"R","$","E","B",null],"character_chosen":"DEFECT","items_purchased":["Gash","Blood Vial","Coolheaded","Capacitor","Membership Card","Ancient Tea Set","Apotheosis","MerchantsRug","Steam","Hologram","DuplicationPotion","TungstenRod","Tiny Chest","Lee\u0027s Waffle","Darkness","Static Discharge","AttackPotion","Defragment+1","Bottled Tornado","Blue Candle","Conserve Battery","Ginger","White Noise","Incense Burner","Calipers","Shuriken","SkillPotion","Bag of Marbles","All For One+1","Runic Capacitor","Orichalcum","Glacier","Explosive Potion","Master of Strategy","Bag of Preparation","Loop+1","Bandage Up","Electrodynamics+1","Chemical X","Happy Flower","Symbiotic Virus","LiquidBronze","PowerPotion"],"campfire_rested":6,"item_purchase_floors":[0,0,0,0,5,5,5,5,5,5,5,7,7,7,7,7,7,14,14,14,14,20,20,20,28,28,28,39,39,39,39,39,39,39,44,44,44,54,54,54,54,54,54],"current_hp_per_floor":[46,28,28,28,28,49,78,51,51,57,31,54,43,43,69,49,78,63,63,63,63,48,4,4,30,30,30,30,56,58,47,47,19,71,51,41,16,18,18,44,72,72,72,72,68,68,68,68,68,68,65,67,67,67,44,34],"gold":120,"neow_bonus":"","is_daily":false,"chose_seed":false,"campfire_upgraded":3,"win_rate":0.0,"timestamp":1613949136,"path_taken":["M","M","?","?","$","R","$","E","T","?","E","R","E","$","R","BOSS","M","?","$","?","M","E","?","R","T","?","$","R","M","M","R","BOSS","M","M","?","M","$","R","?","?","T","$","?","E","R","M","R","BOSS","BOSS","R","$","E","BOSS"],"items_purchased_type":["Card","Relic","Card","Card","Relic","Relic","Card","Relic","Card","Card","Potion","Relic","Relic","Relic","Card","Card","Potion","Card","Relic","Relic","Card","Relic","Card","Relic","Relic","Relic","Potion","Relic","Card","Relic","Relic","Card","Potion","Card","Relic","Card","Card","Card","Relic","Relic","Relic","Potion","Potion"],"build_version":"2020-12-22","purchased_purges":6,"victory":true,"max_hp_per_floor":[71,71,71,71,71,71,78,78,78,78,78,78,88,88,88,88,88,88,88,88,88,88,88,88,88,88,88,88,88,88,88,88,88,88,88,88,88,88,88,88,72,72,72,72,68,68,68,68,68,68,68,68,68,68,68,68],"card_choices":[{"not_picked":["Rebound","Reprogram"],"picked":"Redo","floor":1.0},{"not_picked":["Blizzard","Barrage"],"picked":"Reinforced Body","floor":2.0},{"not_picked":["FTL","Coolheaded"],"picked":"Double Energy","floor":8.0},{"not_picked":["Melter","Ball Lightning"],"picked":"Turbo","floor":10.0},{"not_picked":["Beam Cell","Barrage"],"picked":"Go for the Eyes","floor":11.0},{"not_picked":["Go for the Eyes","Sweeping Beam"],"picked":"Storm+1","floor":13.0},{"not_picked":["Amplify","Fission"],"picked":"Echo Form+1","floor":16.0},{"not_picked":["Coolheaded","Lockon"],"picked":"Redo","floor":18.0},{"not_picked":["Turbo","Sweeping Beam"],"picked":"Steam+1","floor":22.0},{"not_picked":["Fusion","Turbo"],"picked":"Aggregate","floor":23.0},{"not_picked":["Consume","Steam"],"picked":"Gash+1","floor":30.0},{"not_picked":["Steam Power","Redo"],"picked":"Sweeping Beam+1","floor":31.0},{"not_picked":["Rainbow","Reboot"],"picked":"Buffer+1","floor":33.0},{"not_picked":["Streamline+1","Steam+1"],"picked":"Leap+1","floor":35},{"not_picked":["Stack","Melter+1"],"picked":"Consume","floor":36},{"not_picked":["Redo","Multi-Cast","Recycle+1"],"picked":"SKIP","floor":37},{"not_picked":["Hologram","Fusion"],"picked":"Beam Cell+1","floor":38},{"not_picked":["Leap","Aggregate"],"picked":"All For One+1","floor":46},{"not_picked":["Storm+1","Steam"],"picked":"Gash+1","floor":48},{"not_picked":["FTL+1","Heatsinks+1"],"picked":"Defragment+1","floor":55}],"player_experience":608536,"relics_obtained":[{"floor":8.0,"key":"Gremlin Horn"},{"floor":9.0,"key":"Frozen Egg 2"},{"floor":10.0,"key":"Odd Mushroom"},{"floor":11.0,"key":"Oddly Smooth Stone"},{"floor":13.0,"key":"Pear"},{"floor":23.0,"key":"Matryoshka"},{"floor":24.0,"key":"Lantern"},{"floor":24.0,"key":"Pantograph"},{"floor":26.0,"key":"Art of War"},{"floor":26.0,"key":"DataDisk"},{"floor":27.0,"key":"Molten Egg 2"},{"floor":43,"key":"PreservedInsect"},{"floor":46,"key":"Lizard Tail"},{"floor":55,"key":"Vajra"}],"event_choices":[{"damage_healed":0.0,"max_hp_gain":0.0,"max_hp_loss":0.0,"gold_gain":0.0,"event_name":"World of Goop","player_choice":"Left Gold","floor":3.0,"gold_loss":69.0,"damage_taken":0.0},{"damage_healed":0.0,"max_hp_gain":0.0,"max_hp_loss":0.0,"gold_gain":0.0,"event_name":"Golden Idol","player_choice":"Take Wound","floor":4.0,"gold_loss":0.0,"damage_taken":0.0,"relics_obtained":["Golden Idol"],"cards_obtained":["Injury"]},{"damage_healed":0.0,"max_hp_gain":0.0,"max_hp_loss":0.0,"gold_gain":0.0,"event_name":"Mushrooms","player_choice":"Fought Mushrooms","floor":10.0,"gold_loss":0.0,"damage_taken":0.0},{"damage_healed":0.0,"max_hp_gain":0.0,"max_hp_loss":0.0,"gold_gain":0.0,"event_name":"Back to Basics","player_choice":"Simplicity","floor":19.0,"gold_loss":0.0,"damage_taken":0.0,"cards_upgraded":["Strike_B","Strike_B","Strike_B","Strike_B","Defend_B","Defend_B","Defend_B"]},{"damage_healed":0.0,"max_hp_gain":0.0,"max_hp_loss":0.0,"gold_gain":0.0,"event_name":"Upgrade Shrine","player_choice":"Upgraded","floor":21.0,"gold_loss":0.0,"damage_taken":0.0,"cards_upgraded":["Dualcast"]},{"damage_healed":72,"gold_gain":0,"player_choice":"Heal","damage_taken":0,"max_hp_gain":0,"max_hp_loss":16,"event_name":"The Moai Head","floor":41,"gold_loss":0},{"damage_healed":0,"gold_gain":0,"player_choice":"Max HP","damage_taken":0,"max_hp_gain":0,"max_hp_loss":4,"event_name":"Winding Halls","floor":45,"gold_loss":0}],"is_beta":false,"boss_relics":[{"not_picked":["Busted Crown","Empty Cage"],"picked":"Nuclear Battery"},{"not_picked":["Snecko Eye","Velvet Choker"],"picked":"FrozenCore"}],"items_purged_floors":[5,7,14,39,44,54],"is_endless":false,"potions_floor_spawned":[8,10,11,13,22,23,38,46,48,55],"ascension_level":20}}