{"host":"ibckqdmmf9y74ymf","time":1613925182,"event":{"mods":["2.2 Compatiblity","BaseMod","Colored Map","Curses Come First","Highlight Path","Minty Spire (QoL Compilation)","Quick Restart","Rare Cards Sparkle","Relic Stats","StSLib"],"gold_per_floor":[116,135,145,145,145,173,173,223,248,283,295,310,342,358,358,437,437,450,4,4,15,15,15,15],"floor_reached":23,"language":"ENG","playtime":791,"items_purged":[],"score":472,"play_id":"b50bfb7a-a7c8-4b62-b80a-b865d3f98cdb","local_time":"20210221173302","is_ascension_mode":true,"campfire_choices":[{"floor":7,"key":"REST"},{"data":"Meditate","floor":15,"key":"SMITH"}],"circlet_count":0,"master_deck":["AscendersBane","Strike_P","Defend_P","Defend_P","Defend_P","Eruption","Vigilance","CutThroughFate","WindmillStrike","Conclude","Wallop","ClearTheMind","BattleHymn","EmptyFist","ThirdEye","Worship","FlurryOfBlows","Meditate+1","Blasphemy","Halt+1","FearNoEvil","Meditate+1"],"relics":["PureWater","Art of War","Pocketwatch","Regal Pillow","Bag of Preparation","Eternal Feather","Coffee Dripper","Toxic Egg 2","ClockworkSouvenir"],"acts_visited":["Exordium","TheCity"],"potions_floor_usage":[6,18,21],"damage_taken":[{"damage":0,"enemies":"Jaw Worm","floor":1,"turns":3},{"damage":3,"enemies":"Small Slimes","floor":2,"turns":3},{"damage":0,"enemies":"Cultist","floor":3,"turns":3},{"damage":0,"enemies":"Lagavulin","floor":6,"turns":5},{"damage":2,"enemies":"3 Sentries","floor":10,"turns":3},{"damage":0,"enemies":"Looter","floor":11,"turns":2},{"damage":0,"enemies":"Blue Slaver","floor":12,"turns":3},{"damage":16,"enemies":"Gremlin Nob","floor":13,"turns":3},{"damage":0,"enemies":"Red Slaver","floor":14,"turns":2},{"damage":17,"enemies":"Hexaghost","floor":16,"turns":7},{"damage":1,"enemies":"3 Byrds","floor":18,"turns":4},{"damage":17,"enemies":"2 Thieves","floor":21,"turns":2},{"damage":19,"enemies":"Book of Stabbing","floor":23,"turns":3}],"seed_played":"4896144025193868557","potions_obtained":[{"floor":2,"key":"PowerPotion"},{"floor":3,"key":"BottledMiracle"},{"floor":12,"key":"Dexterity Potion"},{"floor":21,"key":"Ancient Potion"}],"is_trial":false,"path_per_floor":["M","M","M","?","?","E","R","?","T","E","M","M","E","M","R","B",null,"M","$","?","M","?","E"],"character_chosen":"WATCHER","items_purchased":["Toxic Egg 2","ClockworkSouvenir"],"campfire_rested":1,"item_purchase_floors":[19,19],"current_hp_per_floor":[43,40,40,40,14,14,34,34,34,32,32,32,16,16,28,11,54,53,53,34,17,17,0,0],"gold":15,"neow_bonus":"TRANSFORM_TWO_CARDS","is_daily":false,"chose_seed":false,"campfire_upgraded":1,"win_rate":0.0,"timestamp":1613925182,"path_taken":["M","M","M","?","?","E","R","?","T","E","M","?","E","M","R","BOSS","M","$","?","M","?","E"],"items_purchased_type":["Relic","Relic"],"build_version":"2020-12-22","purchased_purges":0,"victory":false,"max_hp_per_floor":[68,68,68,68,68,68,68,68,68,68,68,68,68,68,68,68,68,68,68,73,73,73,73,73],"relic_stats":{"Regal Pillow":0,"counters":[13,43],"Eternal Feather":12,"Art of War":[5],"Bag of Preparation":[16],"obtain_stats":[{"Regal Pillow":9,"Eternal Feather":13,"Art of War":5,"Bag of Preparation":10,"Coffee Dripper":17,"PureWater":0,"Toxic Egg 2":19,"Pocketwatch":6,"ClockworkSouvenir":19},{"Regal Pillow":4,"Eternal Feather":8,"Art of War":3,"Bag of Preparation":5,"Coffee Dripper":10,"PureWater":0,"Toxic Egg 2":11,"Pocketwatch":4,"ClockworkSouvenir":11},{"Regal Pillow":14,"Eternal Feather":25,"Art of War":9,"Bag of Preparation":17,"Coffee Dripper":34,"PureWater":0,"Toxic Egg 2":38,"Pocketwatch":14,"ClockworkSouvenir":38}],"Pocketwatch":[26]},"card_choices":[{"not_picked":["Halt","SignatureMove"],"picked":"Conclude","floor":1},{"not_picked":["MentalFortress","Weave"],"picked":"Wallop","floor":2},{"not_picked":["WindmillStrike","ForeignInfluence"],"picked":"ClearTheMind","floor":3},{"not_picked":["SashWhip","ThirdEye"],"picked":"BattleHymn","floor":6},{"not_picked":["PathToVictory","WaveOfTheHand"],"picked":"EmptyFist","floor":10},{"not_picked":["SashWhip","PathToVictory"],"picked":"ThirdEye","floor":11},{"not_picked":["CarveReality","Evaluate"],"picked":"Worship","floor":12},{"not_picked":["PathToVictory","Weave"],"picked":"FlurryOfBlows","floor":13},{"not_picked":["Study","Indignation"],"picked":"Meditate","floor":14},{"not_picked":["Establishment","DeusExMachina"],"picked":"Blasphemy","floor":16},{"not_picked":["FollowUp","Halt","Weave"],"picked":"SKIP","floor":18},{"not_picked":["Collect+1","FlurryOfBlows+1"],"picked":"Halt+1","floor":21}],"player_experience":551788,"relics_obtained":[{"floor":6,"key":"Pocketwatch"},{"floor":9,"key":"Regal Pillow"},{"floor":10,"key":"Bag of Preparation"},{"floor":13,"key":"Eternal Feather"}],"event_choices":[{"damage_healed":0,"gold_gain":0,"player_choice":"Ignored","damage_taken":0,"max_hp_gain":0,"max_hp_loss":0,"event_name":"Liars Game","floor":4,"gold_loss":0},{"damage_healed":0,"gold_gain":0,"player_choice":"Success","damage_taken":26,"relics_obtained":["Art of War"],"max_hp_gain":0,"max_hp_loss":0,"event_name":"Scrap Ooze","floor":5,"gold_loss":0},{"damage_healed":0,"gold_gain":50,"player_choice":"Pray","damage_taken":0,"max_hp_gain":0,"max_hp_loss":0,"event_name":"Golden Shrine","floor":8,"gold_loss":0},{"damage_healed":0,"gold_gain":0,"player_choice":"Shed Blood","damage_taken":24,"max_hp_gain":5,"max_hp_loss":0,"event_name":"Forgotten Altar","floor":20,"gold_loss":0},{"damage_healed":0,"gold_gain":0,"cards_transformed":["Strike_P","Strike_P"],"player_choice":"Became Test Subject","damage_taken":0,"max_hp_gain":0,"max_hp_loss":0,"event_name":"Drug Dealer","floor":22,"gold_loss":0,"cards_obtained":["FearNoEvil","Meditate"]}],"is_beta":false,"boss_relics":[{"not_picked":["SlaversCollar","Runic Dome"],"picked":"Coffee Dripper"}],"items_purged_floors":[],"is_endless":false,"potions_floor_spawned":[2,3,12,21],"killed_by":"Book of Stabbing","ascension_level":20}}