{"host":"4cz9gr89nglr7k8k","time":1613933939,"event":{"mods":["BaseMod","Minty Spire (QoL Compilation)","Relic Stats","Slay-I"],"gold_per_floor":[109,125,125,14,28,28,103,253,278,288,303,332,332,349,349,427,427,444,494,494,507,507,507],"floor_reached":22,"language":"DEU","playtime":537,"items_purged":[],"score":372,"play_id":"c7c44d3b-ebca-4f1e-8a47-62ee7b6f1e7b","local_time":"20210221195859","is_ascension_mode":true,"campfire_choices":[{"floor":6,"key":"REST"},{"data":"Spot Weakness","floor":13,"key":"SMITH"},{"floor":15,"key":"REST"}],"circlet_count":0,"master_deck":["AscendersBane","Strike_R","Strike_R","Strike_R","Strike_R+1","Strike_R","Defend_R","Defend_R","Defend_R","Defend_R+1","Bash","Twin Strike","Spot Weakness+1","Flex","Anger","Anger","Doubt","Uppercut","Flame Barrier","Flame Barrier","Pommel Strike","Impervious","True Grit","Decay","Dual Wield"],"relics":["Burning Blood","PreservedInsect","Toy Ornithopter","Calipers","Busted Crown"],"acts_visited":["Exordium","TheCity"],"potions_floor_usage":[12,16,16,22],"damage_taken":[{"damage":8,"enemies":"2 Louse","floor":1,"turns":4},{"damage":10,"enemies":"Small Slimes","floor":2,"turns":3},{"damage":4,"enemies":"Jaw Worm","floor":5,"turns":2},{"damage":13,"enemies":"3 Louse","floor":10,"turns":3},{"damage":8,"enemies":"Looter","floor":11,"turns":2},{"damage":10,"enemies":"3 Sentries","floor":12,"turns":6},{"damage":13,"enemies":"Blue Slaver","floor":14,"turns":2},{"damage":70,"enemies":"The Guardian","floor":16,"turns":9},{"damage":28,"enemies":"Chosen","floor":18,"turns":6},{"damage":15,"enemies":"Spheric Guardian","floor":21,"turns":6},{"damage":47,"enemies":"Snecko","floor":22,"turns":7}],"seed_played":"4982776577021648070","potions_obtained":[{"floor":1,"key":"SmokeBomb"},{"floor":5,"key":"CultistPotion"},{"floor":12,"key":"Fruit Juice"},{"floor":14,"key":"BloodPotion"},{"floor":21,"key":"EssenceOfSteel"}],"is_trial":false,"path_per_floor":["M","M","?","$","M","R","?","?","T","M","M","E","R","M","R","B",null,"M","?","?","M","M"],"character_chosen":"IRONCLAD","items_purchased":["Flex","Anger"],"campfire_rested":2,"item_purchase_floors":[4,4],"current_hp_per_floor":[66,62,39,39,41,63,52,52,52,45,43,49,49,42,66,28,67,45,45,45,36,0,0],"gold":507,"neow_bonus":"RANDOM_COMMON_RELIC","is_daily":false,"chose_seed":false,"campfire_upgraded":1,"win_rate":0.0,"timestamp":1613933939,"path_taken":["M","M","?","$","M","R","?","?","T","M","?","E","R","M","R","BOSS","M","?","?","M","M"],"items_purchased_type":["Card","Card"],"build_version":"2020-12-22","purchased_purges":0,"victory":false,"max_hp_per_floor":[75,75,75,75,75,75,75,75,75,75,75,80,80,80,80,80,80,80,80,80,80,80,80],"relic_stats":{"Busted Crown":4,"counters":[11,50],"PreservedInsect":33,"obtain_stats":[{"Calipers":12,"Busted Crown":17,"PreservedInsect":0,"Burning Blood":0,"Toy Ornithopter":9},{"Calipers":6,"Busted Crown":8,"PreservedInsect":0,"Burning Blood":0,"Toy Ornithopter":3},{"Calipers":20,"Busted Crown":31,"PreservedInsect":0,"Burning Blood":0,"Toy Ornithopter":9}],"Burning Blood":60,"Toy Ornithopter":20},"card_choices":[{"not_picked":["Blood for Blood","True Grit"],"picked":"Twin Strike","floor":1},{"not_picked":["Dropkick","Thunderclap"],"picked":"Spot Weakness","floor":2},{"not_picked":["Dark Embrace","Headbutt"],"picked":"Anger","floor":5},{"not_picked":["Thunderclap","True Grit"],"picked":"Uppercut","floor":10},{"not_picked":["Evolve","Twin Strike"],"picked":"Flame Barrier","floor":11},{"not_picked":["Fire Breathing","Dark Embrace"],"picked":"Flame Barrier","floor":12},{"not_picked":["Headbutt","True Grit"],"picked":"Pommel Strike","floor":14},{"not_picked":["Offering","Brutality"],"picked":"Impervious","floor":16},{"not_picked":[],"picked":"True Grit","floor":18},{"not_picked":[],"picked":"Dual Wield","floor":21}],"player_experience":1560104,"relics_obtained":[{"floor":9,"key":"Toy Ornithopter"},{"floor":12,"key":"Calipers"}],"event_choices":[{"damage_healed":0,"gold_gain":0,"player_choice":"Entered Light","damage_taken":23,"max_hp_gain":0,"max_hp_loss":0,"event_name":"Shining Light","floor":3,"gold_loss":0,"cards_upgraded":["Defend_R","Strike_R"]},{"damage_healed":0,"gold_gain":75,"player_choice":"Gather Gold","damage_taken":11,"max_hp_gain":0,"max_hp_loss":0,"event_name":"World of Goop","floor":7,"gold_loss":0},{"damage_healed":0,"gold_gain":150,"player_choice":"AGREE","damage_taken":0,"max_hp_gain":0,"max_hp_loss":0,"event_name":"Liars Game","floor":8,"gold_loss":0,"cards_obtained":["Doubt"]},{"damage_healed":0,"gold_gain":50,"player_choice":"Stole From Cult","damage_taken":0,"max_hp_gain":0,"max_hp_loss":0,"event_name":"Nest","floor":19,"gold_loss":0},{"damage_healed":0,"gold_gain":0,"player_choice":"Smashed Altar","damage_taken":0,"max_hp_gain":0,"max_hp_loss":0,"event_name":"Forgotten Altar","floor":20,"gold_loss":0,"cards_obtained":["Decay"]}],"is_beta":false,"boss_relics":[{"not_picked":["Runic Dome","Snecko Eye"],"picked":"Busted Crown"}],"items_purged_floors":[],"is_endless":false,"potions_floor_spawned":[1,5,12,14,21],"killed_by":"Snecko","ascension_level":20}}