{"host":"kda2p2afd6bvz6qo","time":1613876185,"event":{"mods":["BaseMod","Colored Map","Minty Spire (QoL Compilation)","Relic Stats"],"gold_per_floor":[111,111,111,126,140,171,171,200,226,257,28,28,53,94,94,217,217,208,227,227,47,71,71,71],"floor_reached":23,"language":"ENG","playtime":1181,"items_purged":["Strike_B","Pain"],"score":318,"play_id":"ec5fbf17-09a1-4713-83cf-9efd02677c96","local_time":"20210221025625","is_ascension_mode":true,"campfire_choices":[{"data":"Genetic Algorithm","floor":7,"key":"SMITH"},{"data":"Defragment","floor":15,"key":"SMITH"}],"circlet_count":0,"master_deck":["Strike_B","Defend_B","Defend_B","Defend_B+1","Defend_B","Zap+1","Dualcast","Coolheaded","Ball Lightning","Genetic Algorithm+1","Echo Form","Loop","Defragment","Defragment+1","Fission","Barrage","Machine Learning","Cold Snap","Hologram","Loop","Reinforced Body+1"],"relics":["Velvet Choker","Potion Belt","PreservedInsect","Singing Bowl","War Paint","Ancient Tea Set","Golden Idol","Orichalcum","Empty Cage","WarpedTongs"],"acts_visited":["Exordium","TheCity"],"potions_floor_usage":[6,8,14],"damage_taken":[{"damage":2,"enemies":"Jaw Worm","floor":1,"turns":3},{"damage":0,"enemies":"2 Louse","floor":4,"turns":4},{"damage":0,"enemies":"Cultist","floor":5,"turns":3},{"damage":19,"enemies":"3 Sentries","floor":6,"turns":8},{"damage":1,"enemies":"Lagavulin","floor":8,"turns":6},{"damage":8,"enemies":"Gremlin Nob","floor":10,"turns":4},{"damage":5,"enemies":"Blue Slaver","floor":13,"turns":4},{"damage":13,"enemies":"3 Sentries","floor":14,"turns":5},{"damage":2,"enemies":"Hexaghost","floor":16,"turns":9},{"damage":26,"enemies":"2 Thieves","floor":18,"turns":4},{"damage":7,"enemies":"Shell Parasite","floor":19,"turns":7},{"damage":18,"enemies":"Sentry and Sphere","floor":22,"turns":7},{"damage":9,"enemies":"Book of Stabbing","floor":23,"turns":4}],"seed_played":"311128788694855851","potions_obtained":[{"floor":4,"key":"Explosive Potion"},{"floor":5,"key":"SkillPotion"},{"floor":8,"key":"Strength Potion"},{"floor":13,"key":"Swift Potion"},{"floor":22,"key":"Ancient Potion"}],"is_trial":false,"path_per_floor":["M","?","?","M","M","E","R","E","T","E","$","?","M","E","R","B",null,"M","M","?","$","M","E"],"character_chosen":"DEFECT","items_purchased":["Defragment","Fission","Loop"],"campfire_rested":0,"item_purchase_floors":[11,11,21],"current_hp_per_floor":[66,66,66,66,66,47,47,46,46,38,38,38,35,22,22,20,58,32,25,25,25,7,0,0],"gold":71,"neow_bonus":"BOSS_RELIC","is_daily":false,"chose_seed":false,"campfire_upgraded":2,"win_rate":0.0,"timestamp":1613876185,"path_taken":["M","?","?","M","M","E","R","E","T","E","?","?","M","E","R","BOSS","M","M","?","$","M","E"],"items_purchased_type":["Card","Card","Card"],"build_version":"2020-12-22","purchased_purges":2,"victory":false,"max_hp_per_floor":[75,75,75,75,75,75,75,75,75,75,75,69,71,71,71,71,71,71,71,71,71,71,71,71],"relic_stats":{"Singing Bowl":2,"counters":[13,67],"Golden Idol":51,"PreservedInsect":125,"War Paint":["Defend_B","Zap"],"Orichalcum":[24],"obtain_stats":[{"Potion Belt":2,"Singing Bowl":8,"Golden Idol":12,"Velvet Choker":0,"PreservedInsect":6,"War Paint":9,"Orichalcum":14,"Cracked Core":0,"Ancient Tea Set":10,"Empty Cage":17,"WarpedTongs":20},{"Potion Belt":1,"Singing Bowl":5,"Golden Idol":6,"Velvet Choker":0,"PreservedInsect":4,"War Paint":5,"Orichalcum":8,"Cracked Core":0,"Ancient Tea Set":6,"Empty Cage":9,"WarpedTongs":11},{"Potion Belt":3,"Singing Bowl":24,"Golden Idol":28,"Velvet Choker":0,"PreservedInsect":18,"War Paint":24,"Orichalcum":37,"Cracked Core":0,"Ancient Tea Set":28,"Empty Cage":45,"WarpedTongs":56}],"WarpedTongs":[11]},"card_choices":[{"not_picked":["Redo","Blizzard"],"picked":"Coolheaded","floor":1},{"not_picked":["Auto Shields","Gash"],"picked":"Ball Lightning","floor":4},{"not_picked":["Gash","FTL"],"picked":"Genetic Algorithm","floor":5},{"not_picked":["Leap","Redo"],"picked":"Echo Form","floor":6},{"not_picked":["Steam Power","Go for the Eyes"],"picked":"Loop","floor":8},{"not_picked":["Turbo","Stack"],"picked":"Defragment","floor":10},{"not_picked":["Steam Power","BootSequence","Hologram"],"picked":"Singing Bowl","floor":13},{"not_picked":["Double Energy","Sunder"],"picked":"Barrage","floor":14},{"not_picked":["Echo Form","Hyperbeam"],"picked":"Machine Learning","floor":16},{"not_picked":["Fusion","Leap"],"picked":"Cold Snap","floor":18},{"not_picked":["Ball Lightning","Streamline"],"picked":"Hologram","floor":19},{"not_picked":["Redo","Rebound"],"picked":"Reinforced Body+1","floor":22}],"player_experience":281352,"relics_obtained":[{"floor":6,"key":"PreservedInsect"},{"floor":8,"key":"Singing Bowl"},{"floor":9,"key":"War Paint"},{"floor":10,"key":"Ancient Tea Set"},{"floor":14,"key":"Orichalcum"}],"event_choices":[{"damage_healed":0,"gold_gain":0,"player_choice":"Box","damage_taken":0,"relics_obtained":["Potion Belt"],"max_hp_gain":0,"max_hp_loss":0,"event_name":"Big Fish","floor":2,"gold_loss":0,"cards_obtained":["Regret"]},{"cards_removed":["Regret"],"damage_healed":0,"gold_gain":0,"player_choice":"Forget","damage_taken":0,"max_hp_gain":0,"max_hp_loss":0,"event_name":"Living Wall","floor":3,"gold_loss":0},{"damage_healed":0,"gold_gain":0,"player_choice":"Lose Max HP","damage_taken":0,"relics_obtained":["Golden Idol"],"max_hp_gain":0,"max_hp_loss":6,"event_name":"Golden Idol","floor":12,"gold_loss":0},{"damage_healed":0,"gold_gain":0,"player_choice":"Rummage","damage_taken":0,"relics_obtained":["WarpedTongs"],"max_hp_gain":0,"max_hp_loss":0,"event_name":"Accursed Blacksmith","floor":20,"gold_loss":0,"cards_obtained":["Pain"]}],"is_beta":false,"boss_relics":[{"not_picked":["Busted Crown","Sozu"],"picked":"Empty Cage"}],"items_purged_floors":[11,21],"is_endless":false,"potions_floor_spawned":[4,5,8,13,22],"killed_by":"Book of Stabbing","ascension_level":9}}