{"host":"684z1xpuwaoqmmh1","time":1613906286,"event":{"mods":["BaseMod","CatGirl Mod","Downfall","Hermit","Jorbs\u0027s Wanderer Trilogy","Marisa????????","Minty Spire (QoL Compilation)","Robot Space Explorer","Shade Mod","Shapeshifter Mod","StSLib","The Bug Knight","The Clintock","The Dragon Tamer","The Elementalist","The Hayseed","The Hierophant","The Marked","The Mystic","The Poker Player","The Runesmith","The Sage","The Saiyan","The Showman","The Spell Scribe","The Valiant","The Vixen","TheBandit","TheFirefly","TheVacant"],"gold_per_floor":[110,130,230,248,260,260,291,291,318,333,366,377,377,409,409,513,513,528,545,545,558,576,576,576],"floor_reached":23,"language":"ENG","playtime":1356,"items_purged":[],"score":215,"play_id":"cc147df2-bead-4087-9bbd-9762d6dacbcf","local_time":"20210221131806","is_ascension_mode":false,"campfire_choices":[{"data":"StSShapeShifter:CosmicShifter","floor":6,"key":"SMITH"},{"data":"StSShapeShifter:Garden","floor":8,"key":"SMITH"},{"data":"StSShapeShifter:Sap_Burst","floor":13,"key":"SMITH"},{"data":"StSShapeShifter:Summer","floor":15,"key":"SMITH"}],"circlet_count":0,"master_deck":["StSShapeShifter:ShapeShifter_Strike","StSShapeShifter:ShapeShifter_Strike","StSShapeShifter:ShapeShifter_Strike","StSShapeShifter:ShapeShifter_Defend","StSShapeShifter:ShapeShifter_Defend","StSShapeShifter:ShapeShifter_Defend","StSShapeShifter:ShapeShifter_Defend","StSShapeShifter:Tortoise_Form","StSShapeShifter:Lynx_Form","StSShapeShifter:OakBlade","StSShapeShifter:Garden+1","StSShapeShifter:CosmicShifter+1","StSShapeShifter:DeerForm","StSShapeShifter:SquirrelForm","StSShapeShifter:Summer+1","StSShapeShifter:BarkSkin","StSShapeShifter:Sap_Burst+1","StSShapeShifter:WolfForm","StSShapeShifter:Pounce","StSShapeShifter:ThornToss+1","StSShapeShifter:DeerForm+1","StSShapeShifter:Efflorescence+1","StSShapeShifter:PoisonIvy","StSShapeShifter:BurstingSpore","StSShapeShifter:RaptorForm"],"relics":["StSShapeShifter:AnimalHeart","StSShapeShifter:TheShapeShiftersMagnolia","HollowMod:PaleOreRelic","Art of War","PreservedInsect","Astrolabe"],"acts_visited":["Exordium","TheCity"],"potions_floor_usage":[7,11,14,23,23,23],"damage_taken":[{"damage":0,"enemies":"Small Slimes","floor":1,"turns":4},{"damage":1,"enemies":"Cultist","floor":2,"turns":4},{"damage":4,"enemies":"Jaw Worm","floor":4,"turns":4},{"damage":3,"enemies":"2 Fungi Beasts","floor":5,"turns":3},{"damage":26,"enemies":"Gremlin Nob","floor":7,"turns":4},{"damage":4,"enemies":"Blue Slaver","floor":10,"turns":4},{"damage":4,"enemies":"Lagavulin","floor":11,"turns":7},{"damage":0,"enemies":"3 Louse","floor":12,"turns":4},{"damage":19,"enemies":"Gremlin Nob","floor":14,"turns":4},{"damage":29,"enemies":"Slime Boss","floor":16,"turns":10},{"damage":5,"enemies":"3 Byrds","floor":18,"turns":5},{"damage":0,"enemies":"Chosen","floor":19,"turns":3},{"damage":53,"enemies":"Shelled Parasite and Fungi","floor":21,"turns":7},{"damage":34,"enemies":"Centurion and Healer","floor":22,"turns":8},{"damage":8,"enemies":"Book of Stabbing","floor":23,"turns":1}],"seed_played":"1178941789562322125","potions_obtained":[{"floor":1,"key":"EssenceOfSteel"},{"floor":2,"key":"SteroidPotion"},{"floor":4,"key":"Regen Potion"},{"floor":12,"key":"LiquidMemories"},{"floor":14,"key":"Strength Potion"},{"floor":22,"key":"Dexterity Potion"}],"is_trial":false,"path_per_floor":["M","M","?","M","M","R","E","R","T","M","E","M","R","E","R","B",null,"M","M","?","M","M","E"],"character_chosen":"SHAPESHIFTER","items_purchased":[],"campfire_rested":0,"item_purchase_floors":[],"current_hp_per_floor":[78,77,77,75,72,72,46,46,46,42,55,57,57,38,38,19,78,73,75,75,36,8,0,0],"gold":576,"neow_bonus":"THREE_CARDS","is_daily":false,"chose_seed":false,"campfire_upgraded":4,"win_rate":0.0,"timestamp":1613906286,"path_taken":["M","M","?","?","M","R","E","R","T","M","E","M","R","E","R","BOSS","M","M","?","M","M","E"],"items_purchased_type":[],"build_version":"2020-12-22","purchased_purges":0,"victory":false,"max_hp_per_floor":[78,78,78,78,78,78,78,78,78,78,78,78,78,78,78,78,78,78,78,78,78,78,78,78],"card_choices":[{"not_picked":["StSShapeShifter:DeerForm","StSShapeShifter:FlowerShield"],"picked":"StSShapeShifter:OakBlade","floor":0},{"not_picked":["StSShapeShifter:FruitBasket","StSShapeShifter:PorcupineForm"],"picked":"StSShapeShifter:Garden","floor":1},{"not_picked":["StSShapeShifter:OakBlade","StSShapeShifter:BaskInBloom"],"picked":"StSShapeShifter:CosmicShifter","floor":2},{"not_picked":["StSShapeShifter:ThornToss","StSShapeShifter:OpportuneSwoop"],"picked":"StSShapeShifter:DeerForm","floor":4},{"not_picked":["StSShapeShifter:Sapling","StSShapeShifter:OakBlade"],"picked":"StSShapeShifter:SquirrelForm","floor":5},{"not_picked":["StSShapeShifter:DeerForm","StSShapeShifter:AdaptiveStrikes"],"picked":"StSShapeShifter:Summer","floor":7},{"not_picked":["StSShapeShifter:MagicMushrooms","StSShapeShifter:FruitBasket"],"picked":"StSShapeShifter:BarkSkin","floor":10},{"not_picked":["StSShapeShifter:AdaptiveStrikes","StSShapeShifter:Flourish","StSShapeShifter:FlowerShield"],"picked":"SKIP","floor":11},{"not_picked":["StSShapeShifter:ShiftingStrike","StSShapeShifter:ReplenishingNectar"],"picked":"StSShapeShifter:Sap_Burst","floor":12},{"not_picked":["StSShapeShifter:AdaptiveStrikes","StSShapeShifter:EntForm"],"picked":"StSShapeShifter:WolfForm","floor":14},{"not_picked":["StSShapeShifter:Flood","StSShapeShifter:Earthquake"],"picked":"StSShapeShifter:Pounce","floor":16},{"not_picked":["StSShapeShifter:EntForm","StSShapeShifter:RockSlide","StSShapeShifter:FruitBasket"],"picked":"SKIP","floor":18},{"not_picked":["StSShapeShifter:ShiftingStrike+1","StSShapeShifter:DeerForm"],"picked":"StSShapeShifter:PoisonIvy","floor":19},{"not_picked":["StSShapeShifter:Wildfire2","StSShapeShifter:FallingLeaves"],"picked":"StSShapeShifter:BurstingSpore","floor":21},{"not_picked":["StSShapeShifter:AdaptiveStrikes","StSShapeShifter:Flourish+1"],"picked":"StSShapeShifter:RaptorForm","floor":22}],"player_experience":3115314,"relics_obtained":[{"floor":7,"key":"HollowMod:PaleOreRelic"},{"floor":11,"key":"Art of War"},{"floor":14,"key":"PreservedInsect"}],"event_choices":[{"damage_healed":0,"gold_gain":100,"player_choice":"Pray","damage_taken":0,"max_hp_gain":0,"max_hp_loss":0,"event_name":"Golden Shrine","floor":3,"gold_loss":0},{"damage_healed":0,"gold_gain":0,"player_choice":"Ignored","damage_taken":0,"max_hp_gain":0,"max_hp_loss":0,"event_name":"Ghosts","floor":20,"gold_loss":0}],"is_beta":false,"boss_relics":[{"not_picked":["Snecko Eye","Velvet Choker"],"picked":"Astrolabe"}],"items_purged_floors":[],"is_endless":false,"potions_floor_spawned":[1,2,4,12,14,22],"killed_by":"Book of Stabbing","ascension_level":0}}