{"host":"g5ocrzbvbwpvypv7","time":1613885649,"event":{"mods":["AchievementEnabler","BaseMod","Colored Map","Custom Start","DeckTracker","KOR Keyword Fix","Minty Spire (QoL Compilation)","Rare Cards Sparkle","StSLib","SuperFastMode","everything is the same but u backflip on backflip"],"gold_per_floor":[115,135,155,105,30,30,63,83,109,149,161,201,242,278,290,302,302],"floor_reached":16,"language":"KOR","playtime":616,"items_purged":["Strike_B"],"score":160,"play_id":"8c9ee26e-b305-41bc-9420-ffe21225f9e9","local_time":"20210221143409","is_ascension_mode":true,"campfire_choices":[{"data":"Zap","floor":6.0,"key":"SMITH"},{"data":"Defragment","floor":15,"key":"SMITH"}],"circlet_count":0,"master_deck":["Strike_B","Strike_B","Defend_B","Defend_B","Defend_B","Defend_B","Zap+1","Dualcast","Echo Form","Coolheaded","Force Field","Steam","Turbo","Go for the Eyes","Rebound","Undo","Glacier","Defragment+1"],"relics":["Cracked Core","Bag of Preparation","CeramicFish","MawBank"],"acts_visited":["Exordium"],"potions_floor_usage":[14,16,16],"damage_taken":[{"damage":1.0,"enemies":"2 Louse","floor":1.0,"turns":2.0},{"damage":0.0,"enemies":"Small Slimes","floor":2.0,"turns":3.0},{"damage":1.0,"enemies":"Cultist","floor":3.0,"turns":4.0},{"damage":48.0,"enemies":"Gremlin Nob","floor":7.0,"turns":5.0},{"damage":5.0,"enemies":"2 Fungi Beasts","floor":8.0,"turns":4.0},{"damage":10.0,"enemies":"Lagavulin","floor":10.0,"turns":9.0},{"damage":0.0,"enemies":"3 Louse","floor":12.0,"turns":4.0},{"damage":0.0,"enemies":"Looter","floor":13.0,"turns":4.0},{"damage":0,"enemies":"Large Slime","floor":14,"turns":6},{"damage":0,"enemies":"Slime Boss","floor":16,"turns":7}],"seed_played":"1521635728264432433","potions_obtained":[{"floor":7.0,"key":"SneckoOil"},{"floor":8.0,"key":"GamblersBrew"},{"floor":10.0,"key":"LiquidBronze"},{"floor":11.0,"key":"Fire Potion"},{"floor":11.0,"key":"FearPotion"},{"floor":14,"key":"PowerPotion"}],"is_trial":false,"path_per_floor":["M","M","M","?","$","R","E","M","T","E","?","M","M","M","R","B"],"character_chosen":"DEFECT","items_purchased":[],"campfire_rested":0,"item_purchase_floors":[],"current_hp_per_floor":[67,67,66,66,66,66,18,13,13,3,3,3,3,3,3,3,3],"gold":302,"neow_bonus":"THREE_RARE_CARDS","is_daily":false,"chose_seed":false,"campfire_upgraded":2,"win_rate":0.0,"timestamp":1613885649,"path_taken":["M","M","M","?","$","R","E","M","T","E","?","M","M","M","R","BOSS"],"items_purchased_type":[],"build_version":"2020-12-22","purchased_purges":1,"victory":false,"max_hp_per_floor":[68,68,68,68,68,68,68,68,68,68,68,68,68,68,68,68,68],"card_choices":[{"not_picked":["Amplify","Multi-Cast"],"picked":"Echo Form","floor":0.0},{"not_picked":["Conserve Battery","Leap"],"picked":"Coolheaded","floor":1.0},{"not_picked":["Stack","Steam"],"picked":"Force Field","floor":2.0},{"not_picked":["Hyperbeam","Beam Cell"],"picked":"Steam","floor":3.0},{"not_picked":["Barrage","Redo"],"picked":"Turbo","floor":7.0},{"not_picked":["Fusion","Rebound"],"picked":"Go for the Eyes","floor":8.0},{"not_picked":["Meteor Strike","Steam Power"],"picked":"Rebound","floor":10.0},{"not_picked":["Leap","Blizzard"],"picked":"Undo","floor":12.0},{"not_picked":["Doom and Gloom","Streamline"],"picked":"Glacier","floor":13.0},{"not_picked":["Go for the Eyes","Conserve Battery"],"picked":"Defragment","floor":14}],"player_experience":358994,"relics_obtained":[{"floor":7.0,"key":"Bag of Preparation"},{"floor":9.0,"key":"CeramicFish"},{"floor":10.0,"key":"MawBank"}],"event_choices":[{"cards_removed":["Strike_B"],"damage_healed":0.0,"max_hp_gain":0.0,"max_hp_loss":0.0,"gold_gain":0.0,"event_name":"The Cleric","player_choice":"Card Removal","floor":4.0,"gold_loss":50.0,"damage_taken":0.0},{"damage_healed":0.0,"max_hp_gain":0.0,"max_hp_loss":0.0,"gold_gain":0.0,"event_name":"Lab","player_choice":"Got Potions","floor":11.0,"gold_loss":0.0,"damage_taken":0.0}],"is_beta":false,"boss_relics":[],"items_purged_floors":[5],"is_endless":false,"potions_floor_spawned":[7,8,10,13,14],"killed_by":"Slime Boss","ascension_level":8}}