{"host":"mo324zvkdr1xwprd","time":1613906225,"event":{"mods":["A Penny For Your Troubles","BaseMod","Better Note","Better Third Choice","BetterRewards","Hermit","Highlight Path","Hubris","Minty Spire (QoL Compilation)","Quick Restart","Rare Cards Sparkle","Shop Mod","StSLib","The Cursed","The Hierophant","The Servant 0.9.4","Transform Curses"],"gold_per_floor":[19,19,35,49,66,66,99,99,99,110,128,156,156,174,174,251,251,265,265,265,0,35,62,76,90,90,105,138,53,94,106,118,204,216,239,263,275,297,322,334,375,4,30,30,42,75,75,75,75,75,75],"floor_reached":50,"language":"ENG","playtime":3006,"items_purged":["Immolate+1"],"score":1850,"play_id":"7afedb53-f7ee-4889-8359-1836343a9021","local_time":"20210221111705","is_ascension_mode":true,"campfire_choices":[{"floor":6.0,"key":"REST"},{"floor":8.0,"key":"RECALL"},{"data":"Barricade","floor":13.0,"key":"SMITH"},{"data":"Inflame","floor":15.0,"key":"SMITH"},{"data":"Impervious","floor":32.0,"key":"SMITH"},{"data":"Juggernaut","floor":40.0,"key":"SMITH"},{"floor":44.0,"key":"REST"},{"data":"Dramatic Entrance","floor":49.0,"key":"SMITH"}],"circlet_count":0,"master_deck":["AscendersBane","Immolate+1","Strike_R+1","Strike_R+1","Strike_R+1","Strike_R+1","Strike_R+1","Defend_R+1","Defend_R+1","Defend_R+1","Defend_R+1","Bash","Flash of Steel","Inflame+1","Perfected Strike","Shrug It Off","Panache+1","Flex","Flash of Steel","Good Instincts","Ghostly Armor","hubris:CleavingFinish","Pommel Strike","Impervious+1","Pommel Strike","Perfected Strike","Second Wind","Barricade+1","Wild Strike","Juggernaut+1","Inflame","Anger","Shrug It Off+1","Shrug It Off+1","Battle Trance+1","Shrug It Off+1","Thunderclap","Disarm+1","Impervious+1","Flex+1","Pommel Strike","Thunderclap","Warcry+1","Flex+1","Spot Weakness+1","Perfected Strike","Heavy Blade+1","Demon Form+1","Chrysalis+1","Shockwave+1","Armaments+1","Flame Barrier+1","Immolate","Flash of Steel","Dramatic Entrance+1"],"relics":["Burning Blood","hubris:SlimyHat","CaptainsWheel","Gambling Chip","hubris:OldNail","PreservedInsect","Tiny Chest","hubris:CuriousFeather","Bird Faced Urn","Thread and Needle","Smiling Mask","Du-Vu Doll","Regal Pillow","SacredBark","Toxic Egg 2","hubris:BottledRain","Red Mask","Lantern","HornCleat","Mummified Hand","MawBank","Prayer Wheel","hubris:Towel","hubris:Backtick","Ice Cream","Bronze Scales","Mango","Oddly Smooth Stone","Bag of Marbles"],"acts_visited":["Exordium","TheCity","TheBeyond"],"potions_floor_usage":[50],"damage_taken":[{"damage":0.0,"enemies":"2 Louse","floor":1.0,"turns":2.0},{"damage":0.0,"enemies":"Cultist","floor":3.0,"turns":2.0},{"damage":0.0,"enemies":"Jaw Worm","floor":4.0,"turns":3.0},{"damage":0.0,"enemies":"2 Fungi Beasts","floor":5.0,"turns":2.0},{"damage":0.0,"enemies":"3 Sentries","floor":7.0,"turns":3.0},{"damage":0.0,"enemies":"Large Slime","floor":10.0,"turns":3.0},{"damage":2.0,"enemies":"3 Louse","floor":11.0,"turns":2.0},{"damage":0.0,"enemies":"Lagavulin","floor":12.0,"turns":3.0},{"damage":0.0,"enemies":"Blue Slaver","floor":14.0,"turns":3.0},{"damage":42.0,"enemies":"Hexaghost","floor":16.0,"turns":10.0},{"damage":0.0,"enemies":"Spheric Guardian","floor":18.0,"turns":4.0},{"damage":52.0,"enemies":"Masked Bandits","floor":22.0,"turns":6.0},{"damage":0.0,"enemies":"Slavers","floor":23.0,"turns":4.0},{"damage":8.0,"enemies":"2 Thieves","floor":24.0,"turns":3.0},{"damage":2.0,"enemies":"Cultist and Chosen","floor":25.0,"turns":4.0},{"damage":0.0,"enemies":"Chosen and Byrds","floor":27.0,"turns":2.0},{"damage":2.0,"enemies":"Book of Stabbing","floor":28.0,"turns":4.0},{"damage":0.0,"enemies":"Gremlin Leader","floor":30.0,"turns":3.0},{"damage":40.0,"enemies":"Collector","floor":33.0,"turns":9.0},{"damage":0.0,"enemies":"Orb Walker","floor":35.0,"turns":4.0},{"damage":0.0,"enemies":"3 Darklings","floor":36.0,"turns":7.0},{"damage":0.0,"enemies":"Sphere and 2 Shapes","floor":38.0,"turns":4.0},{"damage":0.0,"enemies":"Transient","floor":39.0,"turns":6.0},{"damage":23.0,"enemies":"Giant Head","floor":41.0,"turns":5.0},{"damage":8.0,"enemies":"Maw","floor":45.0,"turns":7.0},{"damage":0.0,"enemies":"Nemesis","floor":46.0,"turns":3.0},{"damage":113,"enemies":"hubris:GrandSnecko","floor":50,"turns":11}],"seed_played":"7057020062017493503","potions_obtained":[{"floor":1.0,"key":"Energy Potion"},{"floor":5.0,"key":"Ancient Potion"},{"floor":10.0,"key":"GamblersBrew"},{"floor":11.0,"key":"Fire Potion"},{"floor":14.0,"key":"DuplicationPotion"},{"floor":18.0,"key":"LiquidBronze"},{"floor":23.0,"key":"PowerPotion"},{"floor":28.0,"key":"Energy Potion"},{"floor":33.0,"key":"PowerPotion"},{"floor":38.0,"key":"Fruit Juice"},{"floor":45.0,"key":"AttackPotion"},{"floor":46.0,"key":"Weak Potion"}],"is_trial":false,"path_per_floor":["M","?","M","M","M","R","E","R","T","M","M","E","R","M","R","B",null,"M","?","T","$","?","E","M","M","T","M","E","?","E","?","R","B",null,"M","M","T","M","M","R","E","$","T","R","M","E","NS","?","R","B"],"character_chosen":"IRONCLAD","items_purchased":["hubris:SlimyHat","CaptainsWheel","Flash of Steel","PreservedInsect","Tiny Chest","Inflame","Perfected Strike","Shrug It Off","Panache","Flex","Flash of Steel","Good Instincts","hubris:BottledRain","Oddly Smooth Stone","Chrysalis+1","Shockwave+1"],"campfire_rested":2,"item_purchase_floors":[0,0,0,0,0,0,0,0,0,0,0,0,21,42,42,42],"current_hp_per_floor":[28,28,38,46,52,74,75,75,75,75,75,75,75,75,75,45,68,74,74,74,74,30,38,38,50,50,58,68,68,75,75,75,43,67,75,75,75,85,85,85,82,82,82,99,99,99,99,94,94,0,0],"gold":75,"neow_bonus":"","is_daily":false,"chose_seed":false,"campfire_upgraded":5,"win_rate":0.0,"timestamp":1613906225,"path_taken":["M","?","M","M","M","R","E","R","T","?","M","E","R","M","R","BOSS","M","?","?","$","?","E","M","M","T","M","E","?","E","?","R","BOSS","M","M","?","M","?","R","E","$","T","R","M","E","NS","?","R","BOSS"],"items_purchased_type":["Relic","Relic","Card","Relic","Relic","Card","Card","Card","Card","Card","Card","Card","Relic","Relic","Card","Card"],"build_version":"2020-12-22","purchased_purges":1,"victory":false,"max_hp_per_floor":[75,75,75,75,75,75,75,75,75,75,75,75,75,75,75,75,75,75,75,75,75,75,75,75,75,75,75,75,75,75,75,75,75,75,75,75,75,85,85,85,99,99,99,99,99,99,99,99,99,99,99],"card_choices":[{"not_picked":["Warcry","Armaments"],"picked":"Ghostly Armor","floor":1.0},{"not_picked":["Heavy Blade","Body Slam"],"picked":"hubris:CleavingFinish","floor":3.0},{"not_picked":["Iron Wave","Uppercut"],"picked":"Pommel Strike","floor":4.0},{"not_picked":["Entrench","Clash"],"picked":"Impervious","floor":5.0},{"not_picked":["Hemokinesis","Wild Strike"],"picked":"Pommel Strike","floor":7.0},{"not_picked":["Searing Blow","Whirlwind"],"picked":"Perfected Strike","floor":10.0},{"not_picked":["Sentinel","Fire Breathing"],"picked":"Second Wind","floor":11.0},{"not_picked":["Hemokinesis","Combust"],"picked":"Barricade","floor":12.0},{"not_picked":["hubris:SharpeningStone","Whirlwind"],"picked":"Wild Strike","floor":14.0},{"not_picked":["Corruption","Offering"],"picked":"Juggernaut","floor":16.0},{"not_picked":["Metallicize","Sever Soul"],"picked":"Inflame","floor":18.0},{"not_picked":["Warcry+1","Dropkick"],"picked":"Anger","floor":22.0},{"not_picked":["Body Slam","Sword Boomerang"],"picked":"Shrug It Off+1","floor":23.0},{"not_picked":["Heavy Blade","Havoc+1"],"picked":"Shrug It Off+1","floor":24.0},{"not_picked":["Fire Breathing+1","Disarm+1"],"picked":"Battle Trance+1","floor":25.0},{"not_picked":["Body Slam","Perfected Strike"],"picked":"Shrug It Off+1","floor":27.0},{"not_picked":["Barricade","Feel No Pain"],"picked":"Thunderclap","floor":28.0},{"not_picked":["Feel No Pain","Sentinel+1"],"picked":"Disarm+1","floor":30.0},{"not_picked":["Barricade","Berserk"],"picked":"Impervious+1","floor":33.0},{"not_picked":["Cleave","Entrench+1"],"picked":"Flex+1","floor":35.0},{"not_picked":["Feel No Pain","Headbutt"],"picked":"Pommel Strike","floor":35.0},{"not_picked":["Perfected Strike","Cleave"],"picked":"Thunderclap","floor":36.0},{"not_picked":["Body Slam+1","Havoc+1"],"picked":"Warcry+1","floor":36.0},{"not_picked":["Cleave","Warcry+1"],"picked":"Flex+1","floor":38.0},{"not_picked":["Dropkick","Fire Breathing+1"],"picked":"Spot Weakness+1","floor":38.0},{"not_picked":["hubris:SharpeningStone+1","Warcry+1"],"picked":"Perfected Strike","floor":39.0},{"not_picked":["Warcry+1","hubris:ReadiedAction+1"],"picked":"Heavy Blade+1","floor":39.0},{"not_picked":["Sword Boomerang+1","Clothesline+1"],"picked":"Demon Form","floor":41.0},{"not_picked":["True Grit+1","Rupture"],"picked":"Armaments+1","floor":45.0},{"not_picked":["Cleave","Wild Strike"],"picked":"Flame Barrier+1","floor":45.0},{"not_picked":["Thunderclap+1","Warcry+1"],"picked":"Immolate","floor":46.0},{"not_picked":["Deep Breath+1","Impatience+1"],"picked":"Flash of Steel","floor":48.0},{"not_picked":["Trip+1","Purity+1"],"picked":"Dramatic Entrance","floor":48.0}],"player_experience":780617,"relics_obtained":[{"floor":7.0,"key":"Smiling Mask"},{"floor":9.0,"key":"Du-Vu Doll"},{"floor":12.0,"key":"Regal Pillow"},{"floor":20.0,"key":"Toxic Egg 2"},{"floor":22.0,"key":"Red Mask"},{"floor":23.0,"key":"Lantern"},{"floor":26.0,"key":"HornCleat"},{"floor":28.0,"key":"Mummified Hand"},{"floor":30.0,"key":"Prayer Wheel"},{"floor":37.0,"key":"Bronze Scales"},{"floor":41.0,"key":"Mango"},{"floor":46.0,"key":"Bag of Marbles"}],"event_choices":[{"damage_healed":0.0,"max_hp_gain":0.0,"max_hp_loss":0.0,"gold_gain":0.0,"event_name":"Upgrade Shrine","player_choice":"Upgraded","floor":2.0,"gold_loss":0.0,"damage_taken":0.0,"cards_upgraded":["Panache"]},{"damage_healed":0.0,"max_hp_gain":0.0,"max_hp_loss":9.0,"gold_gain":0.0,"event_name":"betterThird:BetterWriting","player_choice":"Simplicity","floor":19.0,"gold_loss":0.0,"damage_taken":0.0},{"damage_healed":0.0,"max_hp_gain":0.0,"max_hp_loss":0.0,"gold_gain":0.0,"event_name":"Masked Bandits","player_choice":"Fought Bandits","floor":22.0,"gold_loss":0.0,"damage_taken":0.0},{"damage_healed":0.0,"max_hp_gain":0.0,"max_hp_loss":0.0,"gold_gain":0.0,"event_name":"Addict","player_choice":"Obtained Relic","floor":29.0,"gold_loss":85.0,"damage_taken":0.0,"relics_obtained":["MawBank"]},{"damage_healed":0.0,"max_hp_gain":0.0,"max_hp_loss":0.0,"gold_gain":0.0,"event_name":"SensoryStone","player_choice":"Memory 2","floor":48.0,"gold_loss":0.0,"damage_taken":5.0}],"is_beta":false,"boss_relics":[{"not_picked":["Velvet Choker","Philosopher\u0027s Stone"],"picked":"SacredBark"},{"not_picked":["hubris:Stopwatch","Pandora\u0027s Box"],"picked":"hubris:Backtick"}],"items_purged_floors":[0],"is_endless":false,"potions_floor_spawned":[1,5,10,11,14,18,22,23,28,33,38,45,46],"killed_by":"hubris:GrandSnecko","ascension_level":19}}