{"host":"rkc66x5lvwcew90n","time":1613935668,"event":{"mods":["BaseMod","Hermit","Koishi","Marisa????????","Minty Spire (QoL Compilation)","StSLib","SuperFastMode","The Servant 0.9.4"],"gold_per_floor":[110,129,129,26,41,72,91,91,91,121,131,166,166,195,195,299,299,317,317,277,295,318,318,343,343,396,11,27,38,38,63,63,160,160,173,224,235,57,73,73,101,117,117,28,0,0,32,32,32,32],"floor_reached":51,"language":"ENG","playtime":2751,"items_purged":["Defend_G+1"],"score":1016,"play_id":"68017dc4-92c0-435a-9cb3-2c32a2685213","local_time":"20210221112748","is_ascension_mode":true,"campfire_choices":[{"data":"Prepared","floor":13,"key":"SMITH"},{"floor":15,"key":"REST"},{"data":"Blade Dance","floor":23,"key":"SMITH"},{"data":"Blade Dance","floor":25,"key":"SMITH"},{"data":"Prepared","floor":32,"key":"SMITH"},{"data":"Phantasmal Killer","floor":40,"key":"SMITH"},{"data":"Storm of Steel","floor":46,"key":"SMITH"},{"data":"Sucker Punch","floor":49,"key":"SMITH"}],"circlet_count":0,"master_deck":["Strike_G+1","Strike_G+1","Strike_G+1","Strike_G+1","Strike_G+1","Defend_G+1","Defend_G+1","Defend_G+1","Defend_G+1","Survivor","Neutralize","Dagger Throw","Underhanded Strike","Prepared+1","Sucker Punch+1","Infinite Blades+1","Reflex","Prepared+1","Accuracy+1","Cloak And Dagger+1","Blade Dance+1","After Image+1","Blade Dance+1","Prepared","Blade Dance+1","Underhanded Strike","Shame","Cloak And Dagger+1","Noxious Fumes+1","Tools of the Trade+1","Phantasmal Killer+1","Noxious Fumes+1","Storm of Steel+1","Accuracy+1","Dagger Throw","Prepared","Accuracy+1"],"relics":["Ring of the Serpent","Happy Flower","Thread and Needle","Question Card","Frozen Egg 2","Singing Bowl","Bottled Tornado","Ornamental Fan","Regal Pillow","Vajra","Boot","Membership Card","Potion Belt","HornCleat","Ginger","Kunai","WristBlade","CatCart","Toy Ornithopter","PreservedInsect","Bag of Marbles","Red Mask","Ancient Tea Set"],"acts_visited":["Exordium","TheCity","TheBeyond"],"potions_floor_usage":[10,14,16,50,50],"damage_taken":[{"damage":2,"enemies":"Small Slimes","floor":1,"turns":6},{"damage":2,"enemies":"2 Louse","floor":2,"turns":2},{"damage":0,"enemies":"Cultist","floor":5,"turns":3},{"damage":0,"enemies":"3 Sentries","floor":6,"turns":8},{"damage":0,"enemies":"Exordium Thugs","floor":7,"turns":4},{"damage":14,"enemies":"Gremlin Nob","floor":10,"turns":5},{"damage":0,"enemies":"Blue Slaver","floor":11,"turns":4},{"damage":6,"enemies":"Lagavulin","floor":12,"turns":6},{"damage":4,"enemies":"Gremlin Nob","floor":14,"turns":3},{"damage":0,"enemies":"Slime Boss","floor":16,"turns":5},{"damage":0,"enemies":"Spheric Guardian","floor":18,"turns":3},{"damage":5,"enemies":"3 Byrds","floor":21,"turns":5},{"damage":2,"enemies":"Gremlin Leader","floor":24,"turns":5},{"damage":0,"enemies":"Shelled Parasite and Fungi","floor":28,"turns":4},{"damage":0,"enemies":"Snake Plant","floor":29,"turns":3},{"damage":5,"enemies":"Book of Stabbing","floor":31,"turns":3},{"damage":0,"enemies":"Collector","floor":33,"turns":7},{"damage":1,"enemies":"3 Darklings","floor":35,"turns":4},{"damage":0,"enemies":"Orin","floor":36,"turns":7},{"damage":0,"enemies":"Orb Walker","floor":37,"turns":3},{"damage":8,"enemies":"Writhing Mass","floor":39,"turns":3},{"damage":0,"enemies":"Giant Head","floor":41,"turns":4},{"damage":0,"enemies":"3 Darklings","floor":42,"turns":3},{"damage":0,"enemies":"Nemesis","floor":47,"turns":3},{"damage":25,"enemies":"Time Eater","floor":50,"turns":6}],"seed_played":"-8498571313640267694","potions_obtained":[{"floor":2,"key":"DuplicationPotion"},{"floor":6,"key":"CunningPotion"},{"floor":10,"key":"SpeedPotion"},{"floor":14,"key":"CunningPotion"},{"floor":16,"key":"DuplicationPotion"},{"floor":18,"key":"Regen Potion"},{"floor":24,"key":"Fire Potion"},{"floor":28,"key":"SpeedPotion"},{"floor":35,"key":"Ancient Potion"},{"floor":36,"key":"DistilledChaos"},{"floor":39,"key":"LiquidBronze"}],"is_trial":false,"path_per_floor":["M","M","?","$","M","E","M","?","T","E","M","E","R","E","R","B",null,"M","?","?","M","T","R","E","R","T","$","M","M","?","E","R","B",null,"M","?","M","$","M","R","E","M","T","$","?","R","E","?","R","B",null],"character_chosen":"THE_SILENT","items_purchased":["Prepared","Sucker Punch","Membership Card","Potion Belt","CunningPotion","HornCleat","Tools of the Trade+1","Toy Ornithopter","Phantasmal Killer","Accuracy+1","Dagger Throw"],"campfire_rested":1,"item_purchase_floors":[4,4,27,27,27,27,38,38,38,44,44],"current_hp_per_floor":[68,66,59,59,59,59,59,59,59,47,47,41,41,37,58,58,72,72,72,72,67,67,67,65,65,65,65,65,67,67,64,64,66,78,77,79,79,79,71,71,71,73,73,73,73,73,73,73,73,67],"gold":32,"neow_bonus":"RANDOM_COMMON_RELIC","is_daily":false,"chose_seed":false,"campfire_upgraded":7,"win_rate":0.0,"timestamp":1613935668,"path_taken":["M","M","?","$","M","E","M","?","T","E","M","E","R","E","R","BOSS","M","?","?","?","?","R","E","R","T","$","M","M","?","E","R","BOSS","M","?","M","$","M","R","E","M","T","$","?","R","E","?","R","BOSS"],"items_purchased_type":["Card","Card","Relic","Relic","Potion","Relic","Card","Relic","Card","Card","Card"],"build_version":"2020-12-22","purchased_purges":1,"victory":true,"max_hp_per_floor":[70,70,70,70,70,70,70,70,70,72,72,72,72,72,72,72,72,72,72,72,72,72,72,72,72,72,72,72,74,74,76,76,78,78,78,80,80,80,80,80,80,82,82,82,82,82,82,82,82,82],"card_choices":[{"not_picked":["Flying Knee","Quick Slash"],"picked":"Dagger Throw","floor":1},{"not_picked":["Outmaneuver","Blur"],"picked":"Underhanded Strike","floor":2},{"not_picked":["Deadly Poison","Bane"],"picked":"Infinite Blades","floor":5},{"not_picked":["Dagger Throw","Outmaneuver"],"picked":"Reflex","floor":6},{"not_picked":["Blur","Choke","Wraith Form v2"],"picked":"Prepared","floor":7},{"not_picked":["Blade Dance","Masterful Stab","Dodge and Roll","Dagger Spray"],"picked":"Singing Bowl","floor":10},{"not_picked":["Dash","Escape Plan","Cloak And Dagger"],"picked":"Accuracy+1","floor":11},{"not_picked":["Footwork+1","Burst","Concentrate"],"picked":"Cloak And Dagger","floor":12},{"not_picked":["Wraith Form v2+1","Acrobatics","Quick Slash"],"picked":"Blade Dance","floor":14},{"not_picked":["Grand Finale","Malaise","Phantasmal Killer"],"picked":"After Image+1","floor":16},{"not_picked":["Backflip","Acrobatics","Dagger Throw"],"picked":"Blade Dance","floor":18},{"not_picked":["Flying Knee","Dagger Spray+1","Burst"],"picked":"Prepared","floor":21},{"not_picked":["Dodge and Roll","Catalyst","Backstab+1"],"picked":"Blade Dance+1","floor":24},{"not_picked":["Leg Sweep","Poisoned Stab+1","Flying Knee"],"picked":"Underhanded Strike","floor":28},{"not_picked":["Heel Hook","Tactician","Underhanded Strike+1","Skewer"],"picked":"Singing Bowl","floor":29},{"not_picked":["Phantasmal Killer","Endless Agony+1","Backflip","Well Laid Plans+1"],"picked":"Singing Bowl","floor":31},{"not_picked":["Doppelganger","Grand Finale","Phantasmal Killer","Bullet Time"],"picked":"Singing Bowl","floor":33},{"not_picked":["Dagger Spray","Deadly Poison","Slice"],"picked":"Cloak And Dagger+1","floor":35},{"not_picked":["Riddle With Holes","Caltrops+1","Slice+1","Expertise"],"picked":"Singing Bowl","floor":36},{"not_picked":["Endless Agony+1","Deadly Poison+1","Eviscerate"],"picked":"Noxious Fumes+1","floor":37},{"not_picked":["All Out Attack+1","PiercingWail+1","Eviscerate+1"],"picked":"Noxious Fumes+1","floor":39},{"not_picked":["Acrobatics+1","Dodge and Roll+1","Wraith Form v2+1"],"picked":"Storm of Steel","floor":41},{"not_picked":["Backflip","Flechettes+1","Finisher","Flying Knee"],"picked":"Singing Bowl","floor":42},{"not_picked":["Dagger Throw","Slice","Bane"],"picked":"Prepared","floor":47}],"player_experience":282844,"relics_obtained":[{"floor":6,"key":"Question Card"},{"floor":9,"key":"Frozen Egg 2"},{"floor":10,"key":"Singing Bowl"},{"floor":12,"key":"Bottled Tornado"},{"floor":14,"key":"Ornamental Fan"},{"floor":22,"key":"Regal Pillow"},{"floor":24,"key":"Vajra"},{"floor":26,"key":"Boot"},{"floor":31,"key":"Kunai"},{"floor":36,"key":"CatCart"},{"floor":41,"key":"PreservedInsect"},{"floor":43,"key":"Bag of Marbles"},{"floor":47,"key":"Ancient Tea Set"}],"event_choices":[{"damage_healed":0,"gold_gain":0,"player_choice":"Success","damage_taken":7,"relics_obtained":["Thread and Needle"],"max_hp_gain":0,"max_hp_loss":0,"event_name":"Scrap Ooze","floor":3,"gold_loss":0},{"damage_healed":0,"gold_gain":0,"player_choice":"Ignored","damage_taken":0,"max_hp_gain":0,"max_hp_loss":0,"event_name":"Liars Game","floor":8,"gold_loss":0},{"damage_healed":0,"gold_gain":0,"player_choice":"Simplicity","damage_taken":0,"max_hp_gain":0,"max_hp_loss":0,"event_name":"Back to Basics","floor":19,"gold_loss":0,"cards_upgraded":["Strike_G","Strike_G","Strike_G","Strike_G","Strike_G","Defend_G","Defend_G","Defend_G","Defend_G","Defend_G"]},{"damage_healed":0,"gold_gain":0,"player_choice":"Upgraded Two","damage_taken":0,"max_hp_gain":0,"max_hp_loss":0,"event_name":"Designer","floor":20,"gold_loss":40,"cards_upgraded":["Cloak And Dagger","Infinite Blades"]},{"damage_healed":0,"gold_gain":0,"player_choice":"Stole Relic","damage_taken":0,"relics_obtained":["Ginger"],"max_hp_gain":0,"max_hp_loss":0,"event_name":"Addict","floor":30,"gold_loss":0,"cards_obtained":["Shame"]},{"damage_healed":0,"gold_gain":0,"player_choice":"Fight","damage_taken":0,"max_hp_gain":0,"max_hp_loss":0,"event_name":"OrinTheCat","floor":36,"gold_loss":0},{"damage_healed":0,"gold_gain":0,"player_choice":"Paid","damage_taken":0,"relics_obtained":["Red Mask"],"max_hp_gain":0,"max_hp_loss":0,"event_name":"Tomb of Lord Red Mask","floor":45,"gold_loss":28},{"damage_healed":0,"gold_gain":0,"player_choice":"Copied","damage_taken":0,"max_hp_gain":0,"max_hp_loss":0,"event_name":"Duplicator","floor":48,"gold_loss":0,"cards_obtained":["Accuracy"]}],"is_beta":false,"boss_relics":[{"not_picked":["Ectoplasm","Coffee Dripper"],"picked":"Ring of the Serpent"},{"not_picked":["Snecko Eye","Fusion Hammer"],"picked":"WristBlade"}],"items_purged_floors":[44],"is_endless":false,"potions_floor_spawned":[2,6,10,14,16,18,24,28,35,36,39,42],"ascension_level":1}}