{"host":"yy1cu9q9bsxhflzi","time":1613937476,"event":{"mods":["BaseMod","DeckTracker","Minty Spire (QoL Compilation)","Quick Restart","StSLib","SuperFastMode","everything is the same but u backflip on backflip"],"gold_per_floor":[111,111,130,144,144,177,208,220,232,271,283,309,337,364,376,460,472,504,516,539,307,342,342,374,374,455,472,504,527,537,275,275,346,346,365,166,388,408,408,408,449,473,473,506,531,310,319,340,340,340,340,340,340,4,48,48,48],"floor_reached":56,"language":"KOR","playtime":1368,"items_purged":["Dualcast"],"score":2560,"play_id":"7c9a1d3c-3ec4-4d19-a615-2647d5caa7e0","local_time":"20210222045756","is_ascension_mode":true,"campfire_choices":[{"data":"Aggregate","floor":8,"key":"SMITH"},{"data":"Juggernaut","floor":15,"key":"SMITH"},{"floor":23,"key":"REST"},{"data":"Turbo","floor":25,"key":"SMITH"},{"data":"Genetic Algorithm","floor":32,"key":"SMITH"},{"data":"Apotheosis","floor":40,"key":"SMITH"},{"floor":49,"key":"RECALL"},{"floor":53,"key":"DIG"}],"circlet_count":0,"master_deck":["AscendersBane","Coolheaded","Coolheaded","Coolheaded","Coolheaded","Glacier","Glacier","Glacier","Glacier","Juggernaut+1","Aggregate+1","Turbo+1","Reinforced Body","Juggernaut+1","Reboot","Genetic Algorithm+1","Amplify","Defragment","Loop+1","Apotheosis+1","Undo","Heatsinks","Biased Cognition","Defragment","Chill","Heatsinks"],"relics":["Cracked Core","MawBank","Orichalcum","StrikeDummy","Mummified Hand","Inserter","Torii","DollysMirror","Red Mask","Pen Nib","Gremlin Horn","Shovel","Art of War","Omamori","Velvet Choker","TheAbacus","CeramicFish","Symbiotic Virus","Shuriken","OrangePellets","Oddly Smooth Stone","Akabeko"],"acts_visited":["Exordium","TheCity","TheBeyond","TheEnding"],"potions_floor_usage":[55,56],"damage_taken":[{"damage":4.0,"enemies":"Small Slimes","floor":1.0,"turns":3.0},{"damage":2.0,"enemies":"2 Louse","floor":3.0,"turns":3.0},{"damage":0.0,"enemies":"Jaw Worm","floor":4.0,"turns":3.0},{"damage":18.0,"enemies":"Gremlin Nob","floor":6.0,"turns":4.0},{"damage":9,"enemies":"Gremlin Gang","floor":7,"turns":3},{"damage":0,"enemies":"3 Sentries","floor":10,"turns":5},{"damage":0,"enemies":"2 Fungi Beasts","floor":12,"turns":2},{"damage":0,"enemies":"Red Slaver","floor":13,"turns":2},{"damage":0,"enemies":"Exordium Thugs","floor":14,"turns":2},{"damage":0,"enemies":"Hexaghost","floor":16,"turns":6},{"damage":5,"enemies":"3 Byrds","floor":18,"turns":2},{"damage":0,"enemies":"Spheric Guardian","floor":20,"turns":2},{"damage":23,"enemies":"Masked Bandits","floor":22,"turns":3},{"damage":0,"enemies":"Gremlin Leader","floor":24,"turns":3},{"damage":0,"enemies":"Cultist and Chosen","floor":27,"turns":3},{"damage":0,"enemies":"Book of Stabbing","floor":28,"turns":3},{"damage":0,"enemies":"3 Cultists","floor":30,"turns":3},{"damage":0,"enemies":"Collector","floor":33,"turns":5},{"damage":0,"enemies":"Orb Walker","floor":35,"turns":4},{"damage":0,"enemies":"3 Shapes","floor":38,"turns":2},{"damage":0,"enemies":"Reptomancer","floor":41,"turns":3},{"damage":1,"enemies":"Transient","floor":42,"turns":6},{"damage":15,"enemies":"Nemesis","floor":44,"turns":5},{"damage":0,"enemies":"Mind Bloom Boss Battle","floor":45,"turns":4},{"damage":0,"enemies":"Maw","floor":48,"turns":4},{"damage":0,"enemies":"Donu and Deca","floor":50,"turns":6},{"damage":10,"enemies":"Awakened One","floor":51,"turns":9},{"damage":26,"enemies":"Shield and Spear","floor":55,"turns":5},{"damage":38,"enemies":"The Heart","floor":56,"turns":3}],"seed_played":"-4275463501681043141","potions_obtained":[{"floor":6.0,"key":"Dexterity Potion"},{"floor":12,"key":"BlessingOfTheForge"},{"floor":22,"key":"Swift Potion"}],"is_trial":true,"path_per_floor":["M","?","M","M","?","E","M","R","T","E","T","M","M","M","R","B",null,"M","?","M","$","?","R","E","R","T","M","E","T","M","$","R","B",null,"M","$","?","M","?","R","E","M","T","E","?","$","?","M","R","B","B",null,"R","$","E","B"],"character_chosen":"DEFECT","items_purchased":["DollysMirror","Genetic Algorithm","Omamori","Defragment","TheAbacus","Biased Cognition","FocusPotion","OrangePellets","Oddly Smooth Stone"],"campfire_rested":1,"item_purchase_floors":[21,31,31,36,36,46,46,54,54],"current_hp_per_floor":[60,60,58,58,58,40,31,31,31,31,31,31,31,31,31,31,61,56,56,56,56,33,54,54,54,54,54,54,54,54,54,54,54,67,67,67,67,67,57,57,57,56,56,41,41,41,41,41,41,41,31,61,61,61,35,0,0],"gold":48,"neow_bonus":"","is_daily":false,"chose_seed":false,"campfire_upgraded":5,"win_rate":0.0,"timestamp":1613937476,"path_taken":["M","?","M","M","?","E","M","R","T","E","?","M","M","?","R","BOSS","M","?","?","$","?","R","E","R","T","M","E","?","M","?","R","BOSS","M","?","?","M","?","R","E","M","T","E","?","$","?","?","R","BOSS","BOSS","R","$","E","BOSS"],"items_purchased_type":["Relic","Card","Relic","Card","Relic","Card","Potion","Relic","Relic"],"build_version":"2020-12-22","purchased_purges":1,"victory":false,"max_hp_per_floor":[71,71,71,71,71,71,71,71,71,71,71,71,71,71,71,71,71,71,71,71,71,71,71,71,71,71,71,71,71,71,71,71,71,71,71,71,71,71,71,71,71,71,71,71,71,71,71,71,71,71,71,71,71,71,71,71,71],"card_choices":[{"not_picked":["Barrage","Steam"],"picked":"Aggregate","floor":1.0},{"not_picked":["Cold Snap","Steam"],"picked":"Redo","floor":3.0},{"not_picked":["Gash","Reprogram"],"picked":"Turbo","floor":4.0},{"not_picked":["Hyperbeam","Lockon"],"picked":"Reinforced Body","floor":6.0},{"not_picked":["Force Field","Go for the Eyes","Rebound"],"picked":"SKIP","floor":7},{"not_picked":["Barrage","Rebound","Aggregate"],"picked":"SKIP","floor":10},{"not_picked":["Leap","Redo","Gash"],"picked":"SKIP","floor":12},{"not_picked":["Rip and Tear","Stack","Double Energy"],"picked":"SKIP","floor":13},{"not_picked":["Rebound","Leap","Barrage"],"picked":"SKIP","floor":14},{"not_picked":["Glacier+1","Storm+1","Compile Driver"],"picked":"SKIP","floor":18},{"not_picked":["Go for the Eyes","Cold Snap","Redo"],"picked":"SKIP","floor":20},{"not_picked":["Doom and Gloom","Go for the Eyes","Compile Driver+1"],"picked":"SKIP","floor":24},{"not_picked":["Ball Lightning","Gash","Scrape+1"],"picked":"SKIP","floor":27},{"not_picked":["Auto Shields","Steam"],"picked":"Reboot","floor":28},{"not_picked":["Leap","Redo","Stack"],"picked":"SKIP","floor":30},{"not_picked":["Machine Learning","Electrodynamics"],"picked":"Amplify","floor":33},{"not_picked":["Sweeping Beam","Blizzard","Storm"],"picked":"SKIP","floor":35},{"not_picked":["Compile Driver","Darkness+1"],"picked":"Loop+1","floor":38},{"not_picked":["HandOfGreed","Master of Strategy"],"picked":"Apotheosis","floor":39},{"not_picked":["Meteor Strike","FTL"],"picked":"Undo","floor":41},{"not_picked":["Lockon+1","Leap"],"picked":"Heatsinks","floor":42},{"not_picked":["Hologram","Ball Lightning","Conserve Battery"],"picked":"SKIP","floor":44},{"not_picked":["Redo","Sweeping Beam"],"picked":"Chill","floor":48},{"not_picked":["Steam","Tempest"],"picked":"Heatsinks","floor":55}],"player_experience":3926221,"relics_obtained":[{"floor":6.0,"key":"MawBank"},{"floor":9,"key":"Orichalcum"},{"floor":10,"key":"StrikeDummy"},{"floor":11,"key":"Mummified Hand"},{"floor":22,"key":"Red Mask"},{"floor":24,"key":"Pen Nib"},{"floor":26,"key":"Gremlin Horn"},{"floor":28,"key":"Shovel"},{"floor":29,"key":"Art of War"},{"floor":41,"key":"CeramicFish"},{"floor":44,"key":"Symbiotic Virus"},{"floor":53,"key":"Shuriken"},{"floor":55,"key":"Akabeko"}],"event_choices":[{"damage_healed":0.0,"max_hp_gain":0.0,"max_hp_loss":0.0,"gold_gain":0.0,"event_name":"Liars Game","player_choice":"Ignored","floor":2.0,"gold_loss":0.0,"damage_taken":0.0},{"damage_healed":0.0,"max_hp_gain":0.0,"max_hp_loss":0.0,"gold_gain":0.0,"event_name":"The Cleric","player_choice":"Leave","floor":5.0,"gold_loss":0.0,"damage_taken":0.0},{"cards_removed":["Redo"],"damage_healed":0,"gold_gain":0,"player_choice":"Gave Card","damage_taken":0,"relics_obtained":["Torii"],"max_hp_gain":0,"max_hp_loss":0,"event_name":"WeMeetAgain","floor":19,"gold_loss":0},{"damage_healed":0,"gold_gain":0,"player_choice":"Fought Bandits","damage_taken":0,"max_hp_gain":0,"max_hp_loss":0,"event_name":"Masked Bandits","floor":22,"gold_loss":0},{"damage_healed":0,"gold_gain":222,"player_choice":"Wore Mask","damage_taken":0,"max_hp_gain":0,"max_hp_loss":0,"event_name":"Tomb of Lord Red Mask","floor":37,"gold_loss":0},{"damage_healed":0,"gold_gain":0,"player_choice":"Memory 3","damage_taken":10,"max_hp_gain":0,"max_hp_loss":0,"event_name":"SensoryStone","floor":39,"gold_loss":0},{"damage_healed":0,"gold_gain":0,"player_choice":"Fight","damage_taken":0,"max_hp_gain":0,"max_hp_loss":0,"event_name":"MindBloom","floor":45,"gold_loss":0},{"damage_healed":0,"gold_gain":0,"player_choice":"Copied","damage_taken":0,"max_hp_gain":0,"max_hp_loss":0,"event_name":"Duplicator","floor":47,"gold_loss":0,"cards_obtained":["Defragment"]}],"is_beta":false,"boss_relics":[{"not_picked":["Coffee Dripper","Calling Bell"],"picked":"Inserter"},{"not_picked":["Pandora\u0027s Box","SacredBark"],"picked":"Velvet Choker"}],"items_purged_floors":[21],"is_endless":false,"potions_floor_spawned":[6,12,14,16,22,24,27,33,41,42,45],"killed_by":"The Heart","ascension_level":20}}