{"host":"h3yie3u3olngyjol","time":1613888623,"event":{"mods":["BaseMod","Colored Powertips","Downfall","Highlight Path","Infinite Spire","Lobotomy","LobotomyExtend","Marked Mod","Minty Spire (QoL Compilation)","Prisma Mod","Replay The Spire","RumiaBox-露米娅的神秘盒子","Shop Mod","StSLib","The Hierophant","The Runesmith"],"gold_per_floor":[110,123,123,123,138,138,155,155,180,207,227,227,227,119,119,216,216,228,228,228,246,259,259,290,290,361,391,391,100,100,100,100,199,199,209,219,219,219,1218,1218,1236,1236,1260,1260,1276,1276,1311,308,308,308],"floor_reached":51,"language":"ZHS","playtime":4351,"items_purged":["ReplayTheSpireMod:Restless Dread","Defend_G","Normality","Normality"],"score":769,"play_id":"3a17c8ba-9b4b-4e09-9bec-290aed471f91","local_time":"20210221142343","is_ascension_mode":true,"campfire_choices":[{"data":"ReplayTheSpireMod:Necrosis","floor":6.0,"key":"SMITH"},{"data":"Bouncing Flask","floor":8.0,"key":"SMITH"},{"data":"Catalyst","floor":15.0,"key":"SMITH"},{"data":"Calculated Gamble","floor":23.0,"key":"SMITH"},{"floor":25.0,"key":"REST"},{"floor":28.0,"key":"REST"},{"data":"Catalyst","floor":32.0,"key":"SMITH"},{"data":"Burst","floor":40.0,"key":"SMITH"},{"floor":44.0,"key":"REST"},{"floor":49,"key":"REST"}],"circlet_count":0,"master_deck":["Strike_G+1","Strike_G+1","Strike_G+1","Strike_G+1","Strike_G+1","Defend_G+1","Defend_G+1","Defend_G+1","Defend_G+1","Bouncing Flask+1","ReplayTheSpireMod:Necrosis+1","Calculated Gamble+1","Bane","Leap+1","Catalyst+1","Wraith Form v2","Masterful Stab+1","Deflect+1","Toxin Wave+1","Catalyst+1","Burst+1","Madness","Madness","CurseOfTheBell","ReplayTheSpireMod:Echoes of Time","Secret Weapon+1","Deep Breath","Prepared"],"relics":["Ring of the Snake","LetterFromLob","infinitespire:Lucky Rock","infinitespire:Beetle Shell","MealTicket","GodSword3","Regal Pillow","ReplayTheSpireMod:CursedCoin","AddBug","infinitespire:Lucky Rock","Blue Candle","Gremlin Food","Paper Crane","MealTicket","Bronze Scales","ReplayTheSpireMod:TigerMarble","Busted Crown","TheAbacus","Calling Bell","Pet Ghost","StoneCalendar","Mercury Hourglass","Blood Vial","Busted Crown","GodSword6","infinitespire:Bottled Soul","Toy Ornithopter"],"acts_visited":["Exordium","TheCity","TheBeyond"],"potions_floor_usage":[50,50,50,50],"damage_taken":[{"damage":8.0,"enemies":"Jaw Worm","floor":1.0,"turns":4.0},{"damage":14.0,"enemies":"infinitespire:Voidling","floor":2.0,"turns":3.0},{"damage":0.0,"enemies":"Small Slimes","floor":5.0,"turns":3.0},{"damage":5.0,"enemies":"2 Fungi Beasts","floor":7.0,"turns":3.0},{"damage":35.0,"enemies":"3 Sentries","floor":10.0,"turns":9.0},{"damage":3.0,"enemies":"Looter","floor":11.0,"turns":3.0},{"damage":17.0,"enemies":"Slime Boss","floor":16.0,"turns":6.0},{"damage":9.0,"enemies":"Shell Parasite","floor":18.0,"turns":3.0},{"damage":2.0,"enemies":"3 Byrds","floor":21.0,"turns":3.0},{"damage":0.0,"enemies":"3 Cultists","floor":22.0,"turns":2.0},{"damage":23.0,"enemies":"Book of Stabbing","floor":24.0,"turns":3.0},{"damage":47.0,"enemies":"Slavers","floor":27.0,"turns":6.0},{"damage":93.0,"enemies":"Collector","floor":33.0,"turns":9.0},{"damage":0.0,"enemies":"3 Shapes","floor":35.0,"turns":3.0},{"damage":1.0,"enemies":"Orb Walker","floor":36.0,"turns":2.0},{"damage":35.0,"enemies":"Maw","floor":41.0,"turns":4.0},{"damage":3.0,"enemies":"4 Shapes","floor":45.0,"turns":3.0},{"damage":14.0,"enemies":"R_Hoarder","floor":47.0,"turns":5.0},{"damage":20,"enemies":"Replay:Hell Engine","floor":50,"turns":2}],"seed_played":"4931033211811111505","potions_obtained":[{"floor":1.0,"key":"FearPotion"},{"floor":5.0,"key":"LiquidBronze"},{"floor":10.0,"key":"Poison Potion"},{"floor":20.0,"key":"FairyPotion"},{"floor":20.0,"key":"DistilledChaos"},{"floor":22.0,"key":"LiquidBronze"},{"floor":24.0,"key":"Fire Potion"},{"floor":36.0,"key":"bronze:BurnAndBuffPotion"},{"floor":45.0,"key":"AttackPotion"},{"floor":47.0,"key":"Toxic Potion"}],"is_trial":false,"path_per_floor":["M","M","?","?","M","R","M","R","T","E","M","?","?","$","R","B",null,"M","?","?","M","M","R","E","R","T","E","R","$","?","?","R","B",null,"M","M","?","?","?","R","M","AVR","T","R","M","?","E","$","R","B",null],"character_chosen":"THE_SILENT","items_purchased":["Catalyst","Regal Pillow","ReplayTheSpireMod:CursedCoin","Toxin Wave","ReplayTheSpireMod:TigerMarble","Toxic Potion","PowerPotion","Dexterity Potion","infinitespire:Bottled Soul","Toy Ornithopter","Secret Weapon","Deep Breath","Prepared"],"campfire_rested":4,"item_purchase_floors":[14,14,14,29,29,48,48,48,48,48,48,48,48],"current_hp_per_floor":[55,41,23,70,70,70,65,65,65,30,27,27,27,42,42,25,59,50,45,45,43,43,43,20,56,56,9,45,70,70,70,70,37,62,62,61,52,52,52,52,17,17,17,53,52,36,24,54,70,50],"gold":308,"neow_bonus":"RANDOM_EVENT","is_daily":false,"chose_seed":false,"campfire_upgraded":6,"win_rate":0.0,"timestamp":1613888623,"path_taken":["M","M","?","?","?","R","M","R","T","E","M","?","?","$","R","BOSS","M","?","?","M","?","R","E","R","T","E","R","$","?","?","R","BOSS","M","M","?","?","?","R","M","AVR","T","R","M","?","E","$","R","BOSS"],"items_purchased_type":["Card","Relic","Relic","Card","Relic","Potion","Potion","Potion","Relic","Relic","Card","Card","Card"],"build_version":"2020-12-22","purchased_purges":4,"victory":true,"max_hp_per_floor":[70,70,70,70,70,70,70,70,70,70,70,70,70,70,70,70,70,70,70,70,70,70,70,70,70,70,70,70,70,70,70,70,70,70,70,70,70,70,70,70,70,70,70,70,70,70,70,70,70,70],"card_choices":[{"not_picked":["Outmaneuver","Dagger Throw"],"picked":"Bouncing Flask","floor":1.0},{"not_picked":["Hidden Blade","Blade Dance","Sucker Punch"],"picked":"SKIP","floor":2.0},{"not_picked":["Infinite Blades","Flying Knee"],"picked":"ReplayTheSpireMod:Necrosis","floor":5.0},{"not_picked":["Underhanded Strike","Quick Slash"],"picked":"Calculated Gamble","floor":7.0},{"not_picked":["Cloak And Dagger","Predator"],"picked":"Bane","floor":10.0},{"not_picked":["After Image","Backflip","Quick Slash"],"picked":"SKIP","floor":11.0},{"not_picked":["Phantasmal Killer","A Thousand Cuts"],"picked":"Wraith Form v2","floor":16.0},{"not_picked":["PiercingWail","Underhanded Strike","Quick Slash"],"picked":"SKIP","floor":18.0},{"not_picked":["Quick Slash+1","Caltrops","Underhanded Strike+1"],"picked":"SKIP","floor":21.0},{"not_picked":["Choke+1","Backflip"],"picked":"Masterful Stab+1","floor":22.0},{"not_picked":["Flying Knee","Dash","Riddle With Holes"],"picked":"SKIP","floor":24.0},{"not_picked":["Blade Dance","Infinite Blades"],"picked":"Deflect+1","floor":27.0},{"not_picked":["Corpse Explosion","After Image"],"picked":"Burst","floor":33.0},{"not_picked":["Acrobatics+1"],"picked":"SKIP","floor":35.0},{"not_picked":["Backflip"],"picked":"SKIP","floor":36.0},{"not_picked":["Sneak Up"],"picked":"SKIP","floor":41.0},{"not_picked":["Underhanded Strike"],"picked":"SKIP","floor":45.0},{"not_picked":["infinitespire:SealOfDarkness+","infinitespire:Gouge"],"picked":"ReplayTheSpireMod:Echoes of Time","floor":46.0},{"not_picked":["Endless Agony+1"],"picked":"SKIP","floor":47.0}],"player_experience":459582,"relics_obtained":[{"floor":1.0,"key":"LetterFromLob"},{"floor":9.0,"key":"infinitespire:Beetle Shell"},{"floor":10.0,"key":"MealTicket"},{"floor":12.0,"key":"GodSword3"},{"floor":18.0,"key":"infinitespire:Lucky Rock"},{"floor":24.0,"key":"Gremlin Food"},{"floor":26.0,"key":"Paper Crane"},{"floor":27.0,"key":"MealTicket"},{"floor":27.0,"key":"Bronze Scales"},{"floor":42.0,"key":"Pet Ghost"},{"floor":42.0,"key":"StoneCalendar"},{"floor":42.0,"key":"Mercury Hourglass"},{"floor":43.0,"key":"Blood Vial"},{"floor":47.0,"key":"Busted Crown"},{"floor":47.0,"key":"GodSword6"}],"event_choices":[{"damage_healed":0.0,"max_hp_gain":0.0,"max_hp_loss":0.0,"gold_gain":0.0,"event_name":"Scrap Ooze","player_choice":"Success","floor":3.0,"gold_loss":0.0,"damage_taken":18.0,"relics_obtained":["infinitespire:Lucky Rock"]},{"damage_healed":47.0,"max_hp_gain":0.0,"max_hp_loss":0.0,"gold_gain":0.0,"event_name":"Wheel of Change","player_choice":"Full Heal","floor":4.0,"gold_loss":0.0,"damage_taken":0.0},{"damage_healed":0.0,"max_hp_gain":0.0,"max_hp_loss":0.0,"gold_gain":0.0,"event_name":"Lab","player_choice":"Got Potions","floor":20.0,"gold_loss":0.0,"damage_taken":0.0},{"damage_healed":0.0,"max_hp_gain":0.0,"max_hp_loss":0.0,"gold_gain":0.0,"event_name":"Back to Basics","player_choice":"Simplicity","floor":30.0,"gold_loss":0.0,"damage_taken":0.0,"cards_upgraded":["Strike_G","Strike_G","Strike_G","Strike_G","Defend_G","Defend_G","Defend_G"]},{"damage_healed":0.0,"max_hp_gain":0.0,"max_hp_loss":0.0,"gold_gain":0.0,"event_name":"The Library","player_choice":"Read","floor":31.0,"gold_loss":0.0,"damage_taken":0.0,"cards_obtained":["Catalyst"]},{"damage_healed":0.0,"max_hp_gain":0.0,"max_hp_loss":0.0,"gold_gain":0.0,"event_name":"Winding Halls","player_choice":"Embrace Madness","floor":37.0,"gold_loss":0.0,"damage_taken":9.0,"cards_obtained":["Madness","Madness"]},{"cards_removed":["Beam Cell"],"damage_healed":0.0,"max_hp_gain":0.0,"max_hp_loss":0.0,"gold_gain":0.0,"event_name":"Falling","player_choice":"Removed Attack","floor":38.0,"gold_loss":0.0,"damage_taken":0.0},{"damage_healed":0.0,"max_hp_gain":0.0,"max_hp_loss":0.0,"gold_gain":999.0,"event_name":"MindBloom","player_choice":"Gold","floor":39.0,"gold_loss":0.0,"damage_taken":0.0,"cards_obtained":["Normality","Normality"]}],"is_beta":false,"boss_relics":[{"not_picked":["Replay:Bronze Core","Fusion Hammer"],"picked":"AddBug"},{"not_picked":["Coffee Dripper","SacredBark"],"picked":"Busted Crown"}],"items_purged_floors":[14,29,42,48],"is_endless":false,"potions_floor_spawned":[1,5,10,22,24,36,45,47],"ascension_level":6}}