{"host":"8d3fefv2347kqkpz","time":1613916553,"event":{"mods":["AchievementEnabler","BaseMod","Better Vampires","BetterRewards","Colored Map","Colored Powertips","Downfall","Emptier Cage","Highlight Path","Marked Mod","Minty Spire (QoL Compilation)","Permanent Neow","Quick Restart","Rare Cards Sparkle","Relic Stats","Say the Spire","Spicy Shops","StSLib","Waifu the Spire"],"gold_per_floor":[117,117,192,210,220,252,271,271,298,298,298,329,348,362,362,485,485,500,520,445,445,463,463,463],"floor_reached":23,"language":"ZHS","playtime":803,"items_purged":[],"score":203,"play_id":"f821f46e-b3d6-4fe8-bfdc-f48112923d5d","local_time":"20210221220913","is_ascension_mode":false,"campfire_choices":[{"data":"Streamline","floor":8,"key":"SMITH"},{"floor":11,"key":"REST"},{"floor":15,"key":"REST"}],"circlet_count":0,"master_deck":["Strike_B","Defend_B","Defend_B","Defend_B","Zap","Dualcast+1","Hologram","Leap","Sweeping Beam","Coolheaded","Streamline+1","Sunder","Defragment","Echo Form","Melter+1","BootSequence"],"relics":["Cracked Core","Tiny Chest","Golden Idol","Lantern","Empty Cage","White Beast Statue"],"acts_visited":["Exordium","TheCity"],"potions_floor_usage":[23],"damage_taken":[{"damage":3,"enemies":"Jaw Worm","floor":1,"turns":3},{"damage":0,"enemies":"Small Slimes","floor":4,"turns":4},{"damage":0,"enemies":"Cultist","floor":5,"turns":4},{"damage":20,"enemies":"3 Sentries","floor":6,"turns":7},{"damage":5,"enemies":"Large Slime","floor":7,"turns":5},{"damage":27,"enemies":"Lagavulin","floor":12,"turns":6},{"damage":4,"enemies":"Blue Slaver","floor":13,"turns":2},{"damage":3,"enemies":"3 Louse","floor":14,"turns":3},{"damage":8,"enemies":"Slime Boss","floor":16,"turns":11},{"damage":20,"enemies":"2 Thieves","floor":18,"turns":4},{"damage":6,"enemies":"Shell Parasite","floor":19,"turns":6},{"damage":11,"enemies":"Snecko","floor":22,"turns":4},{"damage":60,"enemies":"Slavers","floor":23,"turns":5}],"seed_played":"-4702054124879492083","potions_obtained":[{"floor":1,"key":"LiquidMemories"},{"floor":5,"key":"EssenceOfSteel"},{"floor":13,"key":"Weak Potion"},{"floor":19,"key":"Regen Potion"},{"floor":22,"key":"Block Potion"}],"is_trial":false,"path_per_floor":["M","?","?","M","M","E","M","R","T","?","R","E","M","M","R","B",null,"M","M","?","T","M","E"],"character_chosen":"DEFECT","items_purchased":[],"campfire_rested":2,"item_purchase_floors":[],"current_hp_per_floor":[72,72,65,65,65,45,40,40,40,22,44,17,13,10,32,24,75,55,49,49,49,38,0,0],"gold":463,"neow_bonus":"UPGRADE_CARD","is_daily":false,"chose_seed":false,"campfire_upgraded":1,"win_rate":0.0,"timestamp":1613916553,"path_taken":["M","?","?","M","M","E","?","R","T","?","R","E","M","M","R","BOSS","M","M","?","?","M","E"],"items_purchased_type":[],"build_version":"2020-12-22","purchased_purges":0,"victory":false,"max_hp_per_floor":[75,75,75,75,75,75,75,75,75,75,75,75,75,75,75,75,75,75,75,75,75,75,75,75],"relic_stats":{"counters":[13,64],"Golden Idol":49,"Tiny Chest":1,"obtain_stats":[{"Lantern":12,"Golden Idol":10,"Tiny Chest":6,"Cracked Core":0,"Empty Cage":17,"White Beast Statue":21},{"Lantern":6,"Golden Idol":5,"Tiny Chest":4,"Cracked Core":0,"Empty Cage":9,"White Beast Statue":11},{"Lantern":29,"Golden Idol":23,"Tiny Chest":18,"Cracked Core":0,"Empty Cage":45,"White Beast Statue":55}]},"card_choices":[{"not_picked":["Redo","Turbo"],"picked":"Hologram","floor":1},{"not_picked":["Beam Cell","Cold Snap"],"picked":"Leap","floor":4},{"not_picked":["Go for the Eyes","Rebound"],"picked":"Sweeping Beam","floor":5},{"not_picked":["Genetic Algorithm","Steam Power"],"picked":"Coolheaded","floor":6},{"not_picked":["Redo","Steam"],"picked":"Streamline","floor":7},{"not_picked":["Steam","Go for the Eyes"],"picked":"Sunder","floor":12},{"not_picked":["Coolheaded","Hologram","Hyperbeam"],"picked":"SKIP","floor":13},{"not_picked":["Barrage","Turbo"],"picked":"Defragment","floor":14},{"not_picked":["Thunder Strike","Hyperbeam"],"picked":"Echo Form","floor":16},{"not_picked":["Turbo","Heatsinks"],"picked":"Melter+1","floor":18},{"not_picked":["Storm","Rip and Tear","Loop"],"picked":"SKIP","floor":19},{"not_picked":["Steam Power","Sweeping Beam"],"picked":"BootSequence","floor":22}],"player_experience":501135,"relics_obtained":[{"floor":6,"key":"Tiny Chest"},{"floor":12,"key":"Lantern"},{"floor":21,"key":"White Beast Statue"}],"event_choices":[{"damage_healed":0,"gold_gain":0,"player_choice":"Ignored","damage_taken":0,"max_hp_gain":0,"max_hp_loss":0,"event_name":"Shining Light","floor":2,"gold_loss":0},{"damage_healed":0,"gold_gain":75,"player_choice":"Touch","damage_taken":7,"max_hp_gain":0,"max_hp_loss":0,"event_name":"FaceTrader","floor":3,"gold_loss":0},{"damage_healed":0,"gold_gain":0,"player_choice":"Take Damage","damage_taken":18,"relics_obtained":["Golden Idol"],"max_hp_gain":0,"max_hp_loss":0,"event_name":"Golden Idol","floor":10,"gold_loss":0},{"cards_removed":["Strike_B"],"damage_healed":0,"gold_gain":0,"player_choice":"Gave Gold","damage_taken":0,"max_hp_gain":0,"max_hp_loss":0,"event_name":"Beggar","floor":20,"gold_loss":75}],"is_beta":false,"boss_relics":[{"not_picked":["Snecko Eye","Coffee Dripper"],"picked":"Empty Cage"}],"items_purged_floors":[],"is_endless":false,"potions_floor_spawned":[1,5,13,14,19,22],"killed_by":"Slavers","ascension_level":0}}