{"host":"jwrrfqk4fsz2wgjc","time":1613872398,"event":{"mods":["BaseMod","Colored Map","Minty Spire (QoL Compilation)","Relic Stats","StSLib"],"gold_per_floor":[11,11,24,49,72,103,103,136,214,214,214,227,245,285,285,404,404,418,442,442,357,77,116,131,131,131,131,151,151,169,213,213,337,337,361,375,137,137,137,175,175,194,220,220,220,220,553,553,553,553],"floor_reached":51,"language":"ENG","playtime":1579,"items_purged":["Writhe"],"score":847,"play_id":"343bb03b-b53c-45f5-959d-3d8b410a143b","local_time":"20210221045318","is_ascension_mode":true,"campfire_choices":[{"data":"A Thousand Cuts","floor":7,"key":"SMITH"},{"data":"Envenom","floor":11,"key":"SMITH"},{"data":"Terror","floor":15,"key":"SMITH"},{"data":"Doppelganger","floor":27,"key":"SMITH"},{"data":"Blade Dance","floor":29,"key":"SMITH"},{"floor":32,"key":"REST"},{"data":"Neutralize","floor":41,"key":"SMITH"},{"data":"Dagger Spray","floor":44,"key":"SMITH"},{"data":"Leg Sweep","floor":46,"key":"SMITH"},{"data":"Expertise","floor":49,"key":"SMITH"}],"circlet_count":0,"master_deck":["Defend_G","Defend_G","Defend_G","Defend_G","Defend_G","Neutralize+1","Envenom+1","A Thousand Cuts+1","Bane+1","Blade Dance+1","Leg Sweep+1","Bane+1","Dagger Spray+1","Terror+1","Doppelganger+1","Slice+1","Flying Knee+1","Phantasmal Killer+1","Sadistic Nature+1","Infinite Blades+1","Footwork+1","Sadistic Nature+1","Outmaneuver+1","Footwork+1","Envenom+1","Deflect+1","Expertise+1"],"relics":["Ring of the Snake","Ancient Tea Set","CaptainsWheel","Frozen Egg 2","Dream Catcher","Astrolabe","Thread and Needle","Strawberry","Gambling Chip","Juzu Bracelet","Bag of Marbles","Coffee Dripper","Paper Crane","Torii","PreservedInsect","Whetstone"],"acts_visited":["Exordium","TheCity","TheBeyond"],"potions_floor_usage":[6,10,18,23,24,30,50,50,50],"damage_taken":[{"damage":1,"enemies":"2 Louse","floor":1,"turns":3},{"damage":0,"enemies":"Small Slimes","floor":3,"turns":5},{"damage":0,"enemies":"Jaw Worm","floor":4,"turns":3},{"damage":0,"enemies":"Blue Slaver","floor":5,"turns":4},{"damage":25,"enemies":"3 Sentries","floor":6,"turns":9},{"damage":3,"enemies":"Gremlin Nob","floor":8,"turns":4},{"damage":0,"enemies":"Lots of Slimes","floor":10,"turns":2},{"damage":1,"enemies":"Large Slime","floor":12,"turns":3},{"damage":12,"enemies":"Exordium Thugs","floor":13,"turns":5},{"damage":0,"enemies":"Lagavulin","floor":14,"turns":4},{"damage":3,"enemies":"The Guardian","floor":16,"turns":9},{"damage":13,"enemies":"2 Thieves","floor":18,"turns":4},{"damage":5,"enemies":"Spheric Guardian","floor":19,"turns":4},{"damage":3,"enemies":"Book of Stabbing","floor":23,"turns":3},{"damage":0,"enemies":"3 Cultists","floor":24,"turns":4},{"damage":6,"enemies":"Sentry and Sphere","floor":28,"turns":4},{"damage":2,"enemies":"Snake Plant","floor":30,"turns":4},{"damage":18,"enemies":"Gremlin Leader","floor":31,"turns":3},{"damage":3,"enemies":"Champ","floor":33,"turns":5},{"damage":0,"enemies":"Orb Walker","floor":35,"turns":3},{"damage":0,"enemies":"3 Shapes","floor":36,"turns":2},{"damage":0,"enemies":"Nemesis","floor":40,"turns":3},{"damage":0,"enemies":"Transient","floor":42,"turns":5},{"damage":11,"enemies":"Donu and Deca","floor":50,"turns":5}],"seed_played":"7830249830906975743","potions_obtained":[{"floor":4,"key":"GamblersBrew"},{"floor":5,"key":"SmokeBomb"},{"floor":8,"key":"LiquidMemories"},{"floor":12,"key":"BlessingOfTheForge"},{"floor":13,"key":"Weak Potion"},{"floor":23,"key":"AttackPotion"},{"floor":28,"key":"SkillPotion"},{"floor":30,"key":"LiquidBronze"},{"floor":33,"key":"EssenceOfSteel"},{"floor":35,"key":"CultistPotion"},{"floor":42,"key":"PowerPotion"}],"is_trial":false,"path_per_floor":["M","?","M","M","M","E","R","E","T","M","R","M","M","E","R","B",null,"M","M","?","?","$","E","M","?","T","R","M","R","M","E","R","B",null,"M","M","$","T","?","E","R","M","T","R","?","R","?","?","R","B",null],"character_chosen":"THE_SILENT","items_purchased":["Sadistic Nature+1","Infinite Blades+1","Paper Crane"],"campfire_rested":1,"item_purchase_floors":[22,22,37],"current_hp_per_floor":[69,65,65,65,65,40,40,37,37,37,37,36,24,24,24,21,65,52,47,47,54,54,51,51,51,51,51,45,45,43,25,46,43,72,72,72,72,72,72,72,72,72,72,72,68,68,68,68,68,57],"gold":553,"neow_bonus":"TRANSFORM_TWO_CARDS","is_daily":false,"chose_seed":false,"campfire_upgraded":9,"win_rate":0.0,"timestamp":1613872398,"path_taken":["M","?","M","M","M","E","R","E","T","M","R","M","M","E","R","BOSS","M","M","?","?","$","E","M","?","T","R","M","R","M","E","R","BOSS","M","M","$","?","?","E","R","M","T","R","?","R","?","?","R","BOSS"],"items_purchased_type":["Card","Card","Relic"],"build_version":"2020-12-22","purchased_purges":1,"victory":true,"max_hp_per_floor":[70,65,65,65,65,65,65,65,65,65,65,65,65,65,65,65,65,65,65,65,72,72,72,72,72,72,72,72,72,72,72,72,72,72,72,72,72,72,72,72,72,72,72,72,68,68,68,68,68,68],"relic_stats":{"Dream Catcher":1,"Torii":1,"counters":[24,100],"Astrolabe":["Slice","Flying Knee","Phantasmal Killer"],"Gambling Chip":[21],"PreservedInsect":0,"Juzu Bracelet":1,"Whetstone":["Bane","Bane"],"obtain_stats":[{"Torii":38,"Golden Idol":2,"Astrolabe":17,"Thread and Needle":20,"PreservedInsect":40,"Juzu Bracelet":26,"Whetstone":43,"Frozen Egg 2":9,"Paper Crane":37,"Ancient Tea Set":6,"CaptainsWheel":8,"Dream Catcher":14,"Strawberry":21,"Gambling Chip":23,"Bag of Marbles":31,"Coffee Dripper":34,"Ring of the Snake":0},{"Torii":21,"Golden Idol":1,"Astrolabe":11,"Thread and Needle":13,"PreservedInsect":22,"Juzu Bracelet":15,"Whetstone":23,"Frozen Egg 2":6,"Paper Crane":21,"Ancient Tea Set":5,"CaptainsWheel":6,"Dream Catcher":10,"Strawberry":13,"Gambling Chip":14,"Bag of Marbles":18,"Coffee Dripper":19,"Ring of the Snake":0},{"Torii":87,"Golden Idol":3,"Astrolabe":51,"Thread and Needle":59,"PreservedInsect":90,"Juzu Bracelet":66,"Whetstone":95,"Frozen Egg 2":28,"Paper Crane":87,"Ancient Tea Set":24,"CaptainsWheel":28,"Dream Catcher":42,"Strawberry":59,"Gambling Chip":62,"Bag of Marbles":77,"Coffee Dripper":82,"Ring of the Snake":0}],"Ring of the Snake":[48]},"card_choices":[{"not_picked":["Heel Hook","Flechettes"],"picked":"Bane","floor":1},{"not_picked":["PiercingWail","Predator"],"picked":"Blade Dance","floor":3},{"not_picked":["Acrobatics","Bouncing Flask"],"picked":"Leg Sweep","floor":4},{"not_picked":["Dash","Tactician"],"picked":"Bane","floor":5},{"not_picked":["Escape Plan","Deflect"],"picked":"Dagger Spray","floor":6},{"not_picked":["Caltrops","Blade Dance","Tools of the Trade"],"picked":"SKIP","floor":8},{"not_picked":["Outmaneuver","Finisher","Dodge and Roll"],"picked":"SKIP","floor":12},{"not_picked":["Bane","Distraction"],"picked":"Terror","floor":13},{"not_picked":["Bane","Prepared","Poisoned Stab"],"picked":"SKIP","floor":14},{"not_picked":["Bullet Time","Malaise"],"picked":"Doppelganger","floor":16},{"not_picked":["Bouncing Flask","Tactician","Blade Dance"],"picked":"SKIP","floor":18},{"not_picked":["Deflect","Flechettes","Distraction"],"picked":"SKIP","floor":19},{"not_picked":["Flechettes","Dagger Throw+1"],"picked":"Footwork+1","floor":23},{"not_picked":["Choke+1","Prepared","Terror"],"picked":"SKIP","floor":24},{"not_picked":["Deflect","Dodge and Roll"],"picked":"Outmaneuver+1","floor":28},{"not_picked":["Well Laid Plans+1","Expertise"],"picked":"Footwork+1","floor":30},{"not_picked":["Dodge and Roll","Outmaneuver"],"picked":"All Out Attack","floor":31},{"not_picked":["Glass Knife","Malaise"],"picked":"Envenom+1","floor":33},{"not_picked":["Dagger Throw+1","Prepared"],"picked":"Deflect+1","floor":35},{"not_picked":["PiercingWail","Sucker Punch","Poisoned Stab"],"picked":"SKIP","floor":36},{"not_picked":["Tools of the Trade+1","Poisoned Stab+1","Sucker Punch+1"],"picked":"SKIP","floor":40},{"not_picked":["Dagger Throw+1","Poisoned Stab+1","Heel Hook+1"],"picked":"SKIP","floor":42}],"player_experience":4379,"relics_obtained":[{"floor":6,"key":"Ancient Tea Set"},{"floor":8,"key":"CaptainsWheel"},{"floor":9,"key":"Frozen Egg 2"},{"floor":14,"key":"Dream Catcher"},{"floor":23,"key":"Gambling Chip"},{"floor":26,"key":"Juzu Bracelet"},{"floor":31,"key":"Bag of Marbles"},{"floor":38,"key":"Torii"},{"floor":40,"key":"PreservedInsect"},{"floor":43,"key":"Whetstone"}],"event_choices":[{"damage_healed":0,"gold_gain":0,"player_choice":"Lose Max HP","damage_taken":0,"relics_obtained":["Golden Idol"],"max_hp_gain":0,"max_hp_loss":5,"event_name":"Golden Idol","floor":2,"gold_loss":0},{"damage_healed":0,"gold_gain":0,"player_choice":"Opened","damage_taken":0,"relics_obtained":["Thread and Needle"],"max_hp_gain":0,"max_hp_loss":0,"event_name":"The Mausoleum","floor":20,"gold_loss":0,"cards_obtained":["Writhe"]},{"damage_healed":0,"gold_gain":0,"player_choice":"Obtained Relic","damage_taken":0,"relics_obtained":["Strawberry"],"max_hp_gain":0,"max_hp_loss":0,"event_name":"Addict","floor":21,"gold_loss":85},{"damage_healed":0,"gold_gain":0,"player_choice":"Copied","damage_taken":0,"max_hp_gain":0,"max_hp_loss":0,"event_name":"Duplicator","floor":25,"gold_loss":0,"cards_obtained":["Sadistic Nature"]},{"cards_removed":["All Out Attack"],"damage_healed":0,"gold_gain":0,"player_choice":"Removed Attack","damage_taken":0,"max_hp_gain":0,"max_hp_loss":0,"event_name":"Falling","floor":39,"gold_loss":0},{"damage_healed":0,"gold_gain":0,"player_choice":"Max HP","damage_taken":0,"max_hp_gain":0,"max_hp_loss":4,"event_name":"Winding Halls","floor":45,"gold_loss":0},{"damage_healed":0,"gold_gain":333,"player_choice":"Gave Idol","damage_taken":0,"max_hp_gain":0,"max_hp_loss":0,"event_name":"The Moai Head","floor":47,"relics_lost":["Golden Idol"],"gold_loss":0},{"damage_healed":0,"gold_gain":0,"cards_transformed":["Survivor"],"player_choice":"Transformed","damage_taken":0,"max_hp_gain":0,"max_hp_loss":0,"event_name":"Transmorgrifier","floor":48,"gold_loss":0,"cards_obtained":["Expertise"]}],"is_beta":false,"boss_relics":[{"not_picked":["Runic Pyramid","Empty Cage"],"picked":"Astrolabe"},{"not_picked":["Velvet Choker","HoveringKite"],"picked":"Coffee Dripper"}],"items_purged_floors":[22],"is_endless":false,"potions_floor_spawned":[4,5,8,10,12,13,23,28,30,33,35,42],"ascension_level":1}}