{"host":"a3wpq7kyokchzawk","time":1613934873,"event":{"mods":["BaseMod","Colored Map","Highlight Path","Minty Spire (QoL Compilation)","Permanent Neow","Potion Indicator Mod","Relic Stats","Weighted Paths"],"gold_per_floor":[363,182,194,212,212,245,170,198,198,232,245,256,281,281,281,359,359,376,390,390,118,135,135,160,176,200,219,32,64,64,89,89,164,164,181,181,181],"floor_reached":36,"language":"ENG","playtime":7885,"items_purged":["Clumsy","Strike_R"],"score":904,"play_id":"8e3a9d48-1cf1-41ec-a43a-ad2ce857c7f3","local_time":"20210221161433","is_ascension_mode":true,"campfire_choices":[{"floor":15.0,"key":"REST"},{"floor":23.0,"key":"REST"},{"floor":30.0,"key":"REST"},{"floor":32.0,"key":"REST"}],"circlet_count":0,"master_deck":["AscendersBane","Strike_R","Defend_R","Defend_R","Defend_R","Defend_R","Bash","Rampage","Fire Breathing","Cleave","Battle Trance","Reckless Charge","Flex","Whirlwind","Bludgeon","Shockwave","Flex","Sword Boomerang","Offering","Disarm","PanicButton","Armaments+1","Flex","Exhume"],"relics":["Burning Blood","MealTicket","Bag of Marbles","Lantern","Red Skull","Runic Pyramid","Happy Flower","InkBottle","Nunchaku","Dead Branch","Matryoshka","Snecko Eye"],"acts_visited":["Exordium","TheCity","TheBeyond"],"potions_floor_usage":[36],"damage_taken":[{"damage":7.0,"enemies":"2 Louse","floor":1.0,"turns":3.0},{"damage":12.0,"enemies":"Jaw Worm","floor":3.0,"turns":3.0},{"damage":6.0,"enemies":"Cultist","floor":4.0,"turns":3.0},{"damage":35.0,"enemies":"Lagavulin","floor":6.0,"turns":6.0},{"damage":20.0,"enemies":"3 Sentries","floor":8.0,"turns":4.0},{"damage":25.0,"enemies":"Lagavulin","floor":10.0,"turns":6.0},{"damage":6.0,"enemies":"Blue Slaver","floor":11.0,"turns":5.0},{"damage":15.0,"enemies":"Large Slime","floor":12.0,"turns":4.0},{"damage":44.0,"enemies":"Gremlin Nob","floor":13.0,"turns":4.0},{"damage":43.0,"enemies":"The Guardian","floor":16.0,"turns":10.0},{"damage":18.0,"enemies":"2 Thieves","floor":18.0,"turns":4.0},{"damage":28.0,"enemies":"Shell Parasite","floor":19.0,"turns":4.0},{"damage":35.0,"enemies":"Sentry and Sphere","floor":22.0,"turns":5.0},{"damage":23.0,"enemies":"Book of Stabbing","floor":24.0,"turns":4.0},{"damage":16.0,"enemies":"Shelled Parasite and Fungi","floor":25.0,"turns":2.0},{"damage":0.0,"enemies":"Centurion and Healer","floor":27.0,"turns":2.0},{"damage":24.0,"enemies":"Gremlin Leader","floor":29.0,"turns":4.0},{"damage":21.0,"enemies":"Slavers","floor":31.0,"turns":4.0},{"damage":31.0,"enemies":"Collector","floor":33.0,"turns":7.0},{"damage":13.0,"enemies":"Orb Walker","floor":35.0,"turns":3.0},{"damage":78,"enemies":"3 Darklings","floor":36,"turns":7}],"seed_played":"-825888311465278290","potions_obtained":[{"floor":3.0,"key":"BloodPotion"},{"floor":6.0,"key":"BloodPotion"},{"floor":8.0,"key":"Swift Potion"},{"floor":13.0,"key":"BlessingOfTheForge"},{"floor":16.0,"key":"BlessingOfTheForge"},{"floor":18.0,"key":"Weak Potion"},{"floor":27.0,"key":"LiquidBronze"},{"floor":31.0,"key":"ColorlessPotion"},{"floor":35.0,"key":"Regen Potion"}],"is_trial":false,"path_per_floor":["M","$","M","M","?","E","?","E","T","E","M","M","E","?","R","B",null,"M","M","?","$","M","R","E","M","T","M","$","E","R","E","R","B",null,"M","M"],"character_chosen":"IRONCLAD","items_purchased":["FairyPotion","Happy Flower","Disarm","PanicButton"],"campfire_rested":4,"item_purchase_floors":[2,21,28,28],"current_hp_per_floor":[67,67,61,61,54,55,55,41,41,22,22,13,28,28,50,13,60,48,26,41,56,27,49,32,22,22,28,43,25,47,32,54,29,64,57,0,0],"gold":181,"neow_bonus":"TWO_FIFTY_GOLD","is_daily":false,"chose_seed":false,"campfire_upgraded":0,"win_rate":0.0,"timestamp":1613934873,"path_taken":["M","$","M","M","?","E","?","E","T","E","M","M","E","?","R","BOSS","M","M","?","$","M","R","E","M","T","M","$","E","R","E","R","BOSS","M","M"],"items_purchased_type":["Potion","Relic","Card","Card"],"build_version":"2020-12-22","purchased_purges":2,"victory":false,"max_hp_per_floor":[75,75,75,75,75,75,75,75,75,75,75,75,75,75,75,75,75,75,75,75,75,75,75,75,75,75,75,75,75,75,75,75,75,75,75,75,75],"relic_stats":{"Nunchaku":[4],"Happy Flower":[12],"counters":[21,94],"Dead Branch":[43],"Snecko Eye":[10,9,9,10],"MealTicket":30,"obtain_stats":[{"Lantern":10,"Nunchaku":26,"Matryoshka":31,"Happy Flower":21,"Dead Branch":29,"Snecko Eye":34,"MealTicket":6,"Bag of Marbles":9,"Burning Blood":0,"Red Skull":13,"InkBottle":24,"Runic Pyramid":17},{"Lantern":6,"Nunchaku":15,"Matryoshka":18,"Happy Flower":12,"Dead Branch":17,"Snecko Eye":19,"MealTicket":4,"Bag of Marbles":5,"Burning Blood":0,"Red Skull":9,"InkBottle":14,"Runic Pyramid":10},{"Lantern":25,"Nunchaku":67,"Matryoshka":77,"Happy Flower":56,"Dead Branch":73,"Snecko Eye":84,"MealTicket":15,"Bag of Marbles":19,"Burning Blood":0,"Red Skull":38,"InkBottle":65,"Runic Pyramid":48}],"Burning Blood":120,"InkBottle":[8]},"card_choices":[{"not_picked":["Perfected Strike","Shockwave"],"picked":"Rampage","floor":1.0},{"not_picked":["Dark Embrace","Burning Pact"],"picked":"Fire Breathing","floor":3.0},{"not_picked":["Wild Strike","Twin Strike"],"picked":"Cleave","floor":4.0},{"not_picked":["Flex","True Grit"],"picked":"Battle Trance","floor":6.0},{"not_picked":["Rampage","Intimidate"],"picked":"Reckless Charge","floor":8.0},{"not_picked":["Exhume","Searing Blow","Warcry"],"picked":"SKIP","floor":10.0},{"not_picked":["Warcry","Iron Wave"],"picked":"Flex","floor":11.0},{"not_picked":["Blood for Blood","Thunderclap","Cleave"],"picked":"SKIP","floor":12.0},{"not_picked":["Heavy Blade","Burning Pact","Perfected Strike"],"picked":"SKIP","floor":13.0},{"not_picked":["Immolate","Berserk"],"picked":"Bludgeon","floor":16.0},{"not_picked":["Anger","Clash"],"picked":"Shockwave","floor":18.0},{"not_picked":["Reckless Charge","Havoc"],"picked":"Flex","floor":19.0},{"not_picked":["Twin Strike","Cleave"],"picked":"Sword Boomerang","floor":22.0},{"not_picked":["Burning Pact","Shockwave"],"picked":"Offering","floor":24.0},{"not_picked":["Twin Strike","Burning Pact","Thunderclap"],"picked":"SKIP","floor":25.0},{"not_picked":["Rampage","Combust","Twin Strike"],"picked":"SKIP","floor":27.0},{"not_picked":["Inflame","Bloodletting"],"picked":"Armaments+1","floor":29.0},{"not_picked":["Clash","Armaments"],"picked":"Flex","floor":31.0},{"not_picked":["Offering","Immolate"],"picked":"Exhume","floor":33.0},{"not_picked":["True Grit","Spot Weakness+1","Thunderclap"],"picked":"SKIP","floor":35.0}],"player_experience":2828215,"relics_obtained":[{"floor":6.0,"key":"MealTicket"},{"floor":9.0,"key":"Bag of Marbles"},{"floor":10.0,"key":"Lantern"},{"floor":13.0,"key":"Red Skull"},{"floor":24.0,"key":"InkBottle"},{"floor":26.0,"key":"Nunchaku"},{"floor":29.0,"key":"Dead Branch"},{"floor":31.0,"key":"Matryoshka"}],"event_choices":[{"cards_removed":["Strike_R"],"damage_healed":0.0,"max_hp_gain":0.0,"max_hp_loss":0.0,"gold_gain":0.0,"event_name":"Golden Wing","player_choice":"Card Removal","floor":5.0,"gold_loss":0.0,"damage_taken":7.0},{"cards_removed":["Strike_R"],"damage_healed":0.0,"max_hp_gain":0.0,"max_hp_loss":0.0,"gold_gain":0.0,"event_name":"The Cleric","player_choice":"Card Removal","floor":7.0,"gold_loss":75.0,"damage_taken":0.0},{"damage_healed":0.0,"max_hp_gain":0.0,"max_hp_loss":0.0,"gold_gain":0.0,"cards_transformed":["Strike_R"],"event_name":"Living Wall","player_choice":"Change","floor":14.0,"gold_loss":0.0,"damage_taken":0.0,"cards_obtained":["Whirlwind"]},{"damage_healed":15.0,"max_hp_gain":0.0,"max_hp_loss":0.0,"gold_gain":0.0,"event_name":"The Library","player_choice":"Heal","floor":20.0,"gold_loss":0.0,"damage_taken":0.0}],"is_beta":false,"boss_relics":[{"not_picked":["Coffee Dripper","Tiny House"],"picked":"Runic Pyramid"},{"not_picked":["Calling Bell","Empty Cage"],"picked":"Snecko Eye"}],"items_purged_floors":[2,21],"is_endless":false,"potions_floor_spawned":[3,6,8,13,16,18,22,27,31,35],"killed_by":"3 Darklings","ascension_level":20}}