{"host":"w4b7hmige5bnqipq","time":1613937495,"event":{"mods":["2.2 Compatiblity","BaseMod","Colored Map","DeckTracker","Keyboard Shortcuts","Minty Spire (QoL Compilation)","Permanent Neow","Rare Cards Sparkle","SuperFastMode","everything is the same but u backflip on backflip","slay the spire mod where everything is the same but ironclad has a cowboy hat"],"gold_per_floor":[118,118,129,142,156,186,186,221,221,221,68,97,97,108,108,180,230,246,261,280,67,67,67],"floor_reached":22,"language":"KOR","playtime":748,"items_purged":["Strike_B"],"score":402,"play_id":"06cb39cf-63d2-4e7b-b3db-7f4ac22e7995","local_time":"20210222045815","is_ascension_mode":true,"campfire_choices":[{"floor":10,"key":"REST"},{"data":"Consume","floor":13,"key":"SMITH"},{"data":"Coolheaded","floor":15,"key":"SMITH"}],"circlet_count":0,"master_deck":["AscendersBane","Strike_B","Strike_B","Defend_B","Defend_B","Defend_B+1","Defend_B","Zap","Dualcast","FTL","Conserve Battery","Go for the Eyes","Ball Lightning","Compile Driver","Consume+1","Cold Snap","Self Repair","FTL","Coolheaded+1","Amplify","Streamline","Fusion+1","White Noise","Apotheosis"],"relics":["SlaversCollar","Girya","Ornamental Fan","Emotion Chip","FossilizedHelix","Darkstone Periapt","Tiny House"],"acts_visited":["Exordium","TheCity"],"potions_floor_usage":[6,6,6,16,18,19,20],"damage_taken":[{"damage":8,"enemies":"2 Louse","floor":1,"turns":3},{"damage":0,"enemies":"Cultist","floor":3,"turns":4},{"damage":4,"enemies":"Jaw Worm","floor":4,"turns":4},{"damage":15,"enemies":"Large Slime","floor":5,"turns":6},{"damage":5,"enemies":"3 Sentries","floor":6,"turns":5},{"damage":44,"enemies":"Gremlin Nob","floor":8,"turns":5},{"damage":7,"enemies":"3 Sentries","floor":12,"turns":9},{"damage":6,"enemies":"Looter","floor":14,"turns":4},{"damage":1,"enemies":"Slime Boss","floor":16,"turns":9},{"damage":1,"enemies":"Shell Parasite","floor":18,"turns":5},{"damage":26,"enemies":"2 Thieves","floor":19,"turns":5},{"damage":25,"enemies":"Sentry and Sphere","floor":20,"turns":6},{"damage":41,"enemies":"Cultist and Chosen","floor":22,"turns":3}],"seed_played":"-2973046660942805502","potions_obtained":[{"floor":1,"key":"Block Potion"},{"floor":4,"key":"EssenceOfDarkness"},{"floor":5,"key":"EntropicBrew"},{"floor":14,"key":"Fruit Juice"},{"floor":16,"key":"DistilledChaos"},{"floor":17,"key":"Swift Potion"},{"floor":18,"key":"FocusPotion"}],"is_trial":false,"path_per_floor":["M","?","M","M","M","E","?","E","T","R","$","E","R","M","R","B",null,"M","M","M","$","M"],"character_chosen":"DEFECT","items_purchased":["Self Repair","Apotheosis"],"campfire_rested":1,"item_purchase_floors":[11,21],"current_hp_per_floor":[56,56,56,52,37,46,46,2,2,23,23,23,23,24,24,35,71,70,51,33,33,0,0],"gold":67,"neow_bonus":"BOSS_RELIC","is_daily":false,"chose_seed":false,"campfire_upgraded":2,"win_rate":0.0,"timestamp":1613937495,"path_taken":["M","?","M","M","M","E","?","E","T","R","$","E","R","M","R","BOSS","M","M","M","?","?"],"items_purchased_type":["Card","Card"],"build_version":"2020-12-22","purchased_purges":1,"victory":false,"max_hp_per_floor":[71,71,71,71,71,71,71,71,71,71,71,71,71,71,71,76,81,81,81,81,81,81,81],"card_choices":[{"not_picked":["Conserve Battery","Cold Snap"],"picked":"FTL","floor":1},{"not_picked":["Leap","Coolheaded"],"picked":"Go for the Eyes","floor":3},{"not_picked":["Steam","Hologram"],"picked":"Ball Lightning","floor":4},{"not_picked":["Gash","Double Energy"],"picked":"Compile Driver","floor":5},{"not_picked":["Fission","Turbo"],"picked":"Consume","floor":6},{"not_picked":["Redo","Steam"],"picked":"Cold Snap","floor":8},{"not_picked":["Gash","Auto Shields"],"picked":"FTL","floor":12},{"not_picked":["Hello World","Stack"],"picked":"Coolheaded","floor":14},{"not_picked":["Machine Learning","Thunder Strike"],"picked":"Amplify","floor":16},{"not_picked":["Force Field","Go for the Eyes"],"picked":"Streamline","floor":17},{"not_picked":["Auto Shields","Chill"],"picked":"Fusion+1","floor":18},{"not_picked":["Coolheaded","Heatsinks","Reprogram"],"picked":"SKIP","floor":19},{"not_picked":["Beam Cell","FTL"],"picked":"White Noise","floor":20}],"player_experience":792948,"relics_obtained":[{"floor":6,"key":"Girya"},{"floor":8,"key":"Emotion Chip"},{"floor":9,"key":"FossilizedHelix"},{"floor":12,"key":"Darkstone Periapt"}],"event_choices":[{"damage_healed":0,"gold_gain":0,"cards_transformed":["Strike_B"],"player_choice":"Change","damage_taken":0,"max_hp_gain":0,"max_hp_loss":0,"event_name":"Living Wall","floor":2,"gold_loss":0,"cards_obtained":["Conserve Battery"]},{"damage_healed":0,"gold_gain":0,"player_choice":"Gave Potion","damage_taken":0,"relics_obtained":["Ornamental Fan"],"max_hp_gain":0,"max_hp_loss":0,"event_name":"WeMeetAgain","floor":7,"gold_loss":0}],"is_beta":false,"boss_relics":[{"not_picked":["Nuclear Battery","SacredBark"],"picked":"Tiny House"}],"items_purged_floors":[11],"is_endless":false,"potions_floor_spawned":[1,4,5,14,16,18],"killed_by":"Cultist and Chosen","ascension_level":19}}