{"host":"sccdx89hs6cnwb1o","time":1613869276,"event":{"mods":["AchievementEnabler","BaseMod","Block Reminder","Colored Powertips","Highlight Path","Minty Spire (QoL Compilation)","Rare Cards Sparkle"],"gold_per_floor":[112,112,122,134,152,152,77,77,103,3,3,3,3,15,15,110,110,126,126,51,44,44,44,58,58,58,74,86,86,105,122,122,221,221,221,221],"floor_reached":35,"language":"DEU","playtime":3089,"items_purged":["Strike_G","Defend_G"],"score":349,"play_id":"b77b0ba8-a9a8-4ca9-b32d-4fbed18483d4","local_time":"20210221020116","is_ascension_mode":false,"campfire_choices":[{"floor":6,"key":"REST"},{"data":"Deadly Poison","floor":8,"key":"SMITH"},{"data":"Survivor","floor":13,"key":"SMITH"},{"data":"Flying Knee","floor":15,"key":"SMITH"},{"data":"Neutralize","floor":23,"key":"SMITH"},{"data":"Adrenaline","floor":25,"key":"SMITH"},{"floor":32,"key":"REST"}],"circlet_count":0,"master_deck":["Defend_G","Defend_G","Survivor+1","Neutralize+1","Flying Knee+1","Deadly Poison+1","Adrenaline+1","Prepared+1","Wraith Form v2"],"relics":["Ring of the Snake","NlothsMask","Empty Cage","MutagenicStrength","Matryoshka","Philosopher\u0027s Stone"],"acts_visited":["Exordium","TheCity","TheBeyond"],"potions_floor_usage":[16,33,35,35],"damage_taken":[{"damage":0,"enemies":"Jaw Worm","floor":1,"turns":4},{"damage":0,"enemies":"Cultist","floor":3,"turns":4},{"damage":5,"enemies":"Small Slimes","floor":4,"turns":4},{"damage":0,"enemies":"2 Fungi Beasts","floor":5,"turns":3},{"damage":1,"enemies":"3 Louse","floor":14,"turns":4},{"damage":27,"enemies":"The Guardian","floor":16,"turns":10},{"damage":0,"enemies":"Chosen","floor":18,"turns":3},{"damage":1,"enemies":"2 Thieves","floor":21,"turns":4},{"damage":0,"enemies":"Snecko","floor":24,"turns":3},{"damage":1,"enemies":"Centurion and Healer","floor":27,"turns":7},{"damage":1,"enemies":"Snake Plant","floor":28,"turns":3},{"damage":4,"enemies":"Shelled Parasite and Fungi","floor":30,"turns":4},{"damage":1,"enemies":"Snecko","floor":31,"turns":4},{"damage":28,"enemies":"Automaton","floor":33,"turns":11},{"damage":80,"enemies":"3 Darklings","floor":35,"turns":13}],"seed_played":"1572060848688401192","potions_obtained":[{"floor":1,"key":"SneckoOil"},{"floor":4,"key":"Dexterity Potion"},{"floor":14,"key":"Swift Potion"},{"floor":21,"key":"Block Potion"}],"is_trial":false,"path_per_floor":["M","?","M","M","M","R","$","R","T","$","?","$","R","M","R","B",null,"M","?","?","M","?","R","M","R","T","M","M","$","M","M","R","B",null,"M"],"character_chosen":"THE_SILENT","items_purchased":[],"campfire_rested":2,"item_purchase_floors":[],"current_hp_per_floor":[49,49,49,44,44,65,65,65,65,65,65,65,65,64,64,37,70,70,57,57,56,56,56,56,56,56,55,54,54,50,49,71,43,75,0,0],"gold":221,"neow_bonus":"REMOVE_TWO","is_daily":false,"chose_seed":false,"campfire_upgraded":5,"win_rate":0.0,"timestamp":1613869276,"path_taken":["M","?","?","M","M","R","$","R","T","$","?","?","R","M","R","BOSS","M","?","?","M","?","R","M","R","T","M","M","$","M","M","R","BOSS","M"],"items_purchased_type":[],"build_version":"2020-12-22","purchased_purges":2,"victory":false,"max_hp_per_floor":[70,70,70,70,70,70,70,70,70,70,70,70,70,70,70,70,70,70,75,75,75,75,75,75,75,75,75,75,75,75,75,75,75,75,75,75],"card_choices":[{"not_picked":["Well Laid Plans","Outmaneuver"],"picked":"Flying Knee","floor":1},{"not_picked":["Prepared","Flying Knee","Slice"],"picked":"SKIP","floor":3},{"not_picked":["Acrobatics","Choke"],"picked":"Deadly Poison","floor":4},{"not_picked":["Distraction","Unload","Dash"],"picked":"SKIP","floor":5},{"not_picked":["Bane","Backstab","Sucker Punch"],"picked":"SKIP","floor":14},{"not_picked":["Envenom","Corpse Explosion"],"picked":"Adrenaline","floor":16},{"not_picked":["Calculated Gamble","Blur","Underhanded Strike"],"picked":"SKIP","floor":18},{"not_picked":["Tactician","Blur"],"picked":"Prepared+1","floor":21},{"not_picked":["Leg Sweep","Distraction","Endless Agony"],"picked":"SKIP","floor":24},{"not_picked":["Sucker Punch","Deflect","Blur"],"picked":"SKIP","floor":27},{"not_picked":["Blade Dance","Accuracy","Reflex"],"picked":"SKIP","floor":28},{"not_picked":["Poisoned Stab","Leg Sweep+1","Accuracy"],"picked":"SKIP","floor":30},{"not_picked":["Masterful Stab","PiercingWail+1","Reflex"],"picked":"SKIP","floor":31},{"not_picked":["Storm of Steel","Die Die Die"],"picked":"Wraith Form v2","floor":33}],"player_experience":90328,"relics_obtained":[{"floor":26,"key":"Matryoshka"}],"event_choices":[{"damage_healed":0,"gold_gain":0,"player_choice":"Trade","damage_taken":0,"relics_obtained":["NlothsMask"],"max_hp_gain":0,"max_hp_loss":0,"event_name":"FaceTrader","floor":2,"gold_loss":0},{"cards_removed":["Defend_G"],"damage_healed":0,"gold_gain":0,"player_choice":"Purged","damage_taken":0,"max_hp_gain":0,"max_hp_loss":0,"event_name":"Purifier","floor":11,"gold_loss":0},{"damage_healed":0,"gold_gain":0,"player_choice":"Shed Blood","damage_taken":18,"max_hp_gain":5,"max_hp_loss":0,"event_name":"Forgotten Altar","floor":19,"gold_loss":0},{"cards_removed":["Strike_G"],"damage_healed":0,"gold_gain":0,"player_choice":"Gave Gold","damage_taken":0,"max_hp_gain":0,"max_hp_loss":0,"event_name":"Beggar","floor":20,"gold_loss":75},{"damage_healed":0,"gold_gain":0,"player_choice":"Inject Mutagens","damage_taken":0,"relics_obtained":["MutagenicStrength"],"max_hp_gain":0,"max_hp_loss":0,"event_name":"Drug Dealer","floor":22,"gold_loss":0}],"is_beta":false,"boss_relics":[{"not_picked":["Ring of the Serpent","Tiny House"],"picked":"Empty Cage"},{"not_picked":["Black Star","Snecko Eye"],"picked":"Philosopher\u0027s Stone"}],"items_purged_floors":[7,10],"is_endless":false,"potions_floor_spawned":[1,4,14,21,27,28,30,31],"killed_by":"3 Darklings","ascension_level":0}}