{"host":"yq854828l1wg20je","time":1613884619,"event":{"mods":["AchievementEnabler","BaseMod","Colored Powertips","Downfall","Hubris","Minty Spire (QoL Compilation)","Quick Restart","READ ME - Snecko Mod","Replay The Spire","StSLib","The Construct","The Cursed","The Disciple","The Senshi","The Servant 0.9.4"],"gold_per_floor":[117,130,146,37,51,79,92,117,117,117,137,137,154,154,154,154,154],"floor_reached":16,"language":"ENG","playtime":1464,"items_purged":[],"score":114,"play_id":"6237978d-48f7-4fcd-9428-efb889d26ad9","local_time":"20210221001659","is_ascension_mode":false,"campfire_choices":[{"floor":10,"key":"REST"},{"floor":15,"key":"REST"}],"circlet_count":0,"master_deck":["Strike_S","Strike_S","Strike_S","Strike_S","Defend_S","Defend_S","Defend_S","Defend_S","KidneyShot","Exchange","Potential","Ricochet","Alleviate","ShatteredReality","PendulumOfEternity","PendulumOfEternity","SilverBlades","Ricochet","Potential","GearUp","Rearm","Spreading Infection"],"relics":["Uniform","Pet Ghost","hubris:SlimyHat","hubris:DisguiseKit","hubris:SphereOfDissonance","Ring of Hypnosis","Ring of Fangs"],"acts_visited":["Exordium"],"potions_floor_usage":[16],"damage_taken":[{"damage":1.0,"enemies":"Cultist","floor":1.0,"turns":3.0},{"damage":3.0,"enemies":"Jaw Worm","floor":2.0,"turns":3.0},{"damage":0.0,"enemies":"2 Louse","floor":3.0,"turns":2.0},{"damage":6.0,"enemies":"Large Slime","floor":5.0,"turns":7.0},{"damage":23.0,"enemies":"3 Sentries","floor":6.0,"turns":7.0},{"damage":4,"enemies":"2 Fungi Beasts","floor":7,"turns":3},{"damage":11,"enemies":"Lagavulin","floor":8,"turns":8},{"damage":0,"enemies":"Exordium Wildlife","floor":11,"turns":2},{"damage":0,"enemies":"3 Louse","floor":13,"turns":1},{"damage":37,"enemies":"Slime Boss","floor":16,"turns":12}],"seed_played":"5590890331210403128","potions_obtained":[{"floor":3.0,"key":"SpeedPotion"},{"floor":6.0,"key":"Strength Potion"},{"floor":13,"key":"Doom Potion"}],"is_trial":false,"path_per_floor":["M","M","M","$","M","E","M","E","T","R","M","?","M","?","R","B"],"character_chosen":"THE_SERVANT","items_purchased":["PendulumOfEternity"],"campfire_rested":2,"item_purchase_floors":[4],"current_hp_per_floor":[64,61,61,61,55,32,28,17,17,36,36,18,18,18,37,0,0],"gold":154,"neow_bonus":"THREE_CARDS","is_daily":false,"chose_seed":false,"campfire_upgraded":0,"win_rate":0.0,"timestamp":1613884619,"path_taken":["M","?","M","$","M","E","M","E","T","R","M","?","M","?","R","BOSS"],"items_purchased_type":["Card"],"build_version":"2020-12-22","purchased_purges":0,"victory":false,"max_hp_per_floor":[65,65,65,65,65,65,65,65,65,65,65,65,65,65,65,65,65],"card_choices":[{"not_picked":["FastForward","BestPractice"],"picked":"Potential","floor":0.0},{"not_picked":["Defy","FanOfKnives"],"picked":"Ricochet","floor":1.0},{"not_picked":["BottledTime","Starlight"],"picked":"Alleviate","floor":2.0},{"not_picked":["Starlight","Revamp"],"picked":"ShatteredReality","floor":3.0},{"not_picked":["TimeWarp","Ricochet"],"picked":"SilverBlades","floor":5.0},{"not_picked":["FastForward","Unruled","Potential"],"picked":"SKIP","floor":6.0},{"not_picked":["Rearm","Dilation"],"picked":"Ricochet","floor":7},{"not_picked":["SilverBlades","DoubleEdge"],"picked":"Potential","floor":8},{"not_picked":["MoonPhase","Replace","hexamod:PhantomCloak"],"picked":"GearUp","floor":11},{"not_picked":["BottledTime","Revamp","hexamod:SwordOfDarkness"],"picked":"Rearm","floor":13}],"player_experience":38540,"relics_obtained":[{"floor":6.0,"key":"Pet Ghost"},{"floor":8,"key":"hubris:SlimyHat"},{"floor":9,"key":"hubris:DisguiseKit"},{"floor":14,"key":"Ring of Hypnosis"},{"floor":14,"key":"Ring of Fangs"}],"event_choices":[{"damage_healed":0,"gold_gain":0,"player_choice":"Success","damage_taken":18,"relics_obtained":["hubris:SphereOfDissonance"],"max_hp_gain":0,"max_hp_loss":0,"event_name":"Scrap Ooze","floor":12,"gold_loss":0}],"is_beta":false,"boss_relics":[],"items_purged_floors":[],"is_endless":false,"potions_floor_spawned":[3,6,13],"killed_by":"Slime Boss","ascension_level":0}}