{"host":"03pi0pe4ecuih572","time":1613906846,"event":{"mods":["BaseMod","BetterRewards","Colored Powertips","Marisa（F雨　魔理沙）","Minty Spire (QoL Compilation)","Rare Cards Sparkle","Reimu（博丽灵梦）","Remilia（蕾米莉亚）","StSLib"],"gold_per_floor":[109,109,109,108,58,93,127,161,161,195,195,224,399,425,425,523,523,523],"floor_reached":17,"language":"ZHS","playtime":831,"items_purged":[],"score":224,"play_id":"da76efd5-39ee-43ca-b922-cc1fd7d588d5","local_time":"20210221192726","daily_mods":["Shiny","Heirloom","Time Dilation","Flight","Elite Swarm"],"is_ascension_mode":false,"campfire_choices":[{"data":"DevaForm","floor":11,"key":"SMITH"},{"data":"BatForm","floor":15,"key":"SMITH"}],"circlet_count":0,"master_deck":["Demon Form","Wraith Form v2","Echo Form","DevaForm+1","BatForm+1","CasketOfStar","StarDustReverie","MaximisePower","AbsoluteMagnitude","TreasureHunter","CollectingQuirk","MillisecondPulsars","SatelliteIllusion","SuperNova","JA","BlazingStar","BigCrunch","EscapeVelocity","UltimateShortwave","ManaRampage","BinaryStars","FinalSpark","OortCloud","6A","TreasureHunter","TreasureHunter","Parasite","Parasite","Doubt","UltimateShortwave+1"],"relics":["MiniHakkero","Ginger","YidongShenshe:ReiMu","Frozen Egg 2","MealTicket","Darkstone Periapt","Singing Bowl","Eternal Feather","Toxic Egg 2","Tea:ReiMu","ShroomBag","BreadOfAWashokuLover","Oddly Smooth Stone","Potion Belt","Unceasing Top","SacredBark"],"acts_visited":["Exordium","TheCity"],"potions_floor_usage":[7],"damage_taken":[{"damage":2,"enemies":"Small Slimes","floor":1,"turns":3},{"damage":18,"enemies":"Jaw Worm","floor":4,"turns":3},{"damage":9,"enemies":"Lagavulin","floor":6,"turns":6},{"damage":14,"enemies":"Gremlin Nob","floor":7,"turns":4},{"damage":9,"enemies":"3 Sentries","floor":8,"turns":6},{"damage":11,"enemies":"Lagavulin","floor":10,"turns":5},{"damage":2,"enemies":"Gremlin Nob","floor":12,"turns":5},{"damage":34,"enemies":"3 Sentries","floor":14,"turns":9},{"damage":10,"enemies":"Slime Boss","floor":16,"turns":4}],"seed_played":"5470630759792481007","potions_obtained":[{"floor":1,"key":"PowerPotion"},{"floor":7,"key":"Strength Potion"},{"floor":10,"key":"FairyPotion"},{"floor":14,"key":"Dexterity Potion"}],"is_trial":true,"path_per_floor":["M","?","T","M","?","E","E","E","T","E","R","E","?","E","R","B",null],"character_chosen":"MARISA","items_purchased":[],"campfire_rested":0,"item_purchase_floors":[],"current_hp_per_floor":[73,73,73,55,55,46,32,25,25,16,31,41,47,17,35,27,99,99],"gold":523,"neow_bonus":"","is_daily":false,"chose_seed":false,"campfire_upgraded":2,"win_rate":0.0,"timestamp":1613906846,"path_taken":["M","?","?","?","?","E","E","E","T","E","R","E","?","E","R","BOSS"],"items_purchased_type":[],"build_version":"2020-12-22","purchased_purges":0,"victory":false,"max_hp_per_floor":[75,75,75,75,75,75,75,77,77,79,79,91,97,97,97,99,99,99],"card_choices":[{"not_picked":["DC","ShootingEcho"],"picked":"OortCloud","floor":1},{"not_picked":["MysteriousBeam","UnstableBomb"],"picked":"6A","floor":4},{"not_picked":["BinaryStars","StarDustReverie","MillisecondPulsars+1"],"picked":"SKIP","floor":6},{"not_picked":["JA","AbsoluteMagnitude"],"picked":"TreasureHunter","floor":7},{"not_picked":["EscapeVelocity+1","FinalSpark","BlazingStar"],"picked":"Singing Bowl","floor":8},{"not_picked":["SatelliteIllusion+1","BinaryStars+1","MaximisePower+1"],"picked":"Singing Bowl","floor":10},{"not_picked":["CollectingQuirk","SuperNova+1"],"picked":"TreasureHunter","floor":12},{"not_picked":["SatelliteIllusion+1","ManaRampage+1"],"picked":"UltimateShortwave+1","floor":14},{"not_picked":["JA","MaximisePower+1","SuperNova+1"],"picked":"Singing Bowl","floor":16}],"player_experience":1141152,"relics_obtained":[{"floor":3,"key":"Frozen Egg 2"},{"floor":6,"key":"MealTicket"},{"floor":8,"key":"Darkstone Periapt"},{"floor":8,"key":"Singing Bowl"},{"floor":9,"key":"Eternal Feather"},{"floor":10,"key":"Toxic Egg 2"},{"floor":12,"key":"Tea:ReiMu"},{"floor":12,"key":"ShroomBag"},{"floor":14,"key":"BreadOfAWashokuLover"},{"floor":14,"key":"Oddly Smooth Stone"},{"floor":14,"key":"Potion Belt"},{"floor":14,"key":"Unceasing Top"}],"event_choices":[{"damage_healed":0,"gold_gain":0,"player_choice":"带走神社","damage_taken":0,"relics_obtained":["YidongShenshe:ReiMu"],"max_hp_gain":0,"max_hp_loss":0,"event_name":"yidonshenshe","floor":2,"gold_loss":0,"cards_obtained":["Poor:ReiMu"]},{"cards_removed":["Poor:ReiMu"],"damage_healed":0,"gold_gain":0,"player_choice":"Card Removal","damage_taken":0,"max_hp_gain":0,"max_hp_loss":0,"event_name":"The Cleric","floor":5,"gold_loss":50},{"damage_healed":0,"gold_gain":175,"player_choice":"AGREE","damage_taken":0,"max_hp_gain":0,"max_hp_loss":0,"event_name":"Liars Game","floor":13,"gold_loss":0,"cards_obtained":["Doubt"]}],"is_beta":false,"boss_relics":[{"not_picked":["Calling Bell","Busted Crown"],"picked":"SacredBark"}],"items_purged_floors":[],"is_endless":true,"potions_floor_spawned":[1,7,10,14],"ascension_level":0}}