{"host":"fanbhphodrg87rgt","time":1613947460,"event":{"mods":["Astrologer","BaseMod","Colored Powertips","Fiend Mod","Friendly Minions","Infinite Spire","Marisa????????","Minty Spire (QoL Compilation)","Replay The Spire","StSLib","Td1madao Mod","The Administrix","The Hierophant","The Mystic","The Servant 0.9.4"],"gold_per_floor":[119,119,136,151,151,185,185,213,294,323,342,86,36,69,69,165,165,176,176,176,189,209,237,237,27,80,98,111,95,95,10,10,105,105,115,115,129,10,25,25,25,38,64,64,96,96,96,96,96,96],"floor_reached":51,"language":"ENG","playtime":6778,"items_purged":["Preloading","infinitespire:UltimateForm","FairyDestructionRay"],"score":782,"play_id":"39f6b7b2-6ca9-4f89-ba17-91dd709e61dc","local_time":"20210221234420","daily_mods":["Draft"],"is_ascension_mode":true,"campfire_choices":[{"data":"astrologer:Prismatic","floor":7,"key":"SMITH"},{"data":"Black Shadow","floor":15,"key":"SMITH"},{"data":"astrologer:StarOfMisfortune","floor":24,"key":"SMITH"},{"data":"ReplayTheSpireMod:Brewmster","floor":30,"key":"SMITH"},{"data":"Impatience","floor":32,"key":"SMITH"},{"data":"astrologer:TheHermit","floor":40,"key":"SMITH"},{"data":"astrologer:Premonition","floor":44,"key":"SMITH"},{"data":"DragonMeteor","floor":49,"key":"SMITH"}],"circlet_count":0,"master_deck":["PowerUp+1","Black Shadow+1","Defy","astrologer:StarOfMisfortune+1","astrologer:SpaceDust","astrologer:SpaceDust+1","BottledTime+1","SprinkleStarSeal","FastForward+1","SpecialFormula","FastForward","astrologer:Prismatic+1","DoubleEdge","Fire Blade","OortCloud","astrologer:Opposition","ReplayTheSpireMod:Brewmster+1","astrologer:TheHermit+1","astrologer:Premonition+1","astrologer:CosmicExpanse+1","MoonPhase+1","Impatience+1","Cooling Song","Here Defend Chip+1","DragonMeteor+1","Replay:Bootleg Shield Generator","Madness","Madness"],"relics":["Apod","Ring of Chaos","Replay:Multitool","Lantern","infinitespire:ShieldingShard","Replay:Towering Pillar of Hats","War Paint","Black Star","Frozen Egg 2","Durian","Smiling Mask","Blue Doll","The Courier","OrangePellets","Centennial Puzzle","infinitespire:BottledMercury","Oddly Smooth Stone"],"acts_visited":["Exordium","TheCity","TheBeyond"],"potions_floor_usage":[8,16,18,21,22,23,23,28,33,37,39,42,45,50,50],"damage_taken":[{"damage":0,"enemies":"Small Slimes","floor":1,"turns":5},{"damage":3,"enemies":"Jaw Worm","floor":3,"turns":3},{"damage":0,"enemies":"2 Louse","floor":4,"turns":1},{"damage":1,"enemies":"3 Sentries","floor":6,"turns":8},{"damage":0,"enemies":"Replay:BlueRogue","floor":8,"turns":6},{"damage":17,"enemies":"Gremlin Nob","floor":10,"turns":6},{"damage":0,"enemies":"2 Fungi Beasts","floor":11,"turns":2},{"damage":0,"enemies":"Lagavulin","floor":14,"turns":6},{"damage":47,"enemies":"Slime Boss","floor":16,"turns":16},{"damage":0,"enemies":"Spheric Guardian","floor":18,"turns":6},{"damage":0,"enemies":"Chosen","floor":21,"turns":5},{"damage":0,"enemies":"Snecko","floor":22,"turns":7},{"damage":27,"enemies":"Slavers","floor":23,"turns":6},{"damage":0,"enemies":"Centurion and Healer","floor":27,"turns":8},{"damage":0,"enemies":"Chosen and Byrds","floor":28,"turns":7},{"damage":17,"enemies":"Collector","floor":33,"turns":10},{"damage":0,"enemies":"Orb Walker","floor":35,"turns":5},{"damage":0,"enemies":"3 Darklings","floor":37,"turns":7},{"damage":0,"enemies":"Jaw Worm Horde","floor":39,"turns":5},{"damage":2,"enemies":"Transient","floor":42,"turns":5},{"damage":3,"enemies":"R_Hoarder","floor":45,"turns":19},{"damage":21,"enemies":"Awakened One","floor":50,"turns":15}],"seed_played":"8160829046676441302","potions_obtained":[{"floor":1,"key":"FearPotion"},{"floor":8,"key":"Fruit Juice"},{"floor":21,"key":"Ancient Potion"}],"is_trial":true,"path_per_floor":["M","?","M","M","?","E","R","E","T","E","M","$","?","E","R","B",null,"M","?","AVR","M","M","E","R","$","T","M","M","$","R","?","R","B",null,"M","?","M","$","M","R","?","M","T","R","E","?","?","?","R","B",null],"character_chosen":"TD1MADAO_CLASS","items_purchased":["ReplayTheSpireMod:Brewmster","MoonPhase+1","Impatience","Here Defend Chip+1","OrangePellets"],"campfire_rested":0,"item_purchase_floors":[12,25,25,29,38],"current_hp_per_floor":[70,70,70,70,56,60,60,70,70,53,53,53,53,58,58,16,75,75,61,61,66,80,58,58,58,58,63,68,68,68,68,68,56,85,85,85,85,85,85,85,85,85,85,85,82,82,71,71,71,55],"gold":96,"neow_bonus":"","is_daily":false,"chose_seed":false,"campfire_upgraded":8,"win_rate":0.0,"timestamp":1613947460,"path_taken":["M","?","M","M","?","E","R","E","T","E","M","$","?","E","R","BOSS","M","?","AVR","M","M","E","R","$","T","M","M","$","R","?","R","BOSS","M","?","M","$","M","R","?","M","T","R","E","?","?","?","R","BOSS"],"items_purchased_type":["Card","Card","Card","Card","Relic"],"build_version":"2020-12-22","purchased_purges":3,"victory":true,"max_hp_per_floor":[70,70,70,70,70,70,70,75,75,75,75,75,75,75,75,75,75,75,80,80,80,80,85,85,85,85,85,85,85,85,85,85,85,85,85,85,85,85,85,85,85,85,85,85,85,85,85,85,85,85],"card_choices":[{"not_picked":["LuminesStrike","Bugfix"],"picked":"PowerUp","floor":0},{"not_picked":["AsteroidBelt","astrologer:Stardust"],"picked":"FairyDestructionRay","floor":0},{"not_picked":["DC","WitchLeyline"],"picked":"Black Shadow","floor":0},{"not_picked":["Perfect Defend","Orbit"],"picked":"Preloading","floor":0},{"not_picked":["astrologer:Stardust","astrologer:TheEmperor"],"picked":"Defy","floor":0},{"not_picked":["NonDirectionalLaser","Pod Fire"],"picked":"astrologer:StarOfMisfortune","floor":0},{"not_picked":["SporeBomb","Lunge"],"picked":"astrologer:SpaceDust","floor":0},{"not_picked":["astrologer:ReadTheStars","astrologer:Eclipse"],"picked":"astrologer:SpaceDust","floor":0},{"not_picked":["WitchLeyline","De Ware Chip"],"picked":"DC","floor":0},{"not_picked":["WitchLeyline","Light Attack"],"picked":"BottledTime","floor":0},{"not_picked":["Fixing","Lunge"],"picked":"Floating Swing Kick","floor":0},{"not_picked":["GravityBeat","TimeWarp"],"picked":"SprinkleStarSeal","floor":0},{"not_picked":["Reinforcement Parts","Lunge"],"picked":"FastForward","floor":0},{"not_picked":["Acceleration","astrologer:SolarFlare"],"picked":"SpecialFormula","floor":0},{"not_picked":["Oblique Hack","Three Hit"],"picked":"FastForward","floor":0},{"not_picked":["astrologer:FadingStar","6A"],"picked":"astrologer:Prismatic","floor":1},{"not_picked":["astrologer:Quincunx","OortCloud"],"picked":"DoubleEdge","floor":3},{"not_picked":["Ricochet","Floating Swing Kick","Potential"],"picked":"SKIP","floor":4},{"not_picked":["Rewind","Starlight","Fire Up"],"picked":"SKIP","floor":6},{"not_picked":["Replace","astrologer:Opposition"],"picked":"Fire Blade","floor":8},{"not_picked":["TimeTheft","SurpressingFire"],"picked":"OortCloud","floor":10},{"not_picked":["astrologer:Confirmation","Machining"],"picked":"astrologer:Opposition","floor":11},{"not_picked":["TimeTheft","Fire Blade"],"picked":"astrologer:TheHermit","floor":14},{"not_picked":["astrologer:Alignment","Solidify"],"picked":"astrologer:Premonition","floor":16},{"not_picked":["Trader","Potential","Floating Even+1"],"picked":"SKIP","floor":18},{"not_picked":["Fixing+1","UnstableBomb+1"],"picked":"astrologer:CosmicExpanse+1","floor":21},{"not_picked":["DarkMatter","Defy","astrologer:Temperance"],"picked":"SKIP","floor":22},{"not_picked":["Ricochet+1","Hightail+1","Pod Fire+1"],"picked":"SKIP","floor":23},{"not_picked":["GalacticHalo","TimeWarp","Read+1"],"picked":"SKIP","floor":27},{"not_picked":["Manipulate+1","Recovery Mechanism+1"],"picked":"Cooling Song","floor":28},{"not_picked":["De Ware Chip+1","Floating Swing Kick+1","Gouge+1"],"picked":"SKIP","floor":35},{"not_picked":["Resistance+1","astrologer:Moonlight+1"],"picked":"DragonMeteor","floor":37},{"not_picked":["SporeBomb","WitchOfGreed+1","AsteroidBelt+1"],"picked":"SKIP","floor":39},{"not_picked":["Mind Blast","ReplayTheSpireMod:Uncanny Aura"],"picked":"Replay:Bootleg Shield Generator","floor":41},{"not_picked":["Floating Swing Kick+1","Fire Up+1","astrologer:TheEmpress"],"picked":"SKIP","floor":42},{"not_picked":["astrologer:SpaceDust","astrologer:GlassStar+1","Rearm"],"picked":"SKIP","floor":45}],"player_experience":4809222,"relics_obtained":[{"floor":6,"key":"Replay:Multitool"},{"floor":8,"key":"Lantern"},{"floor":9,"key":"infinitespire:ShieldingShard"},{"floor":10,"key":"Replay:Towering Pillar of Hats"},{"floor":14,"key":"War Paint"},{"floor":23,"key":"Durian"},{"floor":23,"key":"Smiling Mask"},{"floor":26,"key":"Blue Doll"},{"floor":43,"key":"Centennial Puzzle"},{"floor":45,"key":"infinitespire:BottledMercury"},{"floor":45,"key":"Oddly Smooth Stone"}],"event_choices":[{"damage_healed":0,"gold_gain":0,"player_choice":"Entered Light","damage_taken":14,"max_hp_gain":0,"max_hp_loss":0,"event_name":"Shining Light","floor":5,"gold_loss":0,"cards_upgraded":["FastForward","PowerUp"]},{"cards_removed":["DC"],"damage_healed":0,"gold_gain":0,"player_choice":"Card Removal","damage_taken":0,"max_hp_gain":0,"max_hp_loss":0,"event_name":"The Cleric","floor":13,"gold_loss":50},{"damage_healed":0,"gold_gain":0,"player_choice":"Shed Blood","damage_taken":19,"max_hp_gain":5,"max_hp_loss":0,"event_name":"Forgotten Altar","floor":19,"gold_loss":0},{"damage_healed":0,"gold_gain":0,"player_choice":"Obtained Relic","damage_taken":0,"relics_obtained":["The Courier"],"max_hp_gain":0,"max_hp_loss":0,"event_name":"Addict","floor":31,"gold_loss":85},{"damage_healed":0,"gold_gain":0,"player_choice":"Ignored","damage_taken":0,"max_hp_gain":0,"max_hp_loss":0,"event_name":"Tomb of Lord Red Mask","floor":36,"gold_loss":0},{"damage_healed":0,"gold_gain":0,"player_choice":"Memory 1","damage_taken":0,"max_hp_gain":0,"max_hp_loss":0,"event_name":"SensoryStone","floor":41,"gold_loss":0},{"cards_removed":["Floating Swing Kick"],"damage_healed":0,"gold_gain":0,"player_choice":"Removed Attack","damage_taken":0,"max_hp_gain":0,"max_hp_loss":0,"event_name":"Falling","floor":46,"gold_loss":0},{"damage_healed":0,"gold_gain":0,"player_choice":"Embrace Madness","damage_taken":11,"max_hp_gain":0,"max_hp_loss":0,"event_name":"Winding Halls","floor":47,"gold_loss":0,"cards_obtained":["Madness","Madness"]}],"is_beta":false,"boss_relics":[{"not_picked":["SlaversCollar","Replay:Grab Bag"],"picked":"Black Star"},{"not_picked":["Kintsugi","Empty Cage","infinitespire:Cupcake"]}],"items_purged_floors":[12,20,25],"is_endless":false,"potions_floor_spawned":[1,8,14,21,22,23,35,45],"ascension_level":1}}