{"host":"sct5htsgcw1q318k","time":1613867943,"event":{"mods":["BaseMod","Colored Map","Minty Spire (QoL Compilation)","Permanent Neow"],"gold_per_floor":[20,20,31,31,50,78,78,98,98,98,124,137,137,187,187,258,258,277,296,296,0,12,12,46,46,46,46,74,74,74],"floor_reached":29,"language":"ENG","playtime":2348,"items_purged":[],"score":439,"play_id":"b2e6e5a6-db91-4250-8ab1-3ce23bdd5983","local_time":"20210220183903","is_ascension_mode":true,"campfire_choices":[{"data":"Footwork","floor":7.0,"key":"SMITH"},{"data":"Neutralize","floor":10.0,"key":"SMITH"},{"data":"Cloak And Dagger","floor":13.0,"key":"SMITH"},{"data":"Bouncing Flask","floor":15.0,"key":"SMITH"},{"data":"Burst","floor":23,"key":"SMITH"},{"data":"Distraction","floor":25,"key":"SMITH"}],"circlet_count":0,"master_deck":["AscendersBane","Strike_G","Strike_G","Strike_G","Strike_G","Defend_G","Defend_G","Defend_G","Defend_G","Survivor","Neutralize+1","Backflip","Backstab","Footwork+1","Quick Slash","Cloak And Dagger+1","Bouncing Flask+1","Dodge and Roll","Distraction+1","Burst+1","Accuracy","Cloak And Dagger","Dagger Spray","Ghostly","Ghostly","Ghostly","Deflect"],"relics":["Ring of the Serpent","Bottled Tornado","Sundial","InkBottle","Gremlin Horn","Regal Pillow","Ornamental Fan","Red Mask"],"acts_visited":["Exordium","TheCity"],"potions_floor_usage":[22,24],"damage_taken":[{"damage":0.0,"enemies":"Cultist","floor":1.0,"turns":4.0},{"damage":0.0,"enemies":"Small Slimes","floor":3.0,"turns":3.0},{"damage":2.0,"enemies":"2 Louse","floor":5.0,"turns":4.0},{"damage":16.0,"enemies":"3 Sentries","floor":6.0,"turns":10.0},{"damage":0.0,"enemies":"Large Slime","floor":8.0,"turns":8.0},{"damage":10.0,"enemies":"Lagavulin","floor":11.0,"turns":6.0},{"damage":0.0,"enemies":"Looter","floor":12.0,"turns":3.0},{"damage":12.0,"enemies":"Hexaghost","floor":16.0,"turns":8.0},{"damage":0,"enemies":"Spheric Guardian","floor":18,"turns":3},{"damage":2,"enemies":"Chosen","floor":19,"turns":5},{"damage":1,"enemies":"Snake Plant","floor":22,"turns":6},{"damage":23,"enemies":"Slavers","floor":24,"turns":9},{"damage":0,"enemies":"Masked Bandits","floor":28,"turns":7},{"damage":32,"enemies":"Book of Stabbing","floor":29,"turns":7}],"seed_played":"-5023906695872993365","potions_obtained":[{"floor":5.0,"key":"Strength Potion"},{"floor":12.0,"key":"SneckoOil"},{"floor":18,"key":"GhostInAJar"},{"floor":19,"key":"GhostInAJar"},{"floor":22,"key":"FearPotion"}],"is_trial":false,"path_per_floor":["M","$","M","?","M","E","R","M","T","R","E","M","R","?","R","B",null,"M","M","?","$","M","R","E","R","T","?","?","E"],"character_chosen":"THE_SILENT","items_purchased":["Gremlin Horn","Cloak And Dagger"],"campfire_rested":0,"item_purchase_floors":[21,21],"current_hp_per_floor":[59,59,59,59,57,41,41,41,41,41,31,31,31,25,25,13,53,53,51,51,51,50,50,27,27,27,27,27,0,0],"gold":74,"neow_bonus":"TRANSFORM_TWO_CARDS","is_daily":false,"chose_seed":false,"campfire_upgraded":6,"win_rate":0.0,"timestamp":1613867943,"path_taken":["M","?","M","?","M","E","R","M","T","R","E","M","R","?","R","BOSS","M","M","?","$","M","R","E","R","T","?","?","E"],"items_purchased_type":["Relic","Card"],"build_version":"2020-12-22","purchased_purges":0,"victory":false,"max_hp_per_floor":[66,66,66,66,66,66,66,66,66,66,66,66,66,66,66,66,66,66,66,66,66,66,66,66,66,66,33,33,33,33],"card_choices":[{"not_picked":["Underhanded Strike","Concentrate","Expertise"],"picked":"SKIP","floor":1.0},{"not_picked":["Slice","Caltrops"],"picked":"Footwork","floor":3.0},{"not_picked":["Sucker Punch","Slice"],"picked":"Quick Slash","floor":5.0},{"not_picked":["Underhanded Strike","Riddle With Holes"],"picked":"Cloak And Dagger","floor":6.0},{"not_picked":["Skewer","Deflect"],"picked":"Bouncing Flask","floor":8.0},{"not_picked":["Dagger Throw","Bane"],"picked":"Dodge and Roll","floor":11.0},{"not_picked":["Dagger Throw","Reflex"],"picked":"Distraction","floor":12.0},{"not_picked":["Corpse Explosion","Venomology"],"picked":"Burst","floor":16.0},{"not_picked":["Poisoned Stab","Sucker Punch","Infinite Blades"],"picked":"SKIP","floor":18},{"not_picked":["Skewer","Dagger Spray"],"picked":"Accuracy","floor":19},{"not_picked":["Reflex","Expertise"],"picked":"Dagger Spray","floor":22},{"not_picked":["Choke","Setup","Doppelganger"],"picked":"SKIP","floor":24},{"not_picked":["Outmaneuver","Deadly Poison"],"picked":"Deflect","floor":28}],"player_experience":867929,"relics_obtained":[{"floor":6.0,"key":"Bottled Tornado"},{"floor":9.0,"key":"Sundial"},{"floor":11.0,"key":"InkBottle"},{"floor":24,"key":"Regal Pillow"},{"floor":26,"key":"Ornamental Fan"},{"floor":28,"key":"Red Mask"}],"event_choices":[{"damage_healed":0.0,"max_hp_gain":0.0,"max_hp_loss":0.0,"gold_gain":0.0,"event_name":"Liars Game","player_choice":"Ignored","floor":4.0,"gold_loss":0.0,"damage_taken":0.0},{"damage_healed":0.0,"max_hp_gain":0.0,"max_hp_loss":0.0,"gold_gain":50.0,"event_name":"FaceTrader","player_choice":"Touch","floor":14.0,"gold_loss":0.0,"damage_taken":6.0},{"damage_healed":0,"gold_gain":0,"player_choice":"Ignored","damage_taken":0,"max_hp_gain":0,"max_hp_loss":0,"event_name":"The Mausoleum","floor":20,"gold_loss":0},{"damage_healed":0,"gold_gain":0,"player_choice":"Became a Ghost","damage_taken":0,"max_hp_gain":0,"max_hp_loss":33,"event_name":"Ghosts","floor":27,"gold_loss":0,"cards_obtained":["Ghostly","Ghostly","Ghostly"]},{"damage_healed":0,"gold_gain":0,"player_choice":"Fought Bandits","damage_taken":0,"max_hp_gain":0,"max_hp_loss":0,"event_name":"Masked Bandits","floor":28,"gold_loss":0}],"is_beta":false,"boss_relics":[{"not_picked":["SacredBark","Calling Bell"],"picked":"Ring of the Serpent"}],"items_purged_floors":[],"is_endless":false,"potions_floor_spawned":[5,12,18,19,22],"killed_by":"Book of Stabbing","ascension_level":15}}