{"host":"vxgtqwpb0ulpisda","time":1613935028,"event":{"mods":["BaseMod","Bestiary","Minty Spire (QoL Compilation)","Relic Stats","ojb\u0027s Info Mod"],"gold_per_floor":[111,125,142,159,175,175,505,505,505,535,552,571,571,571,571,691,691,715,630,630,653,190,190,190,190],"floor_reached":24,"language":"ENG","playtime":1228,"items_purged":["Injury"],"score":293,"play_id":"5d6173b9-7123-4507-af1c-2bcb473357b2","local_time":"20210221141708","is_ascension_mode":true,"campfire_choices":[{"data":"PiercingWail","floor":6,"key":"SMITH"},{"data":"Blur","floor":8,"key":"SMITH"},{"data":"After Image","floor":15,"key":"SMITH"},{"data":"Burst","floor":23,"key":"SMITH"}],"circlet_count":0,"master_deck":["Survivor","Neutralize","Sucker Punch+1","Corpse Explosion+1","PiercingWail+1","Blur+1","Outmaneuver","Deadly Poison","PiercingWail+1","Backflip","Catalyst","Bane","After Image+1","A Thousand Cuts","Predator","Eviscerate","Footwork","Blade Dance","Skewer","Footwork","Footwork+1","Ghostly","Ghostly","Ghostly","Ghostly","Ghostly","Burst+1","Leg Sweep"],"relics":["Astrolabe","Old Coin","Snake Skull","MealTicket","Golden Idol","Pandora\u0027s Box","Question Card","Membership Card","Shuriken","Vajra"],"acts_visited":["Exordium","TheCity"],"potions_floor_usage":[7,10,18,24],"damage_taken":[{"damage":0,"enemies":"2 Louse","floor":1,"turns":1},{"damage":0,"enemies":"Small Slimes","floor":2,"turns":3},{"damage":1,"enemies":"Jaw Worm","floor":3,"turns":4},{"damage":0,"enemies":"Looter","floor":4,"turns":4},{"damage":6,"enemies":"Blue Slaver","floor":5,"turns":4},{"damage":10,"enemies":"3 Sentries","floor":7,"turns":5},{"damage":2,"enemies":"Gremlin Nob","floor":10,"turns":5},{"damage":1,"enemies":"Red Slaver","floor":11,"turns":4},{"damage":0,"enemies":"3 Louse","floor":12,"turns":2},{"damage":25,"enemies":"The Guardian","floor":16,"turns":9},{"damage":2,"enemies":"Shell Parasite","floor":18,"turns":8},{"damage":36,"enemies":"Book of Stabbing","floor":24,"turns":9}],"seed_played":"-469778838247904065","potions_obtained":[{"floor":2,"key":"Fire Potion"},{"floor":3,"key":"GhostInAJar"},{"floor":4,"key":"GamblersBrew"},{"floor":10,"key":"Dexterity Potion"},{"floor":16,"key":"GhostInAJar"}],"is_trial":false,"path_per_floor":["M","M","M","M","M","R","E","R","T","E","M","M","?","?","R","B",null,"M","?","?","T","$","R","E"],"character_chosen":"THE_SILENT","items_purchased":["Membership Card","Burst","Shuriken","Leg Sweep","Vajra"],"campfire_rested":0,"item_purchase_floors":[22,22,22,22,22],"current_hp_per_floor":[63,63,62,62,56,56,46,46,46,44,43,43,43,43,43,18,57,55,55,35,35,35,35,0,0],"gold":190,"neow_bonus":"BOSS_RELIC","is_daily":false,"chose_seed":false,"campfire_upgraded":4,"win_rate":0.0,"timestamp":1613935028,"path_taken":["M","M","M","M","M","R","E","R","T","E","M","M","?","?","R","BOSS","M","?","?","?","?","R","E"],"items_purchased_type":["Relic","Card","Relic","Card","Relic"],"build_version":"2020-12-22","purchased_purges":1,"victory":false,"max_hp_per_floor":[70,70,70,70,70,70,70,70,70,70,70,70,70,70,70,70,70,70,70,35,35,35,35,35,35],"relic_stats":{"counters":[12,58],"Golden Idol":29,"Shuriken":[1],"Astrolabe":["Sucker Punch","Corpse Explosion","PiercingWail"],"MealTicket":0,"Pandora\u0027s Box":["Predator","Eviscerate","Footwork","Blade Dance","Skewer","Footwork"],"Snake Skull":[13],"Question Card":0,"obtain_stats":[{"Golden Idol":14,"Shuriken":22,"Astrolabe":0,"Vajra":22,"MealTicket":10,"Pandora\u0027s Box":17,"Snake Skull":9,"Membership Card":22,"Question Card":19,"Ring of the Snake":0,"Old Coin":7},{"Golden Idol":9,"Shuriken":11,"Astrolabe":0,"Vajra":11,"MealTicket":7,"Pandora\u0027s Box":10,"Snake Skull":6,"Membership Card":11,"Question Card":11,"Ring of the Snake":0,"Old Coin":6},{"Golden Idol":32,"Shuriken":49,"Astrolabe":0,"Vajra":49,"MealTicket":26,"Pandora\u0027s Box":41,"Snake Skull":21,"Membership Card":49,"Question Card":49,"Ring of the Snake":0,"Old Coin":21}]},"card_choices":[{"not_picked":["Prepared","Choke"],"picked":"Blur","floor":1},{"not_picked":["Endless Agony","Prepared"],"picked":"Outmaneuver","floor":2},{"not_picked":["Deflect","All Out Attack"],"picked":"Deadly Poison","floor":3},{"not_picked":["Quick Slash","Acrobatics"],"picked":"PiercingWail","floor":4},{"not_picked":["Endless Agony","Heel Hook"],"picked":"Backflip","floor":5},{"not_picked":["Prepared","Tactician","Sucker Punch"],"picked":"SKIP","floor":7},{"not_picked":["Riddle With Holes","Underhanded Strike"],"picked":"Catalyst","floor":10},{"not_picked":["Slice","Concentrate"],"picked":"Bane","floor":11},{"not_picked":["Dodge and Roll","Outmaneuver"],"picked":"After Image","floor":12},{"not_picked":["Die Die Die","Storm of Steel"],"picked":"A Thousand Cuts","floor":16},{"not_picked":["Deadly Poison","Riddle With Holes"],"picked":"Footwork+1","floor":18}],"player_experience":428835,"relics_obtained":[{"floor":7,"key":"Old Coin"},{"floor":9,"key":"Snake Skull"},{"floor":10,"key":"MealTicket"}],"event_choices":[{"cards_removed":["Defend_G"],"damage_healed":0,"gold_gain":0,"player_choice":"Forget","damage_taken":0,"max_hp_gain":0,"max_hp_loss":0,"event_name":"Living Wall","floor":13,"gold_loss":0},{"damage_healed":0,"gold_gain":0,"player_choice":"Take Wound","damage_taken":0,"relics_obtained":["Golden Idol"],"max_hp_gain":0,"max_hp_loss":0,"event_name":"Golden Idol","floor":14,"gold_loss":0,"cards_obtained":["Injury"]},{"damage_healed":0,"gold_gain":0,"player_choice":"Obtained Relic","damage_taken":0,"relics_obtained":["Question Card"],"max_hp_gain":0,"max_hp_loss":0,"event_name":"Addict","floor":19,"gold_loss":85},{"damage_healed":0,"gold_gain":0,"player_choice":"Became a Ghost","damage_taken":0,"max_hp_gain":0,"max_hp_loss":35,"event_name":"Ghosts","floor":20,"gold_loss":0,"cards_obtained":["Ghostly","Ghostly","Ghostly","Ghostly","Ghostly"]}],"is_beta":false,"boss_relics":[{"not_picked":["Empty Cage","Philosopher\u0027s Stone"],"picked":"Pandora\u0027s Box"}],"items_purged_floors":[22],"is_endless":false,"potions_floor_spawned":[2,3,4,10,16],"killed_by":"Book of Stabbing","ascension_level":6}}