{"host":"1avr1135to2copjv","time":1613920122,"event":{"mods":["BaseMod","Colored Map","Colored Powertips","Filter the Spire","Minty Spire (QoL Compilation)","Relic Stats","StSLib","The Servant 0.9.4"],"gold_per_floor":[114,126,141,159,12,12,12,12,12,12,31,31,31,47,47,145,145,162,162,174,208,208,208,243,262,285,294,313,357,357,375,375,479,479,504,524,542,594,594,631,650,681,759,285,285,312,57,70,70,70,70,70,16,53,53],"floor_reached":56,"language":"ENG","playtime":2054,"items_purged":[],"score":1418,"play_id":"6b811c40-a999-4f9e-a4e4-95116736a004","local_time":"20210221180842","is_ascension_mode":true,"campfire_choices":[{"data":"Feel No Pain","floor":6,"key":"SMITH"},{"data":"Offering","floor":8,"key":"SMITH"},{"data":"Shockwave","floor":10,"key":"SMITH"},{"data":"Carnage","floor":13,"key":"SMITH"},{"data":"Shrug It Off","floor":15,"key":"SMITH"},{"data":"RitualDagger","floor":23,"key":"SMITH"},{"floor":30,"key":"REST"},{"data":"Feel No Pain","floor":32,"key":"SMITH"},{"floor":45,"key":"RECALL"},{"floor":49,"key":"REST"},{"data":"Disarm","floor":52,"key":"SMITH"}],"circlet_count":0,"master_deck":["Bash","Infernal Blade","Sentinel","Exhume","Shockwave+1","Juggernaut","Corruption","Offering+1","Cleave","Dual Wield","Twin Strike","Pummel","Feel No Pain+1","Shrug It Off+1","Carnage+1","Disarm+1","Limit Break","Spot Weakness+1","RitualDagger+1","Shockwave+1","Feel No Pain+1","Burning Pact+1","Limit Break","Limit Break","Warcry+1","Madness","Madness","Metallicize+1","Shrug It Off","Dark Embrace","Sword Boomerang","Shrug It Off","Spot Weakness"],"relics":["Pandora\u0027s Box","Brimstone","White Beast Statue","Snecko Eye","Red Mask","Sundial","Kunai","CeramicFish","Pantograph","Regal Pillow","Busted Crown","WingedGreaves","Vajra","Strawberry","Meat on the Bone","Medical Kit","MealTicket","Paper Frog","Mercury Hourglass"],"acts_visited":["Exordium","TheCity","TheBeyond","TheEnding"],"potions_floor_usage":[11,21,21,28,29,38,40,54,55,55],"damage_taken":[{"damage":8,"enemies":"Jaw Worm","floor":1,"turns":3},{"damage":9,"enemies":"2 Louse","floor":2,"turns":2},{"damage":6,"enemies":"Small Slimes","floor":3,"turns":2},{"damage":5,"enemies":"Exordium Thugs","floor":4,"turns":3},{"damage":0,"enemies":"Lots of Slimes","floor":11,"turns":2},{"damage":14,"enemies":"Blue Slaver","floor":14,"turns":2},{"damage":12,"enemies":"Slime Boss","floor":16,"turns":3},{"damage":10,"enemies":"Chosen","floor":18,"turns":2},{"damage":0,"enemies":"Shell Parasite","floor":20,"turns":2},{"damage":14,"enemies":"Masked Bandits","floor":21,"turns":2},{"damage":10,"enemies":"Book of Stabbing","floor":24,"turns":2},{"damage":5,"enemies":"3 Cultists","floor":25,"turns":6},{"damage":12,"enemies":"Snake Plant","floor":28,"turns":2},{"damage":0,"enemies":"Gremlin Leader","floor":29,"turns":1},{"damage":12,"enemies":"Sentry and Sphere","floor":31,"turns":4},{"damage":3,"enemies":"Collector","floor":33,"turns":5},{"damage":6,"enemies":"3 Darklings","floor":35,"turns":1},{"damage":13,"enemies":"Orb Walker","floor":36,"turns":2},{"damage":18,"enemies":"2 Orb Walkers","floor":38,"turns":2},{"damage":0,"enemies":"Giant Head","floor":40,"turns":4},{"damage":6,"enemies":"Transient","floor":41,"turns":4},{"damage":41,"enemies":"Reptomancer","floor":42,"turns":4},{"damage":4,"enemies":"Nemesis","floor":46,"turns":3},{"damage":0,"enemies":"Maw","floor":48,"turns":2},{"damage":12,"enemies":"Awakened One","floor":50,"turns":3},{"damage":18,"enemies":"Shield and Spear","floor":54,"turns":3},{"damage":25,"enemies":"The Heart","floor":55,"turns":4}],"seed_played":"3767112409650957653","potions_obtained":[{"floor":3,"key":"ElixirPotion"},{"floor":11,"key":"DuplicationPotion"},{"floor":14,"key":"AttackPotion"},{"floor":16,"key":"Ancient Potion"},{"floor":21,"key":"Block Potion"},{"floor":24,"key":"BloodPotion"},{"floor":28,"key":"ColorlessPotion"},{"floor":29,"key":"LiquidBronze"},{"floor":36,"key":"BloodPotion"},{"floor":38,"key":"BloodPotion"},{"floor":40,"key":"BloodPotion"},{"floor":54,"key":"LiquidMemories"}],"is_trial":false,"path_per_floor":["M","M","M","M","$","R","?","R","T","R","M","$","R","M","R","B",null,"M","?","M","?","T","R","E","M","T","?","M","E","R","M","R","B",null,"M","M","?","?","?","E","M","E","T","$","R","E","$","M","R","B",null,"R","$","E","B",null],"character_chosen":"IRONCLAD","items_purchased":["Brimstone","Meat on the Bone","Medical Kit","Shrug It Off","Dark Embrace","Paper Frog","Sword Boomerang","Shrug It Off"],"campfire_rested":2,"item_purchase_floors":[5,44,44,44,44,47,53,53],"current_hp_per_floor":[72,63,57,52,52,52,49,49,49,49,49,49,49,35,35,23,80,70,64,64,50,50,50,40,35,35,35,23,39,78,66,66,77,80,74,61,51,49,49,65,59,25,25,25,25,33,48,48,87,75,87,87,87,86,62],"gold":53,"neow_bonus":"BOSS_RELIC","is_daily":false,"chose_seed":false,"campfire_upgraded":8,"win_rate":0.0,"timestamp":1613920122,"path_taken":["M","M","M","M","$","R","?","R","T","R","M","$","R","M","R","BOSS","M","?","M","?","?","R","E","M","T","?","?","E","R","M","R","BOSS","M","?","?","?","?","E","?","E","T","$","R","E","?","M","R","BOSS","R","$","E","BOSS"],"items_purchased_type":["Relic","Relic","Relic","Card","Card","Relic","Card","Card"],"build_version":"2020-12-22","purchased_purges":0,"victory":true,"max_hp_per_floor":[80,80,80,80,80,80,80,80,80,80,80,80,80,80,80,80,80,80,80,80,80,80,80,80,80,80,80,80,80,80,80,80,80,80,80,80,80,80,80,80,80,87,87,87,87,87,87,87,87,87,87,87,87,87,87],"relic_stats":{"Regal Pillow":28,"counters":[27,75],"CeramicFish":117,"Medical Kit":[2],"Mercury Hourglass":[12],"Busted Crown":18,"Sundial":[8],"Pantograph":15,"Snecko Eye":[115,122,138,153],"Pandora\u0027s Box":["Infernal Blade","Sentinel","Exhume","Shockwave","Juggernaut","Corruption","Offering","Cleave","Dual Wield"],"MealTicket":15,"Kunai":[9],"obtain_stats":[{"Regal Pillow":29,"CeramicFish":26,"Vajra":40,"Medical Kit":44,"Burning Blood":0,"White Beast Statue":9,"Mercury Hourglass":54,"Busted Crown":34,"Brimstone":5,"Sundial":22,"Pantograph":27,"Strawberry":42,"Snecko Eye":17,"Pandora\u0027s Box":0,"MealTicket":46,"WingedGreaves":38,"Red Mask":21,"Kunai":24,"Meat on the Bone":44,"Paper Frog":47},{"Regal Pillow":14,"CeramicFish":12,"Vajra":20,"Medical Kit":22,"Burning Blood":0,"White Beast Statue":4,"Mercury Hourglass":26,"Busted Crown":16,"Brimstone":4,"Sundial":10,"Pantograph":12,"Strawberry":22,"Snecko Eye":7,"Pandora\u0027s Box":0,"MealTicket":23,"WingedGreaves":19,"Red Mask":10,"Kunai":11,"Meat on the Bone":22,"Paper Frog":23},{"Regal Pillow":34,"CeramicFish":31,"Vajra":52,"Medical Kit":60,"Burning Blood":0,"White Beast Statue":10,"Mercury Hourglass":71,"Busted Crown":43,"Brimstone":10,"Sundial":23,"Pantograph":31,"Strawberry":60,"Snecko Eye":17,"Pandora\u0027s Box":0,"MealTicket":63,"WingedGreaves":48,"Red Mask":23,"Kunai":25,"Meat on the Bone":60,"Paper Frog":63}],"Meat on the Bone":12},"card_choices":[{"not_picked":["Clash","Iron Wave"],"picked":"Twin Strike","floor":1},{"not_picked":["Body Slam","Wild Strike"],"picked":"Pummel","floor":2},{"not_picked":["True Grit","Combust"],"picked":"Feel No Pain","floor":3},{"not_picked":["Clash","Rage"],"picked":"Shrug It Off","floor":4},{"not_picked":["Clothesline","Berserk"],"picked":"Carnage","floor":11},{"not_picked":["Armaments","Searing Blow"],"picked":"Disarm","floor":14},{"not_picked":["Impervious","Bludgeon"],"picked":"Limit Break","floor":16},{"not_picked":["Warcry","Thunderclap"],"picked":"Spot Weakness+1","floor":18},{"not_picked":["True Grit","Sever Soul"],"picked":"Shockwave+1","floor":20},{"not_picked":["Berserk","Flex"],"picked":"Feel No Pain","floor":24},{"not_picked":["Twin Strike","Perfected Strike","Flex"],"picked":"SKIP","floor":25},{"not_picked":["Thunderclap+1","Combust"],"picked":"Burning Pact+1","floor":28},{"not_picked":["Clash+1","Havoc+1"],"picked":"Limit Break","floor":29},{"not_picked":["Iron Wave","Searing Blow","Bloodletting+1"],"picked":"SKIP","floor":31},{"not_picked":["Juggernaut","Immolate"],"picked":"Limit Break","floor":33},{"not_picked":[],"picked":"Warcry+1","floor":35},{"not_picked":["Body Slam"],"picked":"SKIP","floor":36},{"not_picked":[],"picked":"Metallicize+1","floor":40},{"not_picked":["Reckless Charge+1"],"picked":"SKIP","floor":41},{"not_picked":["Warcry"],"picked":"SKIP","floor":42},{"not_picked":["Cleave+1"],"picked":"SKIP","floor":46},{"not_picked":["Anger"],"picked":"SKIP","floor":48},{"not_picked":[],"picked":"Spot Weakness","floor":54}],"player_experience":1085631,"relics_obtained":[{"floor":9,"key":"White Beast Statue"},{"floor":21,"key":"Red Mask"},{"floor":22,"key":"Sundial"},{"floor":24,"key":"Kunai"},{"floor":26,"key":"CeramicFish"},{"floor":29,"key":"Regal Pillow"},{"floor":38,"key":"WingedGreaves"},{"floor":40,"key":"Vajra"},{"floor":42,"key":"Strawberry"},{"floor":46,"key":"MealTicket"},{"floor":54,"key":"Mercury Hourglass"}],"event_choices":[{"damage_healed":0,"gold_gain":0,"player_choice":"Fled","damage_taken":3,"max_hp_gain":0,"max_hp_loss":0,"event_name":"Scrap Ooze","floor":7,"gold_loss":0},{"damage_healed":0,"gold_gain":0,"player_choice":"Joined the Cult","damage_taken":6,"max_hp_gain":0,"max_hp_loss":0,"event_name":"Nest","floor":19,"gold_loss":0,"cards_obtained":["RitualDagger"]},{"damage_healed":0,"gold_gain":0,"player_choice":"Fought Bandits","damage_taken":0,"max_hp_gain":0,"max_hp_loss":0,"event_name":"Masked Bandits","floor":21,"gold_loss":0},{"damage_healed":0,"gold_gain":0,"player_choice":"Opened","damage_taken":0,"relics_obtained":["Pantograph"],"max_hp_gain":0,"max_hp_loss":0,"event_name":"The Mausoleum","floor":27,"gold_loss":0,"cards_obtained":["Writhe"]},{"damage_healed":0,"gold_gain":0,"player_choice":"Embrace Madness","damage_taken":10,"max_hp_gain":0,"max_hp_loss":0,"event_name":"Winding Halls","floor":37,"gold_loss":0,"cards_obtained":["Madness","Madness"]},{"damage_healed":0,"gold_gain":0,"player_choice":"Fight","damage_taken":0,"max_hp_gain":0,"max_hp_loss":0,"event_name":"Mysterious Sphere","floor":38,"gold_loss":0},{"cards_removed":["Writhe"],"damage_healed":0,"gold_gain":0,"player_choice":"Removed Curses","damage_taken":0,"max_hp_gain":0,"max_hp_loss":0,"event_name":"Fountain of Cleansing","floor":39,"gold_loss":0}],"is_beta":false,"boss_relics":[{"not_picked":["Empty Cage","Runic Dome"],"picked":"Snecko Eye"},{"not_picked":["Runic Pyramid","Cursed Key"],"picked":"Busted Crown"}],"items_purged_floors":[],"is_endless":false,"potions_floor_spawned":[3,11,14,16,18,20,21,24,25,28,29,31,33,35,36,38,40,41,42,46,48,54],"ascension_level":1}}