{"host":"nia1zwr35jsu5y7h","time":1613901381,"event":{"mods":["2.2 Compatiblity","Abigail Mod","Bard","BaseMod","Colored Map","Conspire","Downfall","Friendly Minions","Hermit","Highlight Path","Hubris","Infinite Spire","Kiyohime????","Koishi","Marisa????????","Minty Spire (QoL Compilation)","Quick Restart","Replay The Spire","Shade Mod","Shop Mod","StSLib","The Animator","The Construct","The Cursed","The Disciple","The Mystic","The Necromancer","The Servant 0.9.4"],"gold_per_floor":[114,36,54,72,37,71,71,99,99,128,128,128,146,166,166,240,240,240,240],"floor_reached":18,"language":"ENG","playtime":928,"items_purged":[],"score":506,"play_id":"78bb63b7-bd9a-4e76-befa-348d1bafe2eb","local_time":"20210221015621","is_ascension_mode":true,"campfire_choices":[{"data":"Luminosity","floor":7,"key":"SMITH"},{"data":"ForgedInTime","floor":11,"key":"SMITH"},{"data":"Collapse","floor":15,"key":"SMITH"}],"circlet_count":0,"master_deck":["AscendersBane","Strike_S","Strike_S","Strike_S","Strike_S","Defend_S","Defend_S","Defend_S","Defend_S","KidneyShot","Exchange","Collapse+1","Luminosity+1","Barrier","BestPractice","Snipe","ForgedInTime+1","BottledTime","ForgedInTime"],"relics":["Uniform","NeowsBlessing","Unceasing Top","Pocketwatch","infinitespire:Lucky Rock","hubris:PeanutButter","Replay:Baseball","MysterySword"],"acts_visited":["Exordium","TheCity"],"potions_floor_usage":[18],"damage_taken":[{"damage":0,"enemies":"Cultist","floor":1,"turns":1},{"damage":0,"enemies":"Jaw Worm","floor":4,"turns":1},{"damage":0,"enemies":"Gremlin Nob","floor":6,"turns":1},{"damage":10,"enemies":"3 Sentries","floor":8,"turns":9},{"damage":23,"enemies":"Gremlin Nob","floor":10,"turns":5},{"damage":2,"enemies":"Small Slimes","floor":13,"turns":3},{"damage":0,"enemies":"Exordium Wildlife","floor":14,"turns":4},{"damage":0,"enemies":"Fading Forest","floor":16,"turns":13},{"damage":24,"enemies":"conspire:FuzzyDice","floor":18,"turns":5}],"seed_played":"2631203469370739848","potions_obtained":[{"floor":4,"key":"Elixir"},{"floor":8,"key":"sneckomod:MuddlingPotion"}],"is_trial":false,"path_per_floor":["M","$","?","M","?","E","R","E","T","E","R","$","M","M","R","B",null,"M"],"character_chosen":"THE_SERVANT","items_purchased":["Luminosity"],"campfire_rested":0,"item_purchase_floors":[2],"current_hp_per_floor":[54,54,35,35,50,50,50,40,40,17,17,17,15,15,15,23,51,27,27],"gold":240,"neow_bonus":"THREE_ENEMY_KILL","is_daily":false,"chose_seed":false,"campfire_upgraded":3,"win_rate":0.0,"timestamp":1613901381,"path_taken":["M","$","?","M","?","E","R","E","T","E","R","?","?","M","R","BOSS","M"],"items_purchased_type":["Card"],"build_version":"2020-12-22","purchased_purges":0,"victory":false,"max_hp_per_floor":[60,60,60,60,60,60,60,60,60,60,60,60,60,60,60,60,60,60,60],"card_choices":[{"not_picked":["Rewind","FastForward"],"picked":"Collapse","floor":1},{"not_picked":["Rewind","ShatteredReality"],"picked":"Barrier","floor":3},{"not_picked":["Replace","Starlight"],"picked":"BestPractice","floor":4},{"not_picked":["Unruled","Revamp"],"picked":"Snipe","floor":6},{"not_picked":["Shuttle","Revamp","Defy"],"picked":"SKIP","floor":8},{"not_picked":["Defy","Duplication"],"picked":"ForgedInTime","floor":10},{"not_picked":["Replace","Revamp","Defy"],"picked":"SKIP","floor":13},{"not_picked":["Starlight","TimeWarp"],"picked":"BottledTime","floor":14},{"not_picked":["Sunlight","KillingDoll"],"picked":"ForgedInTime","floor":16}],"player_experience":2208484,"relics_obtained":[{"floor":3,"key":"Unceasing Top"},{"floor":6,"key":"Pocketwatch"},{"floor":8,"key":"infinitespire:Lucky Rock"},{"floor":9,"key":"hubris:PeanutButter"},{"floor":10,"key":"Replay:Baseball"}],"event_choices":[{"damage_healed":15,"gold_gain":0,"player_choice":"Healed","damage_taken":0,"max_hp_gain":0,"max_hp_loss":0,"event_name":"The Cleric","floor":5,"gold_loss":35}],"is_beta":false,"boss_relics":[{"not_picked":["conspire:RunicOctahedron","Kintsugi"],"picked":"MysterySword"}],"items_purged_floors":[],"is_endless":false,"potions_floor_spawned":[4,8,14],"killed_by":"conspire:FuzzyDice","ascension_level":20}}