{"host":"9ndbo4kgsfoemf7y","time":1613886293,"event":{"mods":["AchievementEnabler","BaseMod","Colored Map","DeckTracker","Keyboard Shortcuts","Minty Spire (QoL Compilation)","Permanent Neow","Quick Restart","Relic Stats","StSLib","SuperFastMode"],"gold_per_floor":[12,12,27,27,43,74,74,95,164,183,201,201,201],"floor_reached":12,"language":"KOR","playtime":443,"items_purged":[],"score":127,"play_id":"a47b60d6-2d4e-42dc-ab1c-e9984e421642","local_time":"20210221144453","is_ascension_mode":true,"campfire_choices":[{"floor":7,"key":"REST"}],"circlet_count":0,"master_deck":["AscendersBane","Strike_B","Strike_B","Strike_B","Strike_B","Defend_B","Defend_B","Defend_B","Defend_B","Zap","Dualcast","Sadistic Nature","Darkness","Turbo","Creative AI","White Noise","Loop","Redo","Cold Snap"],"relics":["Cracked Core","Golden Idol","TungstenRod","Meat on the Bone"],"acts_visited":["Exordium"],"potions_floor_usage":[6,12],"damage_taken":[{"damage":2,"enemies":"2 Louse","floor":1,"turns":3},{"damage":0,"enemies":"Small Slimes","floor":3,"turns":3},{"damage":11,"enemies":"Cultist","floor":5,"turns":4},{"damage":30,"enemies":"3 Sentries","floor":6,"turns":5},{"damage":18,"enemies":"Looter","floor":8,"turns":4},{"damage":16,"enemies":"Blue Slaver","floor":10,"turns":4},{"damage":0,"enemies":"Lots of Slimes","floor":11,"turns":1},{"damage":53,"enemies":"Lagavulin","floor":12,"turns":6}],"seed_played":"3987384901110330531","potions_obtained":[{"floor":1,"key":"PowerPotion"},{"floor":3,"key":"FearPotion"},{"floor":10,"key":"Regen Potion"}],"is_trial":false,"path_per_floor":["M","?","M","?","M","E","R","M","T","M","M","E"],"character_chosen":"DEFECT","items_purchased":[],"campfire_rested":1,"item_purchase_floors":[],"current_hp_per_floor":[66,66,66,66,55,25,45,27,27,23,35,0,0],"gold":201,"neow_bonus":"RANDOM_COLORLESS_2","is_daily":false,"chose_seed":false,"campfire_upgraded":0,"win_rate":0.0,"timestamp":1613886293,"path_taken":["M","?","M","?","M","E","R","M","T","?","M","E"],"items_purchased_type":[],"build_version":"2020-12-22","purchased_purges":0,"victory":false,"max_hp_per_floor":[75,69,69,69,69,69,69,69,69,69,69,69,69],"relic_stats":{"counters":[8,29],"Golden Idol":24,"obtain_stats":[{"Golden Idol":2,"Cracked Core":0,"TungstenRod":6,"Meat on the Bone":9},{"Golden Idol":1,"Cracked Core":0,"TungstenRod":4,"Meat on the Bone":5},{"Golden Idol":3,"Cracked Core":0,"TungstenRod":15,"Meat on the Bone":18}],"TungstenRod":9,"Meat on the Bone":24},"card_choices":[{"not_picked":["Secret Technique","Magnetism"],"picked":"Sadistic Nature","floor":0},{"not_picked":["Beam Cell","Heatsinks"],"picked":"Darkness","floor":1},{"not_picked":["Stack","Static Discharge"],"picked":"Turbo","floor":3},{"not_picked":["Barrage","Scrape"],"picked":"White Noise","floor":5},{"not_picked":["Coolheaded","Sweeping Beam"],"picked":"Loop","floor":6},{"not_picked":["Steam Power","Consume"],"picked":"Redo","floor":8},{"not_picked":["Lockon","Ball Lightning"],"picked":"Cold Snap","floor":10},{"not_picked":["Darkness","FTL","Lockon"],"picked":"SKIP","floor":11}],"player_experience":877001,"relics_obtained":[{"floor":6,"key":"TungstenRod"},{"floor":9,"key":"Meat on the Bone"}],"event_choices":[{"damage_healed":0,"gold_gain":0,"player_choice":"Lose Max HP","damage_taken":0,"relics_obtained":["Golden Idol"],"max_hp_gain":0,"max_hp_loss":6,"event_name":"Golden Idol","floor":2,"gold_loss":0},{"damage_healed":0,"gold_gain":0,"player_choice":"1 cards matched","damage_taken":0,"max_hp_gain":0,"max_hp_loss":0,"event_name":"Match and Keep!","floor":4,"gold_loss":0,"cards_obtained":["Creative AI"]}],"is_beta":false,"boss_relics":[],"items_purged_floors":[],"is_endless":false,"potions_floor_spawned":[1,3,5,10,11],"killed_by":"Lagavulin","ascension_level":11}}