{"host":"fnndj664xgd3vavt","time":1613866584,"event":{"mods":["AchievementEnabler","BaseMod","Colored Powertips","DeckTracker","Downfall","Hermit","Highlight Path","Infinite Spire","Marisa????????","Minty Spire (QoL Compilation)","Quick Restart","Random Character Button","Replay The Spire","StSLib","The Cursed","The Servant 0.9.4"],"gold_per_floor":[404,416,48,68,68,68,68,68,68,68],"floor_reached":8,"language":"ENG","playtime":344,"items_purged":[],"score":44,"play_id":"4aa36605-b516-4b30-8060-ed7ec136f465","local_time":"20210220191624","is_ascension_mode":false,"campfire_choices":[],"circlet_count":0,"master_deck":["hexamod:Strike","hexamod:Strike","hexamod:Strike","hexamod:Strike","hexamod:Defend","hexamod:Defend","hexamod:Defend","hexamod:Defend","hexamod:Sear","hexamod:HauntingEcho","hexamod:TimeWarp","hexamod:PhantomCloak+1","hexamod:GhostLash","Survivor","infinitespire:Fortify"],"relics":["Torii","m_HexaRing","Replay:Kaleidoscope"],"acts_visited":["Exordium"],"potions_floor_usage":[],"damage_taken":[{"damage":1,"enemies":"Jaw Worm","floor":2,"turns":3},{"damage":0,"enemies":"downfall:FleeingMerchant","floor":3,"turns":4},{"damage":0,"enemies":"2 Louse","floor":4,"turns":2},{"damage":49,"enemies":"Gremlin Nob","floor":8,"turns":4}],"seed_played":"-3822399052662535216","potions_obtained":[],"is_trial":false,"path_per_floor":["R","M","$","M","?","?","T","E"],"character_chosen":"THE_SPIRIT","items_purchased":["Torii","hexamod:PhantomCloak+1"],"campfire_rested":0,"item_purchase_floors":[3,3],"current_hp_per_floor":[49,48,48,48,48,31,31,0,0,0],"gold":68,"neow_bonus":"TWO_FIFTY_GOLD","is_daily":false,"chose_seed":false,"campfire_upgraded":0,"win_rate":0.0,"timestamp":1613866584,"path_taken":["R","M","$","M","?","?","T","E"],"items_purchased_type":["Relic","Card"],"build_version":"2020-12-22","purchased_purges":0,"victory":false,"max_hp_per_floor":[70,70,70,70,70,70,70,70,70,70],"card_choices":[{"not_picked":["hexamod:BurningTouch","hexamod:HauntingEcho","hexamod:NightmareGuise"],"picked":"SKIP","floor":2},{"not_picked":["hexamod:BurningTouch","hexamod:NightmareGuise"],"picked":"hexamod:HauntingEcho","floor":2},{"not_picked":["hexamod:NightmareStrike","hexamod:GhostflameBarrier"],"picked":"hexamod:TimeWarp","floor":3},{"not_picked":["hexamod:Firestarter","hexamod:GhostLash","hexamod:BurningTouch"],"picked":"SKIP","floor":4},{"not_picked":["hexamod:Firestarter","hexamod:BurningTouch"],"picked":"hexamod:GhostLash","floor":4},{"not_picked":["infinitespire:Menacing","Replay:Fractal Strike"],"picked":"infinitespire:Fortify","floor":6}],"player_experience":337139,"relics_obtained":[{"floor":7,"key":"Replay:Kaleidoscope"}],"event_choices":[],"is_beta":false,"boss_relics":[],"items_purged_floors":[],"is_endless":false,"potions_floor_spawned":[],"killed_by":"Gremlin Nob","ascension_level":0}}