{"host":"xp5rvh2jwe2ejyfm","time":1613925228,"event":{"mods":["2.2 Compatiblity","Aspiration","Bard","BaseMod","Beaked The Cultist","Better Altar","Better Match","Better Note","Better Sensory Stone","Better Skull","BetterRewards","Colored Powertips","Conspire","Downfall","GifTheSpireLib","Gremlin Mod","GungeonMod","Hermit","Hubris","Jorbs\u0027s Wanderer Trilogy","Mad Scientist","Minty Spire (QoL Compilation)","Potionbrewer","Quick Restart","Replay The Spire","Robot Space Explorer","Shade Mod","Somnambulant","StSLib","The Bug Knight","The Clintock","The Construct","The Cursed","The Disciple","The Forsaken","The Hierophant","The Marked","The Mystic","The Necromancer","The Runesmith","The Servant 0.9.4","The Valiant","The Witch","TheFirefly","TheVacant","thorton"],"gold_per_floor":[117,136,9,20,34,34,60,60,135,146,146,146,164,174,174,277,277,296,296,345,345,370,370,409,409,409,439,467,467,519,4,4,4,4],"floor_reached":33,"language":"ENG","playtime":2335,"items_purged":[],"score":314,"play_id":"3aecffbf-2092-4e16-a27d-7ceb3fc8d7ee","local_time":"20210221113348","is_ascension_mode":false,"campfire_choices":[{"floor":6,"key":"RECALL"},{"floor":8,"key":"REST"},{"data":"MadScienceMod:PowerArmor","floor":12,"key":"SMITH"},{"data":"MadScienceMod:AcidSpray","floor":15,"key":"SMITH"},{"data":"MadScienceMod:AssemblyLine","floor":23,"key":"SMITH"},{"data":"MadScienceMod:PowerArmor","floor":25,"key":"SMITH"},{"floor":29,"key":"REST"},{"floor":32,"key":"REST"}],"circlet_count":0,"master_deck":["MadScienceMod:AssemblyLine+1","MadScienceMod:Strike_MadScience","MadScienceMod:Strike_MadScience","MadScienceMod:Strike_MadScience","MadScienceMod:Strike_MadScience","MadScienceMod:Defend_MadScience+1","MadScienceMod:Defend_MadScience","MadScienceMod:Defend_MadScience+1","MadScienceMod:PoweredStrike","MadScienceMod:HideBehindJunk","MadScienceMod:OilDrum","MadScienceMod:AcidSpray+1","MadScienceMod:PowerArmor+1","MadScienceMod:AcidSpray","MadScienceMod:FlammableWall","MadScienceMod:AcidSpray","MadScienceMod:NowOrNever+1","MadScienceMod:LightOnFire+1","MadScienceMod:PowerArmor+1","MadScienceMod:Strafe+1","MadScienceMod:RecyclingStation","MadScienceMod:FlexibleSpear+1","MadScienceMod:FlexibleSpear+1","ReplayTheSpireMod:Faulty Equipment","MadScienceMod:FumeBlast+1","MadScienceMod:AssemblyLine","MadScienceMod:MakeOrBreak","MadScienceMod:FragmentationGrenade+1","MadScienceMod:BandageBot","MadScienceMod:BandageBot","MadScienceMod:BandageBot","MadScienceMod:PowerArmor+1"],"relics":["MadScienceMod:FuelTank","War Paint","theForsaken:HumbleEgg","aspiration:FrozenJewel","thethorton:GreedFountain","Boot","conspire:DecoderRing","ReplayTheSpireMod:Lightbulb","Vajra","DollysMirror","DemoMod:MonsterBlood"],"acts_visited":["Exordium","TheCity"],"potions_floor_usage":[7,16,20,24,33],"damage_taken":[{"damage":4,"enemies":"Small Slimes","floor":1,"turns":5},{"damage":0,"enemies":"Cultist","floor":2,"turns":6},{"damage":0,"enemies":"Jaw Worm","floor":4,"turns":4},{"damage":6,"enemies":"Exordium Wildlife","floor":5,"turns":8},{"damage":21,"enemies":"3 Sentries","floor":7,"turns":7},{"damage":0,"enemies":"3 Louse","floor":10,"turns":2},{"damage":0,"enemies":"Red Slaver","floor":13,"turns":5},{"damage":4,"enemies":"Blue Slaver","floor":14,"turns":5},{"damage":31,"enemies":"Hexaghost","floor":16,"turns":17},{"damage":3,"enemies":"Chosen","floor":18,"turns":11},{"damage":9,"enemies":"conspire:FuzzyDice","floor":20,"turns":8},{"damage":12,"enemies":"conspire:HollyBat","floor":22,"turns":10},{"damage":10,"enemies":"conspire:SneckoGhost","floor":24,"turns":10},{"damage":19,"enemies":"Snecko","floor":27,"turns":9},{"damage":11,"enemies":"3 Cultists","floor":28,"turns":6},{"damage":0,"enemies":"HollowMod:Nosk","floor":30,"turns":12},{"damage":97,"enemies":"Collector","floor":33,"turns":7}],"seed_played":"-3580351076302073825","potions_obtained":[{"floor":2,"key":"potionbrewer:AcidPotion"},{"floor":5,"key":"AttackPotion"},{"floor":7,"key":"LifebloodPotion"},{"floor":13,"key":"potionbrewer:AcidPotion"},{"floor":16,"key":"potionbrewer:ToxicPotion"},{"floor":18,"key":"ColorlessPotion"},{"floor":22,"key":"Ancient Potion"},{"floor":28,"key":"Swift Potion"}],"is_trial":false,"path_per_floor":["M","M","$","M","M","R","E","R","T","M","?","R","M","M","R","B",null,"M","?","M","?","M","R","E","R","T","M","M","R","E","$","R","B"],"character_chosen":"MAD_SCIENTIST","items_purchased":["MadScienceMod:PowerArmor","MadScienceMod:AcidSpray","Vajra","MadScienceMod:BandageBot","DollysMirror","DemoMod:MonsterBlood"],"campfire_rested":3,"item_purchase_floors":[3,3,31,31,31,31],"current_hp_per_floor":[71,71,71,71,65,65,44,66,66,66,66,66,66,62,62,31,75,72,72,63,63,51,51,41,41,41,22,11,33,33,40,64,0,0],"gold":4,"neow_bonus":"RANDOM_COMMON_RELIC","is_daily":false,"chose_seed":false,"campfire_upgraded":4,"win_rate":0.0,"timestamp":1613925228,"path_taken":["M","M","$","M","M","R","E","R","T","M","?","R","M","?","R","BOSS","M","?","M","?","M","R","E","R","T","M","?","R","E","?","R","BOSS"],"items_purchased_type":["Card","Card","Relic","Card","Relic","Relic"],"build_version":"2020-12-22","purchased_purges":0,"victory":false,"max_hp_per_floor":[75,75,75,75,75,75,75,75,75,75,75,75,75,75,75,75,75,75,75,75,75,75,75,75,75,75,75,75,75,75,82,82,82,82],"card_choices":[{"not_picked":["MadScienceMod:Detonate","MadScienceMod:GattlingGun"],"picked":"MadScienceMod:OilDrum","floor":1},{"not_picked":["MadScienceMod:Liquify","MadScienceMod:FlexibleSpear"],"picked":"MadScienceMod:AcidSpray","floor":2},{"not_picked":["MadScienceMod:Retarget","MadScienceMod:Bombardment"],"picked":"MadScienceMod:FlammableWall","floor":4},{"not_picked":["MadScienceMod:ShrinkRay","MadScienceMod:FlameCannon"],"picked":"MadScienceMod:AcidSpray","floor":5},{"not_picked":["MadScienceMod:MindControlBeam","MadScienceMod:EnergyBarrier+1"],"picked":"MadScienceMod:NowOrNever+1","floor":7},{"not_picked":["MadScienceMod:ShrinkRay+1","MadScienceMod:Detonate+1"],"picked":"MadScienceMod:LightOnFire+1","floor":10},{"not_picked":["MadScienceMod:Lightbulb","MadScienceMod:FlameCannon+1"],"picked":"MadScienceMod:Strafe+1","floor":13},{"not_picked":["MadScienceMod:TimeDilationField","MadScienceMod:FlammableWall"],"picked":"MadScienceMod:RecyclingStation","floor":14},{"not_picked":["MadScienceMod:Browse","MadScienceMod:Detonate+1"],"picked":"MadScienceMod:FlexibleSpear+1","floor":18},{"not_picked":["MadScienceMod:Poke","MadScienceMod:Bayonet"],"picked":"MadScienceMod:FlexibleSpear+1","floor":20},{"not_picked":["MadScienceMod:Refuel+1","MadScienceMod:NowOrNever+1"],"picked":"MadScienceMod:FumeBlast+1","floor":22},{"not_picked":["MadScienceMod:AcidSpray+1","MadScienceMod:AntimatterBomb+1"],"picked":"MadScienceMod:AssemblyLine","floor":24},{"not_picked":["MadScienceMod:AntimatterBomb+1","MadScienceMod:FragmentationGrenade+1"],"picked":"MadScienceMod:MakeOrBreak","floor":27},{"not_picked":["MadScienceMod:AutoStrike+1","MadScienceMod:AntimatterBomb+1"],"picked":"MadScienceMod:FragmentationGrenade+1","floor":28},{"not_picked":["MadScienceMod:FlexibleSpear+1","MadScienceMod:Bombardment"],"picked":"MadScienceMod:BandageBot","floor":30}],"player_experience":546238,"relics_obtained":[{"floor":7,"key":"theForsaken:HumbleEgg"},{"floor":9,"key":"aspiration:FrozenJewel"},{"floor":24,"key":"conspire:DecoderRing"},{"floor":30,"key":"ReplayTheSpireMod:Lightbulb"}],"event_choices":[{"damage_healed":0,"gold_gain":0,"cards_transformed":["MadScienceMod:Defend_MadScience"],"player_choice":"Transformed","damage_taken":0,"max_hp_gain":0,"max_hp_loss":0,"event_name":"Transmorgrifier","floor":11,"gold_loss":0,"cards_obtained":["MadScienceMod:PowerArmor"]},{"damage_healed":0,"gold_gain":0,"player_choice":"Ignored","damage_taken":0,"max_hp_gain":0,"max_hp_loss":0,"event_name":"betterNote:BetterNote","floor":19,"gold_loss":0,"cards_obtained":["hermit:Headshot"]}],"is_beta":false,"boss_relics":[{"not_picked":["Velvet Choker","SlaversCollar"],"picked":"thethorton:GreedFountain"}],"items_purged_floors":[],"is_endless":false,"potions_floor_spawned":[2,5,7,13,16,18,22,28],"killed_by":"Collector","ascension_level":0}}