{"host":"dz37y7s0f4dytpbs","time":1613920167,"event":{"mods":["AchievementEnabler","BaseMod","BetterRewards","Colored Map","Keyboard Shortcuts","Minty Spire (QoL Compilation)","Permanent Neow","StSLib","SuperFastMode","everything is the same but u backflip on backflip"],"gold_per_floor":[117,117,117,131,149,149,180,32,55,75,75,95,105,105,105,202,202,215,140,140,140,115,115],"floor_reached":22,"language":"KOR","playtime":903,"items_purged":["Strike_B"],"score":239,"play_id":"c43a0b55-ef8f-4fff-8509-ba6b2e76b2dd","local_time":"20210222000927","is_ascension_mode":true,"campfire_choices":[{"data":"Zap","floor":6.0,"key":"SMITH"},{"data":"Loop","floor":11.0,"key":"SMITH"},{"data":"Echo Form","floor":15.0,"key":"SMITH"}],"circlet_count":0,"master_deck":["Strike_B+1","Strike_B","Defend_B","Defend_B","Defend_B","Defend_B","Zap+1","Dualcast+1","Echo Form+1","Doom and Gloom","Heatsinks","Steam","Loop+1","Sweeping Beam","Coolheaded","Echo Form","Echo Form","Darkness+1"],"relics":["Cracked Core","Vajra","Lee\u0027s Waffle","PreservedInsect","Omamori","SlaversCollar","SsserpentHead"],"acts_visited":["Exordium","TheCity"],"potions_floor_usage":[20],"damage_taken":[{"damage":1.0,"enemies":"Small Slimes","floor":1.0,"turns":4.0},{"damage":1.0,"enemies":"Cultist","floor":4.0,"turns":3.0},{"damage":2.0,"enemies":"Jaw Worm","floor":5.0,"turns":3.0},{"damage":19.0,"enemies":"3 Sentries","floor":7.0,"turns":6.0},{"damage":0.0,"enemies":"2 Fungi Beasts","floor":10.0,"turns":3.0},{"damage":8.0,"enemies":"Blue Slaver","floor":12.0,"turns":4.0},{"damage":6.0,"enemies":"Lots of Slimes","floor":13.0,"turns":3.0},{"damage":38.0,"enemies":"Slime Boss","floor":16.0,"turns":5.0},{"damage":22.0,"enemies":"Shell Parasite","floor":18.0,"turns":4.0},{"damage":0,"enemies":"Masked Bandits","floor":20,"turns":1},{"damage":41,"enemies":"2 Thieves","floor":22,"turns":3}],"seed_played":"-4365243135934824803","potions_obtained":[{"floor":4.0,"key":"Explosive Potion"},{"floor":5.0,"key":"Weak Potion"},{"floor":10.0,"key":"Block Potion"},{"floor":13.0,"key":"SpeedPotion"},{"floor":18.0,"key":"SmokeBomb"}],"is_trial":false,"path_per_floor":["M","?","?","M","M","R","E","$","T","M","R","M","M","T","R","B",null,"M","$","?","?","M"],"character_chosen":"DEFECT","items_purchased":["Lee\u0027s Waffle"],"campfire_rested":0,"item_purchase_floors":[8],"current_hp_per_floor":[67,53,53,52,50,50,31,75,75,75,75,67,61,61,61,23,62,40,40,40,40,0,0],"gold":115,"neow_bonus":"THREE_RARE_CARDS","is_daily":false,"chose_seed":false,"campfire_upgraded":3,"win_rate":0.0,"timestamp":1613920167,"path_taken":["M","?","?","M","M","R","E","$","T","M","R","M","?","?","R","BOSS","M","$","?","?","?"],"items_purchased_type":["Relic"],"build_version":"2020-12-22","purchased_purges":1,"victory":false,"max_hp_per_floor":[68,68,68,68,68,68,68,75,75,75,75,75,75,75,75,75,75,75,75,75,75,75,75],"card_choices":[{"not_picked":["Rainbow","Multi-Cast"],"picked":"Echo Form","floor":0.0},{"not_picked":["Redo","Leap"],"picked":"Doom and Gloom","floor":1.0},{"not_picked":["Streamline","Turbo"],"picked":"Heatsinks","floor":4.0},{"not_picked":["Reprogram","Redo"],"picked":"Steam","floor":5.0},{"not_picked":["Double Energy","Streamline"],"picked":"Loop","floor":7.0},{"not_picked":["Steam","Barrage"],"picked":"Sweeping Beam","floor":10.0},{"not_picked":["Steam Power","Cold Snap"],"picked":"Coolheaded","floor":12.0},{"not_picked":["BootSequence","White Noise"],"picked":"Echo Form","floor":13.0},{"not_picked":["Meteor Strike","Reboot"],"picked":"Echo Form","floor":16.0},{"not_picked":["Hologram","Go for the Eyes+1"],"picked":"Darkness+1","floor":18.0}],"player_experience":326521,"relics_obtained":[{"floor":7.0,"key":"Vajra"},{"floor":9.0,"key":"PreservedInsect"},{"floor":14.0,"key":"Omamori"}],"event_choices":[{"damage_healed":0.0,"max_hp_gain":0.0,"max_hp_loss":0.0,"gold_gain":0.0,"event_name":"Shining Light","player_choice":"Entered Light","floor":2.0,"gold_loss":0.0,"damage_taken":14.0,"cards_upgraded":["Strike_B","Dualcast"]},{"cards_removed":["Strike_B"],"damage_healed":0.0,"max_hp_gain":0.0,"max_hp_loss":0.0,"gold_gain":0.0,"event_name":"Purifier","player_choice":"Purged","floor":3.0,"gold_loss":0.0,"damage_taken":0.0},{"damage_healed":0,"gold_gain":0,"player_choice":"Fought Bandits","damage_taken":0,"max_hp_gain":0,"max_hp_loss":0,"event_name":"Masked Bandits","floor":20,"gold_loss":0},{"damage_healed":0,"gold_gain":0,"player_choice":"Trade","damage_taken":0,"relics_obtained":["SsserpentHead"],"max_hp_gain":0,"max_hp_loss":0,"event_name":"FaceTrader","floor":21,"gold_loss":0}],"is_beta":false,"boss_relics":[{"not_picked":["SacredBark","Ectoplasm"],"picked":"SlaversCollar"}],"items_purged_floors":[19],"is_endless":false,"potions_floor_spawned":[4,5,10,13,18,20],"killed_by":"2 Thieves","ascension_level":6}}