{"host":"bo0l18oso54lsuur","time":1613909310,"event":{"mods":["BaseMod","Colored Map","Colored Powertips","Downfall","Minty Spire (QoL Compilation)","Relic Sorter","StSLib"],"gold_per_floor":[99,113,23,23,43,43,43,43,43,2,43,43,66,86,114,215,215,215,215,233,252,262,289,316,340,361,393,417,417,435,460,472,568,568,568,582,596,5,28,54,54,93,93,93,93,93],"floor_reached":44,"language":"ENG","playtime":3058,"items_purged":["Decay","downfall:Malfunctioning"],"score":611,"play_id":"26377e84-3cd0-4da7-b0d5-05b0fdc920f2","local_time":"20210221230830","is_ascension_mode":false,"campfire_choices":[{"data":"hexamod:Float","floor":1.0,"key":"SMITH"},{"data":"hexamod:SpectersWail","floor":6.0,"key":"SMITH"},{"data":"hexamod:Sear","floor":8.0,"key":"SMITH"},{"data":"hexamod:WildfireWeapon","floor":18.0,"key":"SMITH"},{"data":"hexamod:FastForward","floor":29,"key":"SMITH"},{"data":"hexamod:HexaLevel","floor":35,"key":"SMITH"}],"circlet_count":0,"master_deck":["hexamod:Strike+1","hexamod:Strike+1","hexamod:Strike+1","hexamod:Defend","hexamod:Defend+1","hexamod:Defend","hexamod:Defend+1","hexamod:Sear+1","hexamod:Float+1","hexamod:FourthSeal","hexamod:Rewind","hexamod:SpectersWail+1","hexamod:Float+1","hexamod:SecondSeal","hexamod:FlamesFromBeyond","hexamod:FlamesFromBeyond","hexamod:FirstSeal","hexamod:FirstSeal","hexamod:AdvancingGuard","hexamod:WildfireWeapon+1","hexamod:VolcanoVisage","hexamod:FastForward+1","hexamod:GhostflameBarrier+1","hexamod:SpectersWail","hexamod:SwordOfDarkness","hexamod:Firestarter+1","hexamod:FirstSeal","hexamod:GiftsFromTheDead","hexamod:HeatMetal","hexamod:ShieldOfDarkness+1","hexamod:RecurringNightmare+1","hexamod:FlamesFromBeyond","hexamod:HexaLevel+1","hexamod:Hexaguard","hexamod:PowerFromBeyond","expansioncontent:LastStand","hexamod:GhostOfSpireFuture","hexamod:HeatCrush"],"relics":["hexamod:SpiritBrand","Eternal Feather","Whetstone","Runic Pyramid","Bag of Preparation","Strawberry","Lantern","Busted Crown","Ancient Tea Set","TheAbacus","Pear","Omamori"],"acts_visited":["Exordium","TheCity","TheBeyond"],"potions_floor_usage":[25,27,27,27,32,33,33,37,38,38,40,42,44,44,44],"damage_taken":[{"damage":1.0,"enemies":"Cultist","floor":2.0,"turns":4.0},{"damage":0.0,"enemies":"downfall:FleeingMerchant","floor":3.0,"turns":4.0},{"damage":0.0,"enemies":"Jaw Worm","floor":5.0,"turns":4.0},{"damage":5.0,"enemies":"downfall:FleeingMerchant","floor":10.0,"turns":4.0},{"damage":24.0,"enemies":"Gremlin Nob","floor":11.0,"turns":4.0},{"damage":12.0,"enemies":"2 Louse","floor":13.0,"turns":3.0},{"damage":4.0,"enemies":"Large Slime","floor":14.0,"turns":3.0},{"damage":5.0,"enemies":"Exordium Thugs","floor":15.0,"turns":5.0},{"damage":0.0,"enemies":"SI_SHIV_ARCHETYPE","floor":16.0,"turns":6.0},{"damage":11.0,"enemies":"downfall:LooterAlt2","floor":20.0,"turns":5.0},{"damage":7,"enemies":"Chosen","floor":21,"turns":6},{"damage":31,"enemies":"Snake Plant","floor":22,"turns":6},{"damage":23,"enemies":"3 Cultists","floor":23,"turns":5},{"damage":0,"enemies":"Snecko","floor":25,"turns":5},{"damage":16,"enemies":"Snake Plant","floor":26,"turns":4},{"damage":15,"enemies":"Slavers","floor":27,"turns":4},{"damage":27,"enemies":"Shelled Parasite and Fungi","floor":28,"turns":6},{"damage":12,"enemies":"Snecko","floor":30,"turns":5},{"damage":17,"enemies":"Gremlin Leader","floor":31,"turns":8},{"damage":0,"enemies":"Snake Plant","floor":32,"turns":3},{"damage":14,"enemies":"WA_ARCHETYPE_CALM","floor":33,"turns":9},{"damage":7,"enemies":"Orb Walker","floor":36,"turns":3},{"damage":8,"enemies":"3 Darklings","floor":37,"turns":6},{"damage":5,"enemies":"downfall:FleeingMerchant","floor":38,"turns":4},{"damage":23,"enemies":"Sphere and 2 Shapes","floor":39,"turns":5},{"damage":20,"enemies":"Jaw Worm Horde","floor":40,"turns":6},{"damage":67,"enemies":"Nemesis","floor":42,"turns":9},{"damage":50,"enemies":"Giant Head","floor":44,"turns":8}],"seed_played":"-5635113747306279511","potions_obtained":[{"floor":2.0,"key":"SpeedPotion"},{"floor":3.0,"key":"EssenceOfSteel"},{"floor":5.0,"key":"hexamod:InfernoChargePotion"},{"floor":5.0,"key":"Energy Potion"},{"floor":10.0,"key":"Block Potion"},{"floor":11.0,"key":"Fruit Juice"},{"floor":13.0,"key":"Swift Potion"},{"floor":14.0,"key":"Ancient Potion"},{"floor":14.0,"key":"hexamod:SoulburnPotion"},{"floor":15.0,"key":"hexamod:DoubleChargePotion"},{"floor":16.0,"key":"Dexterity Potion"},{"floor":16.0,"key":"EssenceOfSteel"},{"floor":20.0,"key":"sneckomod:MuddlingPotion"},{"floor":21,"key":"Regen Potion"},{"floor":23,"key":"ColorlessPotion"},{"floor":25,"key":"Guardian:BlockOnCardUsePotion"},{"floor":27,"key":"champ:CounterPotion"},{"floor":30,"key":"SteroidPotion"},{"floor":31,"key":"PowerPotion"},{"floor":32,"key":"Explosive Potion"},{"floor":33,"key":"Fire Potion"},{"floor":36,"key":"Energy Potion"},{"floor":38,"key":"Swift Potion"},{"floor":39,"key":"hexamod:SoulburnPotion"},{"floor":39,"key":"LiquidBronze"},{"floor":40,"key":"DistilledChaos"},{"floor":42,"key":"Block Potion"}],"is_trial":false,"path_per_floor":["R","M","$","?","M","R","T","R","?","$","E","?","M","M","M","B",null,"R","?","M","M","M","M","T","M","M","E","M","R","M","E","M","B",null,"R","M","M","$","M","M","T","E","?","E"],"character_chosen":"THE_SPIRIT","items_purchased":["hexamod:FlamesFromBeyond","expansioncontent:LastStand","hexamod:GhostOfSpireFuture","Ancient Tea Set","TheAbacus"],"campfire_rested":0,"item_purchase_floors":[10,38,38,38,38],"current_hp_per_floor":[84,83,83,83,83,83,83,84,84,79,55,55,48,51,60,74,89,89,89,85,89,65,56,56,70,68,81,75,93,96,96,96,82,96,96,96,96,96,87,81,91,45,45,0,0,0],"gold":93,"neow_bonus":"TWENTY_PERCENT_HP_BONUS","is_daily":false,"chose_seed":false,"campfire_upgraded":6,"win_rate":0.0,"timestamp":1613909310,"path_taken":["R","M","$","?","?","R","T","R","?","?","E","?","M","M","M","BOSS","R","?","M","M","M","M","T","M","M","E","?","R","M","E","M","BOSS","R","M","M","$","M","M","T","E","?","E"],"items_purchased_type":["Card","Card","Card","Relic","Relic"],"build_version":"2020-12-22","purchased_purges":2,"victory":false,"max_hp_per_floor":[84,84,84,84,84,84,84,84,84,84,84,84,89,89,89,89,89,89,89,89,89,89,89,89,89,89,96,96,96,96,96,96,96,96,96,96,96,96,96,96,106,106,106,106,106,106],"card_choices":[{"not_picked":["hexamod:ChargedBarrage","hexamod:GhostShield"],"picked":"hexamod:FourthSeal","floor":2.0},{"not_picked":["hexamod:ExtraCrispy","hexamod:FastForward"],"picked":"hexamod:Rewind","floor":3.0},{"not_picked":["hexamod:FourthSeal","hexamod:Hexaguard"],"picked":"hexamod:SpectersWail","floor":5.0},{"not_picked":["hexamod:Firestarter","hexamod:AdvancingGuard"],"picked":"hexamod:SecondSeal","floor":10.0},{"not_picked":["hexamod:SpectersWail","hexamod:NightmareGuise"],"picked":"hexamod:FlamesFromBeyond","floor":11.0},{"not_picked":["hexamod:SpectralAdrenaline","hexamod:SpectersWail"],"picked":"hexamod:FirstSeal","floor":13.0},{"not_picked":["hexamod:HeatCrush","hexamod:GhostOfSpirePast"],"picked":"hexamod:FirstSeal","floor":14.0},{"not_picked":["hexamod:HauntingEcho","hexamod:InspiringFlames"],"picked":"hexamod:AdvancingGuard","floor":15.0},{"not_picked":["hexamod:GhostflameInferno","hexamod:UnleashSpirits"],"picked":"hexamod:WildfireWeapon","floor":16.0},{"not_picked":["hexamod:Incineration+1","hexamod:SpectersWail+1"],"picked":"hexamod:GhostflameBarrier+1","floor":20.0},{"not_picked":["hexamod:Incineration+1","hexamod:FlamesFromBeyond"],"picked":"hexamod:SpectersWail","floor":21},{"not_picked":["hexamod:FlamesFromBeyond","hexamod:GhostShield","hexamod:BacktrackSmack+1"],"picked":"SKIP","floor":22},{"not_picked":["hexamod:ShieldOfDarkness","hexamod:ThermalTransfer"],"picked":"hexamod:SwordOfDarkness","floor":23},{"not_picked":["hexamod:RetreatToShadows","hexamod:AdvancingGuard+1"],"picked":"hexamod:Firestarter+1","floor":25},{"not_picked":["hexamod:FlamesFromBeyond","hexamod:InspiringFlames"],"picked":"hexamod:FirstSeal","floor":26},{"not_picked":["hexamod:DynamicBlow","hexamod:ParanormalForm"],"picked":"hexamod:GiftsFromTheDead","floor":27},{"not_picked":["hexamod:HeatShield","hexamod:Firestarter"],"picked":"hexamod:HeatMetal","floor":28},{"not_picked":["hexamod:GhostShield","hexamod:Rewind"],"picked":"hexamod:ShieldOfDarkness+1","floor":30},{"not_picked":["hexamod:FlamesFromBeyond","hexamod:EtherealExpedition"],"picked":"hexamod:RecurringNightmare+1","floor":31},{"not_picked":["hexamod:GhostShield+1","hexamod:FourthSeal"],"picked":"hexamod:FlamesFromBeyond","floor":32},{"not_picked":["hexamod:SixthSeal","hexamod:TimeOfNeed"],"picked":"hexamod:HexaLevel","floor":33},{"not_picked":[],"picked":"hexamod:Hexaguard","floor":36},{"not_picked":["hexamod:SwordOfDarkness"],"picked":"SKIP","floor":37},{"not_picked":[],"picked":"hexamod:PowerFromBeyond","floor":38},{"not_picked":[],"picked":"hexamod:HeatCrush","floor":39},{"not_picked":["hexamod:SwordOfDarkness+1"],"picked":"SKIP","floor":40},{"not_picked":["hexamod:ShieldOfDarkness"],"picked":"SKIP","floor":42}],"player_experience":97723,"relics_obtained":[{"floor":7.0,"key":"Eternal Feather"},{"floor":11.0,"key":"Whetstone"},{"floor":24,"key":"Bag of Preparation"},{"floor":27,"key":"Strawberry"},{"floor":31,"key":"Lantern"},{"floor":41,"key":"Pear"},{"floor":42,"key":"Omamori"}],"event_choices":[],"is_beta":false,"boss_relics":[{"not_picked":["Snecko Eye","bronze:MakeshiftBattery"],"picked":"Runic Pyramid"},{"not_picked":["Tiny House","SlaversCollar"],"picked":"Busted Crown"}],"items_purged_floors":[3,38],"is_endless":false,"potions_floor_spawned":[2,5,13,14,16,20,25,26,27,31,32,33,39,40],"killed_by":"Giant Head","ascension_level":0}}