{"host":"8dojo26n353y1ich","time":1613885520,"event":{"mods":["AchievementEnabler","BaseMod","Colored Powertips","Minty Spire (QoL Compilation)","Quick Restart","StSLib"],"gold_per_floor":[116,134,144,69,87,87,113,124,151,182,182,192,192,192],"floor_reached":13,"language":"ENG","playtime":508,"items_purged":["Defend_B"],"score":116,"play_id":"29760a25-b8d3-4b60-9a0e-1baaca8d0298","local_time":"20210220233200","is_ascension_mode":true,"campfire_choices":[{"data":"Redo","floor":6,"key":"SMITH"}],"circlet_count":0,"master_deck":["Strike_B","Strike_B","Strike_B","Strike_B","Defend_B","Defend_B","Defend_B","Zap","Dualcast","Conserve Battery","Sunder","Redo+1","All For One","Defragment","Coolheaded","Scrape","Gash"],"relics":["Cracked Core","Oddly Smooth Stone","Anchor","Juzu Bracelet","Centennial Puzzle"],"acts_visited":["Exordium"],"potions_floor_usage":[10,10,10,12],"damage_taken":[{"damage":16,"enemies":"Jaw Worm","floor":1,"turns":4},{"damage":4,"enemies":"Cultist","floor":2,"turns":4},{"damage":0,"enemies":"Small Slimes","floor":3,"turns":2},{"damage":5,"enemies":"Looter","floor":5,"turns":3},{"damage":32,"enemies":"Lagavulin","floor":7,"turns":5},{"damage":2,"enemies":"Large Slime","floor":8,"turns":4},{"damage":11,"enemies":"Gremlin Nob","floor":10,"turns":3},{"damage":1,"enemies":"3 Louse","floor":12,"turns":3},{"damage":17,"enemies":"3 Sentries","floor":13,"turns":4}],"seed_played":"-5561167187884574533","potions_obtained":[{"floor":5,"key":"Explosive Potion"},{"floor":7,"key":"Energy Potion"},{"floor":8,"key":"Swift Potion"},{"floor":10,"key":"Regen Potion"},{"floor":12,"key":"GamblersBrew"}],"is_trial":false,"path_per_floor":["M","M","M","$","M","R","E","M","T","E","?","M","E"],"character_chosen":"DEFECT","items_purchased":[],"campfire_rested":0,"item_purchase_floors":[],"current_hp_per_floor":[59,55,55,55,50,50,18,16,16,5,5,13,0,0],"gold":192,"neow_bonus":"RANDOM_COMMON_RELIC","is_daily":false,"chose_seed":false,"campfire_upgraded":1,"win_rate":0.0,"timestamp":1613885520,"path_taken":["M","M","M","$","M","R","E","M","T","E","?","M","E"],"items_purchased_type":[],"build_version":"2020-12-22","purchased_purges":1,"victory":false,"max_hp_per_floor":[75,75,75,75,75,75,75,75,75,75,75,75,75,75],"card_choices":[{"not_picked":["Coolheaded","Ball Lightning"],"picked":"Conserve Battery","floor":1},{"not_picked":["Ball Lightning","Redo"],"picked":"Sunder","floor":2},{"not_picked":["Beam Cell","Leap"],"picked":"Redo","floor":3},{"not_picked":["Hologram","Coolheaded"],"picked":"All For One","floor":5},{"not_picked":["Tempest","Reinforced Body"],"picked":"Defragment","floor":7},{"not_picked":["Turbo","Storm"],"picked":"Coolheaded","floor":8},{"not_picked":["Stack","Redo"],"picked":"Scrape","floor":10},{"not_picked":["Static Discharge","Conserve Battery"],"picked":"Gash","floor":12}],"player_experience":210266,"relics_obtained":[{"floor":7,"key":"Anchor"},{"floor":9,"key":"Juzu Bracelet"},{"floor":10,"key":"Centennial Puzzle"}],"event_choices":[{"damage_healed":0,"gold_gain":0,"player_choice":"0 cards matched","damage_taken":0,"max_hp_gain":0,"max_hp_loss":0,"event_name":"Match and Keep!","floor":11,"gold_loss":0,"cards_obtained":[]}],"is_beta":false,"boss_relics":[],"items_purged_floors":[4],"is_endless":false,"potions_floor_spawned":[5,7,8,10,12],"killed_by":"3 Sentries","ascension_level":4}}