{"host":"k7hh5t5q02m5a7u6","time":1613899269,"event":{"mods":["A Magickal Journey","Act Like it!","Astrologer","Bard","BaseMod","Better Note","Better Skull","Clockwork Mod","Colored Powertips","Conspire","Downfall","Gremlin Skip","GungeonMod","Hallownest","Highlight Path","Hubris","Hunter ??","Jorbs\u0027s Wanderer Trilogy","Koishi","Mad Scientist","Marisa????????","Mimic Mod","Minty Spire (QoL Compilation)","Permanent Neow","Prisma Mod","Quick Restart","Shop Mod","StSLib","SuperFastMode","The Hierophant"],"gold_per_floor":[119,119,137,62,62,62,93,103,130,130,161,61,61,61,61,162,162,173,173,210,230,250,578,593,593,620,653,653,653,653,670,670,766,766,777,777,777,787,827,852,178,192,215,230,230,247,263,281,281,281],"floor_reached":51,"language":"ENG","playtime":3530,"items_purged":["PrismaMod:ChloeCommonDefend","Hallownest:curseDreamersLament","Shame"],"score":807,"play_id":"665b3a2c-7d2c-44f5-bad5-07b992fc2eb6","local_time":"20210221102109","is_ascension_mode":false,"campfire_choices":[{"data":"PrismaMod:ChloeUncommonDefend","floor":6.0,"key":"SMITH"},{"data":"PrismaMod:ChloeGaeBolg","floor":10.0,"key":"SMITH"},{"data":"PrismaMod:ChloeChristmas","floor":15.0,"key":"SMITH"},{"data":"PrismaMod:ChloeRitsuka","floor":25.0,"key":"SMITH"},{"floor":29.0,"key":"REST"},{"data":"PrismaMod:ChloeUnlimitedBladeWorks","floor":32.0,"key":"SMITH"},{"floor":49,"key":"DIG"}],"circlet_count":0,"master_deck":["PrismaMod:ChloeCommonAttack","PrismaMod:ChloeCommonAttack","PrismaMod:ChloeCommonAttack+1","PrismaMod:ChloeCommonAttack","PrismaMod:ChloeCommonAttack","PrismaMod:ChloeCommonDefend+1","PrismaMod:ChloeCommonDefend+1","PrismaMod:ChloeCommonDefend+1","PrismaMod:ChloeCheapAttack","PrismaMod:ChloeCheapDefend+1","PrismaMod:ChloeChristmas+1","PrismaMod:ChloeUncommonDefend+1","PrismaMod:ChloeGaeBolg+1","PrismaMod:ChloeDiscardRecovery+1","PrismaMod:ChloeRuleBreaker+1","PrismaMod:ChloeCarnivalDefend+1","PrismaMod:ChloeExhaustOne+1","PrismaMod:ChloeCheapAttackTwo+1","PrismaMod:ChloeRitsuka+1","PrismaMod:ChloeUnlimitedBladeWorks+1","PrismaMod:ChloeCarnivalAOEAttack","PrismaMod:ChloeExhaustOne+1","Hallownest:curseDreamersLament","PrismaMod:ChloeRhongomyniad+1","PrismaMod:ChloeReshuffleDiscard","PrismaMod:ChloeEyeOfTheEuryale","PrismaMod:ChloeExhaustOne+1","PrismaMod:ChloeExhaustOne+1","PrismaMod:ChloeRitsuka+1","PrismaMod:ChloeCaladbolg+1"],"relics":["PrismaMod:PrismaTraceOn","DemoMod:Metronome","DemoMod:PoisonVial","hubris:GlazedTorus","conspire:SpecialSausage","Red Mask","Lizard Tail","Old Coin","MealTicket","WarpedTongs","Sozu","Hallownest:BlackEggRelic","hubris:Icosahedron","Shovel","DemoMod:PartiallyEatenCheese","hubris:HerbalPaste","Pear","War Paint","Orichalcum","DemoMod:PinkGuonStone"],"acts_visited":["Hallownest:Greenpath","Hallownest:CityofTears","Hallownest:KingdomsEdge"],"potions_floor_usage":[50,50],"damage_taken":[{"damage":0.0,"enemies":"Hallownest:monsterHuskWarrior","floor":1.0,"turns":4.0},{"damage":0.0,"enemies":"Hallownest:2_Baldur","floor":3.0,"turns":3.0},{"damage":3.0,"enemies":"Hallownest:eliteVengeflyKing","floor":7.0,"turns":5.0},{"damage":0.0,"enemies":"2_ Uuma","floor":8.0,"turns":1.0},{"damage":1.0,"enemies":"Hallownest:eliteMossKnight","floor":11.0,"turns":3.0},{"damage":0.0,"enemies":"Hallownest:monsterAspidMother","floor":14.0,"turns":2.0},{"damage":28.0,"enemies":"Hallownest:BossHornet","floor":16.0,"turns":11.0},{"damage":0.0,"enemies":"Hallownest:Flukemon_and_Top","floor":18.0,"turns":5.0},{"damage":22.0,"enemies":"conspire:MimicChest","floor":20.0,"turns":4.0},{"damage":0.0,"enemies":"Hallownest:3_Youths","floor":21.0,"turns":4.0},{"damage":0.0,"enemies":"Hallownest:2_Flukemon","floor":22.0,"turns":6.0},{"damage":22.0,"enemies":"Hallownest:eliteWatcherKnight","floor":23.0,"turns":10.0},{"damage":0.0,"enemies":"Hallownest:2_Husk_Sentries","floor":24.0,"turns":3.0},{"damage":16.0,"enemies":"Hallownest:Glutton_and_Coward","floor":27.0,"turns":3.0},{"damage":0.0,"enemies":"Hallownest:Warrior_and_Youth","floor":31.0,"turns":2.0},{"damage":13.0,"enemies":"Hallownest:BossMantisLord","floor":33.0,"turns":8.0},{"damage":9.0,"enemies":"Hallownest:2_Littles","floor":35.0,"turns":4.0},{"damage":1.0,"enemies":"Hallownest:3_Siblings","floor":38.0,"turns":4.0},{"damage":13,"enemies":"Hallownest:Xero_Hu_Marmu","floor":39,"turns":6},{"damage":0,"enemies":"Hallownest:StalkingDevout","floor":40,"turns":4},{"damage":16,"enemies":"Hallownest:Xero_Hu_Marmu","floor":42,"turns":3},{"damage":1,"enemies":"Hallownest:Shield_Sturdy","floor":44,"turns":4},{"damage":0,"enemies":"Hallownest:monsterPrimalAspid","floor":46,"turns":3},{"damage":1,"enemies":"Hallownest:2_Great","floor":47,"turns":3},{"damage":5,"enemies":"Hallownest:Xero_Hu_Marmu","floor":48,"turns":3},{"damage":39,"enemies":"Hallownest:BossHollowKnight","floor":50,"turns":5}],"seed_played":"-4411633186301766605","potions_obtained":[{"floor":3.0,"key":"Block Potion"},{"floor":8.0,"key":"SkillPotion"},{"floor":11.0,"key":"LiquidMemories"},{"floor":21.0,"key":"sneckomod:MuddlingPotion"},{"floor":33.0,"key":"EssenceOfSteel"}],"is_trial":false,"path_per_floor":["M","?","M","$","?","R","E","M","T","R","E","$","?","M","R","B",null,"M","?","?","M","M","E","M","R","T","M","?","R","?","M","R","B",null,"M","?","?","M","MIM","E","$","M","T","M","?","M","M","M","R","B",null],"character_chosen":"CHLOE","items_purchased":["hubris:HerbalPaste","Pear","War Paint"],"campfire_rested":1,"item_purchase_floors":[41,41,41],"current_hp_per_floor":[75,75,75,75,75,75,72,72,72,72,71,71,71,71,71,43,75,75,75,53,53,53,31,31,31,31,15,15,37,37,37,37,24,75,66,66,66,65,52,52,77,66,66,71,71,76,80,85,92,59],"gold":281,"neow_bonus":"REMOVE_CARD","is_daily":false,"chose_seed":false,"campfire_upgraded":5,"win_rate":0.0,"timestamp":1613899269,"path_taken":["M","?","M","$","?","R","E","M","T","R","E","$","?","?","R","BOSS","M","?","?","M","M","E","M","R","T","?","?","R","?","M","R","BOSS","M","?","?","M","?","E","$","M","T","?","?","M","M","M","R","BOSS"],"items_purchased_type":["Relic","Relic","Relic"],"build_version":"2020-12-22","purchased_purges":3,"victory":true,"max_hp_per_floor":[75,75,75,75,75,75,75,75,75,75,75,75,75,75,75,75,75,75,75,75,75,75,75,75,75,75,75,75,75,75,75,75,75,75,75,75,75,75,75,75,85,85,85,85,85,85,85,85,92,92],"card_choices":[{"not_picked":["PrismaMod:ChloeCheapAttack","PrismaMod:ChloeRhongomyniad"],"picked":"PrismaMod:ChloeChristmas","floor":1.0},{"not_picked":["PrismaMod:ChloeCheapDefendTwo","PrismaMod:ChloeCheapDefend"],"picked":"PrismaMod:ChloeUncommonDefend","floor":3.0},{"not_picked":["PrismaMod:ChloeCheapDefendTwo","PrismaMod:ChloeUncommonAOEAttack"],"picked":"PrismaMod:ChloeGaeBolg","floor":7.0},{"not_picked":["PrismaMod:ChloeMaid","PrismaMod:ChloeUncommonAttack"],"picked":"PrismaMod:ChloeDiscardRecovery","floor":8.0},{"not_picked":["PrismaMod:ChloeExhaustOne","PrismaMod:ChloeCheapDefendTwo","PrismaMod:ChloeCheapDefend"],"picked":"SKIP","floor":11.0},{"not_picked":["PrismaMod:ChloeUncommonDefend","PrismaMod:ChloeDiscardRecovery"],"picked":"PrismaMod:ChloeRuleBreaker","floor":14.0},{"not_picked":["PrismaMod:ChloeDoubleRelicSpeed","PrismaMod:ChloeGreatTracePools"],"picked":"PrismaMod:ChloeCarnivalDefend","floor":16.0},{"not_picked":["PrismaMod:ChloeCheapDefendTwo","PrismaMod:ChloeCheapAttackTwo"],"picked":"PrismaMod:ChloeExhaustOne+1","floor":18.0},{"not_picked":["PrismaMod:ChloeChristmas+1","PrismaMod:ChloeExhaustOne"],"picked":"PrismaMod:ChloeExcalibur","floor":21.0},{"not_picked":["PrismaMod:ChloeBetterTracePools","PrismaMod:ChloeCheapDefendTwo"],"picked":"PrismaMod:ChloeCheapAttackTwo+1","floor":22.0},{"not_picked":["PrismaMod:ChloeCheapAttack","PrismaMod:ChloeGreatTracePools"],"picked":"PrismaMod:ChloeExhaustOne+1","floor":23.0},{"not_picked":["PrismaMod:ChloeCheapAttack","PrismaMod:ChloeCheapDefendTwo+1"],"picked":"PrismaMod:ChloeRitsuka","floor":24.0},{"not_picked":["PrismaMod:ChloeDiscardRecovery","PrismaMod:ChloeUncommonDefend","PrismaMod:ChloeCheapDefendTwo"],"picked":"SKIP","floor":27.0},{"not_picked":["PrismaMod:ChloeCheapDefend+1","PrismaMod:ChloeCheapAttackTwo"],"picked":"PrismaMod:ChloeUnlimitedBladeWorks","floor":31.0},{"not_picked":["PrismaMod:ChloeHalloween","PrismaMod:ChloeCarnivalAttack"],"picked":"PrismaMod:ChloeCarnivalAOEAttack","floor":33.0},{"not_picked":["PrismaMod:ChloeBetterTracePools+1","PrismaMod:ChloeCommonAOEAttack"],"picked":"PrismaMod:ChloeExhaustOne+1","floor":35.0},{"not_picked":["PrismaMod:ChloeCommonAOEAttack+1","PrismaMod:ChloeChristmas","PrismaMod:ChloeCheapAttackTwo+1"],"picked":"SKIP","floor":38.0},{"not_picked":["PrismaMod:ChloeCheapDefend+1","PrismaMod:ChloeCheapAttackTwo"],"picked":"PrismaMod:ChloeRhongomyniad+1","floor":39},{"not_picked":["PrismaMod:ChloeUncommonDefend","PrismaMod:ChloeCheapAttackTwo+1"],"picked":"PrismaMod:ChloeReshuffleDiscard","floor":40},{"not_picked":["PrismaMod:ChloeDiscardRecovery+1","PrismaMod:ChloeCheapDefendTwo","PrismaMod:ChloeCheapAttack+1"],"picked":"SKIP","floor":42},{"not_picked":["PrismaMod:ChloeRuleBreaker","PrismaMod:ChloeCommonAOEAttack"],"picked":"PrismaMod:ChloeEyeOfTheEuryale","floor":44},{"not_picked":["PrismaMod:ChloeRhongomyniad","PrismaMod:ChloeExhaustOne"],"picked":"PrismaMod:ChloeRitsuka+1","floor":46},{"not_picked":["PrismaMod:ChloeCheapAttackTwo","PrismaMod:ChloeCheapDefend"],"picked":"PrismaMod:ChloeCaladbolg+1","floor":47},{"not_picked":["PrismaMod:ChloeCheapAttack","PrismaMod:ChloeCheapAttackTwo","PrismaMod:ChloeExhaustOne"],"picked":"SKIP","floor":48}],"player_experience":640828,"relics_obtained":[{"floor":7.0,"key":"DemoMod:Metronome"},{"floor":9.0,"key":"DemoMod:PoisonVial"},{"floor":11.0,"key":"hubris:GlazedTorus"},{"floor":20.0,"key":"Lizard Tail"},{"floor":23.0,"key":"Old Coin"},{"floor":26.0,"key":"MealTicket"},{"floor":39,"key":"Shovel"},{"floor":40,"key":"DemoMod:PartiallyEatenCheese"},{"floor":43,"key":"Orichalcum"},{"floor":49,"key":"DemoMod:PinkGuonStone"}],"event_choices":[],"is_beta":false,"boss_relics":[{"not_picked":["Black Star","Pandora\u0027s Box"],"picked":"conspire:SpecialSausage"},{"not_picked":["hubris:Backtick","hubris:GrandSneckoEye"],"picked":"Sozu"}],"items_purged_floors":[4,12,41],"is_endless":false,"potions_floor_spawned":[3,8,11,20,21,22,33,42,47,48],"ascension_level":0}}