{"host":"hjajo0rafoe1e6c4","time":1613867976,"event":{"mods":["AchievementEnabler","BaseMod","Colored Map","Colored Powertips","Highlight Path","Minty Spire (QoL Compilation)","Relic Stats","Slay the Relics Exporter","StSLib"],"gold_per_floor":[111,111,123,48,65,92,92,119,146,181,193,19,45,58,58,157,157,172,172,172,122,193,193,221,101,101,101,101,114,51,86,86,186,186,203,47,61,61,80,111,111,125,152,202,179,197,197,208,208,208,208,208,1,35,35],"floor_reached":56,"language":"ENG","playtime":2748,"items_purged":["Pain","Shame","Strike_R"],"score":1508,"play_id":"9b9689a9-f091-4b1b-bcd8-879b71238032","local_time":"20210220193936","is_ascension_mode":true,"campfire_choices":[{"floor":7,"key":"REST"},{"data":"Corruption","floor":15,"key":"SMITH"},{"data":"Shockwave","floor":23,"key":"SMITH"},{"data":"True Grit","floor":27,"key":"SMITH"},{"data":"Whirlwind","floor":32,"key":"SMITH"},{"data":"Juggernaut","floor":41,"key":"SMITH"},{"floor":49,"key":"RECALL"},{"data":"1","floor":52,"key":"LIFT"}],"circlet_count":0,"master_deck":["Strike_R","Strike_R","Strike_R","Defend_R+1","Defend_R","Defend_R","Defend_R+1","Bash","Twin Strike","Twin Strike","Corruption+1","Spot Weakness","Whirlwind+1","Shockwave+1","Feel No Pain","Juggernaut+1","True Grit+1","Shrug It Off+1","Shrug It Off+1","Barricade","Feel No Pain","Flame Barrier+1","Dark Embrace","True Grit+1","Shrug It Off+1","Inflame","Clothesline+1","Shrug It Off+1","Limit Break+1"],"relics":["Burning Blood","WarpedTongs","MealTicket","Ancient Tea Set","War Paint","Blood Vial","Membership Card","Gremlin Horn","Snecko Eye","Centennial Puzzle","Letter Opener","HornCleat","Ornamental Fan","Toxic Egg 2","Art of War","Coffee Dripper","Chemical X","Bird Faced Urn","Boot","Girya","Blue Candle","Bag of Marbles"],"acts_visited":["Exordium","TheCity","TheBeyond","TheEnding"],"potions_floor_usage":[8,8,13,16,33],"damage_taken":[{"damage":3,"enemies":"2 Louse","floor":1,"turns":4},{"damage":2,"enemies":"Cultist","floor":3,"turns":2},{"damage":0,"enemies":"Small Slimes","floor":5,"turns":2},{"damage":31,"enemies":"Lagavulin","floor":6,"turns":7},{"damage":8,"enemies":"3 Sentries","floor":8,"turns":7},{"damage":16,"enemies":"Lagavulin","floor":10,"turns":7},{"damage":6,"enemies":"Exordium Wildlife","floor":11,"turns":2},{"damage":9,"enemies":"3 Sentries","floor":13,"turns":6},{"damage":9,"enemies":"Blue Slaver","floor":14,"turns":4},{"damage":47,"enemies":"Hexaghost","floor":16,"turns":9},{"damage":11,"enemies":"Shell Parasite","floor":18,"turns":4},{"damage":21,"enemies":"Slavers","floor":24,"turns":2},{"damage":13,"enemies":"Spheric Guardian","floor":29,"turns":4},{"damage":0,"enemies":"Book of Stabbing","floor":31,"turns":3},{"damage":58,"enemies":"Champ","floor":33,"turns":8},{"damage":30,"enemies":"3 Darklings","floor":35,"turns":3},{"damage":0,"enemies":"3 Shapes","floor":37,"turns":2},{"damage":0,"enemies":"Spire Growth","floor":39,"turns":3},{"damage":0,"enemies":"Reptomancer","floor":40,"turns":4},{"damage":0,"enemies":"Sphere and 2 Shapes","floor":42,"turns":1},{"damage":0,"enemies":"Mind Bloom Boss Battle","floor":44,"turns":2},{"damage":0,"enemies":"3 Darklings","floor":46,"turns":3},{"damage":0,"enemies":"Maw","floor":48,"turns":4},{"damage":26,"enemies":"Awakened One","floor":50,"turns":7},{"damage":16,"enemies":"Shield and Spear","floor":54,"turns":3},{"damage":19,"enemies":"The Heart","floor":55,"turns":7}],"seed_played":"-2214323880298095463","potions_obtained":[{"floor":0,"key":"HeartOfIron"},{"floor":0,"key":"DuplicationPotion"},{"floor":0,"key":"BlessingOfTheForge"},{"floor":5,"key":"SneckoOil"},{"floor":8,"key":"ColorlessPotion"},{"floor":10,"key":"AttackPotion"},{"floor":16,"key":"BloodPotion"},{"floor":24,"key":"BlessingOfTheForge"},{"floor":31,"key":"LiquidMemories"},{"floor":39,"key":"LiquidBronze"},{"floor":40,"key":"DuplicationPotion"},{"floor":42,"key":"DistilledChaos"}],"is_trial":false,"path_per_floor":["M","?","M","$","M","E","R","E","T","E","M","$","E","M","R","B",null,"M","?","?","$","T","R","E","$","T","R","$","M","$","E","R","B",null,"M","$","M","?","M","E","R","M","T","?","$","M","?","M","R","B",null,"R","$","E","B",null],"character_chosen":"IRONCLAD","items_purchased":["Membership Card","Feel No Pain","Toxic Egg 2","Chemical X","Flame Barrier+1","Dark Embrace","Shrug It Off+1","Shrug It Off+1","FairyPotion","Blue Candle"],"campfire_rested":1,"item_purchase_floors":[12,12,25,36,36,36,45,53,53,53],"current_hp_per_floor":[80,80,80,80,80,55,79,77,77,67,69,80,77,76,76,37,69,66,66,66,80,80,80,65,80,80,80,80,73,80,80,80,28,67,45,60,68,68,76,80,80,80,80,80,80,80,80,80,80,72,78,78,80,76,73],"gold":35,"neow_bonus":"THREE_SMALL_POTIONS","is_daily":false,"chose_seed":false,"campfire_upgraded":5,"win_rate":0.0,"timestamp":1613867976,"path_taken":["M","?","M","$","M","E","R","E","T","E","?","$","E","M","R","BOSS","M","?","?","$","?","R","E","$","T","R","$","M","?","E","R","BOSS","M","$","M","?","M","E","R","M","T","?","$","M","?","?","R","BOSS","R","$","E","BOSS"],"items_purchased_type":["Relic","Card","Relic","Relic","Card","Card","Card","Card","Potion","Relic"],"build_version":"2020-12-22","purchased_purges":3,"victory":true,"max_hp_per_floor":[80,80,80,80,80,80,80,80,80,80,80,80,80,80,80,80,80,80,80,80,80,80,80,80,80,80,80,80,80,80,80,80,80,80,80,80,80,80,80,80,80,80,80,80,80,80,80,80,80,80,80,80,80,80,80],"relic_stats":{"Gremlin Horn":[11,11],"counters":[26,110],"Blue Candle":[0],"Letter Opener":[144],"War Paint":["Defend_R","Defend_R"],"Boot":[0],"Burning Blood":109,"WarpedTongs":[104],"Blood Vial":18,"Centennial Puzzle":[21],"Ornamental Fan":[80],"Bird Faced Urn":[26],"Snecko Eye":[137,132,116,132],"MealTicket":64,"Art of War":[5],"Chemical X":[20],"obtain_stats":[{"Girya":44,"Gremlin Horn":13,"Blue Candle":53,"Letter Opener":20,"War Paint":9,"Ancient Tea Set":8,"Boot":43,"Burning Blood":0,"WarpedTongs":2,"Blood Vial":10,"Centennial Puzzle":19,"HornCleat":22,"Ornamental Fan":24,"Bird Faced Urn":40,"Snecko Eye":17,"MealTicket":6,"Art of War":31,"Coffee Dripper":34,"Bag of Marbles":54,"Membership Card":12,"Chemical X":36,"Toxic Egg 2":25},{"Girya":21,"Gremlin Horn":8,"Blue Candle":24,"Letter Opener":11,"War Paint":5,"Ancient Tea Set":5,"Boot":20,"Burning Blood":0,"WarpedTongs":1,"Blood Vial":6,"Centennial Puzzle":11,"HornCleat":11,"Ornamental Fan":12,"Bird Faced Urn":19,"Snecko Eye":10,"MealTicket":4,"Art of War":14,"Coffee Dripper":15,"Bag of Marbles":25,"Membership Card":7,"Chemical X":16,"Toxic Egg 2":12},{"Girya":86,"Gremlin Horn":37,"Blue Candle":100,"Letter Opener":54,"War Paint":22,"Ancient Tea Set":22,"Boot":84,"Burning Blood":0,"WarpedTongs":4,"Blood Vial":29,"Centennial Puzzle":54,"HornCleat":54,"Ornamental Fan":56,"Bird Faced Urn":83,"Snecko Eye":50,"MealTicket":15,"Art of War":63,"Coffee Dripper":71,"Bag of Marbles":103,"Membership Card":31,"Chemical X":74,"Toxic Egg 2":56}]},"card_choices":[{"not_picked":["Dropkick","Headbutt"],"picked":"Twin Strike","floor":1},{"not_picked":["Thunderclap","Clothesline"],"picked":"Twin Strike","floor":3},{"not_picked":["Wild Strike","Heavy Blade"],"picked":"Corruption","floor":5},{"not_picked":["Body Slam","Wild Strike","Berserk"],"picked":"SKIP","floor":6},{"not_picked":["Flex","Second Wind"],"picked":"Spot Weakness","floor":8},{"not_picked":["Sword Boomerang","Burning Pact"],"picked":"Whirlwind","floor":10},{"not_picked":["Heavy Blade","Perfected Strike"],"picked":"Shockwave","floor":11},{"not_picked":["Thunderclap","Havoc","Power Through"],"picked":"SKIP","floor":13},{"not_picked":["Fire Breathing","Clothesline","Blood for Blood"],"picked":"SKIP","floor":14},{"not_picked":["Immolate","Corruption"],"picked":"Juggernaut","floor":16},{"not_picked":["Havoc","Armaments+1","Rage"],"picked":"SKIP","floor":18},{"not_picked":["Thunderclap","Warcry"],"picked":"True Grit","floor":24},{"not_picked":["True Grit+1","Corruption"],"picked":"Shrug It Off+1","floor":29},{"not_picked":["Blood for Blood","Offering+1"],"picked":"Shrug It Off+1","floor":31},{"not_picked":["Limit Break+1","Reaper"],"picked":"Barricade","floor":33},{"not_picked":["Wild Strike","Twin Strike"],"picked":"Feel No Pain","floor":35},{"not_picked":["Second Wind+1","Iron Wave+1","Heavy Blade+1"],"picked":"SKIP","floor":37},{"not_picked":["Carnage","Armaments+1","Dual Wield+1"],"picked":"SKIP","floor":39},{"not_picked":["Clothesline","Sword Boomerang+1","Barricade"],"picked":"SKIP","floor":40},{"not_picked":["Cleave+1","Fire Breathing","Clash"],"picked":"SKIP","floor":42},{"not_picked":["Heavy Blade+1","Wild Strike+1"],"picked":"True Grit+1","floor":44},{"not_picked":["Entrench+1","Clothesline"],"picked":"Inflame","floor":46},{"not_picked":["Shockwave+1","Warcry+1"],"picked":"Clothesline+1","floor":48},{"not_picked":["Twin Strike","Berserk"],"picked":"Limit Break+1","floor":54}],"player_experience":224774,"relics_obtained":[{"floor":6,"key":"MealTicket"},{"floor":8,"key":"Ancient Tea Set"},{"floor":9,"key":"War Paint"},{"floor":10,"key":"Blood Vial"},{"floor":13,"key":"Gremlin Horn"},{"floor":22,"key":"HornCleat"},{"floor":24,"key":"Ornamental Fan"},{"floor":31,"key":"Art of War"},{"floor":40,"key":"Bird Faced Urn"},{"floor":43,"key":"Boot"},{"floor":44,"key":"Girya"},{"floor":54,"key":"Bag of Marbles"}],"event_choices":[{"damage_healed":0,"gold_gain":0,"player_choice":"Rummage","damage_taken":0,"relics_obtained":["WarpedTongs"],"max_hp_gain":0,"max_hp_loss":0,"event_name":"Accursed Blacksmith","floor":2,"gold_loss":0,"cards_obtained":["Pain"]},{"damage_healed":0,"gold_gain":0,"player_choice":"Opened","damage_taken":0,"relics_obtained":["Centennial Puzzle"],"max_hp_gain":0,"max_hp_loss":0,"event_name":"The Mausoleum","floor":19,"gold_loss":0},{"damage_healed":0,"gold_gain":0,"player_choice":"Stole Relic","damage_taken":0,"relics_obtained":["Letter Opener"],"max_hp_gain":0,"max_hp_loss":0,"event_name":"Addict","floor":20,"gold_loss":0,"cards_obtained":["Shame"]},{"damage_healed":0,"gold_gain":0,"player_choice":"Ignored","damage_taken":0,"max_hp_gain":0,"max_hp_loss":0,"event_name":"Tomb of Lord Red Mask","floor":38,"gold_loss":0},{"damage_healed":0,"gold_gain":0,"player_choice":"Fight","damage_taken":0,"max_hp_gain":0,"max_hp_loss":0,"event_name":"MindBloom","floor":44,"gold_loss":0},{"cards_removed":["Strike_R"],"damage_healed":0,"gold_gain":0,"player_choice":"Purged","damage_taken":0,"max_hp_gain":0,"max_hp_loss":0,"event_name":"Purifier","floor":47,"gold_loss":0}],"is_beta":false,"boss_relics":[{"not_picked":["SacredBark","Runic Dome"],"picked":"Snecko Eye"},{"not_picked":["Pandora\u0027s Box","Velvet Choker"],"picked":"Coffee Dripper"}],"items_purged_floors":[4,21,30],"is_endless":false,"potions_floor_spawned":[5,8,10,11,16,24,31,39,40,42,48],"ascension_level":5}}