{"host":"zsnmfqgcm92hlreo","time":1613892375,"event":{"mods":["AchievementEnabler","BaseMod","Bestiary","Block Reminder","Colored Map","Colored Powertips","Filter the Spire","Minty Spire (QoL Compilation)","Permanent Neow","Quick Restart","Relic Stats","StSLib","Weighted Paths"],"gold_per_floor":[116,116,116,128,147,147,179,179,179,205,215,242,258,533,533,612,612,623,112,112,27,27,42,42,42,42,70,88,98,130,147,147,221,221,240,265,265,265,165,165,200,200,225,250,250,267,314,348,348,348,348],"floor_reached":52,"language":"ENG","playtime":1917,"items_purged":["Regret","Shame"],"score":2163,"play_id":"fdf5704c-07a1-4adc-9d93-11a9c228c04a","local_time":"20210221012615","is_ascension_mode":true,"campfire_choices":[{"data":"Armaments","floor":6.0,"key":"SMITH"},{"data":"Bludgeon","floor":8.0,"key":"SMITH"},{"data":"Dual Wield","floor":15.0,"key":"SMITH"},{"data":"Whirlwind","floor":25.0,"key":"SMITH"},{"data":"Bash","floor":32,"key":"SMITH"},{"data":"Injury","floor":40,"key":"PURGE"},{"data":"Bite","floor":42,"key":"PURGE"},{"data":"Shame","floor":49,"key":"PURGE"}],"circlet_count":0,"master_deck":["AscendersBane","Defend_R","Defend_R","Defend_R","Defend_R","Bash+1","Cleave","Bludgeon+1","Dual Wield+1","Armaments+1","Flame Barrier","Corruption","Shrug It Off","Whirlwind+1","Impervious","Reaper","Bite","Bite","Bite","Bite","Feel No Pain","Carnage+1","Body Slam+1","Flame Barrier+1","Impervious","Exhume","Shockwave","Bludgeon+1","Magnetism","Inflame+1","Heavy Blade+1","Feel No Pain","Dual Wield+1"],"relics":["Snecko Eye","HornCleat","InkBottle","Darkstone Periapt","Oddly Smooth Stone","Cursed Key","Shuriken","Question Card","Paper Frog","Bird Faced Urn","Molten Egg 2","Matryoshka","Fusion Hammer","Peace Pipe","Ancient Tea Set","Bottled Lightning","Meat on the Bone","Turnip","Mango"],"acts_visited":["Exordium","TheCity","TheBeyond"],"potions_floor_usage":[33,36],"damage_taken":[{"damage":3.0,"enemies":"2 Louse","floor":1.0,"turns":3.0},{"damage":0.0,"enemies":"Jaw Worm","floor":4.0,"turns":1.0},{"damage":0.0,"enemies":"Cultist","floor":5.0,"turns":2.0},{"damage":10.0,"enemies":"Lagavulin","floor":7.0,"turns":4.0},{"damage":5.0,"enemies":"3 Sentries","floor":10.0,"turns":4.0},{"damage":6.0,"enemies":"Looter","floor":11.0,"turns":2.0},{"damage":0.0,"enemies":"Gremlin Nob","floor":12.0,"turns":2.0},{"damage":0.0,"enemies":"Exordium Thugs","floor":13.0,"turns":1.0},{"damage":22.0,"enemies":"Slime Boss","floor":16.0,"turns":8.0},{"damage":26.0,"enemies":"Chosen","floor":18.0,"turns":4.0},{"damage":0.0,"enemies":"2 Thieves","floor":23.0,"turns":3.0},{"damage":0,"enemies":"Gremlin Leader","floor":27,"turns":4},{"damage":0,"enemies":"Centurion and Healer","floor":28,"turns":4},{"damage":0,"enemies":"Sentry and Sphere","floor":29,"turns":4},{"damage":9,"enemies":"Slavers","floor":30,"turns":3},{"damage":0,"enemies":"Snake Plant","floor":31,"turns":3},{"damage":20,"enemies":"Collector","floor":33,"turns":7},{"damage":0,"enemies":"Orb Walker","floor":35,"turns":2},{"damage":0,"enemies":"Mind Bloom Boss Battle","floor":36,"turns":4},{"damage":0,"enemies":"Giant Head","floor":41,"turns":3},{"damage":24,"enemies":"Reptomancer","floor":44,"turns":4},{"damage":0,"enemies":"3 Darklings","floor":46,"turns":3},{"damage":0,"enemies":"2 Orb Walkers","floor":47,"turns":4},{"damage":22,"enemies":"Giant Head","floor":48,"turns":5},{"damage":35,"enemies":"Donu and Deca","floor":50,"turns":9},{"damage":4,"enemies":"Time Eater","floor":51,"turns":6}],"seed_played":"5995455733327177179","potions_obtained":[{"floor":4.0,"key":"Regen Potion"},{"floor":10.0,"key":"Explosive Potion"},{"floor":12.0,"key":"LiquidBronze"},{"floor":18.0,"key":"BlessingOfTheForge"},{"floor":28,"key":"CultistPotion"},{"floor":35,"key":"LiquidBronze"},{"floor":36,"key":"SpeedPotion"}],"is_trial":false,"path_per_floor":["M","?","?","M","M","R","E","R","T","E","M","E","M","?","R","B",null,"M","$","?","?","$","M","T","R","T","E","M","M","E","M","R","B",null,"M","?","?","?","$","R","E","R","T","E","?","M","?","E","R","B","B",null],"character_chosen":"IRONCLAD","items_purchased":["Reaper","Shuriken"],"campfire_rested":0,"item_purchase_floors":[19,19],"current_hp_per_floor":[65,70,70,70,70,70,60,60,60,55,49,49,49,55,55,33,73,59,59,59,59,59,60,66,66,72,72,72,72,72,72,72,52,67,72,72,62,62,62,62,68,68,74,52,52,60,74,71,71,68,81],"gold":348,"neow_bonus":"BOSS_RELIC","is_daily":false,"chose_seed":false,"campfire_upgraded":5,"win_rate":0.0,"timestamp":1613892375,"path_taken":["M","?","?","M","M","R","E","R","T","E","?","E","M","?","R","BOSS","M","$","?","?","?","M","?","R","T","E","M","?","E","M","R","BOSS","M","?","?","?","$","R","E","R","T","E","?","M","?","E","R","BOSS","BOSS"],"items_purchased_type":["Card","Relic"],"build_version":"2020-12-22","purchased_purges":2,"victory":true,"max_hp_per_floor":[75,80,80,80,80,80,80,80,80,80,80,80,80,86,86,86,86,86,86,60,60,60,60,66,66,72,72,72,72,72,72,72,72,72,72,72,72,68,68,68,68,68,74,74,74,74,74,88,88,88,88],"relic_stats":{"Darkstone Periapt":24,"Peace Pipe":3,"counters":[26,99],"Shuriken":[21],"Bird Faced Urn":[34],"Snecko Eye":[179,159,161,155],"Turnip":[2],"Cursed Key":3,"Question Card":17,"obtain_stats":[{"Darkstone Periapt":10,"Oddly Smooth Stone":12,"Mango":48,"Cursed Key":17,"Question Card":21,"Ancient Tea Set":41,"Burning Blood":0,"Peace Pipe":36,"HornCleat":7,"Matryoshka":30,"Shuriken":19,"Bird Faced Urn":26,"Snecko Eye":0,"Molten Egg 2":27,"Fusion Hammer":34,"Turnip":47,"Bottled Lightning":43,"InkBottle":9,"Paper Frog":24,"Meat on the Bone":44},{"Darkstone Periapt":5,"Oddly Smooth Stone":7,"Mango":24,"Cursed Key":9,"Question Card":10,"Ancient Tea Set":20,"Burning Blood":0,"Peace Pipe":19,"HornCleat":4,"Matryoshka":15,"Shuriken":10,"Bird Faced Urn":11,"Snecko Eye":0,"Molten Egg 2":12,"Fusion Hammer":17,"Turnip":23,"Bottled Lightning":20,"InkBottle":4,"Paper Frog":11,"Meat on the Bone":21},{"Darkstone Periapt":14,"Oddly Smooth Stone":18,"Mango":84,"Cursed Key":27,"Question Card":31,"Ancient Tea Set":68,"Burning Blood":0,"Peace Pipe":65,"HornCleat":10,"Matryoshka":49,"Shuriken":31,"Bird Faced Urn":34,"Snecko Eye":0,"Molten Egg 2":38,"Fusion Hammer":59,"Turnip":79,"Bottled Lightning":68,"InkBottle":10,"Paper Frog":34,"Meat on the Bone":72}],"InkBottle":[34],"Meat on the Bone":0},"card_choices":[{"not_picked":["Flex","Clash"],"picked":"Cleave","floor":1.0},{"not_picked":["Clash","Pummel"],"picked":"Dual Wield","floor":4.0},{"not_picked":["Rupture","Combust"],"picked":"Armaments","floor":5.0},{"not_picked":["Sentinel","Thunderclap"],"picked":"Flame Barrier","floor":7.0},{"not_picked":["Shrug It Off","Uppercut"],"picked":"Corruption","floor":10.0},{"not_picked":["Evolve","Armaments","Perfected Strike"],"picked":"SKIP","floor":11.0},{"not_picked":["Hemokinesis","Perfected Strike"],"picked":"Shrug It Off","floor":12.0},{"not_picked":["Perfected Strike","Heavy Blade"],"picked":"Whirlwind","floor":13.0},{"not_picked":["Limit Break","Offering"],"picked":"Impervious","floor":16.0},{"not_picked":["Thunderclap+1","Headbutt","Pommel Strike"],"picked":"SKIP","floor":18.0},{"not_picked":["Anger","Second Wind","True Grit"],"picked":"Feel No Pain","floor":23.0},{"not_picked":["Shrug It Off","Dark Embrace","Metallicize"],"picked":"Carnage+1","floor":27},{"not_picked":["True Grit","Body Slam+1","Perfected Strike+1","Sword Boomerang+1"],"picked":"SKIP","floor":28},{"not_picked":["True Grit","Perfected Strike+1","Sword Boomerang+1"],"picked":"Body Slam+1","floor":28},{"not_picked":["Intimidate+1","Clothesline+1","Warcry"],"picked":"Flame Barrier+1","floor":29},{"not_picked":["Offering","Body Slam+1","Spot Weakness"],"picked":"Impervious","floor":30},{"not_picked":["Seeing Red","Anger+1","Havoc","Armaments"],"picked":"SKIP","floor":31},{"not_picked":["Berserk","Corruption","Fiend Fire+1"],"picked":"Exhume","floor":33},{"not_picked":["Body Slam+1","Clothesline+1","Seeing Red+1"],"picked":"Shockwave","floor":35},{"not_picked":["Flex","Headbutt+1","Metallicize"],"picked":"Bludgeon+1","floor":36},{"not_picked":["PanicButton","Dramatic Entrance+1","Dark Shackles"],"picked":"Magnetism","floor":37},{"not_picked":["Bandage Up","Deep Breath","Forethought"],"picked":"Mind Blast+1","floor":37},{"not_picked":["Rupture","Warcry+1","Cleave+1","Carnage+1"],"picked":"SKIP","floor":41},{"not_picked":["Warcry","Clothesline+1","Wild Strike+1"],"picked":"Inflame+1","floor":44},{"not_picked":["Anger+1","Perfected Strike+1","Sentinel"],"picked":"Heavy Blade+1","floor":46},{"not_picked":["Wild Strike+1","Thunderclap+1","Rage"],"picked":"Feel No Pain","floor":47},{"not_picked":["Flex+1","Juggernaut","True Grit"],"picked":"Dual Wield+1","floor":48}],"player_experience":1255441,"relics_obtained":[{"floor":7.0,"key":"HornCleat"},{"floor":9.0,"key":"InkBottle"},{"floor":10.0,"key":"Darkstone Periapt"},{"floor":12.0,"key":"Oddly Smooth Stone"},{"floor":24.0,"key":"Paper Frog"},{"floor":26.0,"key":"Bird Faced Urn"},{"floor":27,"key":"Molten Egg 2"},{"floor":30,"key":"Matryoshka"},{"floor":36,"key":"Peace Pipe"},{"floor":41,"key":"Ancient Tea Set"},{"floor":43,"key":"Bottled Lightning"},{"floor":44,"key":"Meat on the Bone"},{"floor":47,"key":"Turnip"},{"floor":48,"key":"Mango"}],"event_choices":[{"damage_healed":0.0,"max_hp_gain":5.0,"max_hp_loss":0.0,"gold_gain":0.0,"event_name":"Big Fish","player_choice":"Donut","floor":2.0,"gold_loss":0.0,"damage_taken":0.0},{"damage_healed":0.0,"max_hp_gain":0.0,"max_hp_loss":0.0,"gold_gain":0.0,"event_name":"Match and Keep!","player_choice":"1 cards matched","floor":3.0,"gold_loss":0.0,"damage_taken":0.0,"cards_obtained":["Bludgeon"]},{"damage_healed":0.0,"max_hp_gain":0.0,"max_hp_loss":0.0,"gold_gain":275.0,"event_name":"Golden Shrine","player_choice":"Desecrate","floor":14.0,"gold_loss":0.0,"damage_taken":0.0,"cards_obtained":["Regret"]},{"damage_healed":0.0,"max_hp_gain":0.0,"max_hp_loss":26.0,"gold_gain":0.0,"event_name":"Vampires","player_choice":"Became a vampire","floor":20.0,"gold_loss":0.0,"damage_taken":0.0,"cards_obtained":["Bite","Bite","Bite","Bite","Bite"]},{"damage_healed":0.0,"max_hp_gain":0.0,"max_hp_loss":0.0,"gold_gain":0.0,"event_name":"Addict","player_choice":"Obtained Relic","floor":21.0,"gold_loss":85.0,"damage_taken":0.0,"relics_obtained":["Question Card"]},{"damage_healed":0,"gold_gain":0,"player_choice":"Fight","damage_taken":0,"max_hp_gain":0,"max_hp_loss":0,"event_name":"MindBloom","floor":36,"gold_loss":0},{"damage_healed":0,"gold_gain":0,"player_choice":"Memory 3","damage_taken":10,"max_hp_gain":0,"max_hp_loss":0,"event_name":"SensoryStone","floor":37,"gold_loss":0},{"damage_healed":0,"gold_gain":0,"player_choice":"Max HP","damage_taken":0,"max_hp_gain":0,"max_hp_loss":4,"event_name":"Winding Halls","floor":38,"gold_loss":0},{"cards_removed":["Mind Blast"],"damage_healed":0,"gold_gain":0,"player_choice":"Removed Attack","damage_taken":0,"max_hp_gain":0,"max_hp_loss":0,"event_name":"Falling","floor":45,"gold_loss":0},{"damage_healed":0,"gold_gain":0,"player_choice":"Fight","damage_taken":0,"max_hp_gain":0,"max_hp_loss":0,"event_name":"Mysterious Sphere","floor":47,"gold_loss":0}],"is_beta":false,"boss_relics":[{"not_picked":["Coffee Dripper","Busted Crown"],"picked":"Cursed Key"},{"not_picked":["Empty Cage","Velvet Choker"],"picked":"Fusion Hammer"}],"items_purged_floors":[19,39],"is_endless":false,"potions_floor_spawned":[4,10,12,18,28,30,31,35,36,41,46],"ascension_level":20}}