{"host":"nz11ypxva4e39b7q","time":1613874924,"event":{"mods":["BaseMod","Better Third Choice","Better Vampires","Colored Map","Minty Spire (QoL Compilation)","Quick Restart","Shapeshifter Mod","StSLib"],"gold_per_floor":[114,39,39,39,49,49,49,49,73,91,91,118,138,168,168,266,266,284,383,211,211,223,223,252,271,294,325,336,366,366,366,366,465,465,482,582,582,313,336,370,370,397,424,424,441,473,10,20,20,20,20,20,20,55,55],"floor_reached":56,"language":"ENG","playtime":3376,"items_purged":["StSShapeShifter:ShapeShifter_Strike","StSShapeShifter:WaspSwarmForm+1","StSShapeShifter:ShapeShifter_Strike","StSShapeShifter:MonkeyForm+1"],"score":1821,"play_id":"afcf6239-dcc0-4358-b89b-6514c49e5ad3","local_time":"20210221033524","is_ascension_mode":true,"campfire_choices":[{"data":"StSShapeShifter:ClimbTree","floor":6.0,"key":"SMITH"},{"floor":8.0,"key":"RECALL"},{"data":"StSShapeShifter:ShapeShifter_Defend","floor":11.0,"key":"SMITH"},{"data":"StSShapeShifter:AdaptiveStrikes","floor":15.0,"key":"SMITH"},{"data":"StSShapeShifter:Synchronicity","floor":23.0,"key":"SMITH"},{"data":"StSShapeShifter:Summer","floor":30.0,"key":"SMITH"},{"data":"StSShapeShifter:BurstingSpore","floor":32.0,"key":"SMITH"},{"data":"StSShapeShifter:RockSlide","floor":41.0,"key":"SMITH"},{"data":"StSShapeShifter:ShapeShifter_Defend","floor":44.0,"key":"SMITH"},{"data":"StSShapeShifter:BurstingSpore","floor":49,"key":"SMITH"},{"data":"StSShapeShifter:ShapeShifter_Defend","floor":52,"key":"SMITH"}],"circlet_count":0,"master_deck":["AscendersBane","StSShapeShifter:ShapeShifter_Strike","StSShapeShifter:ShapeShifter_Strike","StSShapeShifter:ShapeShifter_Strike","StSShapeShifter:ShapeShifter_Defend+1","StSShapeShifter:ShapeShifter_Defend+1","StSShapeShifter:ShapeShifter_Defend","StSShapeShifter:ShapeShifter_Defend+1","StSShapeShifter:WolfForm+1","StSShapeShifter:ClimbTree+1","StSShapeShifter:AdaptiveStrikes+1","StSShapeShifter:Synchronicity+1","StSShapeShifter:SpiritOfTheEarth+1","StSShapeShifter:BurstingSpore+1","StSShapeShifter:RockSlide+1","StSShapeShifter:MooseForm","StSShapeShifter:Summer+1","StSShapeShifter:BurstingSpore+1","StSShapeShifter:Sapling+1"],"relics":["StSShapeShifter:AnimalHeart","StSShapeShifter:TheShapeShiftersMagnolia","Singing Bowl","StSShapeShifter:EmeraldPantherFigurine","Toy Ornithopter","Astrolabe","Blood Vial","Happy Flower","Du-Vu Doll","Turnip","Busted Crown","Nunchaku","StSShapeShifter:DruidicMedallion","Omamori","Frozen Egg 2","Potion Belt","TungstenRod","Calipers","Lantern"],"acts_visited":["Exordium","TheCity","TheBeyond","TheEnding"],"potions_floor_usage":[50,55],"damage_taken":[{"damage":0.0,"enemies":"2 Louse","floor":1.0,"turns":3.0},{"damage":9.0,"enemies":"Jaw Worm","floor":5.0,"turns":4.0},{"damage":0.0,"enemies":"Small Slimes","floor":10.0,"turns":6.0},{"damage":37.0,"enemies":"3 Sentries","floor":12.0,"turns":16.0},{"damage":0.0,"enemies":"Blue Slaver","floor":13.0,"turns":6.0},{"damage":16.0,"enemies":"Gremlin Nob","floor":14.0,"turns":6.0},{"damage":101.0,"enemies":"Slime Boss","floor":16.0,"turns":21.0},{"damage":14.0,"enemies":"Spheric Guardian","floor":18.0,"turns":12.0},{"damage":28.0,"enemies":"Chosen","floor":22.0,"turns":7.0},{"damage":76.0,"enemies":"Slavers","floor":24.0,"turns":8.0},{"damage":27.0,"enemies":"Centurion and Healer","floor":25.0,"turns":18.0},{"damage":95.0,"enemies":"Book of Stabbing","floor":27.0,"turns":8.0},{"damage":23.0,"enemies":"Snake Plant","floor":28.0,"turns":7.0},{"damage":16.0,"enemies":"Gremlin Leader","floor":29.0,"turns":7.0},{"damage":16.0,"enemies":"Champ","floor":33.0,"turns":10.0},{"damage":22.0,"enemies":"Orb Walker","floor":35.0,"turns":5.0},{"damage":59.0,"enemies":"Nemesis","floor":40.0,"turns":11.0},{"damage":60.0,"enemies":"Giant Head","floor":42.0,"turns":11.0},{"damage":0.0,"enemies":"3 Shapes","floor":45.0,"turns":8.0},{"damage":56.0,"enemies":"Nemesis","floor":46.0,"turns":11.0},{"damage":22,"enemies":"Jaw Worm Horde","floor":48,"turns":5},{"damage":40,"enemies":"Awakened One","floor":50,"turns":14},{"damage":106,"enemies":"Shield and Spear","floor":54,"turns":16},{"damage":75,"enemies":"The Heart","floor":55,"turns":12}],"seed_played":"6768493244398530751","potions_obtained":[{"floor":12.0,"key":"LiquidBronze"},{"floor":13.0,"key":"Energy Potion"},{"floor":16.0,"key":"StSShapeShifter:PolyBeastPotion"},{"floor":24.0,"key":"Weak Potion"},{"floor":28.0,"key":"FairyPotion"},{"floor":29.0,"key":"SpeedPotion"},{"floor":35.0,"key":"Fire Potion"},{"floor":42.0,"key":"AttackPotion"},{"floor":46.0,"key":"Fruit Juice"}],"is_trial":false,"path_per_floor":["M","$","?","T","M","R","?","R","T","M","R","E","M","E","R","B",null,"M","?","$","?","M","R","E","M","T","E","M","E","R","?","R","B",null,"M","?","?","$","T","E","R","E","T","R","M","E","$","M","R","B",null,"R","$","E","B",null],"character_chosen":"SHAPESHIFTER","items_purchased":["StSShapeShifter:BurstingSpore","StSShapeShifter:RockSlide","Nunchaku","Calipers"],"campfire_rested":0,"item_purchase_floors":[20,20,38,47],"current_hp_per_floor":[70,70,70,70,78,78,71,71,71,80,80,72,82,78,78,40,73,86,86,86,86,84,84,47,89,89,42,44,70,70,70,70,94,94,85,76,76,76,76,69,69,67,67,67,92,73,73,87,87,102,102,102,102,71,74],"gold":55,"neow_bonus":"ONE_RANDOM_RARE_CARD","is_daily":false,"chose_seed":false,"campfire_upgraded":10,"win_rate":0.0,"timestamp":1613874924,"path_taken":["M","$","?","?","M","R","?","R","T","M","R","E","M","E","R","BOSS","M","?","$","?","M","R","E","M","T","E","M","E","R","?","R","BOSS","M","?","?","$","?","E","R","E","T","R","?","E","$","M","R","BOSS","R","$","E","BOSS"],"items_purchased_type":["Card","Card","Relic","Relic"],"build_version":"2020-12-22","purchased_purges":4,"victory":true,"max_hp_per_floor":[78,78,78,78,78,78,78,78,78,80,80,82,82,82,82,84,84,86,86,86,86,88,88,90,90,90,90,92,92,92,92,92,94,94,96,96,96,96,96,98,98,100,100,100,102,102,102,102,102,102,102,102,102,104,109],"card_choices":[{"not_picked":["StSShapeShifter:Sapling","StSShapeShifter:Maul"],"picked":"StSShapeShifter:WolfForm","floor":1.0},{"not_picked":["StSShapeShifter:OpportuneSwoop","StSShapeShifter:EagleForm"],"picked":"StSShapeShifter:ClimbTree","floor":5.0},{"not_picked":["StSShapeShifter:EagleForm","StSShapeShifter:HippoForm","StSShapeShifter:WiltingWrath"],"picked":"Singing Bowl","floor":10.0},{"not_picked":["StSShapeShifter:Efflorescence","StSShapeShifter:Guard","StSShapeShifter:ThornToss"],"picked":"Singing Bowl","floor":12.0},{"not_picked":["StSShapeShifter:ShiftingStrike","StSShapeShifter:BarkSkin"],"picked":"StSShapeShifter:AdaptiveStrikes","floor":13.0},{"not_picked":["StSShapeShifter:FesteringBite","StSShapeShifter:ShiftingStrike"],"picked":"StSShapeShifter:Synchronicity","floor":14.0},{"not_picked":["StSShapeShifter:DragonForm","StSShapeShifter:RitualOfTheExtinct","StSShapeShifter:SkullBash"],"picked":"Singing Bowl","floor":16.0},{"not_picked":["StSShapeShifter:Mystical_Branch","StSShapeShifter:ShiftingStrike","StSShapeShifter:ThornToss"],"picked":"Singing Bowl","floor":18.0},{"not_picked":["StSShapeShifter:SquirrelForm","StSShapeShifter:MonkeyForm","StSShapeShifter:Roar"],"picked":"Singing Bowl","floor":22.0},{"not_picked":["StSShapeShifter:DeerForm","StSShapeShifter:WolfForm","StSShapeShifter:OwlForm"],"picked":"Singing Bowl","floor":24.0},{"not_picked":["StSShapeShifter:AdaptiveStrikes","StSShapeShifter:BulwarkOfDiscovery"],"picked":"StSShapeShifter:RockSlide+1","floor":25.0},{"not_picked":["StSShapeShifter:AdaptiveStrikes","StSShapeShifter:SunflowerShuriken"],"picked":"StSShapeShifter:MooseForm","floor":27.0},{"not_picked":["StSShapeShifter:SunflowerShuriken","StSShapeShifter:FallingLeaves","StSShapeShifter:BarkSkin"],"picked":"Singing Bowl","floor":28.0},{"not_picked":["StSShapeShifter:AdaptiveStrikes","StSShapeShifter:Maul+1"],"picked":"StSShapeShifter:Summer","floor":29.0},{"not_picked":["StSShapeShifter:Pounce","StSShapeShifter:Vengeance","StSShapeShifter:PhoenixForm"],"picked":"Singing Bowl","floor":33.0},{"not_picked":["StSShapeShifter:FallingLeaves+1"],"picked":"Singing Bowl","floor":35.0},{"not_picked":["StSShapeShifter:PantherForm"],"picked":"Singing Bowl","floor":40.0},{"not_picked":["StSShapeShifter:FlowerShield+1"],"picked":"Singing Bowl","floor":42.0},{"not_picked":["StSShapeShifter:RaptorForm+1"],"picked":"Singing Bowl","floor":45.0},{"not_picked":[],"picked":"StSShapeShifter:BurstingSpore","floor":46.0},{"not_picked":[],"picked":"StSShapeShifter:Sapling+1","floor":48},{"not_picked":["StSShapeShifter:HippoForm"],"picked":"Singing Bowl","floor":54}],"player_experience":1085884,"relics_obtained":[{"floor":4.0,"key":"Singing Bowl"},{"floor":12.0,"key":"StSShapeShifter:EmeraldPantherFigurine"},{"floor":14.0,"key":"Toy Ornithopter"},{"floor":24.0,"key":"Blood Vial"},{"floor":26.0,"key":"Happy Flower"},{"floor":27.0,"key":"Du-Vu Doll"},{"floor":29.0,"key":"Turnip"},{"floor":39.0,"key":"StSShapeShifter:DruidicMedallion"},{"floor":40.0,"key":"Omamori"},{"floor":42.0,"key":"Frozen Egg 2"},{"floor":43.0,"key":"Potion Belt"},{"floor":46.0,"key":"TungstenRod"},{"floor":54,"key":"Lantern"}],"event_choices":[{"damage_healed":0.0,"max_hp_gain":0.0,"max_hp_loss":0.0,"gold_gain":0.0,"event_name":"Living Wall","player_choice":"Grow","floor":3.0,"gold_loss":0.0,"damage_taken":0.0,"cards_upgraded":["StSShapeShifter:WolfForm"]},{"cards_removed":["StSShapeShifter:Lynx_Form"],"damage_healed":0.0,"max_hp_gain":0.0,"max_hp_loss":0.0,"gold_gain":0.0,"event_name":"Golden Wing","player_choice":"Card Removal","floor":7.0,"gold_loss":0.0,"damage_taken":7.0},{"damage_healed":0.0,"max_hp_gain":0.0,"max_hp_loss":0.0,"gold_gain":99.0,"event_name":"betterThird:BetterNest","player_choice":"Steal","floor":19.0,"gold_loss":0.0,"damage_taken":0.0},{"damage_healed":0.0,"max_hp_gain":0.0,"max_hp_loss":0.0,"gold_gain":0.0,"event_name":"Ghosts","player_choice":"Ignored","floor":21.0,"gold_loss":0.0,"damage_taken":0.0},{"damage_healed":0.0,"max_hp_gain":0.0,"max_hp_loss":0.0,"gold_gain":0.0,"event_name":"Cursed Tome","player_choice":"Ignored","floor":31.0,"gold_loss":0.0,"damage_taken":0.0},{"cards_removed":["StSShapeShifter:RockSlide"],"damage_healed":0.0,"max_hp_gain":0.0,"max_hp_loss":0.0,"gold_gain":0.0,"event_name":"Falling","player_choice":"Removed Attack","floor":37.0,"gold_loss":0.0,"damage_taken":0.0}],"is_beta":false,"boss_relics":[{"not_picked":["Black Star","Pandora\u0027s Box"],"picked":"Astrolabe"},{"not_picked":["StSShapeShifter:LemurHeaddress","Sozu"],"picked":"Busted Crown"}],"items_purged_floors":[2,20,38,47],"is_endless":false,"potions_floor_spawned":[12,13,16,24,28,29,35,42,46],"ascension_level":10}}