{"host":"5bsc0nab6whpyrbj","time":1613891308,"event":{"mods":["BaseMod","Highlight Path","Minty Spire (QoL Compilation)"],"gold_per_floor":[110,126,426,436,186,205,260,274,274,286,286,304,316,70,70,173,173,184,454,469,469,487,487,487,487,512,512,528,543,543,316,316,417,417,437,437,188,208,218,218,233,233,233,247,247,247,267,267,267,267],"floor_reached":51,"language":"ENG","playtime":1268,"items_purged":[],"score":693,"play_id":"26bea4b2-7163-4281-9b40-91aeae81bcab","local_time":"20210221020828","is_ascension_mode":false,"campfire_choices":[{"data":"A Thousand Cuts","floor":15.0,"key":"SMITH"},{"floor":23.0,"key":"REST"},{"data":"After Image","floor":30.0,"key":"SMITH"},{"data":"Cloak And Dagger","floor":32.0,"key":"SMITH"},{"data":"A Thousand Cuts","floor":40.0,"key":"SMITH"},{"data":"Accuracy","floor":42.0,"key":"SMITH"},{"data":"Envenom","floor":46.0,"key":"SMITH"},{"data":"Accuracy","floor":49.0,"key":"SMITH"}],"circlet_count":0,"master_deck":["Strike_G+1","Strike_G+1","Strike_G+1","Strike_G+1","Strike_G+1","Defend_G+1","Defend_G+1","Defend_G+1","Defend_G+1","Defend_G+1","Neutralize","Accuracy+1","Backstab","A Thousand Cuts+1","Deflect","Cloak And Dagger+1","Accuracy+1","Slice","Accuracy+1","Escape Plan+1","After Image+1","After Image","Terror+1","A Thousand Cuts+1","Blur+1","Flash of Steel","Cloak And Dagger+1","Choke+1","Envenom+1","Blade Dance+1"],"relics":["Ring of the Snake","NeowsBlessing","Old Coin","Shuriken","Bird Faced Urn","Lee\u0027s Waffle","Sozu","MealTicket","Toxic Egg 2","Strawberry","Black Star","Bronze Scales","Ice Cream"],"acts_visited":["Exordium","TheCity","TheBeyond"],"potions_floor_usage":[50],"damage_taken":[{"damage":0.0,"enemies":"Small Slimes","floor":1.0,"turns":1.0},{"damage":0.0,"enemies":"Cultist","floor":2.0,"turns":1.0},{"damage":0.0,"enemies":"Jaw Worm","floor":4.0,"turns":1.0},{"damage":9.0,"enemies":"2 Fungi Beasts","floor":6.0,"turns":3.0},{"damage":13.0,"enemies":"Lots of Slimes","floor":8.0,"turns":3.0},{"damage":20.0,"enemies":"Gremlin Gang","floor":10.0,"turns":3.0},{"damage":12.0,"enemies":"Looter","floor":12.0,"turns":3.0},{"damage":0.0,"enemies":"Blue Slaver","floor":13.0,"turns":1.0},{"damage":52.0,"enemies":"The Guardian","floor":16.0,"turns":10.0},{"damage":0.0,"enemies":"Spheric Guardian","floor":18.0,"turns":2.0},{"damage":19.0,"enemies":"Shell Parasite","floor":20.0,"turns":6.0},{"damage":29.0,"enemies":"Chosen and Byrds","floor":22.0,"turns":7.0},{"damage":4.0,"enemies":"Centurion and Healer","floor":28.0,"turns":5.0},{"damage":7.0,"enemies":"Shelled Parasite and Fungi","floor":29.0,"turns":4.0},{"damage":31.0,"enemies":"Automaton","floor":33.0,"turns":10.0},{"damage":26.0,"enemies":"3 Darklings","floor":35.0,"turns":5.0},{"damage":18.0,"enemies":"Orb Walker","floor":38.0,"turns":5.0},{"damage":23.0,"enemies":"4 Shapes","floor":39.0,"turns":5.0},{"damage":5.0,"enemies":"Maw","floor":41.0,"turns":6.0},{"damage":12.0,"enemies":"Transient","floor":44.0,"turns":5.0},{"damage":13.0,"enemies":"Jaw Worm Horde","floor":47.0,"turns":5.0},{"damage":77,"enemies":"Donu and Deca","floor":50,"turns":9}],"seed_played":"-3405777339918473339","potions_obtained":[{"floor":1.0,"key":"SmokeBomb"},{"floor":8.0,"key":"FearPotion"},{"floor":10.0,"key":"EntropicBrew"},{"floor":12.0,"key":"Fire Potion"},{"floor":13.0,"key":"SneckoOil"},{"floor":16.0,"key":"ColorlessPotion"}],"is_trial":false,"path_per_floor":["M","M","?","M","$","M","?","M","T","M","?","M","M","$","R","B",null,"M","?","M","?","M","R","?","$","T","T","M","M","R","$","R","B",null,"M","?","$","M","M","R","M","R","T","M","?","R","M","?","R","B",null],"character_chosen":"THE_SILENT","items_purchased":["Shuriken","Lee\u0027s Waffle","Accuracy","Slice","Terror+1","Strawberry","Bronze Scales","Flash of Steel"],"campfire_rested":1,"item_purchase_floors":[5,14,14,14,31,31,37,37],"current_hp_per_floor":[70,70,70,70,70,61,61,48,48,32,32,22,24,77,77,25,77,77,50,37,37,18,41,41,41,41,41,47,50,50,72,72,53,84,64,64,79,72,61,61,68,68,68,70,70,70,71,71,71,10],"gold":267,"neow_bonus":"THREE_ENEMY_KILL","is_daily":false,"chose_seed":false,"campfire_upgraded":7,"win_rate":0.0,"timestamp":1613891308,"path_taken":["M","M","?","?","$","M","?","M","T","M","?","M","?","$","R","BOSS","M","?","?","?","M","R","?","?","T","?","?","M","R","$","R","BOSS","M","?","$","M","M","R","M","R","T","M","?","R","?","?","R","BOSS"],"items_purchased_type":["Relic","Relic","Card","Card","Card","Relic","Relic","Card"],"build_version":"2020-12-22","purchased_purges":0,"victory":true,"max_hp_per_floor":[70,70,70,70,70,70,70,70,70,70,70,70,70,77,77,77,77,77,77,77,77,77,77,77,77,77,77,77,77,77,84,84,84,84,84,84,84,84,84,84,84,84,84,84,84,84,84,84,84,84],"card_choices":[{"not_picked":["Sucker Punch","Prepared"],"picked":"Accuracy","floor":1.0},{"not_picked":["Setup","All Out Attack"],"picked":"Backstab","floor":2.0},{"not_picked":["Dagger Throw","Deadly Poison","Reflex"],"picked":"SKIP","floor":4.0},{"not_picked":["Dash","Setup"],"picked":"Dagger Spray","floor":6.0},{"not_picked":["Expertise","Dagger Throw"],"picked":"A Thousand Cuts","floor":8.0},{"not_picked":["Dash","Backstab"],"picked":"Deflect","floor":10.0},{"not_picked":["PiercingWail","Underhanded Strike","Flying Knee"],"picked":"SKIP","floor":12.0},{"not_picked":["Dash","Poisoned Stab"],"picked":"Cloak And Dagger","floor":13.0},{"not_picked":["Bullet Time","Corpse Explosion"],"picked":"Burst","floor":16.0},{"not_picked":["Quick Slash","Crippling Poison","Flying Knee"],"picked":"SKIP","floor":18.0},{"not_picked":["Tactician","Heel Hook"],"picked":"Accuracy+1","floor":20.0},{"not_picked":["Sucker Punch","Escape Plan","Catalyst+1"],"picked":"SKIP","floor":22.0},{"not_picked":["Tactician+1","Poisoned Stab","Backflip+1"],"picked":"SKIP","floor":28.0},{"not_picked":["PiercingWail+1","Backflip+1"],"picked":"After Image","floor":29.0},{"not_picked":["Doppelganger+1","Wraith Form v2"],"picked":"A Thousand Cuts","floor":33.0},{"not_picked":["Dagger Throw","Dagger Spray+1"],"picked":"Blur+1","floor":35.0},{"not_picked":["PiercingWail+1","Dagger Spray","Underhanded Strike"],"picked":"SKIP","floor":38.0},{"not_picked":["Bouncing Flask+1","Expertise+1"],"picked":"Cloak And Dagger+1","floor":39.0},{"not_picked":["Backflip+1","Quick Slash+1"],"picked":"Choke+1","floor":41.0},{"not_picked":["Prepared+1","Outmaneuver+1"],"picked":"Envenom","floor":44.0},{"not_picked":["Slice+1","Acrobatics+1"],"picked":"Blade Dance+1","floor":47.0}],"player_experience":83518,"relics_obtained":[{"floor":9.0,"key":"Bird Faced Urn"},{"floor":26.0,"key":"MealTicket"},{"floor":27.0,"key":"Toxic Egg 2"},{"floor":43.0,"key":"Ice Cream"}],"event_choices":[{"damage_healed":0.0,"max_hp_gain":0.0,"max_hp_loss":0.0,"gold_gain":0.0,"event_name":"WeMeetAgain","player_choice":"Gave Potion","floor":3.0,"gold_loss":0.0,"damage_taken":0.0,"relics_obtained":["Old Coin"]},{"damage_healed":0.0,"max_hp_gain":0.0,"max_hp_loss":0.0,"gold_gain":55.0,"event_name":"Golden Wing","player_choice":"Gained Gold","floor":7.0,"gold_loss":0.0,"damage_taken":0.0},{"cards_removed":["Survivor"],"damage_healed":0.0,"max_hp_gain":0.0,"max_hp_loss":0.0,"gold_gain":0.0,"event_name":"Bonfire Elementals","player_choice":"Offered Basic","floor":11.0,"gold_loss":0.0,"damage_taken":0.0},{"damage_healed":0.0,"max_hp_gain":0.0,"max_hp_loss":0.0,"gold_gain":270.0,"event_name":"Knowing Skull","player_choice":"GOLD GOLD GOLD ","floor":19.0,"potions_obtained":[],"gold_loss":0.0,"damage_taken":27.0,"cards_obtained":[]},{"damage_healed":0.0,"max_hp_gain":0.0,"max_hp_loss":0.0,"gold_gain":0.0,"cards_transformed":["Dagger Spray","Burst"],"event_name":"Drug Dealer","player_choice":"Became Test Subject","floor":21.0,"gold_loss":0.0,"damage_taken":0.0,"cards_obtained":["Escape Plan","After Image"]},{"damage_healed":0.0,"max_hp_gain":0.0,"max_hp_loss":0.0,"gold_gain":0.0,"event_name":"Back to Basics","player_choice":"Simplicity","floor":24.0,"gold_loss":0.0,"damage_taken":0.0,"cards_upgraded":["Strike_G","Strike_G","Strike_G","Strike_G","Strike_G","Defend_G","Defend_G","Defend_G","Defend_G","Defend_G"]},{"damage_healed":0.0,"max_hp_gain":0.0,"max_hp_loss":0.0,"gold_gain":0.0,"event_name":"Mysterious Sphere","player_choice":"Ignored","floor":36.0,"gold_loss":0.0,"damage_taken":0.0},{"damage_healed":0.0,"max_hp_gain":0.0,"max_hp_loss":0.0,"gold_gain":0.0,"event_name":"Lab","player_choice":"Got Potions","floor":45.0,"gold_loss":0.0,"damage_taken":0.0},{"damage_healed":0.0,"max_hp_gain":0.0,"max_hp_loss":0.0,"gold_gain":0.0,"event_name":"Accursed Blacksmith","player_choice":"Forge","floor":48.0,"gold_loss":0.0,"damage_taken":0.0,"cards_upgraded":["Escape Plan"]}],"is_beta":false,"boss_relics":[{"not_picked":["Fusion Hammer","Snecko Eye"],"picked":"Sozu"},{"not_picked":["Pandora\u0027s Box","Empty Cage"],"picked":"Black Star"}],"items_purged_floors":[],"is_endless":false,"potions_floor_spawned":[1,8,10,12,13,16,20,22,33,39],"ascension_level":0}}