{"host":"p2ps6s9o3p66sm0r","time":1613910094,"event":{"mods":["BaseMod","Downfall","Hermit","Minty Spire (QoL Compilation)","Replay The Spire","StSLib","The Cursed","The Servant 0.9.4"],"gold_per_floor":[99,115,128,5,18,35,35,48,48,123,143,162,262,276,293,398,398,460,460,475,475,491,506,506,520,539,489,489,4,4,36,49,49,49,49],"floor_reached":33,"language":"ENG","playtime":2726,"items_purged":[],"score":315,"play_id":"a86476f5-d01f-4ac8-8cef-ad291e39c64e","local_time":"20210221072134","is_ascension_mode":false,"campfire_choices":[{"data":"Slimebound:CorrosiveSpit","floor":1,"key":"SMITH"},{"data":"Slimebound:DisruptingSlam","floor":9,"key":"SMITH"},{"floor":28,"key":"REST"},{"data":"Slimebound:SamplingLick","floor":30,"key":"SMITH"}],"circlet_count":0,"master_deck":["Slimebound:Strike_Slimebound","Slimebound:Strike_Slimebound","Slimebound:Strike_Slimebound","Slimebound:Tackle","Slimebound:Defend_Slimebound","Slimebound:Defend_Slimebound","Slimebound:Defend_Slimebound","Slimebound:Defend_Slimebound","Slimebound:Split","Slimebound:CorrosiveSpit+1","Slimebound:HauntingLick","Slimebound:Replication","Slimebound:LivingWall","Slimebound:DisruptingSlam+1","Slimebound:DisruptingSlam","Slimebound:SplitAcid","Slimebound:Repurpose","Slimebound:LeechingTouch","Slimebound:GoopTackle+1","Slimebound:SamplingLick","Slimebound:LeechEnergy+1","Slimebound:ViciousTackle+1","Slimebound:SlimeSlap+1","Slimebound:Equalize+1","Slimebound:Dissolve","Slimebound:Schlurp","Slimebound:RainOfGoop","Slimebound:SamplingLick+1","Slimebound:Prepare","Slimebound:SplitAcid","Slimebound:SamplingLick+1","Slimebound:SamplingLick","Slimebound:MassFeed+1","Slimebound:SplitMire"],"relics":["Slimebound:AbsorbEndCombat","Molten Egg 2","SlaversCollar","Anchor","Slimebound:AggressiveSlimeRelic","Vajra","Lee\u0027s Waffle","Quantum Egg"],"acts_visited":["Exordium","TheCity"],"potions_floor_usage":[4,16,16,16,23,23,32],"damage_taken":[{"damage":14,"enemies":"Jaw Worm","floor":2,"turns":5},{"damage":0,"enemies":"Small Slimes","floor":3,"turns":2},{"damage":6,"enemies":"downfall:FleeingMerchant","floor":4,"turns":4},{"damage":10,"enemies":"2 Louse","floor":5,"turns":2},{"damage":0,"enemies":"downfall:LooterAlt","floor":6,"turns":3},{"damage":11,"enemies":"Exordium Thugs","floor":8,"turns":5},{"damage":2,"enemies":"Large Slime","floor":11,"turns":4},{"damage":11,"enemies":"Red Slaver","floor":12,"turns":3},{"damage":0,"enemies":"downfall:LooterAlt","floor":14,"turns":2},{"damage":7,"enemies":"Blue Slaver","floor":15,"turns":3},{"damage":31,"enemies":"SI_SHIV_ARCHETYPE","floor":16,"turns":5},{"damage":26,"enemies":"Spheric Guardian","floor":20,"turns":4},{"damage":32,"enemies":"downfall:LooterAlt2","floor":22,"turns":4},{"damage":12,"enemies":"Snake Plant","floor":23,"turns":2},{"damage":33,"enemies":"Centurion and Healer","floor":25,"turns":5},{"damage":48,"enemies":"Snecko","floor":26,"turns":6},{"damage":8,"enemies":"downfall:FleeingMerchant","floor":29,"turns":4},{"damage":39,"enemies":"Slavers","floor":31,"turns":3},{"damage":33,"enemies":"Sentry and Sphere","floor":32,"turns":6},{"damage":61,"enemies":"IC_MUSHROOM_ARCHETYPE","floor":33,"turns":7}],"seed_played":"4497353022279202297","potions_obtained":[{"floor":3,"key":"SkillPotion"},{"floor":6,"key":"Guardian:BlockOnCardUsePotion"},{"floor":11,"key":"Weak Potion"},{"floor":14,"key":"Ancient Potion"},{"floor":16,"key":"champ:CounterPotion"},{"floor":22,"key":"AttackPotion"},{"floor":23,"key":"SpeedPotion"},{"floor":31,"key":"BlessingOfTheForge"}],"is_trial":false,"path_per_floor":["R","M","M","$","M","M","T","M","R","?","M","M","?","M","M","B",null,"R","?","M","?","M","M","T","M","M","?","R","$","R","E","M","B"],"character_chosen":"SLIMEBOUND","items_purchased":["Slimebound:DisruptingSlam","Slimebound:SplitAcid","Slimebound:AggressiveSlimeRelic","Vajra","Lee\u0027s Waffle","Slimebound:SamplingLick"],"campfire_rested":1,"item_purchase_floors":[4,4,29,29,29,29],"current_hp_per_floor":[71,61,65,65,57,61,61,54,54,54,60,53,53,55,54,29,71,71,71,45,81,53,55,55,42,12,42,66,88,88,55,40,0,0,0],"gold":49,"neow_bonus":"TEN_PERCENT_HP_BONUS","is_daily":false,"chose_seed":false,"campfire_upgraded":3,"win_rate":0.0,"timestamp":1613910094,"path_taken":["R","M","M","$","M","M","T","M","R","?","M","M","?","M","M","BOSS","R","?","M","?","M","M","T","M","?","?","R","$","R","E","M","BOSS"],"items_purchased_type":["Card","Card","Relic","Relic","Relic","Card"],"build_version":"2020-12-22","purchased_purges":0,"victory":false,"max_hp_per_floor":[71,71,71,71,71,71,71,71,71,71,71,71,71,71,71,71,71,71,71,71,81,81,81,81,81,81,81,81,88,88,88,88,88,88,88],"card_choices":[{"not_picked":["Slimebound:Schlurp","Slimebound:FinishingTackle"],"picked":"Slimebound:HauntingLick","floor":2},{"not_picked":["Slimebound:SplitLeeching","Slimebound:ComboTackle"],"picked":"Slimebound:Replication","floor":3},{"not_picked":["Slimebound:BestDefense","Slimebound:Schlurp"],"picked":"Slimebound:LivingWall","floor":4},{"not_picked":["Slimebound:SlimeBrawl","Slimebound:HauntingLick"],"picked":"Slimebound:Repurpose","floor":5},{"not_picked":["Slimebound:TongueLash","Slimebound:Grow"],"picked":"Slimebound:LeechingTouch","floor":6},{"not_picked":["Slimebound:Replication","Slimebound:Dissolve"],"picked":"Slimebound:GoopTackle+1","floor":8},{"not_picked":["Slimebound:Nibble+1","Slimebound:Schlurp"],"picked":"Slimebound:SamplingLick","floor":11},{"not_picked":["Slimebound:GoopTackle+1","Slimebound:LivingWall"],"picked":"Slimebound:Teamwork","floor":12},{"not_picked":["Slimebound:Grow","Slimebound:Repurpose"],"picked":"Slimebound:LeechEnergy+1","floor":14},{"not_picked":["Slimebound:GoopSpray","Slimebound:FinishingTackle+1"],"picked":"Slimebound:ViciousTackle+1","floor":15},{"not_picked":["Slimebound:DuplicatedForm","Slimebound:SelfFormingGoo"],"picked":"Slimebound:SlimeSlap+1","floor":16},{"not_picked":["Slimebound:ProtectTheBoss+1","Slimebound:Grow+1"],"picked":"Slimebound:Dissolve","floor":20},{"not_picked":["Slimebound:Prepare","Slimebound:Replication"],"picked":"Slimebound:Schlurp","floor":22},{"not_picked":["Slimebound:Replication","Slimebound:SlimeBarrage+1"],"picked":"Slimebound:RainOfGoop","floor":23},{"not_picked":["Slimebound:ComboTackle+1","Slimebound:FinishingTackle+1"],"picked":"Slimebound:SamplingLick+1","floor":25},{"not_picked":["Slimebound:ComboTackle+1","Slimebound:FormOfPuddle"],"picked":"Slimebound:Prepare","floor":26},{"not_picked":["Slimebound:MinionMaster","Slimebound:GrowthPunch+1"],"picked":"Slimebound:SplitAcid","floor":29},{"not_picked":["Slimebound:GoopTackle+1","Slimebound:Dissolve"],"picked":"Slimebound:MassFeed+1","floor":31},{"not_picked":["Slimebound:Schlurp","Slimebound:ComboTackle+1"],"picked":"Slimebound:SplitMire","floor":32}],"player_experience":187048,"relics_obtained":[{"floor":7,"key":"Molten Egg 2"},{"floor":24,"key":"Anchor"},{"floor":31,"key":"Quantum Egg"}],"event_choices":[{"damage_healed":0,"gold_gain":0,"player_choice":"Read","damage_taken":0,"max_hp_gain":0,"max_hp_loss":0,"event_name":"The Library","floor":19,"gold_loss":0,"cards_obtained":["Slimebound:Equalize"]},{"cards_removed":["Slimebound:Teamwork"],"damage_healed":26,"gold_gain":0,"player_choice":"Offered Rare","damage_taken":0,"max_hp_gain":10,"max_hp_loss":0,"event_name":"Bonfire Elementals","floor":21,"gold_loss":0}],"is_beta":false,"boss_relics":[{"not_picked":["Astrolabe","Ring of Chaos"],"picked":"SlaversCollar"}],"items_purged_floors":[],"is_endless":false,"potions_floor_spawned":[3,6,11,14,15,16,22,23,31],"killed_by":"IC_MUSHROOM_ARCHETYPE","ascension_level":0}}