{"host":"i9z6y8pcdeu2qxnx","time":1613879756,"event":{"mods":["BaseMod","Colored Map","Googly Eyes","Highlight Path","Minty Spire (QoL Compilation)","Replay The Spire","StSLib"],"gold_per_floor":[114,114,114,133,208,246,265,303,303,478,10,29,67,86,86,211,211,230,230,230,249,299,337,356,356,431,431,450,488,38,57,57,182,182,201,201,220,70,89,89,89],"floor_reached":40,"language":"ENG","playtime":3308,"items_purged":["Doubt","Normality"],"score":521,"play_id":"8c81300a-1366-4058-8e51-0db0ffce9b95","local_time":"20210220225556","daily_mods":["SealedDeck","Flight","Elite Swarm"],"is_ascension_mode":false,"campfire_choices":[{"data":"Limit Break","floor":15,"key":"SMITH"},{"floor":27,"key":"REST"},{"floor":32,"key":"REST"}],"circlet_count":0,"master_deck":["Run Through","Twin Strike","True Grit","Headbutt","Wild Strike","Power Through","Replay:Undeath\u0027s Touch","Cleave","Twin Strike","Thunderclap","Run Through","Injury","Shrug It Off","Limit Break+1","Inflame","Demon Form+1","Bandage Up","Battle Trance","Juggernaut","ReplayReversal","Barricade","Sword Boomerang","Replay:Many Hands","Heavy Blade","ReplayTheSpireMod:Limb From Limb+1","Fiend Fire","Rampage","Cleave","True Grit","Flex","Swift Strike","Feed","Replay:Undeath\u0027s Touch+1"],"relics":["Burning Blood","Golden Idol","Ice Cream","ReplayTheSpireMod:Spearhead","Divine Protection","Ornamental Fan","ReplayTheSpireMod:CursedCoin","Toy Ornithopter","Replay:Kaleidoscope","Ooze Armor","Nilry\u0027s Codex","Orichalcum","Bottled Lightning","Matryoshka","Kunai","BargainBundle","Busted Crown","Blood Vial"],"acts_visited":["Exordium","TheCity","TheBeyond"],"potions_floor_usage":[13,16,16,24,33,35],"damage_taken":[{"damage":0,"enemies":"Small Slimes","floor":1,"turns":1},{"damage":0,"enemies":"2 Louse","floor":4,"turns":1},{"damage":23,"enemies":"Replay:BlueRogue","floor":6,"turns":4},{"damage":0,"enemies":"Cultist","floor":7,"turns":2},{"damage":6,"enemies":"Gremlin Nob","floor":8,"turns":3},{"damage":6,"enemies":"3 Louse","floor":12,"turns":3},{"damage":12,"enemies":"Replay:BlueRogue","floor":13,"turns":5},{"damage":0,"enemies":"Gremlin Gang","floor":14,"turns":3},{"damage":1,"enemies":"Fading Forest","floor":16,"turns":11},{"damage":3,"enemies":"3 Byrds","floor":18,"turns":5},{"damage":0,"enemies":"Spheric Guardian","floor":21,"turns":5},{"damage":20,"enemies":"Book of Stabbing","floor":23,"turns":5},{"damage":25,"enemies":"Centurion and Healer","floor":24,"turns":4},{"damage":23,"enemies":"Shelled Parasite and Fungi","floor":28,"turns":5},{"damage":1,"enemies":"Replay:Snechameleon","floor":29,"turns":3},{"damage":8,"enemies":"Cultist and Chosen","floor":31,"turns":5},{"damage":25,"enemies":"Champ","floor":33,"turns":8},{"damage":0,"enemies":"3 Shapes","floor":35,"turns":2},{"damage":0,"enemies":"3 Darklings","floor":37,"turns":6},{"damage":59,"enemies":"4 Shapes","floor":39,"turns":5},{"damage":69,"enemies":"Nemesis","floor":40,"turns":4}],"seed_played":"-7397021786818157212","potions_obtained":[{"floor":7,"key":"Adrenaline Potion"},{"floor":12,"key":"AttackPotion"},{"floor":13,"key":"Elixir"},{"floor":16,"key":"Block Potion"},{"floor":29,"key":"Explosive Potion"},{"floor":31,"key":"Adrenaline Potion"},{"floor":33,"key":"SteroidPotion"}],"is_trial":false,"path_per_floor":["M","?","?","M","?","E","M","E","T","?","$","M","E","M","R","B",null,"M","?","?","M","?","E","M","?","T","R","M","E","$","M","R","B",null,"M","?","M","$","M","E"],"character_chosen":"IRONCLAD","items_purchased":["Ornamental Fan","ReplayTheSpireMod:CursedCoin","Toy Ornithopter","Bandage Up","Energy Potion","Kunai","BargainBundle","Rampage","Cleave","True Grit","Flex","Swift Strike","Blood Vial"],"campfire_rested":2,"item_purchase_floors":[11,11,11,11,11,30,30,30,30,30,30,30,38],"current_hp_per_floor":[80,80,85,85,74,57,63,63,63,63,63,67,70,80,80,85,85,85,69,53,59,59,49,39,39,39,66,53,58,58,60,87,71,90,90,90,90,90,44,0,0],"gold":89,"neow_bonus":"","is_daily":true,"chose_seed":false,"campfire_upgraded":1,"win_rate":0.0,"timestamp":1613879756,"path_taken":["M","?","?","M","?","E","M","E","T","?","$","M","E","M","R","BOSS","M","?","?","M","?","E","?","?","T","R","M","E","$","M","R","BOSS","M","?","M","$","M","E"],"items_purchased_type":["Relic","Relic","Relic","Card","Potion","Relic","Relic","Card","Card","Card","Card","Card","Relic"],"build_version":"2020-12-22","purchased_purges":2,"victory":false,"max_hp_per_floor":[80,80,85,85,85,85,85,85,85,85,85,85,85,85,85,85,85,85,90,90,90,90,90,90,90,90,90,90,90,90,90,90,90,90,90,90,90,90,93,93,93],"card_choices":[{"not_picked":["Sever Soul","Clothesline"],"picked":"Run Through","floor":1},{"not_picked":["Infernal Blade","Anger"],"picked":"Shrug It Off","floor":4},{"not_picked":["Berserk","Juggernaut"],"picked":"Limit Break","floor":6},{"not_picked":["Replay:Undeath\u0027s Touch","Evolve"],"picked":"Inflame","floor":7},{"not_picked":["Brutality","Offering"],"picked":"Demon Form","floor":8},{"not_picked":["Shrug It Off","Sentinel"],"picked":"Battle Trance","floor":12},{"not_picked":["Barricade","Corruption"],"picked":"Juggernaut","floor":13},{"not_picked":["Combust","Dark Embrace"],"picked":"ReplayReversal","floor":14},{"not_picked":["Bludgeon","Corruption"],"picked":"Barricade","floor":16},{"not_picked":["True Grit+1","Disarm+1","Reckless Charge+1"],"picked":"SKIP","floor":18},{"not_picked":["Flex","Rupture"],"picked":"Sword Boomerang","floor":21},{"not_picked":["Eclipse","Barricade"],"picked":"Replay:Many Hands","floor":23},{"not_picked":["Wild Strike+1","Infernal Blade"],"picked":"Heavy Blade","floor":24},{"not_picked":["Wild Strike","Armaments"],"picked":"ReplayTheSpireMod:Limb From Limb+1","floor":28},{"not_picked":["Demon Form","Limit Break"],"picked":"Fiend Fire","floor":29},{"not_picked":["Havoc","Life Link+1","Perfected Strike"],"picked":"SKIP","floor":31},{"not_picked":["Corruption","Hemogenesis"],"picked":"Feed","floor":33},{"not_picked":[],"picked":"Replay:Undeath\u0027s Touch+1","floor":35},{"not_picked":["Cleave"],"picked":"SKIP","floor":37},{"not_picked":["Iron Wave+1"],"picked":"SKIP","floor":39}],"player_experience":1035420,"relics_obtained":[{"floor":6,"key":"Ice Cream"},{"floor":8,"key":"ReplayTheSpireMod:Spearhead"},{"floor":9,"key":"Divine Protection"},{"floor":13,"key":"Replay:Kaleidoscope"},{"floor":20,"key":"Nilry\u0027s Codex"},{"floor":23,"key":"Orichalcum"},{"floor":26,"key":"Bottled Lightning"},{"floor":29,"key":"Matryoshka"}],"event_choices":[{"damage_healed":0,"gold_gain":0,"player_choice":"Take Wound","damage_taken":0,"relics_obtained":["Golden Idol"],"max_hp_gain":0,"max_hp_loss":0,"event_name":"Golden Idol","floor":2,"gold_loss":0,"cards_obtained":["Injury"]},{"damage_healed":0,"gold_gain":0,"player_choice":"Donut","damage_taken":0,"max_hp_gain":5,"max_hp_loss":0,"event_name":"Big Fish","floor":3,"gold_loss":0},{"damage_healed":0,"gold_gain":75,"player_choice":"Gather Gold","damage_taken":11,"max_hp_gain":0,"max_hp_loss":0,"event_name":"World of Goop","floor":5,"gold_loss":0},{"damage_healed":0,"gold_gain":175,"player_choice":"AGREE","damage_taken":0,"max_hp_gain":0,"max_hp_loss":0,"event_name":"Liars Game","floor":10,"gold_loss":0,"cards_obtained":["Doubt"]},{"damage_healed":0,"gold_gain":0,"player_choice":"Shed Blood","damage_taken":21,"max_hp_gain":5,"max_hp_loss":0,"event_name":"Forgotten Altar","floor":19,"gold_loss":0},{"damage_healed":0,"gold_gain":0,"player_choice":"Obtained Book","damage_taken":16,"max_hp_gain":0,"max_hp_loss":0,"event_name":"Cursed Tome","floor":20,"gold_loss":0},{"damage_healed":0,"gold_gain":100,"player_choice":"Bet on Murderer","damage_taken":0,"max_hp_gain":0,"max_hp_loss":0,"event_name":"The Joust","floor":22,"gold_loss":50},{"damage_healed":0,"gold_gain":0,"player_choice":"Ignored","damage_taken":0,"max_hp_gain":0,"max_hp_loss":0,"event_name":"Vampires","floor":25,"gold_loss":0},{"damage_healed":0,"gold_gain":0,"player_choice":"Upgraded","damage_taken":0,"max_hp_gain":0,"max_hp_loss":0,"event_name":"Upgrade Shrine","floor":36,"gold_loss":0,"cards_upgraded":["Demon Form"]}],"is_beta":false,"boss_relics":[{"not_picked":["Painkiller Herb","Snecko Eye"],"picked":"Ooze Armor"},{"not_picked":["Replay:Ancient Bell","Astrolabe"],"picked":"Busted Crown"}],"items_purged_floors":[11,30],"is_endless":false,"potions_floor_spawned":[7,12,13,16,24,29,31,33],"killed_by":"Nemesis","ascension_level":0}}