{"host":"vxxgntm1odai56nh","time":1613936089,"event":{"mods":["AchievementEnabler","BaseMod","Colored Map","Colored Powertips","Highlight Path","Minty Spire (QoL Compilation)","Permanent Neow","Rare Cards Sparkle","Relic Stats","StSLib"],"gold_per_floor":[363,438,174,174,206,281,297,297,297],"floor_reached":8,"language":"ENG","playtime":455,"items_purged":["Strike_R"],"score":73,"play_id":"3193c5ee-a98c-489f-b727-4541898df4aa","local_time":"20210221143449","is_ascension_mode":true,"campfire_choices":[],"circlet_count":0,"master_deck":["Strike_R","Strike_R","Strike_R","Strike_R","Defend_R","Defend_R","Defend_R","Defend_R","Bash","Clothesline","Warcry","HandOfGreed","Flex","Limit Break","Cleave"],"relics":["Burning Blood","Thread and Needle"],"acts_visited":["Exordium"],"potions_floor_usage":[6],"damage_taken":[{"damage":8,"enemies":"2 Louse","floor":1,"turns":3},{"damage":13,"enemies":"Small Slimes","floor":5,"turns":3},{"damage":50,"enemies":"3 Sentries","floor":6,"turns":10},{"damage":2,"enemies":"Cultist","floor":7,"turns":3},{"damage":32,"enemies":"Lagavulin","floor":8,"turns":5}],"seed_played":"3150896984528988459","potions_obtained":[{"floor":5,"key":"BloodPotion"},{"floor":7,"key":"DuplicationPotion"}],"is_trial":false,"path_per_floor":["M","?","$","?","M","E","M","E"],"character_chosen":"IRONCLAD","items_purchased":["Warcry","HandOfGreed"],"campfire_rested":0,"item_purchase_floors":[3,3],"current_hp_per_floor":[70,59,59,64,57,28,32,0,0],"gold":297,"neow_bonus":"TWO_FIFTY_GOLD","is_daily":false,"chose_seed":false,"campfire_upgraded":0,"win_rate":0.0,"timestamp":1613936089,"path_taken":["M","?","$","?","M","E","M","E"],"items_purchased_type":["Card","Card"],"build_version":"2020-12-22","purchased_purges":1,"victory":false,"max_hp_per_floor":[72,72,72,77,77,77,77,77,77],"relic_stats":{"counters":[5,24],"obtain_stats":[{"Thread and Needle":6,"Burning Blood":0},{"Thread and Needle":3,"Burning Blood":0},{"Thread and Needle":16,"Burning Blood":0}],"Burning Blood":24},"card_choices":[{"not_picked":["Iron Wave","Perfected Strike"],"picked":"Clothesline","floor":1},{"not_picked":["Thunderclap","Armaments"],"picked":"Flex","floor":5},{"not_picked":["Armaments","Perfected Strike"],"picked":"Limit Break","floor":6},{"not_picked":["Pummel","Combust"],"picked":"Cleave","floor":7}],"player_experience":160487,"relics_obtained":[{"floor":6,"key":"Thread and Needle"}],"event_choices":[{"damage_healed":0,"gold_gain":75,"player_choice":"Gather Gold","damage_taken":11,"max_hp_gain":0,"max_hp_loss":0,"event_name":"World of Goop","floor":2,"gold_loss":0},{"damage_healed":0,"gold_gain":0,"player_choice":"Donut","damage_taken":0,"max_hp_gain":5,"max_hp_loss":0,"event_name":"Big Fish","floor":4,"gold_loss":0}],"is_beta":false,"boss_relics":[],"items_purged_floors":[3],"is_endless":false,"potions_floor_spawned":[5,7],"killed_by":"Lagavulin","ascension_level":6}}