{"host":"1q3j0ei39r3fhrcd","time":1613897966,"event":{"mods":["2.2 Compatiblity","Astrologer","Bard","Bartender","BaseMod","Beaked The Cultist","Better Note","Better Skull","Better Third Choice","BetterRewards","Challenge The Spire","Clockwork Mod","Conspire","Dio Mod","Downfall","Duelist Mod","Gremlin Mod","GungeonMod","Hermit","Hubris","Infinite Spire","Jorbs\u0027s Wanderer Trilogy","Marisa????????","Minty Spire (QoL Compilation)","Replay The Spire","Robot Space Explorer","SIMod","Shop Mod","Somnambulant","Spicy Shops","Spire Arcade","StSLib","The Blackbeard","The Bug Knight","The Clintock","The Construct","The Cursed","The Death Knight","The Disciple","The Dragon Tamer","The Druid","The Forsaken","The Hierophant","The Judge","The Mystic","The Necromancer","The Runesmith","The Sage","The Servant 0.9.4","The Showman","The Valiant","The Vixen","The Wild Card","The Witch","TheFirefly","Yuri Mod","[IsaacMod]????","thorton"],"gold_per_floor":[115,127,127,127,143,143,177,177,177,193,193,72,85,85,85,208,208,222,238,238,238,257,257,295,295,295,295,315,362,362,385,385,385,385],"floor_reached":33,"language":"ENG","playtime":2708,"items_purged":["theDruid:Strike_O","theDruid:Defend_O"],"score":278,"play_id":"68ed992f-8e0b-47b5-b2b0-babece120c5b","local_time":"20210221095926","is_ascension_mode":true,"campfire_choices":[{"data":"theDruid:HailofThorns","floor":6,"key":"SMITH"},{"data":"theDruid:Recoil","floor":8,"key":"SMITH"},{"data":"theDruid:BrambleLash","floor":11,"key":"SMITH"},{"floor":15,"key":"REST"},{"floor":23,"key":"REST"},{"data":"theDruid:SerratedFlesh","floor":25,"key":"SMITH"},{"data":"theDruid:SurvivalInstincts","floor":27,"key":"SMITH"},{"floor":30,"key":"REST"},{"floor":32,"key":"REST"}],"circlet_count":0,"master_deck":["theDruid:Strike_O","theDruid:Strike_O","theDruid:Strike_O","theDruid:Defend_O","theDruid:Defend_O","theDruid:Defend_O","theDruid:BriarArmor","theDruid:WildSlash","theDruid:HailofThorns+1","theDruid:BrambleLash+1","theDruid:FeralPlants","theDruid:Recoil+1","theDruid:Guidance","theDruid:Resupply","theDruid:ThornStrike","theDruid:Infestation","theForsaken:PlagueCurse","theDruid:SerratedFlesh+1","theDruid:SurvivalInstincts+1","theDruid:Entangle+1"],"relics":["theDruid:CrownOfTheWilds","HushsDoor","DeadEye","Golden Idol","Kunai","theDruid:PlagueMask","White Beast Statue","theForsaken:PlagueMask","Ring of Chaos","hubris:Backtick","theDuelist:GraveToken","Nunchaku","infinitespire:Bottled Soul","Pet Ghost"],"acts_visited":["Exordium","TheCity"],"potions_floor_usage":[10,16,22,24,28,33,33],"damage_taken":[{"damage":0,"enemies":"conspire:RoseBush","floor":1,"turns":3},{"damage":11,"enemies":"Jaw Worm","floor":2,"turns":4},{"damage":0,"enemies":"2 Louse","floor":5,"turns":2},{"damage":12,"enemies":"HollowMod:MossKnight","floor":7,"turns":10},{"damage":8,"enemies":"Exordium Wildlife","floor":10,"turns":4},{"damage":4,"enemies":"Exordium Thugs","floor":13,"turns":3},{"damage":27,"enemies":"Fading Forest","floor":16,"turns":11},{"damage":17,"enemies":"Spheric Guardian","floor":18,"turns":5},{"damage":15,"enemies":"Shell Parasite","floor":19,"turns":3},{"damage":27,"enemies":"Cultist and Chosen","floor":22,"turns":6},{"damage":6,"enemies":"conspire:Head Lice","floor":24,"turns":6},{"damage":24,"enemies":"Snake Plant","floor":28,"turns":2},{"damage":24,"enemies":"Snecko","floor":31,"turns":5},{"damage":56,"enemies":"Automaton","floor":33,"turns":6}],"seed_played":"4100996651741527246","potions_obtained":[{"floor":7,"key":"SpeedPotion"},{"floor":10,"key":"Milkshake"},{"floor":13,"key":"ColorlessPotion"},{"floor":16,"key":"DuplicationPotion"},{"floor":18,"key":"Explosive Potion"},{"floor":22,"key":"Elixir"},{"floor":24,"key":"AttackPotion"},{"floor":28,"key":"Dexterity Potion"}],"is_trial":false,"path_per_floor":["M","M","?","T","M","R","E","R","T","M","R","$","M","?","R","B",null,"M","M","AVR","?","M","R","E","R","T","R","M","T","R","M","R","B"],"character_chosen":"DRUID","items_purchased":["theDruid:ThornStrike"],"campfire_rested":4,"item_purchase_floors":[12],"current_hp_per_floor":[75,64,46,46,46,46,34,34,34,26,26,26,22,22,44,27,75,58,43,43,43,16,38,32,32,32,32,8,8,30,6,28,0,0],"gold":385,"neow_bonus":"ONE_RANDOM_RARE_CARD","is_daily":false,"chose_seed":false,"campfire_upgraded":5,"win_rate":0.0,"timestamp":1613897966,"path_taken":["M","M","?","?","?","R","E","R","T","M","R","$","M","?","R","BOSS","M","M","AVR","?","M","R","E","R","T","R","M","?","R","?","R","BOSS"],"items_purchased_type":["Card"],"build_version":"2020-12-22","purchased_purges":2,"victory":false,"max_hp_per_floor":[75,75,75,75,75,75,75,75,75,75,75,75,75,75,75,75,75,75,75,75,75,75,75,75,75,75,75,75,75,75,75,75,75,75],"card_choices":[{"not_picked":["theDruid:FelineGrace","theDruid:AstralShield"],"picked":"theDruid:BrambleLash","floor":1},{"not_picked":["theDruid:IronClaw","theDruid:Resupply"],"picked":"theDruid:FeralPlants","floor":2},{"not_picked":["theDruid:SurvivalInstincts","theDruid:TwilightsCall"],"picked":"theDruid:Recoil","floor":5},{"not_picked":["theDruid:BrambleLash","theDruid:Scavenge"],"picked":"theDruid:Guidance","floor":7},{"not_picked":["theDruid:Slingshot","theDruid:FelineGrace"],"picked":"theDruid:Resupply","floor":10},{"not_picked":["theDruid:BagofTricks","theDruid:Recoil"],"picked":"theDruid:Infestation","floor":13},{"not_picked":["theDruid:Restoration","theDruid:HailofThorns"],"picked":"theDruid:SerratedFlesh","floor":16},{"not_picked":["theDruid:Gore","theDruid:Prowl+1","theDruid:PlagueClaw"],"picked":"SKIP","floor":18},{"not_picked":["theDruid:Prowl","theDruid:Guidance+1","theDruid:NaturalAgility"],"picked":"SKIP","floor":19},{"not_picked":["theDruid:Gore+1","theDruid:ThornStrike"],"picked":"theDruid:SurvivalInstincts","floor":22},{"not_picked":["theDruid:Infestation","theDruid:TwilightsCall+1","theDruid:Guidance"],"picked":"SKIP","floor":24},{"not_picked":["theDruid:Untamed","theDruid:Moonbeam"],"picked":"theDruid:Entangle+1","floor":28},{"not_picked":["theDruid:Swipe+1","theDruid:Entangle","theDruid:Slingshot"],"picked":"SKIP","floor":31}],"player_experience":1775111,"relics_obtained":[{"floor":4,"key":"Kunai"},{"floor":7,"key":"theDruid:PlagueMask"},{"floor":9,"key":"White Beast Statue"},{"floor":24,"key":"Nunchaku"},{"floor":26,"key":"infinitespire:Bottled Soul"},{"floor":29,"key":"Pet Ghost"}],"event_choices":[{"damage_healed":0,"gold_gain":0,"player_choice":"Take Damage","damage_taken":18,"relics_obtained":["Golden Idol"],"max_hp_gain":0,"max_hp_loss":0,"event_name":"Golden Idol","floor":3,"gold_loss":0},{"damage_healed":0,"gold_gain":0,"player_choice":"Obtain Plague Curse","damage_taken":0,"max_hp_gain":0,"max_hp_loss":0,"event_name":"Plague Doctor","floor":14,"gold_loss":0,"cards_obtained":["theForsaken:PlagueCurse"]}],"is_beta":false,"boss_relics":[{"not_picked":["bronze:MakeshiftBattery","Tiny House"],"picked":"Ring of Chaos"},{"not_picked":[]}],"items_purged_floors":[12,20],"is_endless":false,"potions_floor_spawned":[7,10,13,16,18,19,22,24,28,31],"killed_by":"Automaton","ascension_level":1}}