{"host":"n3yraofadl2d9nwo","time":1613913044,"event":{"mods":["BaseMod","Friendly Minions","Marisa????????","Minty Spire (QoL Compilation)","StSLib","The Animator"],"gold_per_floor":[110,123,123,141,141,141,167,180,180,192,192,207,227,177,177,282,282,298,288,238,163,174,174,174,174],"floor_reached":24,"language":"ENG","playtime":1410,"items_purged":["animator:Strike"],"score":200,"play_id":"a1bf0c5b-6ed6-40bc-acd5-1bca27bc8bfb","local_time":"20210221141044","is_ascension_mode":false,"campfire_choices":[{"data":"animator:Greed","floor":6.0,"key":"SMITH"},{"data":"animator:KrulTepes","floor":11.0,"key":"SMITH"},{"data":"animator:Aisha","floor":15.0,"key":"SMITH"},{"data":"animator:Rider","floor":23,"key":"SMITH"}],"circlet_count":0,"master_deck":["animator:Strike_TenSura","animator:Defend_TenSura","animator:Strike","animator:Defend","animator:Defend","animator:Defend","animator:Benimaru+1","animator:Shuna","animator:Greed+1","animator:KrulTepes+1","animator:Shuna","animator:Ara+1","animator:Benimaru","animator:Ciel","animator:Ara","animator:Aisha+1","animator:Biyorigo","animator:KyokoSakura+1","animator:Kuribayashi","animator:Rider+1"],"relics":["animator:LivingPicture","animator:TheMissingPiece","animator:PurgingStone","Blood Vial","Happy Flower","SlaversCollar"],"acts_visited":["Exordium","TheCity"],"potions_floor_usage":[],"damage_taken":[{"damage":0.0,"enemies":"2 Louse","floor":1.0,"turns":3.0},{"damage":0.0,"enemies":"Small Slimes","floor":2.0,"turns":4.0},{"damage":0.0,"enemies":"Cultist","floor":4.0,"turns":5.0},{"damage":17.0,"enemies":"Lagavulin","floor":7.0,"turns":6.0},{"damage":3.0,"enemies":"3 Louse","floor":8.0,"turns":4.0},{"damage":0.0,"enemies":"2 Fungi Beasts","floor":10.0,"turns":3.0},{"damage":0.0,"enemies":"Looter","floor":12.0,"turns":4.0},{"damage":5.0,"enemies":"Blue Slaver","floor":13.0,"turns":3.0},{"damage":1.0,"enemies":"The Guardian","floor":16.0,"turns":10.0},{"damage":18.0,"enemies":"3 Byrds","floor":18.0,"turns":6.0},{"damage":18.0,"enemies":"2 Thieves","floor":19.0,"turns":4.0},{"damage":24,"enemies":"Snake Plant","floor":22,"turns":5},{"damage":12,"enemies":"Slavers","floor":24,"turns":1}],"seed_played":"-664189555822526853","potions_obtained":[{"floor":4.0,"key":"ColorlessPotion"},{"floor":7.0,"key":"Swift Potion"},{"floor":12.0,"key":"Strength Potion"},{"floor":18.0,"key":"Fruit Juice"}],"is_trial":false,"path_per_floor":["M","M","$","M","?","R","E","M","T","M","R","M","M","?","R","B",null,"M","M","?","$","M","R","E"],"character_chosen":"THE_ANIMATOR","items_purchased":[],"campfire_rested":0,"item_purchase_floors":[],"current_hp_per_floor":[66,66,66,66,53,53,36,35,35,37,37,39,36,36,36,37,66,48,32,32,32,10,10,0,0],"gold":174,"neow_bonus":"ONE_RANDOM_RARE_CARD","is_daily":false,"chose_seed":false,"campfire_upgraded":4,"win_rate":0.0,"timestamp":1613913044,"path_taken":["M","M","$","M","?","R","E","M","T","M","R","M","M","?","R","BOSS","M","M","?","$","?","R","E"],"items_purchased_type":[],"build_version":"2020-12-22","purchased_purges":1,"victory":false,"max_hp_per_floor":[66,66,66,66,66,66,66,66,66,66,66,66,66,66,66,66,66,66,66,66,66,66,66,66,66],"card_choices":[{"not_picked":["animator:Rider","animator:ZankiKiguchi"],"picked":"animator:KrulTepes","floor":1.0},{"not_picked":["animator:SilverFang","animator:Genos"],"picked":"animator:Shuna","floor":2.0},{"not_picked":["animator:HighElfArcher","animator:Sloth"],"picked":"animator:Ara","floor":4.0},{"not_picked":["animator:Shuna","animator:Hakurou"],"picked":"animator:Benimaru","floor":7.0},{"not_picked":["animator:UneriGinkaku","animator:Priestess"],"picked":"animator:Ciel","floor":8.0},{"not_picked":["animator:Ciel","animator:Shion"],"picked":"animator:Ara","floor":10.0},{"not_picked":["animator:Hakurou","animator:MumenRider","animator:Mikaela"],"picked":"SKIP","floor":12.0},{"not_picked":["animator:Raven","animator:Ciel"],"picked":"animator:Aisha","floor":13.0},{"not_picked":["animator:Eris","animator:AcuraShin"],"picked":"animator:Biyorigo","floor":16.0},{"not_picked":["animator:Alexander","animator:RoryMercury+1"],"picked":"animator:KyokoSakura+1","floor":18.0},{"not_picked":["animator:Yoichi","animator:MaesHughes+1"],"picked":"animator:Kuribayashi","floor":19.0},{"not_picked":["animator:Assassin","animator:KyokoSakura"],"picked":"animator:Rider","floor":22}],"player_experience":861860,"relics_obtained":[{"floor":7.0,"key":"Blood Vial"},{"floor":7.0,"key":"Happy Flower"}],"event_choices":[{"damage_healed":0.0,"max_hp_gain":0.0,"max_hp_loss":0.0,"gold_gain":0.0,"event_name":"Shining Light","player_choice":"Entered Light","floor":5.0,"gold_loss":0.0,"damage_taken":13.0,"cards_upgraded":["animator:Benimaru","animator:Ara"]},{"cards_removed":["animator:Strike"],"damage_healed":0.0,"max_hp_gain":0.0,"max_hp_loss":0.0,"gold_gain":0.0,"event_name":"The Cleric","player_choice":"Card Removal","floor":14.0,"gold_loss":50.0,"damage_taken":0.0},{"damage_healed":0.0,"max_hp_gain":0.0,"max_hp_loss":0.0,"gold_gain":0.0,"event_name":"The Joust","player_choice":"Bet on Murderer","floor":20.0,"gold_loss":50.0,"damage_taken":0.0}],"is_beta":false,"boss_relics":[{"not_picked":["Mark of Pain","Pandora\u0027s Box"],"picked":"SlaversCollar"}],"items_purged_floors":[21],"is_endless":false,"potions_floor_spawned":[4,7,12,18],"killed_by":"Slavers","ascension_level":0}}