{"host":"c64dsqyrqv0ei9yn","time":1613900940,"event":{"mods":["Act Like it!","Arknights","BaseMod","Bestiary","CapriCore","Chen","Colored Map","Colored Powertips","Curses Come First","Hermit","Koishi","LagranYue(ùfäiòNÅEåé)","MarisaÅiñ∂âJÅ@ñÇóùçπÅj","Minty Spire (QoL Compilation)","Prisma Mod","Random Character Button","ReimuÅiîé??öÎÅj","RemiliaÅiÂQïƒ‰ª?Åj","StSLib","The Administrix","The Alterego","The Immortal","The Marked","The Saiyan","The Senshi","The Servant 0.9.4","The Wild Card","TheSwordswoman","Waifu the Spire","WarShipGirlsR/??è≠èóR mod","slay the spire mod where everything is the same but ironclad has a cowboy hat"],"gold_per_floor":[111,186,198,211,230,230,230,248,274,274,292,292,292,292,292,396,396,407,426,426,439,31,31,51,85,110,110,136,136,136,146,146,243,243,256,306,317,329,329,329,19,19,19,19,36,53,53,64,64,64],"floor_reached":51,"language":"ENG","playtime":3557,"items_purged":["MokouMod:Strike"],"score":729,"play_id":"b914bc6e-282c-450b-96eb-2072d72e9fe5","local_time":"20210221094900","is_ascension_mode":false,"campfire_choices":[{"data":"MokouMod:Sear","floor":6,"key":"SMITH"},{"data":"MokouMod:RisingSunBarrier","floor":10,"key":"SMITH"},{"data":"MokouMod:ThermalPressure","floor":13,"key":"SMITH"},{"floor":15,"key":"REST"},{"floor":23,"key":"REST"},{"floor":27,"key":"REST"},{"floor":30,"key":"REST"},{"floor":32,"key":"REST"},{"floor":40,"key":"REST"},{"floor":44,"key":"REST"},{"data":"MokouMod:Scorch","floor":47,"key":"SMITH"},{"floor":49,"key":"REST"}],"circlet_count":0,"master_deck":["MokouMod:Strike+1","MokouMod:Strike","MokouMod:Strike","MokouMod:Strike","MokouMod:Defend+1","MokouMod:Defend","MokouMod:Defend","MokouMod:Defend","MokouMod:HeatSpark","MokouMod:FlickeringFlame","MokouMod:Overheat","MokouMod:Sear+1","MokouMod:Scorch+1","MokouMod:RisingSunBarrier+1","MokouMod:ThermalPressure+1","MokouMod:PhoenixForm+1","MokouMod:Sear+1","MokouMod:CrimsonFlare","MokouMod:Meltdown+1","MokouMod:IgnitionBlast","MokouMod:IndiscriminateIgnition","MokouMod:ResoluteFlare+1","MokouMod:FlareStarter","MokouMod:HeartofFire+1","MokouMod:ProfanedFlare","MokouMod:Ember+1","MokouMod:ResonanceReactor+1","MokouMod:Firecracker+1","MokouMod:InfernalWave+1"],"relics":["MokouMod:PhoenixFeather","NeowsBlessing","Anchor","LagranYue:SoulBurningRelic","Question Card","LagranYue:MagicReflectiveArmorRelic","Orichalcum","Blood Vial","SlaversCollar","TungstenRod","Mango","Bottled Flame"],"acts_visited":["Exordium","TheCity","TheBeyond"],"potions_floor_usage":[20,24,25,37,50],"damage_taken":[{"damage":0,"enemies":"2 Louse","floor":1,"turns":1},{"damage":0,"enemies":"ats:Genji","floor":3,"turns":1},{"damage":0,"enemies":"Jaw Worm","floor":4,"turns":1},{"damage":9,"enemies":"Blue Slaver","floor":5,"turns":3},{"damage":2,"enemies":"Looter","floor":8,"turns":2},{"damage":0,"enemies":"Large Slime","floor":11,"turns":4},{"damage":19,"enemies":"The Guardian","floor":16,"turns":12},{"damage":7,"enemies":"Shell Parasite","floor":18,"turns":5},{"damage":10,"enemies":"3 Byrds","floor":19,"turns":4},{"damage":13,"enemies":"Snecko","floor":21,"turns":6},{"damage":22,"enemies":"Shelled Parasite and Fungi","floor":24,"turns":4},{"damage":56,"enemies":"Gremlin Leader","floor":25,"turns":7},{"damage":26,"enemies":"Book of Stabbing","floor":28,"turns":5},{"damage":5,"enemies":"Colosseum Slavers","floor":29,"turns":5},{"damage":14,"enemies":"3 Cultists","floor":31,"turns":5},{"damage":0,"enemies":"Champ","floor":33,"turns":9},{"damage":0,"enemies":"Orb Walker","floor":35,"turns":3},{"damage":0,"enemies":"Mind Bloom Boss Battle","floor":36,"turns":9},{"damage":28,"enemies":"3 Darklings","floor":37,"turns":6},{"damage":47,"enemies":"Jaw Worm Horde","floor":38,"turns":5},{"damage":5,"enemies":"Maw","floor":45,"turns":7},{"damage":23,"enemies":"3 Darklings","floor":46,"turns":6},{"damage":12,"enemies":"Spire Growth","floor":48,"turns":4},{"damage":36,"enemies":"Donu and Deca","floor":50,"turns":10}],"seed_played":"4586419818060680945","potions_obtained":[{"floor":3,"key":"AttackPotion"},{"floor":5,"key":"SteroidPotion"},{"floor":18,"key":"LiquidMemories"},{"floor":20,"key":"Fruit Juice"},{"floor":20,"key":"Block Potion"},{"floor":33,"key":"Block Potion"},{"floor":35,"key":"BlessingOfTheForge"},{"floor":46,"key":"FearPotion"}],"is_trial":false,"path_per_floor":["M","?","M","M","M","R","?","M","T","R","M","?","R","?","R","B",null,"M","M","?","M","$","R","M","E","T","R","E","?","R","M","R","B",null,"M","?","M","M","?","R","$","?","T","R","M","M","R","M","R","B",null],"character_chosen":"MKU","items_purchased":["MokouMod:IgnitionBlast","Question Card","Mango"],"campfire_rested":8,"item_purchase_floors":[22,22,41],"current_hp_per_floor":[75,64,64,64,55,55,40,38,38,38,38,56,56,49,70,51,72,65,55,59,46,46,68,46,19,19,41,15,11,33,20,42,43,77,77,77,49,3,3,25,38,38,38,64,60,38,38,27,53,18],"gold":64,"neow_bonus":"THREE_ENEMY_KILL","is_daily":false,"chose_seed":false,"campfire_upgraded":4,"win_rate":0.0,"timestamp":1613900940,"path_taken":["M","?","M","M","M","R","?","M","T","R","M","?","R","?","R","BOSS","M","M","?","M","$","R","?","E","T","R","E","?","R","M","R","BOSS","M","?","M","M","?","R","$","?","T","R","M","?","R","M","R","BOSS"],"items_purchased_type":["Card","Relic","Relic"],"build_version":"2020-12-22","purchased_purges":1,"victory":true,"max_hp_per_floor":[75,75,75,75,75,75,75,75,75,75,75,75,75,72,72,72,72,72,72,77,77,77,77,77,77,77,77,77,77,77,77,77,77,77,77,77,77,77,77,77,91,91,91,91,91,91,91,91,91,91],"card_choices":[{"not_picked":["MokouMod:Refresh","MokouMod:IndiscriminateIgnition"],"picked":"MokouMod:FlickeringFlame","floor":1},{"not_picked":["MokouMod:FujiyamaVolcano","MokouMod:Fireball"],"picked":"MokouMod:Overheat","floor":3},{"not_picked":["MokouMod:SubterraneanCore","MokouMod:Ember"],"picked":"MokouMod:Sear","floor":4},{"not_picked":["MokouMod:RetainTemperature","MokouMod:ResonanceReactor"],"picked":"MokouMod:Scorch","floor":5},{"not_picked":["MokouMod:DanceofFlames","MokouMod:RoaringFlare"],"picked":"MokouMod:RisingSunBarrier","floor":8},{"not_picked":["MokouMod:BlazingComet","MokouMod:Singe"],"picked":"MokouMod:ThermalPressure","floor":11},{"not_picked":["MokouMod:EnchantingBambooForest","MokouMod:RadiantBlade"],"picked":"MokouMod:PhoenixForm","floor":16},{"not_picked":["MokouMod:ThermalPressure","MokouMod:ResoluteFlare"],"picked":"MokouMod:Sear+1","floor":18},{"not_picked":["MokouMod:Scorch","MokouMod:FujiyamaVolcano"],"picked":"MokouMod:CrimsonFlare","floor":19},{"not_picked":["MokouMod:IllusoryBattlefield","MokouMod:SearingShot"],"picked":"MokouMod:Meltdown+1","floor":21},{"not_picked":["MokouMod:BurningDraft","MokouMod:ScorchingColumn","MokouMod:AdaptivePyromancy"],"picked":"MokouMod:IndiscriminateIgnition","floor":24},{"not_picked":["MokouMod:Scorch","MokouMod:IcarusDive","MokouMod:BurningDraft"],"picked":"MokouMod:ResoluteFlare+1","floor":25},{"not_picked":["MokouMod:PhoenixFeathers","MokouMod:FujiyamaVolcano","MokouMod:CrimsonArmoury"],"picked":"MokouMod:FlareStarter","floor":28},{"not_picked":["MokouMod:UncontrollableSolarReaction","MokouMod:HeatFactory","MokouMod:Wildfire+1"],"picked":"MokouMod:HeartofFire+1","floor":31},{"not_picked":["MokouMod:RadiantBlade","MokouMod:EnchantingBambooForest","MokouMod:PhoenixForm"],"picked":"MokouMod:ProfanedFlare","floor":33},{"not_picked":["MokouMod:Firecracker+1","MokouMod:IllusoryBattlefield+1","MokouMod:FujiyamaVolcano","MokouMod:UncontrollableSolarReaction+1"],"picked":"SKIP","floor":35},{"not_picked":["MokouMod:FlickeringFlame","MokouMod:PhoenixFeathers+1","MokouMod:GuidingSmoke+1"],"picked":"MokouMod:Ember+1","floor":36},{"not_picked":["MokouMod:ControlledCombustion+1","MokouMod:GuidingSmoke+1","MokouMod:IndiscriminateIgnition"],"picked":"MokouMod:ResonanceReactor+1","floor":37},{"not_picked":["MokouMod:FujiyamaVolcano","MokouMod:FlickeringFlame","MokouMod:Ember+1"],"picked":"MokouMod:Firecracker+1","floor":38},{"not_picked":["MokouMod:Singe+1","MokouMod:ResoluteFlare","MokouMod:Trailblazer","MokouMod:Scorch"],"picked":"SKIP","floor":45},{"not_picked":["MokouMod:ImperishableFlame+1","MokouMod:IndiscriminateIgnition","MokouMod:FlamingFireTalons","MokouMod:ControlledCombustion"],"picked":"SKIP","floor":46},{"not_picked":["MokouMod:ThermalPressure","MokouMod:Rekindle","MokouMod:SearingShot"],"picked":"MokouMod:InfernalWave+1","floor":48}],"player_experience":113249,"relics_obtained":[{"floor":9,"key":"Anchor"},{"floor":25,"key":"LagranYue:MagicReflectiveArmorRelic"},{"floor":26,"key":"Orichalcum"},{"floor":28,"key":"Blood Vial"},{"floor":36,"key":"TungstenRod"},{"floor":43,"key":"Bottled Flame"}],"event_choices":[{"damage_healed":0,"gold_gain":75,"player_choice":"Gather Gold","damage_taken":11,"max_hp_gain":0,"max_hp_loss":0,"event_name":"World of Goop","floor":2,"gold_loss":0},{"damage_healed":0,"gold_gain":0,"player_choice":"Entered Light","damage_taken":15,"max_hp_gain":0,"max_hp_loss":0,"event_name":"Shining Light","floor":7,"gold_loss":0,"cards_upgraded":["MokouMod:Strike","MokouMod:Defend"]},{"damage_healed":18,"gold_gain":0,"player_choice":"Healed and dodged fight","damage_taken":0,"max_hp_gain":0,"max_hp_loss":0,"event_name":"Mushrooms","floor":12,"gold_loss":0,"cards_obtained":["Parasite"]},{"cards_removed":["Parasite"],"damage_healed":0,"gold_gain":0,"player_choice":"Card Removal","damage_taken":7,"max_hp_gain":0,"max_hp_loss":0,"event_name":"Golden Wing","floor":14,"gold_loss":0},{"damage_healed":0,"gold_gain":0,"player_choice":"Got Potions","damage_taken":0,"max_hp_gain":0,"max_hp_loss":0,"event_name":"Lab","floor":20,"gold_loss":0},{"damage_healed":0,"gold_gain":0,"player_choice":"Fight","damage_taken":0,"max_hp_gain":0,"max_hp_loss":0,"event_name":"Colosseum","floor":29,"gold_loss":0},{"damage_healed":0,"gold_gain":0,"player_choice":"Fled From Nobs","damage_taken":0,"max_hp_gain":0,"max_hp_loss":0,"event_name":"Colosseum","floor":29,"gold_loss":0},{"damage_healed":0,"gold_gain":0,"player_choice":"Fight","damage_taken":0,"max_hp_gain":0,"max_hp_loss":0,"event_name":"MindBloom","floor":36,"gold_loss":0},{"damage_healed":0,"gold_gain":0,"player_choice":"Upgraded","damage_taken":0,"max_hp_gain":0,"max_hp_loss":0,"event_name":"Upgrade Shrine","floor":42,"gold_loss":0,"cards_upgraded":["MokouMod:PhoenixForm"]}],"is_beta":false,"boss_relics":[{"not_picked":["Busted Crown","Fusion Hammer"],"picked":"LagranYue:SoulBurningRelic"},{"not_picked":["Calling Bell","Runic Dome"],"picked":"SlaversCollar"}],"items_purged_floors":[22],"is_endless":false,"potions_floor_spawned":[3,5,18,21,29,33,35,46,48],"ascension_level":0}}