{"host":"08xvxt5w1s7zc7e5","time":1613885255,"event":{"mods":["AchievementEnabler","BaseMod","DeckTracker","Minty Spire (QoL Compilation)","Quick Restart","StSLib","SuperFastMode"],"gold_per_floor":[118,128,145,164,164,164,164,164],"floor_reached":7,"language":"KOR","playtime":224,"items_purged":[],"score":65,"play_id":"e0a743a5-7bf2-4b9a-92c9-a414ad18105b","local_time":"20210221142735","is_ascension_mode":true,"campfire_choices":[{"data":"Cloak And Dagger","floor":6,"key":"SMITH"}],"circlet_count":0,"master_deck":["AscendersBane","Strike_G","Strike_G","Strike_G","Strike_G","Defend_G","Defend_G","Defend_G","Defend_G","Defend_G","Survivor","Neutralize","Burst","Cloak And Dagger+1","Poisoned Stab","PiercingWail"],"relics":["Ring of the Snake"],"acts_visited":["Exordium"],"potions_floor_usage":[],"damage_taken":[{"damage":5,"enemies":"Cultist","floor":1,"turns":5},{"damage":6,"enemies":"Jaw Worm","floor":2,"turns":8},{"damage":1,"enemies":"2 Louse","floor":3,"turns":3},{"damage":1,"enemies":"Exordium Wildlife","floor":4,"turns":4},{"damage":47,"enemies":"Lagavulin","floor":7,"turns":11}],"seed_played":"-8042942361596637825","potions_obtained":[{"floor":3,"key":"Explosive Potion"}],"is_trial":false,"path_per_floor":["M","M","M","M","?","R","E"],"character_chosen":"THE_SILENT","items_purchased":[],"campfire_rested":0,"item_purchase_floors":[],"current_hp_per_floor":[58,52,51,50,43,43,0,0],"gold":164,"neow_bonus":"THREE_RARE_CARDS","is_daily":false,"chose_seed":false,"campfire_upgraded":1,"win_rate":0.0,"timestamp":1613885255,"path_taken":["M","M","M","M","?","R","E"],"items_purchased_type":[],"build_version":"2020-12-22","purchased_purges":0,"victory":false,"max_hp_per_floor":[63,63,63,63,63,63,63,63],"card_choices":[{"not_picked":["Adrenaline","Tools of the Trade"],"picked":"Burst","floor":0},{"not_picked":["Flying Knee","Endless Agony","Dagger Throw"],"picked":"SKIP","floor":1},{"not_picked":["Expertise","Dodge and Roll"],"picked":"Cloak And Dagger","floor":2},{"not_picked":["Cloak And Dagger","Bane"],"picked":"Poisoned Stab","floor":3},{"not_picked":["Deadly Poison","Slice"],"picked":"PiercingWail","floor":4}],"player_experience":416844,"relics_obtained":[],"event_choices":[{"cards_removed":["Strike_G"],"damage_healed":0,"gold_gain":0,"player_choice":"Card Removal","damage_taken":7,"max_hp_gain":0,"max_hp_loss":0,"event_name":"Golden Wing","floor":5,"gold_loss":0}],"is_beta":false,"boss_relics":[],"items_purged_floors":[],"is_endless":false,"potions_floor_spawned":[3],"killed_by":"Lagavulin","ascension_level":10}}