{"host":"w11d5xug8ost5klq","time":1613948441,"event":{"mods":["100% Spire Juice","2.2 Compatiblity","BaseMod","Better Third Choice","Emptier Cage","Highlight Path","KinomotoSakuraMod(????)","Minty Spire (QoL Compilation)","Quick Restart","Reliquary","Shapeshifter Mod","Spicy Shops","StSLib","The Alterego","WarShipGirlsR/????R mod"],"gold_per_floor":[115,115,115,126,146,164,192,40,40,40,56,73,53,72,72,72,72],"floor_reached":16,"language":"ENG","playtime":873,"items_purged":[],"score":104,"play_id":"ce6c7c2a-34c9-45b8-8bdf-4e8fbe40e22d","local_time":"20210221170041","is_ascension_mode":false,"campfire_choices":[{"data":"rmod:aluminumsupply","floor":10,"key":"SMITH"},{"data":"rmod:aviationdawn","floor":15,"key":"SMITH"}],"circlet_count":0,"master_deck":["rmod:strick","rmod:strick","rmod:strick","rmod:strick","rmod:defend","rmod:defend","rmod:defend","rmod:defend","rmod:basicallowance","rmod:maingunfire","rmod:aluminumsupply+1","rmod:fletcherpendant","rmod:advancebysurprise","rmod:fletcher","rmod:aluminumsupply","rmod:aviationdawn+1","rmod:unsinkable","rmod:circuitoustactics"],"relics":["rmod:firstchargereward","Blood Vial","Akabeko","Orrery","reliquary:TridentHead"],"acts_visited":["Exordium"],"potions_floor_usage":[7,12,16,16],"damage_taken":[{"damage":0,"enemies":"2 Louse","floor":1,"turns":2},{"damage":0,"enemies":"Cultist","floor":4,"turns":3},{"damage":0,"enemies":"Small Slimes","floor":5,"turns":3},{"damage":4,"enemies":"Looter","floor":6,"turns":4},{"damage":39,"enemies":"3 Sentries","floor":7,"turns":9},{"damage":9,"enemies":"Exordium Wildlife","floor":11,"turns":4},{"damage":0,"enemies":"Red Slaver","floor":12,"turns":1},{"damage":0,"enemies":"Looter","floor":14,"turns":3},{"damage":52,"enemies":"The Guardian","floor":16,"turns":13}],"seed_played":"-1676586696035006777","potions_obtained":[{"floor":1,"key":"Regen Potion"},{"floor":4,"key":"Strength Potion"},{"floor":7,"key":"Energy Potion"},{"floor":12,"key":"Strength Potion"}],"is_trial":false,"path_per_floor":["M","?","$","M","M","M","E","$","T","R","M","M","?","M","R","B"],"character_chosen":"PRAEFECT","items_purchased":["Orrery"],"campfire_rested":0,"item_purchase_floors":[8],"current_hp_per_floor":[75,75,75,75,75,71,49,49,49,49,42,44,44,46,46,0,0],"gold":72,"neow_bonus":"RANDOM_COMMON_RELIC","is_daily":false,"chose_seed":false,"campfire_upgraded":2,"win_rate":0.0,"timestamp":1613948441,"path_taken":["M","?","?","?","M","M","E","$","T","R","M","M","?","M","R","BOSS"],"items_purchased_type":["Relic"],"build_version":"2020-12-22","purchased_purges":0,"victory":false,"max_hp_per_floor":[75,75,75,75,75,75,75,75,75,75,75,75,75,75,75,75,75],"card_choices":[{"not_picked":["rmod:chargemoney","rmod:aggressivemary"],"picked":"rmod:aluminumsupply","floor":1},{"not_picked":["rmod:maintain","rmod:ring","rmod:intelligenceanalysis"],"picked":"SKIP","floor":4},{"not_picked":["rmod:secretscript","rmod:supportescort"],"picked":"rmod:fletcherpendant","floor":5},{"not_picked":["rmod:unsinkable","rmod:diaomin"],"picked":"rmod:advancebysurprise","floor":6},{"not_picked":["rmod:ridicule","rmod:steelsupply","rmod:wife"],"picked":"SKIP","floor":7},{"not_picked":["rmod:launchingtorpedo","rmod:steelsupply"],"picked":"rmod:fletcher","floor":8},{"not_picked":["rmod:circuitoustactics","rmod:aviationdawn"],"picked":"rmod:aluminumsupply","floor":8},{"not_picked":["rmod:ammunitionsupply","rmod:tearstotiara"],"picked":"rmod:aviationdawn","floor":11},{"not_picked":["rmod:luckystar","rmod:circuitoustactics"],"picked":"rmod:unsinkable","floor":12},{"not_picked":["rmod:supportescort","rmod:smokecover"],"picked":"rmod:circuitoustactics","floor":14}],"player_experience":128151,"relics_obtained":[{"floor":7,"key":"Akabeko"},{"floor":9,"key":"reliquary:TridentHead"}],"event_choices":[{"damage_healed":0,"gold_gain":0,"player_choice":"Ignored","damage_taken":0,"max_hp_gain":0,"max_hp_loss":0,"event_name":"NoteForYourself","floor":2,"gold_loss":0}],"is_beta":false,"boss_relics":[],"items_purged_floors":[],"is_endless":false,"potions_floor_spawned":[1,4,7,12],"killed_by":"The Guardian","ascension_level":0}}