{"host":"en4narc5947t7k9n","time":1613921040,"event":{"mods":["AchievementEnabler","BaseMod","Colored Map","Minty Spire (QoL Compilation)","SuperFastMode"],"gold_per_floor":[116,126,142,142,154,166,199,213,213,226,226,259,269,42,42,42,42],"floor_reached":16,"language":"KOR","playtime":1119,"items_purged":[],"score":116,"play_id":"a8d7fb9c-a629-4aec-82d2-50f3d5520482","local_time":"20210222002400","is_ascension_mode":false,"campfire_choices":[{"floor":11,"key":"RECALL"},{"data":"Infinite Blades","floor":15,"key":"SMITH"}],"circlet_count":0,"master_deck":["Strike_G","Strike_G","Strike_G","Strike_G","Strike_G","Defend_G","Defend_G","Defend_G","Defend_G","Defend_G","Survivor","Neutralize+1","Blade Dance","Backflip","Slice","Deflect","Slice","Finisher","Well Laid Plans","Unload","Sucker Punch+1","Flying Knee+1","Infinite Blades+1"],"relics":["Ring of the Snake","Blue Candle","Molten Egg 2","MealTicket"],"acts_visited":["Exordium"],"potions_floor_usage":[12,13,16,16,16],"damage_taken":[{"damage":0,"enemies":"Small Slimes","floor":1,"turns":3},{"damage":0,"enemies":"Jaw Worm","floor":2,"turns":4},{"damage":0,"enemies":"2 Louse","floor":3,"turns":2},{"damage":1,"enemies":"Blue Slaver","floor":5,"turns":4},{"damage":1,"enemies":"2 Fungi Beasts","floor":6,"turns":4},{"damage":19,"enemies":"Gremlin Nob","floor":7,"turns":5},{"damage":0,"enemies":"Looter","floor":8,"turns":2},{"damage":16,"enemies":"Gremlin Gang","floor":10,"turns":5},{"damage":5,"enemies":"3 Sentries","floor":12,"turns":7},{"damage":6,"enemies":"Large Slime","floor":13,"turns":4},{"damage":27,"enemies":"Hexaghost","floor":16,"turns":9}],"seed_played":"-518882091226711322","potions_obtained":[{"floor":2,"key":"GhostInAJar"},{"floor":6,"key":"PowerPotion"},{"floor":10,"key":"Fire Potion"},{"floor":12,"key":"Explosive Potion"},{"floor":13,"key":"Block Potion"}],"is_trial":false,"path_per_floor":["M","M","M","?","M","M","E","M","T","M","R","E","M","$","R","B"],"character_chosen":"THE_SILENT","items_purchased":["MealTicket","Infinite Blades"],"campfire_rested":0,"item_purchase_floors":[14,14],"current_hp_per_floor":[70,70,70,75,74,73,54,54,54,38,38,33,27,27,27,0,0],"gold":42,"neow_bonus":"UPGRADE_CARD","is_daily":false,"chose_seed":false,"campfire_upgraded":1,"win_rate":0.0,"timestamp":1613921040,"path_taken":["M","M","M","?","M","M","E","M","T","M","R","E","M","$","R","BOSS"],"items_purchased_type":["Relic","Card"],"build_version":"2020-12-22","purchased_purges":0,"victory":false,"max_hp_per_floor":[70,70,70,75,75,75,75,75,75,75,75,75,75,75,75,75,75],"card_choices":[{"not_picked":["Dagger Spray","Deflect"],"picked":"Blade Dance","floor":1},{"not_picked":["Prepared","Distraction"],"picked":"Backflip","floor":2},{"not_picked":["Dagger Throw","PiercingWail"],"picked":"Slice","floor":3},{"not_picked":["Dodge and Roll","Predator"],"picked":"Deflect","floor":5},{"not_picked":["Flying Knee","Backflip"],"picked":"Slice","floor":6},{"not_picked":["Skewer","Dash"],"picked":"Finisher","floor":7},{"not_picked":["Dash","Outmaneuver"],"picked":"Well Laid Plans","floor":8},{"not_picked":["Predator","Outmaneuver"],"picked":"Unload","floor":10},{"not_picked":["Dodge and Roll","Backflip"],"picked":"Sucker Punch+1","floor":12},{"not_picked":["PiercingWail","Setup"],"picked":"Flying Knee+1","floor":13}],"player_experience":133993,"relics_obtained":[{"floor":7,"key":"Blue Candle"},{"floor":12,"key":"Molten Egg 2"}],"event_choices":[{"damage_healed":0,"gold_gain":0,"player_choice":"Donut","damage_taken":0,"max_hp_gain":5,"max_hp_loss":0,"event_name":"Big Fish","floor":4,"gold_loss":0}],"is_beta":false,"boss_relics":[],"items_purged_floors":[],"is_endless":false,"potions_floor_spawned":[2,6,10,12,13],"killed_by":"Hexaghost","ascension_level":0}}