{"host":"sav7uxregyirlf69","time":1613895050,"event":{"mods":["AchievementEnabler","BaseMod","Colored Map","DeckTracker","Keyboard Shortcuts","Minty Spire (QoL Compilation)","READ ME - Guardian Mod","StSLib","SuperFastMode"],"gold_per_floor":[116,116,126,126,137,137,166,166,240,315,315,326,346,365,365,439,439,459,459,478,403,29,29,29,63,63,90,90,125,125,157,157,234,234,252,271,282,282,300,300,335,335,335,365,365,170,182,209,209,209,209],"floor_reached":52,"language":"KOR","playtime":897,"items_purged":["Pain"],"score":2232,"play_id":"49eff9b9-2e86-4cee-bb34-e554809edf14","local_time":"20210221171050","is_ascension_mode":true,"campfire_choices":[{"data":"Dagger Spray","floor":6,"key":"SMITH"},{"data":"Neutralize","floor":8,"key":"SMITH"},{"floor":11,"key":"REST"},{"data":"Terror","floor":15,"key":"SMITH"},{"floor":23,"key":"REST"},{"data":"Blade Dance","floor":32,"key":"SMITH"},{"data":"Accuracy","floor":40,"key":"SMITH"},{"data":"Cloak And Dagger","floor":45,"key":"SMITH"},{"data":"Footwork","floor":49,"key":"SMITH"}],"circlet_count":0,"master_deck":["AscendersBane","Strike_G+1","Strike_G+1","Strike_G+1","Defend_G+1","Defend_G+1","Defend_G+1","Defend_G+1","Neutralize+1","Flying Knee","Dagger Spray+1","Blade Dance+1","Accuracy+1","Terror+1","Adrenaline","PiercingWail","Accuracy","Cloak And Dagger+1","Footwork+1","Adrenaline","Cloak And Dagger+1","Cloak And Dagger+1","Blur","Backflip+1","PiercingWail"],"relics":["Ring of the Snake","Regal Pillow","The Courier","WristBlade","Sling","Paper Crane","TungstenRod","Lizard Tail","Kunai","Shuriken","Ancient Tea Set","Pen Nib","Cursed Key","Thread and Needle","Prayer Wheel","Lee\u0027s Waffle","Pocketwatch"],"acts_visited":["Exordium","TheCity","TheBeyond"],"potions_floor_usage":[7,16,29,29,44,50],"damage_taken":[{"damage":0,"enemies":"Jaw Worm","floor":1,"turns":4},{"damage":0,"enemies":"2 Louse","floor":3,"turns":2},{"damage":4,"enemies":"Small Slimes","floor":5,"turns":3},{"damage":20,"enemies":"Lagavulin","floor":7,"turns":5},{"damage":3,"enemies":"Blue Slaver","floor":12,"turns":3},{"damage":5,"enemies":"3 Louse","floor":13,"turns":3},{"damage":4,"enemies":"Looter","floor":14,"turns":3},{"damage":27,"enemies":"Slime Boss","floor":16,"turns":10},{"damage":4,"enemies":"Chosen","floor":18,"turns":3},{"damage":20,"enemies":"3 Byrds","floor":20,"turns":5},{"damage":28,"enemies":"Slavers","floor":25,"turns":6},{"damage":0,"enemies":"Book of Stabbing","floor":27,"turns":3},{"damage":7,"enemies":"Slavers","floor":29,"turns":4},{"damage":1,"enemies":"Book of Stabbing","floor":31,"turns":5},{"damage":2,"enemies":"Collector","floor":33,"turns":6},{"damage":0,"enemies":"3 Darklings","floor":35,"turns":4},{"damage":0,"enemies":"Orb Walker","floor":36,"turns":1},{"damage":13,"enemies":"Maw","floor":37,"turns":5},{"damage":0,"enemies":"Transient","floor":39,"turns":6},{"damage":9,"enemies":"Reptomancer","floor":41,"turns":4},{"damage":0,"enemies":"Nemesis","floor":44,"turns":1},{"damage":2,"enemies":"Writhing Mass","floor":47,"turns":5},{"damage":0,"enemies":"Reptomancer","floor":48,"turns":4},{"damage":0,"enemies":"Donu and Deca","floor":50,"turns":7},{"damage":21,"enemies":"Time Eater","floor":51,"turns":7}],"seed_played":"-6688935460623448914","potions_obtained":[{"floor":3,"key":"Fire Potion"},{"floor":7,"key":"Swift Potion"},{"floor":16,"key":"ColorlessPotion"},{"floor":27,"key":"ColorlessPotion"},{"floor":36,"key":"SkillPotion"},{"floor":37,"key":"EssenceOfSteel"},{"floor":39,"key":"Swift Potion"},{"floor":44,"key":"SteroidPotion"}],"is_trial":false,"path_per_floor":["M","?","M","?","M","R","E","R","T","?","R","M","M","M","R","B",null,"M","?","M","?","$","R","$","E","T","E","T","E","?","E","R","B",null,"M","M","M","?","M","R","E","?","T","E","R","$","M","E","R","B","B",null],"character_chosen":"THE_SILENT","items_purchased":["Accuracy","Sling","Paper Crane","Lee\u0027s Waffle"],"campfire_rested":2,"item_purchase_floors":[22,22,22,46],"current_hp_per_floor":[59,52,52,52,48,48,28,28,28,17,51,48,43,39,39,12,53,49,49,29,29,29,63,63,35,35,35,35,28,28,27,27,25,56,56,56,43,43,43,43,34,34,34,34,34,73,71,71,71,71,50],"gold":209,"neow_bonus":"TRANSFORM_CARD","is_daily":false,"chose_seed":false,"campfire_upgraded":7,"win_rate":0.0,"timestamp":1613895050,"path_taken":["M","?","M","?","M","R","E","R","T","?","R","M","?","M","R","BOSS","M","?","M","?","$","R","$","E","T","E","?","E","?","E","R","BOSS","M","M","M","?","M","R","E","?","T","E","R","?","M","E","R","BOSS","BOSS"],"items_purchased_type":["Card","Relic","Relic","Relic"],"build_version":"2020-12-22","purchased_purges":1,"victory":true,"max_hp_per_floor":[66,66,66,66,66,66,66,66,66,66,66,66,66,66,66,66,66,66,66,66,66,66,66,66,66,66,66,66,66,66,66,66,66,66,66,66,66,66,66,66,66,66,66,66,66,73,73,73,73,73,73],"card_choices":[{"not_picked":["Slice","Dodge and Roll"],"picked":"Dagger Spray","floor":1},{"not_picked":["Eviscerate","Flying Knee","Outmaneuver"],"picked":"SKIP","floor":3},{"not_picked":["Sucker Punch","Distraction"],"picked":"Blade Dance","floor":5},{"not_picked":["Poisoned Stab","Cloak And Dagger","Sucker Punch"],"picked":"SKIP","floor":7},{"not_picked":["Bouncing Flask","Slice"],"picked":"Accuracy","floor":12},{"not_picked":["Reflex","Flying Knee","Sucker Punch"],"picked":"SKIP","floor":13},{"not_picked":["Flying Knee","Tools of the Trade"],"picked":"Terror","floor":14},{"not_picked":["Grand Finale","Envenom"],"picked":"Adrenaline","floor":16},{"not_picked":["Acrobatics","Slice"],"picked":"PiercingWail","floor":18},{"not_picked":["Dash","Dodge and Roll","Deadly Poison"],"picked":"SKIP","floor":20},{"not_picked":["Riddle With Holes","Well Laid Plans"],"picked":"Cloak And Dagger","floor":25},{"not_picked":["Choke","Doppelganger","Poisoned Stab"],"picked":"SKIP","floor":27},{"not_picked":["Bouncing Flask","Sucker Punch","Reflex"],"picked":"SKIP","floor":29},{"not_picked":["Poisoned Stab","Riddle With Holes"],"picked":"Footwork","floor":31},{"not_picked":["Bullet Time","Night Terror"],"picked":"Adrenaline","floor":33},{"not_picked":["Underhanded Strike","Dodge and Roll","Reflex+1"],"picked":"SKIP","floor":35},{"not_picked":["Backflip","Flying Knee"],"picked":"Cloak And Dagger+1","floor":36},{"not_picked":["Eviscerate","Finisher","Slice+1"],"picked":"SKIP","floor":37},{"not_picked":["Sucker Punch","Dodge and Roll","Flying Knee+1"],"picked":"SKIP","floor":39},{"not_picked":["Predator","Calculated Gamble"],"picked":"Cloak And Dagger+1","floor":41},{"not_picked":["Predator","Grand Finale","Slice"],"picked":"SKIP","floor":44},{"not_picked":["Outmaneuver+1","Escape Plan+1"],"picked":"Blur","floor":47},{"not_picked":["Backstab","Masterful Stab+1"],"picked":"Backflip+1","floor":47},{"not_picked":["Flying Knee","Sucker Punch"],"picked":"PiercingWail","floor":48}],"player_experience":1641080,"relics_obtained":[{"floor":7,"key":"Regal Pillow"},{"floor":9,"key":"The Courier"},{"floor":25,"key":"TungstenRod"},{"floor":26,"key":"Lizard Tail"},{"floor":27,"key":"Kunai"},{"floor":28,"key":"Shuriken"},{"floor":29,"key":"Ancient Tea Set"},{"floor":31,"key":"Pen Nib"},{"floor":41,"key":"Thread and Needle"},{"floor":44,"key":"Prayer Wheel"},{"floor":48,"key":"Pocketwatch"}],"event_choices":[{"cards_removed":["Strike_G"],"damage_healed":0,"gold_gain":0,"player_choice":"Card Removal","damage_taken":7,"max_hp_gain":0,"max_hp_loss":0,"event_name":"Golden Wing","floor":2,"gold_loss":0},{"damage_healed":0,"gold_gain":0,"player_choice":"Fled","damage_taken":0,"max_hp_gain":0,"max_hp_loss":0,"event_name":"Scrap Ooze","floor":4,"gold_loss":0},{"damage_healed":0,"gold_gain":75,"player_choice":"Gather Gold","damage_taken":11,"max_hp_gain":0,"max_hp_loss":0,"event_name":"World of Goop","floor":10,"gold_loss":0},{"damage_healed":0,"gold_gain":0,"player_choice":"Simplicity","damage_taken":0,"max_hp_gain":0,"max_hp_loss":0,"event_name":"Back to Basics","floor":19,"gold_loss":0,"cards_upgraded":["Strike_G","Strike_G","Strike_G","Strike_G","Defend_G","Defend_G","Defend_G","Defend_G"]},{"cards_removed":["Strike_G"],"damage_healed":0,"gold_gain":0,"player_choice":"Gave Gold","damage_taken":0,"max_hp_gain":0,"max_hp_loss":0,"event_name":"Beggar","floor":21,"gold_loss":75},{"damage_healed":0,"gold_gain":0,"player_choice":"Ignored","damage_taken":0,"max_hp_gain":0,"max_hp_loss":0,"event_name":"The Mausoleum","floor":30,"gold_loss":0},{"cards_removed":["Survivor"],"damage_healed":0,"gold_gain":0,"player_choice":"Removed Skill","damage_taken":0,"max_hp_gain":0,"max_hp_loss":0,"event_name":"Falling","floor":38,"gold_loss":0},{"damage_healed":0,"gold_gain":0,"player_choice":"Ignored","damage_taken":0,"max_hp_gain":0,"max_hp_loss":0,"event_name":"Tomb of Lord Red Mask","floor":42,"gold_loss":0}],"is_beta":false,"boss_relics":[{"not_picked":["Pandora\u0027s Box","Astrolabe"],"picked":"WristBlade"},{"not_picked":["HoveringKite","Snecko Eye"],"picked":"Cursed Key"}],"items_purged_floors":[46],"is_endless":false,"potions_floor_spawned":[3,7,16,27,36,37,39,44],"ascension_level":20}}