{"host":"1v3mnj67s3trvm6y","time":1613914424,"event":{"mods":["BaseMod","Challenge The Spire","Minty Spire (QoL Compilation)","StSLib","The Cursed"],"gold_per_floor":[13,28,38,57,27,58,73,88,113,113,113,126,126,59,59,156,156,172,172,191,210,222,222,222],"floor_reached":23,"language":"ENG","playtime":1856,"items_purged":[],"score":197,"play_id":"6d8851a1-a79e-4a64-8c90-5a2aeb914cbc","local_time":"20210221223344","is_ascension_mode":false,"campfire_choices":[{"data":"TheCursedMod:OutForBlood","floor":10,"key":"SMITH"},{"data":"TheCursedMod:ForbiddenAlchemy","floor":13,"key":"SMITH"},{"floor":15,"key":"RECALL"}],"circlet_count":0,"master_deck":["TheCursedMod:Strike_TheCursed","TheCursedMod:Strike_TheCursed+1","TheCursedMod:Strike_TheCursed","TheCursedMod:Strike_TheCursed","TheCursedMod:Defend_TheCursed","TheCursedMod:Defend_TheCursed","TheCursedMod:Defend_TheCursed","TheCursedMod:Defend_TheCursed","TheCursedMod:CursedWand","TheCursedMod:CleanUpWorkshop","TheCursedMod:Dregs","TheCursedMod:OutForBlood+1","TheCursedMod:RapidMovement","TheCursedMod:StingEye+1","TheCursedMod:ForbiddenAlchemy+1","TheCursedMod:RapidMovement","TheCursedMod:SpreadPlague","TheCursedMod:CircleOfCorruption","TheCursedMod:Wield","TheCursedMod:SmokeScreen","TheCursedMod:SoulReap","TheCursedMod:NeowsMight","Necronomicurse","TheCursedMod:TacticalStrike+1"],"relics":["TheCursedMod:BlackMagic101","Whetstone","Black Star","Necronomicon"],"acts_visited":["Exordium","TheCity"],"potions_floor_usage":[6,6,6,6,7,7,8,8,8,16,16,16,16,21,21,21,21,22,22,22,22,23,23,23],"damage_taken":[{"damage":0,"enemies":"Cultist","floor":1,"turns":4},{"damage":4,"enemies":"Jaw Worm","floor":2,"turns":6},{"damage":4,"enemies":"Small Slimes","floor":3,"turns":5},{"damage":8,"enemies":"3 Louse","floor":4,"turns":6},{"damage":0,"enemies":"Looter","floor":5,"turns":4},{"damage":7,"enemies":"Lagavulin","floor":6,"turns":8},{"damage":0,"enemies":"Large Slime","floor":7,"turns":8},{"damage":1,"enemies":"Gremlin Gang","floor":8,"turns":7},{"damage":0,"enemies":"Lots of Slimes","floor":12,"turns":18},{"damage":41,"enemies":"Slime Boss","floor":16,"turns":17},{"damage":9,"enemies":"Shell Parasite","floor":18,"turns":5},{"damage":4,"enemies":"Chosen","floor":20,"turns":6},{"damage":1,"enemies":"Snecko","floor":21,"turns":6},{"damage":17,"enemies":"Cultist and Chosen","floor":22,"turns":8},{"damage":52,"enemies":"Gremlin Leader","floor":23,"turns":8}],"seed_played":"-8860489785588891401","potions_obtained":[{"floor":2,"key":"Ancient Potion"},{"floor":3,"key":"PowerPotion"},{"floor":6,"key":"SkillPotion"},{"floor":12,"key":"Explosive Potion"},{"floor":18,"key":"LiquidMemories"}],"is_trial":false,"path_per_floor":["M","M","M","M","M","E","M","M","T","R","?","M","R","$","R","B",null,"M","?","M","M","M","E"],"character_chosen":"THE_CURSED","items_purchased":["TheCursedMod:SoulReap"],"campfire_rested":0,"item_purchase_floors":[14],"current_hp_per_floor":[75,71,67,59,59,52,52,51,51,51,44,44,44,44,44,8,75,66,50,53,57,47,0,0],"gold":222,"neow_bonus":"THREE_RARE_CARDS","is_daily":false,"chose_seed":false,"campfire_upgraded":2,"win_rate":0.0,"timestamp":1613914424,"path_taken":["M","M","M","M","M","E","M","?","T","R","?","M","R","?","R","BOSS","M","?","M","M","M","E"],"items_purchased_type":["Card"],"build_version":"2020-12-22","purchased_purges":0,"victory":false,"max_hp_per_floor":[75,75,75,75,75,75,75,75,75,75,75,75,75,75,75,75,75,75,75,75,75,75,75,75],"card_choices":[{"not_picked":["TheCursedMod:DemonicPact","TheCursedMod:ParallelWorld"],"picked":"TheCursedMod:OutForBlood","floor":0},{"not_picked":["TheCursedMod:SurpriseAttack","TheCursedMod:TacticalStrike"],"picked":"TheCursedMod:RapidMovement","floor":1},{"not_picked":["TheCursedMod:BloodBarrier","TheCursedMod:SpitefulStrike"],"picked":"TheCursedMod:StingEye","floor":2},{"not_picked":["TheCursedMod:SmokeScreen","TheCursedMod:SoulCrush"],"picked":"TheCursedMod:ForbiddenAlchemy","floor":3},{"not_picked":["TheCursedMod:RavingStaff","TheCursedMod:SoulCrush","TheCursedMod:FuryStrike"],"picked":"SKIP","floor":4},{"not_picked":["TheCursedMod:Stretching","TheCursedMod:CursedMace"],"picked":"TheCursedMod:RapidMovement","floor":5},{"not_picked":["TheCursedMod:FuryStrike","TheCursedMod:CursedRelics"],"picked":"TheCursedMod:SpreadPlague","floor":6},{"not_picked":["TheCursedMod:CursedMace","TheCursedMod:SurpriseAttack"],"picked":"TheCursedMod:CircleOfCorruption","floor":7},{"not_picked":["TheCursedMod:Stigma","TheCursedMod:CircleOfFocus"],"picked":"TheCursedMod:Wield","floor":8},{"not_picked":["TheCursedMod:FuryStrike","TheCursedMod:Stretching"],"picked":"TheCursedMod:SmokeScreen","floor":12},{"not_picked":["TheCursedMod:VoidForm","TheCursedMod:DarkBarrier"],"picked":"TheCursedMod:NeowsMight","floor":16},{"not_picked":["TheCursedMod:CircleOfWindfury","TheCursedMod:CursedMace+1","TheCursedMod:CircleOfFlame"],"picked":"SKIP","floor":18},{"not_picked":["TheCursedMod:Torture","TheCursedMod:CircleOfFlame","TheCursedMod:CircleOfWindfury"],"picked":"SKIP","floor":20},{"not_picked":["TheCursedMod:Torture","TheCursedMod:Hemoplague","TheCursedMod:CircleOfFlame"],"picked":"SKIP","floor":21},{"not_picked":["TheCursedMod:TroublousMinions+1","TheCursedMod:CircleOfWindfury"],"picked":"TheCursedMod:TacticalStrike+1","floor":22}],"player_experience":1587489,"relics_obtained":[{"floor":6,"key":"Whetstone"},{"floor":19,"key":"Necronomicon"}],"event_choices":[{"damage_healed":0,"gold_gain":0,"player_choice":"Damaged","damage_taken":7,"max_hp_gain":0,"max_hp_loss":0,"event_name":"Wheel of Change","floor":11,"gold_loss":0},{"damage_healed":0,"gold_gain":0,"player_choice":"Obtained Book","damage_taken":16,"max_hp_gain":0,"max_hp_loss":0,"event_name":"Cursed Tome","floor":19,"gold_loss":0}],"is_beta":false,"boss_relics":[{"not_picked":["SlaversCollar","Fusion Hammer"],"picked":"Black Star"}],"items_purged_floors":[],"is_endless":false,"potions_floor_spawned":[2,3,6,12,18],"killed_by":"Gremlin Leader","ascension_level":0}}