{"host":"tnmp9bkutp0enjo6","time":1613920495,"event":{"mods":["2.2 Compatiblity","AchievementEnabler","Bard","BaseMod","Block Reminder","Colored Powertips","Highlight Path","Minty Spire (QoL Compilation)","Quick Restart","Random Character Button","Rare Cards Sparkle","Relic Stats","StSLib","The Poker Player","The Problem Sleuth","The Senshi"],"gold_per_floor":[114,114,114,114,214,227,260,272,272,26,26,26,58,33,33,33,33],"floor_reached":16,"language":"ENG","playtime":570,"items_purged":[],"score":117,"play_id":"52633cba-d4c1-43b7-bda6-1b6d8ab93fa7","local_time":"20210221161455","is_ascension_mode":true,"campfire_choices":[{"floor":12.0,"key":"RECALL"},{"floor":15.0,"key":"REST"}],"circlet_count":0,"master_deck":["Strike_G","Strike_G","Strike_G","Strike_G","Strike_G","Defend_G","Defend_G","Defend_G+1","Defend_G","Defend_G","Survivor","Neutralize+1","Dodge and Roll","Poisoned Stab","Deadly Poison","Blade Dance+1","Accuracy+1","Flying Knee+1","Slice+1","Dodge and Roll"],"relics":["Ring of the Snake","Juzu Bracelet","Frozen Egg 2","Molten Egg 2","ClockworkSouvenir","Ancient Tea Set"],"acts_visited":["Exordium"],"potions_floor_usage":[],"damage_taken":[{"damage":0.0,"enemies":"Small Slimes","floor":1.0,"turns":3.0},{"damage":0.0,"enemies":"Jaw Worm","floor":6.0,"turns":7.0},{"damage":13.0,"enemies":"Lagavulin","floor":7.0,"turns":11.0},{"damage":1.0,"enemies":"Cultist","floor":8.0,"turns":4.0},{"damage":14.0,"enemies":"Gremlin Nob","floor":13.0,"turns":3.0},{"damage":57,"enemies":"Slime Boss","floor":16,"turns":10}],"seed_played":"5197348214486464342","potions_obtained":[{"floor":7.0,"key":"Fire Potion"},{"floor":8.0,"key":"Fire Potion"}],"is_trial":false,"path_per_floor":["M","?","?","?","?","M","E","M","T","$","?","R","E","$","R","B"],"character_chosen":"THE_SILENT","items_purchased":["ClockworkSouvenir","Accuracy+1","Flying Knee+1","Dodge and Roll"],"campfire_rested":1,"item_purchase_floors":[10,10,10,14],"current_hp_per_floor":[70,56,61,61,61,61,48,47,47,47,47,47,33,33,55,0,0],"gold":33,"neow_bonus":"RANDOM_COMMON_RELIC","is_daily":false,"chose_seed":false,"campfire_upgraded":0,"win_rate":0.0,"timestamp":1613920495,"path_taken":["M","?","?","?","?","M","E","M","T","$","?","R","E","?","R","BOSS"],"items_purchased_type":["Relic","Card","Card","Card"],"build_version":"2020-12-22","purchased_purges":0,"victory":false,"max_hp_per_floor":[70,70,75,75,75,75,75,75,75,75,75,75,75,75,75,75,75],"relic_stats":{"counters":[6,38],"Juzu Bracelet":1,"obtain_stats":[{"Molten Egg 2":9,"Juzu Bracelet":0,"Frozen Egg 2":7,"Ancient Tea Set":13,"Ring of the Snake":0,"ClockworkSouvenir":10},{"Molten Egg 2":4,"Juzu Bracelet":0,"Frozen Egg 2":3,"Ancient Tea Set":5,"Ring of the Snake":0,"ClockworkSouvenir":4},{"Molten Egg 2":25,"Juzu Bracelet":0,"Frozen Egg 2":21,"Ancient Tea Set":28,"Ring of the Snake":0,"ClockworkSouvenir":25}],"Ring of the Snake":[12]},"card_choices":[{"not_picked":["Slice","Flying Knee"],"picked":"Dodge and Roll","floor":1.0},{"not_picked":["Setup","PiercingWail"],"picked":"Poisoned Stab","floor":6.0},{"not_picked":["Unload","Blade Dance"],"picked":"Deadly Poison","floor":7.0},{"not_picked":["Choke","Flechettes"],"picked":"Blade Dance","floor":8.0},{"not_picked":["Prepared","Deflect"],"picked":"Slice+1","floor":13.0}],"player_experience":196283,"relics_obtained":[{"floor":7.0,"key":"Frozen Egg 2"},{"floor":9.0,"key":"Molten Egg 2"},{"floor":13.0,"key":"Ancient Tea Set"}],"event_choices":[{"damage_healed":0.0,"max_hp_gain":0.0,"max_hp_loss":0.0,"gold_gain":0.0,"event_name":"Shining Light","player_choice":"Entered Light","floor":2.0,"gold_loss":0.0,"damage_taken":14.0,"cards_upgraded":["Defend_G","Neutralize"]},{"damage_healed":0.0,"max_hp_gain":5.0,"max_hp_loss":0.0,"gold_gain":0.0,"event_name":"Big Fish","player_choice":"Donut","floor":3.0,"gold_loss":0.0,"damage_taken":0.0},{"damage_healed":0.0,"max_hp_gain":0.0,"max_hp_loss":0.0,"gold_gain":0.0,"event_name":"Purifier","player_choice":"Ignored","floor":4.0,"gold_loss":0.0,"damage_taken":0.0},{"damage_healed":0.0,"max_hp_gain":0.0,"max_hp_loss":0.0,"gold_gain":100.0,"event_name":"Golden Shrine","player_choice":"Pray","floor":5.0,"gold_loss":0.0,"damage_taken":0.0},{"damage_healed":0.0,"max_hp_gain":0.0,"max_hp_loss":0.0,"gold_gain":0.0,"event_name":"Accursed Blacksmith","player_choice":"Forge","floor":11.0,"gold_loss":0.0,"damage_taken":0.0,"cards_upgraded":["Blade Dance"]}],"is_beta":false,"boss_relics":[],"items_purged_floors":[],"is_endless":false,"potions_floor_spawned":[7,8],"killed_by":"Slime Boss","ascension_level":2}}