{"host":"bigao3g8q00k09zy","time":1613941915,"event":{"mods":["BaseMod","Downfall","Hermit","Marisa????????","Minty Spire (QoL Compilation)","StSLib","The Cursed"],"gold_per_floor":[119,119,294,294,294,306,349,371,383,412,424,436,466,490,502,615,627,650,761,688,800,826,838,696,696,696],"floor_reached":25,"language":"ENG","playtime":915,"items_purged":["Regret"],"score":226,"play_id":"a9c9d9b1-67f6-4c23-807e-b63206a2c4d3","local_time":"20210221161155","is_ascension_mode":false,"campfire_choices":[{"data":"hermit:Ricochet","floor":6,"key":"SMITH"},{"data":"hermit:Headshot","floor":11,"key":"SMITH"},{"data":"hermit:Headshot","floor":15,"key":"SMITH"},{"data":"hermit:Snapshot","floor":23,"key":"SMITH"}],"circlet_count":0,"master_deck":["hermit:Strike_Hermit","hermit:Strike_Hermit","hermit:Defend_Hermit","hermit:Defend_Hermit","hermit:Defend_Hermit","hermit:Defend_Hermit","hermit:Snapshot+1","hermit:Covet","Doubt","hermit:Ricochet+1","hermit:SprayPray","hermit:ItchyTrigger","hermit:Headshot+1","hermit:Gambit","hermit:Headshot+1","hermit:HeroicBravado","hermit:TakeAim+1","hermit:Determination"],"relics":["hermit:Momento","NeowsBlessing","MawBank","White Beast Statue","Mercury Hourglass","SacredBark","Meat on the Bone"],"acts_visited":["Exordium","TheCity"],"potions_floor_usage":[13,16,16,16,25,25],"damage_taken":[{"damage":0,"enemies":"2 Louse","floor":1,"turns":1},{"damage":0,"enemies":"Jaw Worm","floor":2,"turns":1},{"damage":0,"enemies":"Gremlin Nob","floor":7,"turns":1},{"damage":0,"enemies":"Small Slimes","floor":8,"turns":3},{"damage":25,"enemies":"Exordium Thugs","floor":10,"turns":4},{"damage":0,"enemies":"Looter","floor":13,"turns":1},{"damage":6,"enemies":"3 Louse","floor":14,"turns":2},{"damage":31,"enemies":"Hexaghost","floor":16,"turns":7},{"damage":16,"enemies":"2 Thieves","floor":18,"turns":4},{"damage":0,"enemies":"Spheric Guardian","floor":22,"turns":3},{"damage":58,"enemies":"Slavers","floor":25,"turns":4}],"seed_played":"-5370526385447863738","potions_obtained":[{"floor":7,"key":"PowerPotion"},{"floor":8,"key":"Explosive Potion"},{"floor":10,"key":"champ:CounterPotion"},{"floor":13,"key":"Swift Potion"},{"floor":16,"key":"hermit:Tonic"},{"floor":18,"key":"Ancient Potion"},{"floor":22,"key":"Weak Potion"}],"is_trial":false,"path_per_floor":["M","M","?","?","?","R","E","M","T","M","R","?","M","M","R","B",null,"M","?","?","?","M","R","$","E"],"character_chosen":"HERMIT","items_purchased":["hermit:Determination"],"campfire_rested":0,"item_purchase_floors":[24],"current_hp_per_floor":[75,75,75,75,75,75,75,75,75,50,50,50,50,44,44,13,75,59,59,59,59,59,59,59,1,1],"gold":696,"neow_bonus":"THREE_ENEMY_KILL","is_daily":false,"chose_seed":false,"campfire_upgraded":4,"win_rate":0.0,"timestamp":1613941915,"path_taken":["M","M","?","?","?","R","E","M","T","?","R","?","M","?","R","BOSS","M","?","?","?","M","R","$","E"],"items_purchased_type":["Card"],"build_version":"2020-12-22","purchased_purges":1,"victory":false,"max_hp_per_floor":[75,75,75,75,75,75,75,75,75,75,75,75,75,75,75,75,75,75,75,75,75,75,75,75,75,75],"card_choices":[{"not_picked":["hermit:Misfire","hermit:CalledShot","hermit:Feint"],"picked":"SKIP","floor":1},{"not_picked":["hermit:TrackingShot","hermit:LoneWolf","hermit:BigShot"],"picked":"SKIP","floor":2},{"not_picked":["hermit:Dive","hermit:TrackingShot"],"picked":"hermit:SprayPray","floor":7},{"not_picked":["hermit:Cheat","hermit:Desperado"],"picked":"hermit:ItchyTrigger","floor":8},{"not_picked":["hermit:CursedWeapon","hermit:Manifest"],"picked":"hermit:Headshot","floor":10},{"not_picked":["hermit:CalledShot","hermit:Midnight"],"picked":"hermit:Gambit","floor":13},{"not_picked":["hermit:Misfire","hermit:Roulette"],"picked":"hermit:Headshot","floor":14},{"not_picked":["hermit:FatalDesire","hermit:EternalForm"],"picked":"hermit:HeroicBravado","floor":16},{"not_picked":["hermit:Gestalt","hermit:CalledShot","hermit:TrackingShot+1"],"picked":"SKIP","floor":18},{"not_picked":["hermit:Desperado+1","hermit:Midnight"],"picked":"hermit:TakeAim+1","floor":22}],"player_experience":285648,"relics_obtained":[{"floor":7,"key":"White Beast Statue"},{"floor":9,"key":"Mercury Hourglass"}],"event_choices":[{"damage_healed":0,"gold_gain":175,"player_choice":"AGREE","damage_taken":0,"max_hp_gain":0,"max_hp_loss":0,"event_name":"Liars Game","floor":3,"gold_loss":0,"cards_obtained":["Doubt"]},{"damage_healed":0,"gold_gain":0,"cards_transformed":["hermit:Strike_Hermit"],"player_choice":"Change","damage_taken":0,"max_hp_gain":0,"max_hp_loss":0,"event_name":"Living Wall","floor":4,"gold_loss":0,"cards_obtained":["hermit:Ricochet"]},{"damage_healed":0,"gold_gain":0,"player_choice":"Box","damage_taken":0,"relics_obtained":["MawBank"],"max_hp_gain":0,"max_hp_loss":0,"event_name":"Big Fish","floor":5,"gold_loss":0,"cards_obtained":["Regret"]},{"cards_removed":["hermit:Strike_Hermit"],"damage_healed":0,"gold_gain":0,"player_choice":"Purged","damage_taken":0,"max_hp_gain":0,"max_hp_loss":0,"event_name":"Purifier","floor":12,"gold_loss":0},{"damage_healed":0,"gold_gain":99,"player_choice":"Stole From Cult","damage_taken":0,"max_hp_gain":0,"max_hp_loss":0,"event_name":"Nest","floor":19,"gold_loss":0},{"damage_healed":0,"gold_gain":0,"player_choice":"Obtained Relic","damage_taken":0,"relics_obtained":["Meat on the Bone"],"max_hp_gain":0,"max_hp_loss":0,"event_name":"Addict","floor":20,"gold_loss":85},{"damage_healed":0,"gold_gain":100,"player_choice":"Pray","damage_taken":0,"max_hp_gain":0,"max_hp_loss":0,"event_name":"Golden Shrine","floor":21,"gold_loss":0}],"is_beta":false,"boss_relics":[{"not_picked":["Coffee Dripper","Empty Cage"],"picked":"SacredBark"}],"items_purged_floors":[24],"is_endless":false,"potions_floor_spawned":[7,8,10,13,14,16,18,22],"killed_by":"Slavers","ascension_level":0}}