{"host":"g3js2eermvvpeiqn","time":1613890546,"event":{"mods":["BaseMod","DeckTracker","Downfall","Minty Spire (QoL Compilation)","Quick Restart","StSLib"],"gold_per_floor":[112,124,199,199,199,199,12,12,12,12,12],"floor_reached":10,"language":"ENG","playtime":293,"items_purged":["Strike_G"],"score":108,"play_id":"dccb5079-5072-4f55-879a-a9d2acb8d6f3","local_time":"20210221005546","is_ascension_mode":true,"campfire_choices":[{"floor":6.0,"key":"REST"},{"floor":8.0,"key":"REST"}],"circlet_count":0,"master_deck":["AscendersBane","Strike_G","Strike_G","Strike_G","Strike_G","Defend_G","Defend_G","Defend_G","Defend_G","Defend_G","Survivor","Neutralize","After Image","Deadly Poison","Footwork","Cloak And Dagger"],"relics":["Ring of the Snake","Bird Faced Urn","Shuriken","Bottled Lightning"],"acts_visited":["Exordium"],"potions_floor_usage":[10],"damage_taken":[{"damage":11.0,"enemies":"Jaw Worm","floor":1.0,"turns":6.0},{"damage":3.0,"enemies":"2 Louse","floor":2.0,"turns":4.0},{"damage":49,"enemies":"Gremlin Nob","floor":10,"turns":4}],"seed_played":"-101128673667270998","potions_obtained":[{"floor":2.0,"key":"CultistPotion"}],"is_trial":false,"path_per_floor":["M","M","?","T","?","R","$","R","T","E"],"character_chosen":"THE_SILENT","items_purchased":["Footwork","Cloak And Dagger"],"campfire_rested":2,"item_purchase_floors":[7,7],"current_hp_per_floor":[33,30,19,19,1,20,20,39,39,0,0],"gold":12,"neow_bonus":"THREE_RARE_CARDS","is_daily":false,"chose_seed":false,"campfire_upgraded":0,"win_rate":0.0,"timestamp":1613890546,"path_taken":["M","M","?","?","?","R","$","R","T","E"],"items_purchased_type":["Card","Card"],"build_version":"2020-12-22","purchased_purges":1,"victory":false,"max_hp_per_floor":[66,66,66,66,66,66,66,66,66,66,66],"card_choices":[{"not_picked":["Phantasmal Killer","Doppelganger"],"picked":"After Image","floor":0.0},{"not_picked":["Slice","Outmaneuver","Bane"],"picked":"SKIP","floor":1.0},{"not_picked":["Eviscerate","Bane"],"picked":"Deadly Poison","floor":2.0}],"player_experience":1533124,"relics_obtained":[{"floor":4.0,"key":"Bird Faced Urn"},{"floor":9.0,"key":"Bottled Lightning"}],"event_choices":[{"damage_healed":0.0,"max_hp_gain":0.0,"max_hp_loss":0.0,"gold_gain":75.0,"event_name":"World of Goop","player_choice":"Gather Gold","floor":3.0,"gold_loss":0.0,"damage_taken":11.0},{"damage_healed":0.0,"max_hp_gain":0.0,"max_hp_loss":0.0,"gold_gain":0.0,"event_name":"Scrap Ooze","player_choice":"Success","floor":5.0,"gold_loss":0.0,"damage_taken":18.0,"relics_obtained":["Shuriken"]}],"is_beta":false,"boss_relics":[],"items_purged_floors":[7],"is_endless":false,"potions_floor_spawned":[2],"killed_by":"Gremlin Nob","ascension_level":20}}