{"host":"1bux2ns9kwx2qu1n","time":1613900003,"event":{"mods":["BaseMod","Colored Map","Colored Powertips","Hermit","Minty Spire (QoL Compilation)","Quick Restart","Relic Sorter","StSLib"],"gold_per_floor":[120,195,195,101,128,169,169,185,232,272,298,318,359,359,359,464,464,486,504,521,544,567,574,574],"floor_reached":23,"language":"ENG","playtime":1186,"items_purged":[],"score":305,"play_id":"56a62475-97e5-4ed2-811f-6c564831218f","local_time":"20210221043323","is_ascension_mode":true,"campfire_choices":[{"data":"hermit:Determination","floor":7,"key":"SMITH"},{"data":"hermit:Manifest","floor":15,"key":"SMITH"}],"circlet_count":0,"master_deck":["hermit:Strike_Hermit","hermit:Strike_Hermit","hermit:Strike_Hermit","hermit:Defend_Hermit","hermit:Defend_Hermit","hermit:Defend_Hermit","hermit:Snapshot","hermit:Scavenge+1","hermit:HeroicBravado+1","hermit:SprayPray+1","hermit:Snipe","hermit:Manifest+1","hermit:LowProfile","hermit:Determination+1","hermit:Snipe","hermit:Vantage","hermit:HoleUp","hermit:WideOpen+1"],"relics":["Astrolabe","Nunchaku","Bag of Preparation","Strawberry","Oddly Smooth Stone","Pear","Runic Dome"],"acts_visited":["Exordium","TheCity"],"potions_floor_usage":[10,12],"damage_taken":[{"damage":2,"enemies":"Jaw Worm","floor":1,"turns":3},{"damage":8,"enemies":"Small Slimes","floor":5,"turns":5},{"damage":2,"enemies":"Lagavulin","floor":6,"turns":6},{"damage":0,"enemies":"Cultist","floor":8,"turns":2},{"damage":20,"enemies":"Gremlin Nob","floor":10,"turns":4},{"damage":1,"enemies":"Large Slime","floor":11,"turns":7},{"damage":2,"enemies":"Lots of Slimes","floor":12,"turns":5},{"damage":6,"enemies":"3 Sentries","floor":13,"turns":7},{"damage":26,"enemies":"Slime Boss","floor":16,"turns":13},{"damage":0,"enemies":"Spheric Guardian","floor":18,"turns":4},{"damage":1,"enemies":"Chosen","floor":19,"turns":5},{"damage":1,"enemies":"Snecko","floor":20,"turns":5},{"damage":9,"enemies":"Snake Plant","floor":21,"turns":4},{"damage":14,"enemies":"Centurion and Healer","floor":22,"turns":6},{"damage":64,"enemies":"Book of Stabbing","floor":23,"turns":8}],"seed_played":"7226650287886915487","potions_obtained":[{"floor":5,"key":"Ancient Potion"},{"floor":6,"key":"ColorlessPotion"},{"floor":11,"key":"ColorlessPotion"},{"floor":12,"key":"EssenceOfSteel"},{"floor":18,"key":"SteroidPotion"}],"is_trial":false,"path_per_floor":["M","?","?","$","M","E","R","M","T","E","M","M","E","?","R","B",null,"M","M","M","M","M","E"],"character_chosen":"HERMIT","items_purchased":["hermit:Manifest","hermit:LowProfile"],"campfire_rested":0,"item_purchase_floors":[4,4],"current_hp_per_floor":[66,55,52,52,44,42,42,42,49,29,28,26,30,92,92,66,86,86,85,84,75,61,0,0],"gold":574,"neow_bonus":"BOSS_RELIC","is_daily":false,"chose_seed":false,"campfire_upgraded":2,"win_rate":0.0,"timestamp":1613900003,"path_taken":["M","?","?","?","?","E","R","M","T","E","M","M","E","?","R","BOSS","M","?","M","M","M","E"],"items_purchased_type":["Card","Card"],"build_version":"2020-12-22","purchased_purges":0,"victory":false,"max_hp_per_floor":[75,75,75,75,75,75,75,75,82,82,82,82,92,92,92,92,92,92,92,92,92,92,92,92],"card_choices":[{"not_picked":["hermit:WideOpen","hermit:HoleUp"],"picked":"hermit:Snipe","floor":1},{"not_picked":["hermit:Dive","hermit:NoHoldsBarred"],"picked":"hermit:Determination","floor":5},{"not_picked":["hermit:Virtue","hermit:CalledShot"],"picked":"hermit:Snipe","floor":6},{"not_picked":["hermit:Grudge","hermit:HighCaliber","hermit:Glare"],"picked":"SKIP","floor":8},{"not_picked":["hermit:TakeCover","hermit:FullyLoaded"],"picked":"hermit:LoneWolf","floor":10},{"not_picked":["hermit:Showdown","hermit:Maintenance","hermit:BigShot"],"picked":"SKIP","floor":11},{"not_picked":["hermit:Showdown","hermit:LowProfile","hermit:TrackingShot"],"picked":"SKIP","floor":12},{"not_picked":["hermit:FinalCanter","hermit:Quickdraw"],"picked":"hermit:Vantage","floor":13},{"not_picked":["hermit:Scavenge","hermit:Brawl"],"picked":"hermit:HoleUp","floor":18},{"not_picked":["hermit:ItchyTrigger","hermit:Dive"],"picked":"hermit:WideOpen+1","floor":19},{"not_picked":["hermit:HoleUp","hermit:BigShot","hermit:Midnight"],"picked":"SKIP","floor":20},{"not_picked":["hermit:Coalescence","hermit:WideOpen+1","hermit:BodyArmor"],"picked":"SKIP","floor":21},{"not_picked":["hermit:LowProfile","hermit:Headshot","hermit:Coalescence"],"picked":"SKIP","floor":22}],"player_experience":863039,"relics_obtained":[{"floor":6,"key":"Bag of Preparation"},{"floor":9,"key":"Strawberry"},{"floor":10,"key":"Oddly Smooth Stone"},{"floor":13,"key":"Pear"}],"event_choices":[{"damage_healed":0,"gold_gain":75,"player_choice":"Gather Gold","damage_taken":11,"max_hp_gain":0,"max_hp_loss":0,"event_name":"World of Goop","floor":2,"gold_loss":0},{"damage_healed":0,"gold_gain":0,"player_choice":"Success","damage_taken":3,"relics_obtained":["Nunchaku"],"max_hp_gain":0,"max_hp_loss":0,"event_name":"Scrap Ooze","floor":3,"gold_loss":0},{"cards_removed":["hermit:LoneWolf"],"damage_healed":62,"gold_gain":0,"player_choice":"Offered Uncommon","damage_taken":0,"max_hp_gain":0,"max_hp_loss":0,"event_name":"Bonfire Elementals","floor":14,"gold_loss":0}],"is_beta":false,"boss_relics":[{"not_picked":["Calling Bell","Snecko Eye"],"picked":"Runic Dome"}],"items_purged_floors":[],"is_endless":false,"potions_floor_spawned":[5,6,11,12,18,19,20],"killed_by":"Book of Stabbing","ascension_level":6}}