{"host":"x8sam8fprezugive","time":1613907515,"event":{"mods":["A Magickal Journey","Bard","BaseMod","Colored Powertips","Downfall","Hero for Fun","Minty Spire (QoL Compilation)","Replay The Spire","StSLib","The Necromancer"],"gold_per_floor":[99,116,116,126,126,139,139,154,7,21,31,31,31,65,85,85,85],"floor_reached":16,"language":"ENG","playtime":1668,"items_purged":[],"score":104,"play_id":"4f5985bd-03cb-42ee-a1aa-810065a15849","local_time":"20210221123835","is_ascension_mode":false,"campfire_choices":[{"data":"Bone_Wall","floor":1,"key":"SMITH"},{"data":"Corrupt","floor":13,"key":"SMITH"}],"circlet_count":0,"master_deck":["Strike_W","Strike_W","Strike_W","Strike_W","Defend_W","Defend_W","Defend_W","Defend_W","Negative_Energy_Arrows","Bone_Wall+1","Vampiric_Strike","Bone_Armory","Bone_Armory","Blood_Is_Power","Corrupt+1","Bones_to_Steel","Grasp_Heart","Grasp_Heart","Spectral_Walk","Thousand_Bone_Knives","Negative_Energy_Sphere","Thousand_Bone_Knives","Blood_Shield"],"relics":["Vampire_Amulet","Blue Doll","downfall:BrokenWingStatue","Iron Hammer","Ancient Tea Set"],"acts_visited":["Exordium"],"potions_floor_usage":[14],"damage_taken":[{"damage":4,"enemies":"Cultist","floor":2,"turns":4},{"damage":6,"enemies":"Small Slimes","floor":4,"turns":4},{"damage":6,"enemies":"Jaw Worm","floor":6,"turns":5},{"damage":4,"enemies":"Large Slime","floor":8,"turns":4},{"damage":2,"enemies":"downfall:FleeingMerchant","floor":9,"turns":4},{"damage":8,"enemies":"Blue Slaver","floor":10,"turns":4},{"damage":5,"enemies":"3 Louse","floor":11,"turns":3},{"damage":26,"enemies":"Lagavulin","floor":14,"turns":8},{"damage":24,"enemies":"Exordium Thugs","floor":15,"turns":4},{"damage":37,"enemies":"WA_ARCHETYPE_RETAIN","floor":16,"turns":6}],"seed_played":"6838704267305669938","potions_obtained":[{"floor":6,"key":"DuplicationPotion"},{"floor":10,"key":"Adrenaline Potion"},{"floor":11,"key":"SpeedPotion"}],"is_trial":false,"path_per_floor":["R","M","?","M","?","M","T","M","$","M","M","?","R","E","M","B"],"character_chosen":"NECROMANCER","items_purchased":["Grasp_Heart","Spectral_Walk"],"campfire_rested":0,"item_purchase_floors":[9,9],"current_hp_per_floor":[75,73,73,73,73,69,69,74,72,66,70,75,75,51,33,0,0],"gold":85,"neow_bonus":"RANDOM_COMMON_RELIC","is_daily":false,"chose_seed":false,"campfire_upgraded":2,"win_rate":0.0,"timestamp":1613907515,"path_taken":["R","M","?","M","?","M","T","M","$","?","M","?","R","E","M","BOSS"],"items_purchased_type":["Card","Card"],"build_version":"2020-12-22","purchased_purges":0,"victory":false,"max_hp_per_floor":[75,75,75,75,75,75,75,75,75,75,75,80,80,80,80,80,80],"card_choices":[{"not_picked":["Death_March_Dance","Blood_Whip"],"picked":"Vampiric_Strike","floor":2},{"not_picked":["Negative_Energy_Shield","Finger_Of_Death"],"picked":"Bone_Armory","floor":4},{"not_picked":["Negative_Energy_Javelin","Blood_Whip"],"picked":"Blood_Is_Power","floor":6},{"not_picked":["Negative_Energy_Shield","Bone_Shift"],"picked":"Corrupt","floor":8},{"not_picked":["Summon_Lich","Thousand_Bone_Knives"],"picked":"Bones_to_Steel","floor":9},{"not_picked":["Blood_Whip","Chill_Blood"],"picked":"Thousand_Bone_Knives","floor":10},{"not_picked":["Bones_to_Steel","Cloudkill"],"picked":"Negative_Energy_Sphere","floor":11},{"not_picked":["Bone_Armor","Death_March_Dance"],"picked":"Thousand_Bone_Knives","floor":14},{"not_picked":["Blood_Is_Power","Flesh_Made_Foul"],"picked":"Blood_Shield","floor":15}],"player_experience":258330,"relics_obtained":[{"floor":7,"key":"Iron Hammer"},{"floor":14,"key":"Ancient Tea Set"}],"event_choices":[{"damage_healed":0,"gold_gain":0,"player_choice":"Donut","damage_taken":0,"max_hp_gain":5,"max_hp_loss":0,"event_name":"Big Fish","floor":12,"gold_loss":0}],"is_beta":false,"boss_relics":[],"items_purged_floors":[],"is_endless":false,"potions_floor_spawned":[6,10,11],"killed_by":"WA_ARCHETYPE_RETAIN","ascension_level":0}}