{"host":"y0i0tbisecj7yjyn","time":1613875803,"event":{"mods":["2.2 Compatiblity","AchievementEnabler","AlwaysNeverKeys","BaseMod","Better Third Choice","BetterRewards","Colored Map","Colored Powertips","Curses Come First","Disable Question Mark Monsters","Displayed Cursed Tome","Highlight Path","Keyboard Shortcuts","Minty Spire (QoL Compilation)","Quick Restart","Random Character Button","Rare Cards Sparkle","Relic Stats","Reliquary","Smile Girya","StSLib","SuperFastMode","The Marked","Transform Curses","Weighted Paths"],"gold_per_floor":[113,188,188,43,60,92,92,92,92],"floor_reached":8,"language":"ENG","playtime":262,"items_purged":[],"score":59,"play_id":"7c18d95c-60fa-41e9-b2bb-b886ed67fbe7","local_time":"20210220205003","is_ascension_mode":true,"campfire_choices":[],"circlet_count":0,"master_deck":["Strike_R","Strike_R","Strike_R","Strike_R","Strike_R","Defend_R","Defend_R","Defend_R+1","Defend_R","Bash+1","Pommel Strike+1","Regret","Flex","Body Slam"],"relics":["Burning Blood","reliquary:SharkskinSheath","Oddly Smooth Stone","Singing Bowl"],"acts_visited":["Exordium"],"potions_floor_usage":[],"damage_taken":[{"damage":9,"enemies":"2 Louse","floor":1,"turns":4},{"damage":3,"enemies":"Small Slimes","floor":5,"turns":3},{"damage":42,"enemies":"Lagavulin","floor":6,"turns":5},{"damage":19,"enemies":"Gremlin Nob","floor":8,"turns":3}],"seed_played":"-2320052248051880934","potions_obtained":[],"is_trial":false,"path_per_floor":["M","?","?","$","M","E","?","E"],"character_chosen":"IRONCLAD","items_purchased":["Oddly Smooth Stone"],"campfire_rested":0,"item_purchase_floors":[4],"current_hp_per_floor":[77,66,66,66,69,33,17,0,0],"gold":92,"neow_bonus":"UPGRADE_CARD","is_daily":false,"chose_seed":false,"campfire_upgraded":0,"win_rate":0.0,"timestamp":1613875803,"path_taken":["M","?","?","$","?","E","?","E"],"items_purchased_type":["Relic"],"build_version":"2020-12-22","purchased_purges":0,"victory":false,"max_hp_per_floor":[80,80,80,80,80,80,80,80,80],"relic_stats":{"Singing Bowl":0,"counters":[24,94],"obtain_stats":[{"Tiny House":0,"NeowsBlessing":0,"Singing Bowl":6,"Velvet Choker":17,"Oddly Smooth Stone":4,"Odd Mushroom":12,"Burning Blood":0,"Mercury Hourglass":31,"Du-Vu Doll":8,"Dream Catcher":24,"Sundial":6,"Ornamental Fan":10,"MealTicket":13,"Molten Egg 2":28,"Kunai":9,"Toxic Egg 2":11,"reliquary:SharkskinSheath":3},{"Tiny House":0,"NeowsBlessing":2,"Singing Bowl":23,"Velvet Choker":12,"Oddly Smooth Stone":21,"Odd Mushroom":9,"Burning Blood":0,"Mercury Hourglass":19,"Du-Vu Doll":7,"Dream Catcher":15,"Sundial":5,"Ornamental Fan":8,"MealTicket":10,"Molten Egg 2":17,"Kunai":7,"Toxic Egg 2":8,"reliquary:SharkskinSheath":21},{"Tiny House":0,"NeowsBlessing":6,"Singing Bowl":91,"Velvet Choker":39,"Oddly Smooth Stone":83,"Odd Mushroom":23,"Burning Blood":0,"Mercury Hourglass":73,"Du-Vu Doll":16,"Dream Catcher":54,"Sundial":9,"Ornamental Fan":20,"MealTicket":27,"Molten Egg 2":64,"Kunai":16,"Toxic Egg 2":20,"reliquary:SharkskinSheath":83}],"Burning Blood":96},"card_choices":[{"not_picked":["Havoc","Bloodletting"],"picked":"Pommel Strike","floor":1},{"not_picked":["Cleave","True Grit"],"picked":"Flex","floor":5},{"not_picked":["Offering","Reckless Charge"],"picked":"Body Slam","floor":6}],"player_experience":487512,"relics_obtained":[{"floor":6,"key":"Singing Bowl"}],"event_choices":[{"damage_healed":0,"gold_gain":75,"player_choice":"Gold","damage_taken":11,"max_hp_gain":0,"max_hp_loss":0,"event_name":"betterThird:BetterGoop","floor":2,"gold_loss":0},{"damage_healed":0,"gold_gain":0,"player_choice":"Box","damage_taken":0,"relics_obtained":["reliquary:SharkskinSheath"],"max_hp_gain":0,"max_hp_loss":0,"event_name":"Big Fish","floor":3,"gold_loss":0,"cards_obtained":["Regret"]},{"damage_healed":33,"gold_gain":0,"player_choice":"Upgrade","damage_taken":16,"max_hp_gain":0,"max_hp_loss":80,"event_name":"betterThird:BetterShining","floor":7,"gold_loss":0,"cards_upgraded":["Pommel Strike","Defend_R"]}],"is_beta":false,"boss_relics":[],"items_purged_floors":[],"is_endless":false,"potions_floor_spawned":[],"killed_by":"Gremlin Nob","ascension_level":2}}