{"host":"oehe2dxjvdgux73m","time":1613905938,"event":{"mods":["AchievementEnabler","BaseMod","Colored Map","Colored Powertips","DeckTracker","Keyboard Shortcuts","Minty Spire (QoL Compilation)","Permanent Neow","Quick Restart","StSLib","SuperFastMode"],"gold_per_floor":[109,129,142,142,154,154,37,37,37],"floor_reached":8,"language":"KOR","playtime":184,"items_purged":[],"score":96,"play_id":"77b9c472-d008-4d57-9f8f-861d9fc810e6","local_time":"20210221201218","is_ascension_mode":true,"campfire_choices":[{"data":"Crippling Poison","floor":6.0,"key":"SMITH"}],"circlet_count":0,"master_deck":["AscendersBane","Strike_G","Strike_G","Strike_G","Defend_G","Defend_G","Defend_G","Defend_G","Defend_G","Survivor","Neutralize","Malaise","Deadly Poison","Crippling Poison+1","Acrobatics","Catalyst","Reflex","Escape Plan","Well Laid Plans"],"relics":["Ring of the Snake"],"acts_visited":["Exordium"],"potions_floor_usage":[8],"damage_taken":[{"damage":5.0,"enemies":"Cultist","floor":1.0,"turns":5.0},{"damage":1.0,"enemies":"Jaw Worm","floor":2.0,"turns":5.0},{"damage":1.0,"enemies":"Small Slimes","floor":3.0,"turns":5.0},{"damage":4.0,"enemies":"Blue Slaver","floor":5.0,"turns":5.0},{"damage":59,"enemies":"Gremlin Nob","floor":8,"turns":4}],"seed_played":"-2264625956753666300","potions_obtained":[{"floor":5.0,"key":"GamblersBrew"}],"is_trial":false,"path_per_floor":["M","M","M","?","M","R","$","E"],"character_chosen":"THE_SILENT","items_purchased":["Escape Plan","Well Laid Plans"],"campfire_rested":0,"item_purchase_floors":[7,7],"current_hp_per_floor":[54,53,52,52,48,48,48,0,0],"gold":37,"neow_bonus":"TRANSFORM_CARD","is_daily":false,"chose_seed":false,"campfire_upgraded":1,"win_rate":0.0,"timestamp":1613905938,"path_taken":["M","M","M","?","?","R","?","E"],"items_purchased_type":["Card","Card"],"build_version":"2020-12-22","purchased_purges":0,"victory":false,"max_hp_per_floor":[66,66,66,66,66,66,66,66,66],"card_choices":[{"not_picked":["Bane","Prepared"],"picked":"Deadly Poison","floor":1.0},{"not_picked":["Terror","Concentrate"],"picked":"Crippling Poison","floor":2.0},{"not_picked":["Prepared","Flying Knee"],"picked":"Acrobatics","floor":3.0},{"not_picked":["Blur","Distraction"],"picked":"Reflex","floor":5.0}],"player_experience":484691,"relics_obtained":[],"event_choices":[{"damage_healed":0.0,"max_hp_gain":0.0,"max_hp_loss":0.0,"gold_gain":0.0,"cards_transformed":["Strike_G"],"event_name":"Transmorgrifier","player_choice":"Transformed","floor":4.0,"gold_loss":0.0,"damage_taken":0.0,"cards_obtained":["Catalyst"]}],"is_beta":false,"boss_relics":[],"items_purged_floors":[],"is_endless":false,"potions_floor_spawned":[5],"killed_by":"Gremlin Nob","ascension_level":20}}