{"host":"prxrhpgaxnj4om9r","time":1613916763,"event":{"mods":["AchievementEnabler","BaseMod","Colored Map","DeckTracker","Minty Spire (QoL Compilation)"],"gold_per_floor":[111,111,131,145,208,235,253,253,253,253,264,276,22,38,38,140,140,158,177,4,0,13,13,28,28,28,28,38,72,72,19,19,117,167,177,226,237,237,251,251,278,278,303,320,320,17,17,30,30,30],"floor_reached":51,"language":"KOR","playtime":2770,"items_purged":[],"score":886,"play_id":"9a9f91db-a999-46ad-aade-33d9014a9379","local_time":"20210221231243","is_ascension_mode":true,"campfire_choices":[{"floor":10,"key":"REST"},{"floor":15,"key":"REST"},{"floor":23,"key":"REST"},{"data":"Thunderclap","floor":25,"key":"SMITH"},{"floor":32,"key":"REST"},{"data":"Inflame","floor":40,"key":"SMITH"},{"data":"Limit Break","floor":42,"key":"SMITH"},{"data":"Seeing Red","floor":47,"key":"SMITH"},{"data":"Flex","floor":49,"key":"SMITH"}],"circlet_count":0,"master_deck":["Strike_R","Strike_R","Strike_R","Strike_R","Strike_R+1","Defend_R","Defend_R","Defend_R","Bash+1","Thunderclap+1","Limit Break+1","Flex","Battle Trance","Wild Strike","Twin Strike","Flame Barrier","Shrug It Off","Body Slam+1","Reaper+1","Clash+1","Anger+1","Wild Strike+1","Flex+1","Pummel+1","Necronomicurse","Ghostly Armor","Uppercut+1","Sword Boomerang+1","Reaper+1","Wild Strike+1","Shrug It Off+1","Flex+1","Fiend Fire+1","Inflame+1","True Grit+1","Seeing Red+1","Uppercut+1"],"relics":["Burning Blood","Thread and Needle","Kunai","Darkstone Periapt","Molten Egg 2","Mark of Pain","Regal Pillow","Ornamental Fan","Necronomicon","Pantograph","Tiny House","Unceasing Top","Bag of Preparation","Strawberry","InkBottle"],"acts_visited":["Exordium","TheCity","TheBeyond"],"potions_floor_usage":[11,16,16,19,22,22,27,36,36,39,41,48,50,50],"damage_taken":[{"damage":8,"enemies":"2 Louse","floor":1,"turns":2},{"damage":6,"enemies":"Cultist","floor":3,"turns":3},{"damage":12,"enemies":"Jaw Worm","floor":4,"turns":2},{"damage":60,"enemies":"Lagavulin","floor":6,"turns":7},{"damage":14,"enemies":"Blue Slaver","floor":7,"turns":3},{"damage":0,"enemies":"Exordium Wildlife","floor":11,"turns":3},{"damage":6,"enemies":"2 Fungi Beasts","floor":12,"turns":3},{"damage":7,"enemies":"Looter","floor":14,"turns":2},{"damage":40,"enemies":"Hexaghost","floor":16,"turns":10},{"damage":12,"enemies":"Spheric Guardian","floor":18,"turns":4},{"damage":47,"enemies":"Shell Parasite","floor":19,"turns":8},{"damage":18,"enemies":"Snecko","floor":22,"turns":6},{"damage":31,"enemies":"Centurion and Healer","floor":24,"turns":5},{"damage":9,"enemies":"Snake Plant","floor":28,"turns":4},{"damage":70,"enemies":"Slavers","floor":29,"turns":7},{"damage":81,"enemies":"Automaton","floor":33,"turns":10},{"damage":3,"enemies":"Orb Walker","floor":35,"turns":3},{"damage":6,"enemies":"2 Orb Walkers","floor":36,"turns":3},{"damage":22,"enemies":"3 Darklings","floor":37,"turns":5},{"damage":16,"enemies":"Maw","floor":39,"turns":5},{"damage":18,"enemies":"Nemesis","floor":41,"turns":5},{"damage":12,"enemies":"Transient","floor":44,"turns":5},{"damage":25,"enemies":"Spire Growth","floor":48,"turns":4},{"damage":157,"enemies":"Awakened One","floor":50,"turns":14}],"seed_played":"7268288499695963087","potions_obtained":[{"floor":6,"key":"SpeedPotion"},{"floor":7,"key":"EssenceOfSteel"},{"floor":12,"key":"DistilledChaos"},{"floor":16,"key":"BlessingOfTheForge"},{"floor":18,"key":"CultistPotion"},{"floor":19,"key":"Weak Potion"},{"floor":24,"key":"BloodPotion"},{"floor":34,"key":"DistilledChaos"},{"floor":35,"key":"Fire Potion"},{"floor":38,"key":"LiquidBronze"},{"floor":38,"key":"Swift Potion"},{"floor":38,"key":"SpeedPotion"},{"floor":44,"key":"PowerPotion"}],"is_trial":false,"path_per_floor":["M","?","M","M","?","E","M","T","T","R","M","M","$","M","R","B",null,"M","M","$","?","M","R","M","R","T","?","M","E","?","$","R","B",null,"M","?","M","?","M","R","E","R","T","M","?","$","R","M","R","B",null],"character_chosen":"IRONCLAD","items_purchased":["Molten Egg 2","Wild Strike+1","Regal Pillow","Sword Boomerang+1","BloodPotion","InkBottle"],"campfire_rested":4,"item_purchase_floors":[13,20,20,31,46,46],"current_hp_per_floor":[78,78,78,72,72,18,10,10,10,34,40,40,40,39,63,29,67,61,25,25,25,18,57,46,46,46,53,53,31,31,31,71,26,76,89,91,91,91,91,91,91,91,98,92,92,92,92,88,88,16],"gold":30,"neow_bonus":"UPGRADE_CARD","is_daily":false,"chose_seed":false,"campfire_upgraded":5,"win_rate":0.0,"timestamp":1613916763,"path_taken":["M","?","M","?","?","E","M","?","T","R","M","M","$","M","R","BOSS","M","M","$","?","M","R","M","R","T","?","M","E","?","?","R","BOSS","M","?","M","?","?","R","E","R","T","M","?","$","R","M","R","BOSS"],"items_purchased_type":["Relic","Card","Relic","Card","Potion","Relic"],"build_version":"2020-12-22","purchased_purges":0,"victory":true,"max_hp_per_floor":[80,80,80,80,80,80,80,80,80,80,80,80,80,80,80,80,80,80,80,80,80,80,80,80,80,80,86,86,86,86,86,86,86,91,91,91,91,91,91,91,91,91,98,98,98,98,98,98,98,98],"card_choices":[{"not_picked":["Pommel Strike","Armaments"],"picked":"Thunderclap","floor":1},{"not_picked":["Havoc","Pummel"],"picked":"Flex","floor":3},{"not_picked":["Iron Wave","Thunderclap"],"picked":"Battle Trance","floor":4},{"not_picked":["Rage","Entrench"],"picked":"Wild Strike","floor":6},{"not_picked":["True Grit","Pummel"],"picked":"Twin Strike","floor":7},{"not_picked":["Anger","Dual Wield"],"picked":"Flame Barrier","floor":11},{"not_picked":["Thunderclap","Battle Trance"],"picked":"Shrug It Off","floor":12},{"not_picked":["Dark Embrace","Cleave+1"],"picked":"Body Slam+1","floor":14},{"not_picked":["Immolate+1","Limit Break"],"picked":"Reaper+1","floor":16},{"not_picked":["Flame Barrier+1","Iron Wave+1"],"picked":"Clash+1","floor":18},{"not_picked":["Disarm","Shrug It Off+1"],"picked":"Anger+1","floor":19},{"not_picked":["Clothesline+1","Body Slam+1"],"picked":"Flex","floor":22},{"not_picked":["Iron Wave+1","Rage"],"picked":"Pummel+1","floor":24},{"not_picked":["Clash+1","Berserk"],"picked":"Ghostly Armor","floor":28},{"not_picked":["Second Wind","Body Slam+1"],"picked":"Uppercut+1","floor":29},{"not_picked":["Corruption","Brutality"],"picked":"Reaper+1","floor":33},{"not_picked":["Warcry","Combust"],"picked":"Wild Strike+1","floor":34},{"not_picked":["Flame Barrier","Body Slam+1"],"picked":"Shrug It Off+1","floor":35},{"not_picked":["Sword Boomerang+1","Body Slam+1"],"picked":"Flex+1","floor":36},{"not_picked":["Sword Boomerang+1","Searing Blow+1"],"picked":"Fiend Fire+1","floor":37},{"not_picked":["Perfected Strike+1","Whirlwind+1"],"picked":"Inflame","floor":39},{"not_picked":["Entrench","Pommel Strike+1"],"picked":"True Grit+1","floor":41},{"not_picked":["Anger+1","Cleave+1"],"picked":"Seeing Red","floor":44},{"not_picked":["Warcry","Entrench+1"],"picked":"Uppercut+1","floor":48}],"player_experience":577700,"relics_obtained":[{"floor":6,"key":"Thread and Needle"},{"floor":8,"key":"Kunai"},{"floor":9,"key":"Darkstone Periapt"},{"floor":26,"key":"Ornamental Fan"},{"floor":27,"key":"Necronomicon"},{"floor":29,"key":"Pantograph"},{"floor":36,"key":"Unceasing Top"},{"floor":41,"key":"Bag of Preparation"},{"floor":43,"key":"Strawberry"}],"event_choices":[{"damage_healed":0,"gold_gain":0,"cards_transformed":["Defend_R"],"player_choice":"Transformed","damage_taken":0,"max_hp_gain":0,"max_hp_loss":0,"event_name":"Transmorgrifier","floor":2,"gold_loss":0,"cards_obtained":["Limit Break"]},{"damage_healed":0,"gold_gain":63,"player_choice":"Gained Gold","damage_taken":0,"max_hp_gain":0,"max_hp_loss":0,"event_name":"Golden Wing","floor":5,"gold_loss":0},{"damage_healed":0,"gold_gain":0,"player_choice":"Paid Fearfully","damage_taken":0,"max_hp_gain":0,"max_hp_loss":0,"event_name":"Masked Bandits","floor":21,"gold_loss":4},{"damage_healed":0,"gold_gain":0,"player_choice":"Obtained Book","damage_taken":16,"max_hp_gain":0,"max_hp_loss":0,"event_name":"Cursed Tome","floor":27,"gold_loss":0},{"damage_healed":0,"gold_gain":0,"player_choice":"Ignored","damage_taken":0,"max_hp_gain":0,"max_hp_loss":0,"event_name":"Ghosts","floor":30,"gold_loss":0},{"damage_healed":0,"gold_gain":0,"player_choice":"Fight","damage_taken":0,"max_hp_gain":0,"max_hp_loss":0,"event_name":"Mysterious Sphere","floor":36,"gold_loss":0},{"damage_healed":0,"gold_gain":0,"player_choice":"Got Potions","damage_taken":0,"max_hp_gain":0,"max_hp_loss":0,"event_name":"Lab","floor":38,"gold_loss":0},{"damage_healed":0,"gold_gain":0,"player_choice":"Ignored","damage_taken":0,"max_hp_gain":0,"max_hp_loss":0,"event_name":"Tomb of Lord Red Mask","floor":45,"gold_loss":0}],"is_beta":false,"boss_relics":[{"not_picked":["SlaversCollar","Fusion Hammer"],"picked":"Mark of Pain"},{"not_picked":["Runic Pyramid","Busted Crown"],"picked":"Tiny House"}],"items_purged_floors":[],"is_endless":false,"potions_floor_spawned":[6,7,12,16,18,19,24,35,44],"ascension_level":5}}