{"host":"z37g2hkgkh2zjyzk","time":1613926462,"event":{"mods":["2.2 Compatiblity","AchievementEnabler","BaseMod","Bestiary","Colored Map","Colored Powertips","Curses Come First","Highlight Path","Keyboard Shortcuts","Minty Spire (QoL Compilation)","Relic Stats","StSLib","SuperFastMode"],"gold_per_floor":[112,187,187,43,8,8,41,41,41,51,80,80,100,127,127,222,222,238,153,164,193,193,228,248,248,248,248,29,42,54,83,83,182,182,198,198,216,216,216],"floor_reached":38,"language":"ENG","playtime":2319,"items_purged":[],"score":569,"play_id":"176946cb-0da9-41c9-a08a-cf2d31492c8a","local_time":"20210221175422","is_ascension_mode":true,"campfire_choices":[{"data":"Zap","floor":6,"key":"SMITH"},{"data":"Dualcast","floor":8,"key":"SMITH"},{"data":"Streamline","floor":12,"key":"SMITH"},{"data":"Capacitor","floor":15,"key":"SMITH"},{"floor":27,"key":"REST"},{"floor":32,"key":"REST"}],"circlet_count":0,"master_deck":["Strike_B","Strike_B","Strike_B","Defend_B","Defend_B","Defend_B","Defend_B","Zap+1","Dualcast+1","Leap","Sweeping Beam","Streamline+1","Cold Snap","Cold Snap","Capacitor+1","Core Surge","Conserve Battery","Undo","Defragment","Barrage","Loop","Capacitor","Darkness+1","Barrage","Electrodynamics","Redo+1","Pain","Coolheaded"],"relics":["Cracked Core","NeowsBlessing","Orichalcum","Symbiotic Virus","White Beast Statue","Bronze Scales","Ornamental Fan","Philosopher\u0027s Stone","Bird Faced Urn","Red Mask","InkBottle","Blue Candle","DataDisk","Nunchaku","SacredBark","WarpedTongs"],"acts_visited":["Exordium","TheCity","TheBeyond"],"potions_floor_usage":[11,14,21,21,24,29,30,30,31,33,37,38],"damage_taken":[{"damage":0,"enemies":"Cultist","floor":1,"turns":1},{"damage":0,"enemies":"Lagavulin","floor":7,"turns":1},{"damage":0,"enemies":"Small Slimes","floor":10,"turns":1},{"damage":13,"enemies":"Gremlin Nob","floor":11,"turns":3},{"damage":1,"enemies":"Jaw Worm","floor":13,"turns":2},{"damage":12,"enemies":"Lagavulin","floor":14,"turns":4},{"damage":28,"enemies":"Slime Boss","floor":16,"turns":5},{"damage":10,"enemies":"2 Thieves","floor":18,"turns":3},{"damage":3,"enemies":"Shell Parasite","floor":20,"turns":3},{"damage":11,"enemies":"Masked Bandits","floor":21,"turns":3},{"damage":31,"enemies":"Slavers","floor":23,"turns":5},{"damage":1,"enemies":"Chosen and Byrds","floor":24,"turns":4},{"damage":25,"enemies":"Snake Plant","floor":29,"turns":4},{"damage":17,"enemies":"Shelled Parasite and Fungi","floor":30,"turns":5},{"damage":18,"enemies":"Book of Stabbing","floor":31,"turns":4},{"damage":46,"enemies":"Automaton","floor":33,"turns":7},{"damage":24,"enemies":"3 Darklings","floor":35,"turns":3},{"damage":5,"enemies":"Orb Walker","floor":37,"turns":3},{"damage":63,"enemies":"Writhing Mass","floor":38,"turns":4}],"seed_played":"-6436747344500851896","potions_obtained":[{"floor":1,"key":"ColorlessPotion"},{"floor":10,"key":"SkillPotion"},{"floor":11,"key":"Regen Potion"},{"floor":13,"key":"Regen Potion"},{"floor":14,"key":"PowerPotion"},{"floor":18,"key":"PowerPotion"},{"floor":21,"key":"FairyPotion"},{"floor":23,"key":"AttackPotion"},{"floor":24,"key":"Regen Potion"},{"floor":29,"key":"ColorlessPotion"},{"floor":30,"key":"FearPotion"},{"floor":31,"key":"Dexterity Potion"},{"floor":33,"key":"BlessingOfTheForge"},{"floor":35,"key":"Dexterity Potion"},{"floor":37,"key":"LiquidMemories"}],"is_trial":false,"path_per_floor":["M","?","?","$","?","R","E","R","T","M","E","R","M","E","R","B",null,"M","?","M","?","?","E","M","?","T","R","$","M","M","E","R","B",null,"M","?","M","M"],"character_chosen":"DEFECT","items_purchased":["Orichalcum","DataDisk","Capacitor"],"campfire_rested":2,"item_purchase_floors":[4,28,28],"current_hp_per_floor":[75,64,57,57,75,75,75,75,75,75,62,62,61,61,61,33,65,55,55,52,54,40,13,16,16,16,40,40,30,23,9,33,24,66,48,48,49,0,0],"gold":216,"neow_bonus":"THREE_ENEMY_KILL","is_daily":false,"chose_seed":false,"campfire_upgraded":4,"win_rate":0.0,"timestamp":1613926462,"path_taken":["M","?","?","?","?","R","E","R","T","?","E","R","M","E","R","BOSS","M","?","M","?","?","E","M","?","T","R","$","?","M","E","R","BOSS","M","?","M","M"],"items_purchased_type":["Relic","Relic","Card"],"build_version":"2020-12-22","purchased_purges":0,"victory":false,"max_hp_per_floor":[75,75,75,75,75,75,75,75,75,75,75,75,75,75,75,75,75,75,75,75,75,80,80,80,80,80,80,80,80,80,80,80,80,80,80,80,80,80,80],"relic_stats":{"Nunchaku":[3],"counters":[19,65],"Ornamental Fan":[60],"Bronze Scales":[195],"Bird Faced Urn":[60],"Blue Candle":[0],"Orichalcum":[96],"obtain_stats":[{"NeowsBlessing":0,"Blue Candle":26,"SacredBark":34,"Orichalcum":4,"White Beast Statue":9,"WarpedTongs":36,"DataDisk":28,"Nunchaku":31,"Ornamental Fan":14,"Bronze Scales":11,"Bird Faced Urn":19,"Philosopher\u0027s Stone":17,"Red Mask":21,"Cracked Core":0,"Symbiotic Virus":7,"InkBottle":23},{"NeowsBlessing":0,"Blue Candle":12,"SacredBark":16,"Orichalcum":1,"White Beast Statue":2,"WarpedTongs":17,"DataDisk":12,"Nunchaku":15,"Ornamental Fan":6,"Bronze Scales":4,"Bird Faced Urn":8,"Philosopher\u0027s Stone":7,"Red Mask":10,"Cracked Core":0,"Symbiotic Virus":2,"InkBottle":11},{"NeowsBlessing":0,"Blue Candle":35,"SacredBark":55,"Orichalcum":1,"White Beast Statue":2,"WarpedTongs":58,"DataDisk":35,"Nunchaku":48,"Ornamental Fan":12,"Bronze Scales":6,"Bird Faced Urn":20,"Philosopher\u0027s Stone":17,"Red Mask":26,"Cracked Core":0,"Symbiotic Virus":2,"InkBottle":31}],"InkBottle":[13],"WarpedTongs":[7]},"card_choices":[{"not_picked":["Rebound","Coolheaded"],"picked":"Leap","floor":1},{"not_picked":["Turbo","Heatsinks"],"picked":"Sweeping Beam","floor":7},{"not_picked":["Leap","Heatsinks"],"picked":"Streamline","floor":10},{"not_picked":["Fusion","Melter"],"picked":"Cold Snap","floor":11},{"not_picked":["Rebound","Stack"],"picked":"Cold Snap","floor":13},{"not_picked":["Stack","Rip and Tear"],"picked":"Capacitor","floor":14},{"not_picked":["Biased Cognition","Buffer"],"picked":"Core Surge","floor":16},{"not_picked":["Reprogram+1","Stack"],"picked":"Conserve Battery","floor":18},{"not_picked":["Gash","Streamline+1"],"picked":"Undo","floor":20},{"not_picked":["Tempest+1","Steam+1"],"picked":"Defragment","floor":21},{"not_picked":["Cold Snap","Tempest+1"],"picked":"Barrage","floor":23},{"not_picked":["Multi-Cast","Genetic Algorithm+1"],"picked":"Loop","floor":24},{"not_picked":["Sweeping Beam","Static Discharge"],"picked":"Darkness+1","floor":29},{"not_picked":["Sweeping Beam+1","Melter"],"picked":"Barrage","floor":30},{"not_picked":["Streamline","Rip and Tear","Genetic Algorithm"],"picked":"SKIP","floor":31},{"not_picked":["All For One","Hyperbeam"],"picked":"Electrodynamics","floor":33},{"not_picked":["Sweeping Beam","Lockon"],"picked":"Redo+1","floor":35},{"not_picked":["Storm","Tempest"],"picked":"Coolheaded","floor":37}],"player_experience":178560,"relics_obtained":[{"floor":7,"key":"Symbiotic Virus"},{"floor":9,"key":"White Beast Statue"},{"floor":11,"key":"Bronze Scales"},{"floor":14,"key":"Ornamental Fan"},{"floor":21,"key":"Red Mask"},{"floor":23,"key":"InkBottle"},{"floor":26,"key":"Blue Candle"},{"floor":31,"key":"Nunchaku"}],"event_choices":[{"damage_healed":0,"gold_gain":75,"player_choice":"Gather Gold","damage_taken":11,"max_hp_gain":0,"max_hp_loss":0,"event_name":"World of Goop","floor":2,"gold_loss":0},{"cards_removed":["Strike_B"],"damage_healed":0,"gold_gain":0,"player_choice":"Card Removal","damage_taken":7,"max_hp_gain":0,"max_hp_loss":0,"event_name":"Golden Wing","floor":3,"gold_loss":0},{"damage_healed":18,"gold_gain":0,"player_choice":"Healed","damage_taken":0,"max_hp_gain":0,"max_hp_loss":0,"event_name":"The Cleric","floor":5,"gold_loss":35},{"damage_healed":0,"gold_gain":0,"player_choice":"Obtained Relic","damage_taken":0,"relics_obtained":["Bird Faced Urn"],"max_hp_gain":0,"max_hp_loss":0,"event_name":"Addict","floor":19,"gold_loss":85},{"damage_healed":0,"gold_gain":0,"player_choice":"Fought Bandits","damage_taken":0,"max_hp_gain":0,"max_hp_loss":0,"event_name":"Masked Bandits","floor":21,"gold_loss":0},{"damage_healed":0,"gold_gain":0,"player_choice":"Shed Blood","damage_taken":19,"max_hp_gain":5,"max_hp_loss":0,"event_name":"Forgotten Altar","floor":22,"gold_loss":0},{"damage_healed":0,"gold_gain":0,"player_choice":"Ignored","damage_taken":0,"max_hp_gain":0,"max_hp_loss":0,"event_name":"Ghosts","floor":25,"gold_loss":0},{"damage_healed":0,"gold_gain":0,"player_choice":"Rummage","damage_taken":0,"relics_obtained":["WarpedTongs"],"max_hp_gain":0,"max_hp_loss":0,"event_name":"Accursed Blacksmith","floor":36,"gold_loss":0,"cards_obtained":["Pain"]}],"is_beta":false,"boss_relics":[{"not_picked":["Runic Pyramid","Sozu"],"picked":"Philosopher\u0027s Stone"},{"not_picked":["Calling Bell","Cursed Key"],"picked":"SacredBark"}],"items_purged_floors":[],"is_endless":false,"potions_floor_spawned":[1,10,11,13,14,16,18,20,21,23,24,29,30,31,33,35,37],"killed_by":"Writhing Mass","ascension_level":5}}