{"host":"cmyud3of70k6t1eo","time":1613876995,"event":{"mods":["BaseMod","Conspire","Downfall","Infinite Spire","Minty Spire (QoL Compilation)","Morshu Shopkeeper","Morshu Shopkeeper - ENHANCED","Quick Restart","StSLib","The Blue Laboratory","UnlockEverythingMod","Wide Potions"],"gold_per_floor":[99,549,564,564,579,74,100,100,85,85,119,129,29,44,57,152,202,202,219,234,247,247,247,299,199,217,232,232,232,232],"floor_reached":28,"language":"ENG","playtime":1224,"items_purged":["downfall:Icky"],"score":245,"play_id":"4883ad3a-6f85-494b-b2db-f7c78f18b032","local_time":"20210220220955","is_ascension_mode":false,"campfire_choices":[{"floor":1,"key":"RECALL"},{"floor":10,"key":"REST"},{"floor":23,"key":"REST"}],"circlet_count":0,"master_deck":["sneckomod:Strike","sneckomod:Strike","sneckomod:Strike","sneckomod:Defend","sneckomod:Defend","sneckomod:Defend","sneckomod:TailWhip+1","sneckomod:SnekBite","sneckomod:Unknown","downfall:Icky","downfall:Icky","sneckomod:UnknownUncommonAttack","sneckomod:UnknownUncommonAttack","sneckomod:RainOfDice","sneckomod:DiceBlock","sneckomod:UnknownCommonSkill","sneckomod:ImprovisedGuard","Seeing Red","sneckomod:UnknownCommonAttack","sneckomod:QuickBite+1","sneckomod:UnknownRareAttack","sneckomod:ImprovisedGuard","Flex","sneckomod:UnknownExhaust","sneckomod:DiceBlock","sneckomod:SnekBeam","Die Die Die","sneckomod:UnknownDraw+1","sneckomod:UnknownUncommonSkill"],"relics":["sneckomod:SneckoSoul","Anchor","Frozen Eye","Blood Vial","Pen Nib","downfall:HeartBlessingRed","Tiny House","downfall:HeartBlessingBlue"],"acts_visited":["Exordium","TheCity"],"potions_floor_usage":[16,16,16],"damage_taken":[{"damage":8,"enemies":"Jaw Worm","floor":3,"turns":4},{"damage":9,"enemies":"2 Louse","floor":5,"turns":2},{"damage":10,"enemies":"downfall:FleeingMerchant","floor":6,"turns":4},{"damage":15,"enemies":"downfall:FleeingMerchant","floor":9,"turns":4},{"damage":16,"enemies":"Gremlin Nob","floor":11,"turns":3},{"damage":0,"enemies":"Cultist","floor":12,"turns":2},{"damage":10,"enemies":"Exordium Thugs","floor":14,"turns":3},{"damage":0,"enemies":"3 Louse","floor":15,"turns":3},{"damage":12,"enemies":"SI_SHIV_ARCHETYPE","floor":16,"turns":4},{"damage":11,"enemies":"Shell Parasite","floor":19,"turns":5},{"damage":15,"enemies":"downfall:LooterAlt2","floor":20,"turns":5},{"damage":23,"enemies":"Snake Plant","floor":21,"turns":4},{"damage":19,"enemies":"3 Cultists","floor":26,"turns":5},{"damage":61,"enemies":"Chosen and Byrds","floor":27,"turns":7},{"damage":32,"enemies":"Sentry and Sphere","floor":28,"turns":4}],"seed_played":"5164338625323185384","potions_obtained":[{"floor":11,"key":"DistilledChaos"},{"floor":14,"key":"champ:CounterPotion"},{"floor":16,"key":"SteroidPotion"},{"floor":17,"key":"SteroidPotion"},{"floor":20,"key":"blueLaboratory:BottledHope"}],"is_trial":false,"path_per_floor":["R","?","M","?","M","$","T","?","$","R","E","M","R","M","M","B",null,"R","M","M","M","?","R","T","R","M","M","M"],"character_chosen":"THE_SNECKO","items_purchased":["sneckomod:UnknownUncommonAttack","sneckomod:RainOfDice","Anchor","Frozen Eye"],"campfire_rested":2,"item_purchase_floors":[6,6,6,6],"current_hp_per_floor":[99,99,91,91,82,72,72,72,59,88,74,76,76,68,70,60,104,104,93,80,59,59,90,90,100,83,24,0,0,0],"gold":232,"neow_bonus":"TEN_PERCENT_HP_BONUS","is_daily":false,"chose_seed":false,"campfire_upgraded":0,"win_rate":0.0,"timestamp":1613876995,"path_taken":["R","?","M","?","?","?","T","?","$","R","E","M","R","M","M","BOSS","R","M","M","M","?","R","T","R","M","M","M"],"items_purchased_type":["Card","Card","Relic","Relic"],"build_version":"2020-12-22","purchased_purges":1,"victory":false,"max_hp_per_floor":[99,99,99,99,99,99,99,99,99,99,99,99,99,99,99,99,104,104,104,104,104,104,104,104,114,114,114,114,114,114],"card_choices":[{"not_picked":["sneckomod:WideSting","sneckomod:UnknownDraw"],"picked":"sneckomod:UnknownExhaust","floor":3},{"not_picked":["sneckomod:SoulDraw","sneckomod:SerpentIdol"],"picked":"sneckomod:UnknownCommonSkill","floor":5},{"not_picked":["sneckomod:SerpentMind","sneckomod:SoulRoll"],"picked":"sneckomod:UnknownUncommonAttack","floor":6},{"not_picked":["sneckomod:UnknownX","sneckomod:SoulRoll"],"picked":"sneckomod:DiceBlock","floor":9},{"not_picked":["sneckomod:ImprovisedAttack","sneckomod:SoulDraw"],"picked":"sneckomod:UnknownCommonSkill","floor":11},{"not_picked":["sneckomod:Nope","sneckomod:SoulRoll"],"picked":"sneckomod:ImprovisedGuard","floor":12},{"not_picked":["sneckomod:WideSting","sneckomod:DefensiveFlair"],"picked":"sneckomod:UnknownCommonAttack","floor":14},{"not_picked":["sneckomod:IronFang","sneckomod:UnknownBlock"],"picked":"sneckomod:QuickBite","floor":15},{"not_picked":["sneckomod:Cheat","sneckomod:UnlimitedRolls"],"picked":"sneckomod:UnknownRareAttack","floor":16},{"not_picked":["sneckomod:QuickMove","sneckomod:SoulDraw"],"picked":"sneckomod:ImprovisedGuard","floor":17},{"not_picked":["sneckomod:UnknownClassRED+1","sneckomod:SoulDraw"],"picked":"sneckomod:UnknownExhaust","floor":19},{"not_picked":["sneckomod:ImprovisedAttack","sneckomod:UnknownBlock+1"],"picked":"sneckomod:DiceBlock","floor":20},{"not_picked":["sneckomod:SerpentMind","sneckomod:SoulDraw+1"],"picked":"sneckomod:SnekBeam","floor":21},{"not_picked":["sneckomod:DiceCrush","sneckomod:DefensiveFlair+1"],"picked":"sneckomod:UnknownDraw+1","floor":26},{"not_picked":["sneckomod:UnknownX","sneckomod:UnknownCommonSkill"],"picked":"sneckomod:UnknownUncommonSkill","floor":27}],"player_experience":136533,"relics_obtained":[{"floor":7,"key":"Blood Vial"},{"floor":11,"key":"Pen Nib"}],"event_choices":[{"damage_healed":0,"gold_gain":0,"player_choice":"Ignored","damage_taken":0,"max_hp_gain":0,"max_hp_loss":0,"event_name":"NoteForYourself","floor":8,"gold_loss":0},{"damage_healed":0,"gold_gain":0,"player_choice":"Ignored","damage_taken":0,"max_hp_gain":0,"max_hp_loss":0,"event_name":"Ghosts","floor":22,"gold_loss":0}],"is_beta":false,"boss_relics":[{"not_picked":["sneckomod:SneckoBoss","Cursed Key"],"picked":"Tiny House"}],"items_purged_floors":[6],"is_endless":false,"potions_floor_spawned":[11,14,16,19,20,26],"killed_by":"Sentry and Sphere","ascension_level":0}}