{"host":"gfybn4j1d26rvz5e","time":1613698649,"event":{"mods":["BaseMod","Better Altar","Better Match","Better Note","Better Sensory Stone","Better Skull","Better Third Choice","BetterRewards","Highlight Path","Minty Spire (QoL Compilation)","Random Character Button","Relic Stats","StSLib"],"gold_per_floor":[117,42,7,23,23,23,39,63,86,86,86,124,124,124,124,245,245,269,292,311,66,84,124,124,124,124,124,143,18,18,18,18,18,18],"floor_reached":33,"language":"ENG","playtime":1387,"items_purged":["Strike_R","Strike_R","Strike_R"],"score":548,"play_id":"ffcae244-f87e-4f3e-80bf-081872b9bd17","local_time":"20210218193729","is_ascension_mode":true,"campfire_choices":[{"data":"Bash","floor":6,"key":"SMITH"},{"data":"Combust","floor":10,"key":"SMITH"},{"data":"Twin Strike","floor":13,"key":"SMITH"},{"data":"Berserk","floor":15,"key":"SMITH"},{"floor":25,"key":"REST"},{"data":"Immolate","floor":27,"key":"SMITH"},{"floor":32,"key":"REST"}],"circlet_count":0,"master_deck":["AscendersBane","Defend_R","Defend_R","Defend_R","Defend_R","Bash+1","Cleave","Twin Strike+1","Ghostly Armor","Combust+1","Berserk+1","Immolate+1","Clothesline","Battle Trance","Shrug It Off+1","Barricade","Fiend Fire"],"relics":["Burning Blood","Prayer Wheel","Golden Idol","Red Skull","Boot","Snecko Eye","Sling","Pantograph","Champion Belt","Bottled Lightning"],"acts_visited":["Exordium","TheCity"],"potions_floor_usage":[23,30,33,33],"damage_taken":[{"damage":8,"enemies":"2 Louse","floor":1,"turns":4},{"damage":9,"enemies":"Jaw Worm","floor":4,"turns":3},{"damage":3,"enemies":"Small Slimes","floor":7,"turns":4},{"damage":17,"enemies":"2 Fungi Beasts","floor":8,"turns":4},{"damage":28,"enemies":"Lagavulin","floor":12,"turns":7},{"damage":21,"enemies":"The Guardian","floor":16,"turns":11},{"damage":5,"enemies":"Chosen","floor":18,"turns":4},{"damage":26,"enemies":"2 Thieves","floor":19,"turns":4},{"damage":9,"enemies":"Snake Plant","floor":20,"turns":3},{"damage":9,"enemies":"Snecko","floor":22,"turns":3},{"damage":22,"enemies":"Slavers","floor":23,"turns":2},{"damage":13,"enemies":"Shelled Parasite and Fungi","floor":28,"turns":4},{"damage":1,"enemies":"Centurion and Healer","floor":30,"turns":2},{"damage":93,"enemies":"Champ","floor":33,"turns":10}],"seed_played":"-6362302156286878371","potions_obtained":[{"floor":8,"key":"SneckoOil"},{"floor":16,"key":"GamblersBrew"},{"floor":19,"key":"Dexterity Potion"},{"floor":22,"key":"Fire Potion"},{"floor":28,"key":"SmokeBomb"}],"is_trial":false,"path_per_floor":["M","$","?","M","?","R","M","M","T","R","?","E","R","?","R","B",null,"M","M","M","$","M","E","T","R","T","R","M","$","M","?","R","B"],"character_chosen":"IRONCLAD","items_purchased":["Swift Potion","Sling"],"campfire_rested":2,"item_purchase_floors":[0,21],"current_hp_per_floor":[70,70,80,77,74,74,74,63,63,63,68,46,46,46,46,31,67,68,48,45,45,42,26,26,49,49,49,42,42,47,47,70,0,0],"gold":18,"neow_bonus":"","is_daily":false,"chose_seed":false,"campfire_upgraded":5,"win_rate":0.0,"timestamp":1613698649,"path_taken":["M","$","?","M","?","R","M","M","T","R","?","E","R","?","R","BOSS","M","M","M","$","M","E","?","R","T","R","M","$","M","?","R","BOSS"],"items_purchased_type":["Potion","Relic"],"build_version":"2020-12-22","purchased_purges":3,"victory":false,"max_hp_per_floor":[80,80,80,80,74,74,74,74,74,74,79,79,79,79,79,79,79,79,79,79,79,79,79,79,79,79,79,79,79,79,79,79,79,79],"relic_stats":{"counters":[110,503],"Golden Idol":73,"Pantograph":9,"Snecko Eye":[66,49,59,48],"Prayer Wheel":9,"Champion Belt":[3],"Boot":[122],"obtain_stats":[{"Ice Cream":7,"Calipers":0,"Vajra":29,"Boot":12,"Sling":21,"FaceOfCleric":28,"Prayer Wheel":0,"MealTicket":7,"Oddly Smooth Stone":41,"Eternal Feather":9,"Pen Nib":13,"Du-Vu Doll":8,"SlaversCollar":17,"Bird Faced Urn":9,"Bronze Scales":43,"Snecko Eye":34,"Mark of Pain":17,"Unceasing Top":6,"Meat on the Bone":24,"Lantern":27,"Regal Pillow":11,"Torii":36,"Mango":25,"Bag of Preparation":0,"Empty Cage":34,"Smiling Mask":26,"Burning Blood":0,"Dream Catcher":9,"Matryoshka":9,"Mummified Hand":13,"Pantograph":24,"Tiny Chest":29,"WingedGreaves":29,"Red Skull":47,"Paper Frog":19,"Potion Belt":26,"Self Forming Clay":31,"Golden Idol":5,"The Courier":31,"PreservedInsect":0,"Omamori":26,"MawBank":26,"Anchor":19,"CaptainsWheel":0,"Busted Crown":17,"Ornamental Fan":45,"Art of War":14,"Coffee Dripper":17,"Membership Card":0,"Champion Belt":24,"Bottled Lightning":26,"Toy Ornithopter":7,"FossilizedHelix":0},{"Ice Cream":78,"Calipers":56,"Vajra":29,"Boot":101,"Sling":105,"FaceOfCleric":53,"Prayer Wheel":74,"MealTicket":90,"Oddly Smooth Stone":36,"Eternal Feather":78,"Pen Nib":22,"Du-Vu Doll":4,"SlaversCollar":6,"Bird Faced Urn":4,"Bronze Scales":37,"Snecko Eye":13,"Mark of Pain":48,"Unceasing Top":3,"Meat on the Bone":68,"Lantern":28,"Regal Pillow":62,"Torii":33,"Mango":52,"Bag of Preparation":41,"Empty Cage":31,"Smiling Mask":69,"Burning Blood":0,"Dream Catcher":19,"Matryoshka":60,"Mummified Hand":92,"Pantograph":9,"Tiny Chest":72,"WingedGreaves":54,"Red Skull":40,"Paper Frog":7,"Potion Belt":69,"Self Forming Clay":30,"Golden Idol":98,"The Courier":12,"PreservedInsect":15,"Omamori":27,"MawBank":9,"Anchor":66,"CaptainsWheel":86,"Busted Crown":65,"Ornamental Fan":39,"Art of War":5,"Coffee Dripper":82,"Membership Card":74,"Champion Belt":107,"Bottled Lightning":107,"Toy Ornithopter":19,"FossilizedHelix":41},{"Ice Cream":351,"Calipers":254,"Vajra":120,"Boot":460,"Sling":482,"FaceOfCleric":235,"Prayer Wheel":336,"MealTicket":401,"Oddly Smooth Stone":152,"Eternal Feather":351,"Pen Nib":98,"Du-Vu Doll":14,"SlaversCollar":22,"Bird Faced Urn":14,"Bronze Scales":155,"Snecko Eye":62,"Mark of Pain":214,"Unceasing Top":11,"Meat on the Bone":305,"Lantern":117,"Regal Pillow":276,"Torii":140,"Mango":230,"Bag of Preparation":177,"Empty Cage":131,"Smiling Mask":309,"Burning Blood":0,"Dream Catcher":86,"Matryoshka":270,"Mummified Hand":412,"Pantograph":37,"Tiny Chest":326,"WingedGreaves":241,"Red Skull":170,"Paper Frog":26,"Potion Belt":309,"Self Forming Clay":124,"Golden Idol":445,"The Courier":53,"PreservedInsect":71,"Omamori":114,"MawBank":37,"Anchor":295,"CaptainsWheel":385,"Busted Crown":292,"Ornamental Fan":165,"Art of War":16,"Coffee Dripper":369,"Membership Card":336,"Champion Belt":487,"Bottled Lightning":487,"Toy Ornithopter":86,"FossilizedHelix":177}],"Burning Blood":569},"card_choices":[{"not_picked":["True Grit","Shrug It Off"],"picked":"Cleave","floor":1},{"not_picked":["Evolve","Shockwave"],"picked":"Twin Strike","floor":1},{"not_picked":["Anger","Clash"],"picked":"Ghostly Armor","floor":4},{"not_picked":["Iron Wave","Flame Barrier","Thunderclap"],"picked":"SKIP","floor":4},{"not_picked":["Sentinel","Wild Strike","Uppercut"],"picked":"SKIP","floor":7},{"not_picked":["Combust","Flame Barrier","Ghostly Armor"],"picked":"SKIP","floor":7},{"not_picked":["Dropkick","Cleave"],"picked":"Combust","floor":8},{"not_picked":["Clothesline","Corruption","Iron Wave"],"picked":"SKIP","floor":8},{"not_picked":["Clothesline","Entrench","Pommel Strike"],"picked":"SKIP","floor":12},{"not_picked":["Barricade","Impervious"],"picked":"Immolate","floor":16},{"not_picked":["Shrug It Off","Body Slam+1"],"picked":"Clothesline","floor":18},{"not_picked":["Perfected Strike","Rampage+1","Thunderclap"],"picked":"SKIP","floor":18},{"not_picked":["Power Through+1","Twin Strike+1","Sword Boomerang"],"picked":"SKIP","floor":19},{"not_picked":["Havoc+1","Armaments","Whirlwind"],"picked":"SKIP","floor":19},{"not_picked":["Clash+1","Evolve"],"picked":"Battle Trance","floor":20},{"not_picked":["Perfected Strike","Headbutt","Pommel Strike+1"],"picked":"SKIP","floor":20},{"not_picked":["Clothesline+1","Dropkick+1"],"picked":"Shrug It Off+1","floor":22},{"not_picked":["Headbutt+1","Combust","Power Through+1"],"picked":"SKIP","floor":22},{"not_picked":["Power Through+1","Flex"],"picked":"Barricade","floor":23},{"not_picked":["Bloodletting+1","Pummel+1","Flex"],"picked":"SKIP","floor":28},{"not_picked":["Sword Boomerang","Wild Strike","Pommel Strike"],"picked":"SKIP","floor":28}],"player_experience":666749,"relics_obtained":[{"floor":9,"key":"Red Skull"},{"floor":12,"key":"Boot"},{"floor":23,"key":"Pantograph"},{"floor":24,"key":"Champion Belt"},{"floor":26,"key":"Bottled Lightning"}],"event_choices":[{"damage_healed":20,"gold_gain":0,"player_choice":"Healed","damage_taken":0,"max_hp_gain":0,"max_hp_loss":0,"event_name":"The Cleric","floor":3,"gold_loss":35},{"damage_healed":0,"gold_gain":0,"player_choice":"Lose Max HP","damage_taken":0,"relics_obtained":["Golden Idol"],"max_hp_gain":0,"max_hp_loss":6,"event_name":"Golden Idol","floor":5,"gold_loss":0},{"damage_healed":0,"gold_gain":0,"player_choice":"Donut","damage_taken":0,"max_hp_gain":5,"max_hp_loss":0,"event_name":"Big Fish","floor":11,"gold_loss":0},{"damage_healed":0,"gold_gain":0,"cards_transformed":["Strike_R"],"player_choice":"Transformed","damage_taken":0,"max_hp_gain":0,"max_hp_loss":0,"event_name":"Transmorgrifier","floor":14,"gold_loss":0,"cards_obtained":["Berserk"]},{"damage_healed":0,"gold_gain":0,"cards_transformed":["Strike_R"],"player_choice":"Transformed","damage_taken":0,"max_hp_gain":0,"max_hp_loss":0,"event_name":"Transmorgrifier","floor":31,"gold_loss":0,"cards_obtained":["Fiend Fire"]}],"is_beta":false,"boss_relics":[{"not_picked":["Pandora\u0027s Box","Empty Cage"],"picked":"Snecko Eye"}],"items_purged_floors":[2,21,29],"is_endless":false,"potions_floor_spawned":[8,16,18,19,22,28,30],"killed_by":"Champ","ascension_level":10}}