{"host":"epc8efk9vrywpcsw","time":1613741826,"event":{"mods":["BaseMod","Minty Spire (QoL Compilation)","Relic Stats","StSLib"],"gold_per_floor":[111,131,131,131,131,131,166,166,166,91,91,115,159,183,183,279,279,292,292,317,317,31,31,62,62,88,3,73,73,106,127,127,226,226,242,242,242,242,261,296,332,332,385,385,398,413,447,470,470,470,470],"floor_reached":50,"language":"ENG","playtime":1570,"items_purged":["Regret","Writhe"],"score":1198,"play_id":"a5021dca-b998-42bd-ae57-351381044791","local_time":"20210219143706","is_ascension_mode":true,"campfire_choices":[{"data":"Neutralize","floor":6.0,"key":"SMITH"},{"data":"Terror","floor":15.0,"key":"SMITH"},{"data":"After Image","floor":23.0,"key":"SMITH"},{"data":"PiercingWail","floor":32.0,"key":"SMITH"},{"floor":42.0,"key":"REST"},{"floor":44.0,"key":"REST"},{"floor":49,"key":"REST"}],"circlet_count":0,"master_deck":["AscendersBane","Strike_G+1","Strike_G+1","Strike_G+1","Strike_G+1","Defend_G+1","Defend_G+1","Defend_G+1","Defend_G+1","Defend_G+1","Survivor","Neutralize+1","Slice","Flying Knee+1","Flying Knee+1","Terror+1","PiercingWail+1","Dagger Spray+1","After Image+1","CurseOfTheBell","Poisoned Stab+1","Necronomicurse","Skewer+1","Dagger Spray+1","Dagger Spray+1","Flying Knee+1","Adrenaline","Blade Dance","Accuracy","Slice+1","Blade Dance","Accuracy"],"relics":["Ring of the Serpent","NeowsBlessing","Ancient Tea Set","Molten Egg 2","White Beast Statue","Golden Idol","Ninja Scroll","Calling Bell","Potion Belt","InkBottle","WingedGreaves","Necronomicon","HornCleat","Lee\u0027s Waffle","Kunai","Smiling Mask","Pear","Mercury Hourglass","Omamori","Boot","Bottled Tornado","Lantern","Gambling Chip"],"acts_visited":["Exordium","TheCity","TheBeyond"],"potions_floor_usage":[48,50,50,50,50],"damage_taken":[{"damage":0.0,"enemies":"2 Louse","floor":1.0,"turns":1.0},{"damage":0.0,"enemies":"Jaw Worm","floor":2.0,"turns":1.0},{"damage":0.0,"enemies":"Lagavulin","floor":7.0,"turns":1.0},{"damage":0.0,"enemies":"Small Slimes","floor":12.0,"turns":2.0},{"damage":12.0,"enemies":"3 Sentries","floor":13.0,"turns":7.0},{"damage":5.0,"enemies":"3 Louse","floor":14.0,"turns":3.0},{"damage":33.0,"enemies":"Hexaghost","floor":16.0,"turns":11.0},{"damage":9.0,"enemies":"2 Thieves","floor":18.0,"turns":3.0},{"damage":3.0,"enemies":"3 Byrds","floor":20.0,"turns":5.0},{"damage":5.0,"enemies":"Slavers","floor":24.0,"turns":5.0},{"damage":2.0,"enemies":"Gremlin Leader","floor":30.0,"turns":5.0},{"damage":0.0,"enemies":"3 Cultists","floor":31.0,"turns":3.0},{"damage":3.0,"enemies":"Collector","floor":33.0,"turns":6.0},{"damage":0.0,"enemies":"3 Shapes","floor":35.0,"turns":3.0},{"damage":9.0,"enemies":"3 Darklings","floor":39.0,"turns":4.0},{"damage":35.0,"enemies":"Nemesis","floor":40.0,"turns":7.0},{"damage":23.0,"enemies":"Giant Head","floor":41.0,"turns":7.0},{"damage":0.0,"enemies":"Writhing Mass","floor":45.0,"turns":3.0},{"damage":0.0,"enemies":"Sphere and 2 Shapes","floor":46.0,"turns":2.0},{"damage":38.0,"enemies":"Reptomancer","floor":47.0,"turns":4.0},{"damage":0,"enemies":"Maw","floor":48,"turns":4},{"damage":38,"enemies":"Time Eater","floor":50,"turns":4}],"seed_played":"-5436085223414759072","potions_obtained":[{"floor":1.0,"key":"Weak Potion"},{"floor":12.0,"key":"Explosive Potion"},{"floor":13.0,"key":"Regen Potion"},{"floor":16.0,"key":"DistilledChaos"},{"floor":18.0,"key":"Fire Potion"},{"floor":20.0,"key":"PowerPotion"},{"floor":24.0,"key":"ColorlessPotion"},{"floor":30.0,"key":"PowerPotion"},{"floor":31.0,"key":"Block Potion"},{"floor":33.0,"key":"LiquidBronze"},{"floor":35.0,"key":"Energy Potion"},{"floor":39.0,"key":"FearPotion"},{"floor":40.0,"key":"BlessingOfTheForge"},{"floor":41.0,"key":"LiquidBronze"},{"floor":45.0,"key":"BlessingOfTheForge"},{"floor":47.0,"key":"SkillPotion"},{"floor":48,"key":"LiquidMemories"}],"is_trial":false,"path_per_floor":["M","M","$","?","?","R","E","?","T","$","?","M","E","M","R","B",null,"M","?","M","?","$","R","E","?","T","?","T","?","E","M","R","B",null,"M","?","?","?","M","E","E","R","T","R","M","M","E","M","R","B"],"character_chosen":"THE_SILENT","items_purchased":["Lee\u0027s Waffle","Dagger Spray+1"],"campfire_rested":3,"item_purchase_floors":[22,22],"current_hp_per_floor":[59,59,59,59,59,59,59,39,39,39,39,39,27,22,22,4,46,37,16,13,13,67,67,62,62,62,72,72,72,70,70,70,67,75,75,73,73,73,64,29,6,27,27,48,48,48,10,10,31,0,0],"gold":470,"neow_bonus":"THREE_ENEMY_KILL","is_daily":false,"chose_seed":false,"campfire_upgraded":4,"win_rate":0.0,"timestamp":1613741826,"path_taken":["M","M","$","?","?","R","E","?","T","$","?","M","E","M","R","BOSS","M","?","M","?","$","R","E","?","T","?","?","?","E","M","R","BOSS","M","?","?","?","M","E","E","R","T","R","M","M","E","M","R","BOSS"],"items_purchased_type":["Relic","Card"],"build_version":"2020-12-22","purchased_purges":2,"victory":false,"max_hp_per_floor":[66,66,66,66,66,66,66,66,66,66,60,60,60,60,60,60,60,60,60,60,60,67,67,67,67,67,77,77,77,77,77,77,77,77,77,73,73,73,73,73,73,73,73,73,73,73,73,73,73,73,73],"relic_stats":{"Lee\u0027s Waffle":54,"counters":[22,91],"Golden Idol":138,"Gambling Chip":[3],"Necronomicon":[10],"Kunai":[52],"Smiling Mask":0,"Boot":[8],"obtain_stats":[{"Potion Belt":17,"Lee\u0027s Waffle":22,"Lantern":43,"Pear":27,"NeowsBlessing":0,"Golden Idol":11,"Omamori":30,"Bottled Tornado":41,"Ancient Tea Set":5,"Smiling Mask":26,"Boot":40,"White Beast Statue":9,"Mercury Hourglass":28,"Calling Bell":17,"HornCleat":21,"Ninja Scroll":13,"Gambling Chip":47,"Molten Egg 2":7,"WingedGreaves":17,"Necronomicon":19,"Kunai":24,"InkBottle":17,"Ring of the Serpent":34,"Ring of the Snake":0},{"Potion Belt":7,"Lee\u0027s Waffle":9,"Lantern":17,"Pear":10,"NeowsBlessing":0,"Golden Idol":3,"Omamori":11,"Bottled Tornado":17,"Ancient Tea Set":2,"Smiling Mask":10,"Boot":16,"White Beast Statue":3,"Mercury Hourglass":10,"Calling Bell":7,"HornCleat":9,"Ninja Scroll":5,"Gambling Chip":20,"Molten Egg 2":3,"WingedGreaves":7,"Necronomicon":8,"Kunai":10,"InkBottle":7,"Ring of the Serpent":13,"Ring of the Snake":0},{"Potion Belt":26,"Lee\u0027s Waffle":34,"Lantern":74,"Pear":39,"NeowsBlessing":0,"Golden Idol":3,"Omamori":44,"Bottled Tornado":74,"Ancient Tea Set":2,"Smiling Mask":39,"Boot":67,"White Beast Statue":3,"Mercury Hourglass":39,"Calling Bell":26,"HornCleat":34,"Ninja Scroll":12,"Gambling Chip":83,"Molten Egg 2":3,"WingedGreaves":26,"Necronomicon":29,"Kunai":39,"InkBottle":26,"Ring of the Serpent":53,"Ring of the Snake":0}],"InkBottle":[32],"Mercury Hourglass":[255]},"card_choices":[{"not_picked":["Riddle With Holes","Flechettes"],"picked":"Slice","floor":1.0},{"not_picked":["Quick Slash","Slice"],"picked":"Flying Knee","floor":2.0},{"not_picked":["Caltrops","Storm of Steel"],"picked":"Flying Knee+1","floor":7.0},{"not_picked":["Poisoned Stab+1","Bouncing Flask"],"picked":"Terror","floor":12.0},{"not_picked":["Catalyst","Poisoned Stab+1"],"picked":"PiercingWail","floor":13.0},{"not_picked":["Blade Dance","Backflip"],"picked":"Dagger Spray+1","floor":14.0},{"not_picked":["Unload+1","Wraith Form v2"],"picked":"After Image","floor":16.0},{"not_picked":["Expertise+1","Underhanded Strike+1"],"picked":"Poisoned Stab+1","floor":18.0},{"not_picked":["Terror","Choke+1"],"picked":"Skewer+1","floor":20.0},{"not_picked":["Prepared","Phantasmal Killer","Deflect"],"picked":"SKIP","floor":24.0},{"not_picked":["Expertise","Quick Slash+1"],"picked":"Dagger Spray+1","floor":30.0},{"not_picked":["PiercingWail","Deadly Poison"],"picked":"Flying Knee+1","floor":31.0},{"not_picked":["Tools of the Trade","Unload+1"],"picked":"Adrenaline","floor":33.0},{"not_picked":["Calculated Gamble","Deflect+1","Accuracy"],"picked":"SKIP","floor":35.0},{"not_picked":["Quick Slash+1","Dagger Spray+1"],"picked":"Blade Dance","floor":39.0},{"not_picked":["Tactician","Heel Hook+1","Distraction"],"picked":"SKIP","floor":40.0},{"not_picked":["Leg Sweep","Dagger Throw+1"],"picked":"Accuracy","floor":41.0},{"not_picked":["Predator+1","Unload+1"],"picked":"Slice+1","floor":45.0},{"not_picked":["Bane+1","Dagger Spray+1"],"picked":"Blade Dance","floor":46.0},{"not_picked":["Masterful Stab+1","Catalyst","Corpse Explosion"],"picked":"SKIP","floor":47.0},{"not_picked":["Flying Knee+1","Dagger Throw+1"],"picked":"Accuracy","floor":48}],"player_experience":535970,"relics_obtained":[{"floor":7.0,"key":"Molten Egg 2"},{"floor":9.0,"key":"White Beast Statue"},{"floor":13.0,"key":"Ninja Scroll"},{"floor":17.0,"key":"Potion Belt"},{"floor":17.0,"key":"InkBottle"},{"floor":17.0,"key":"WingedGreaves"},{"floor":19.0,"key":"Necronomicon"},{"floor":24.0,"key":"Kunai"},{"floor":26.0,"key":"Smiling Mask"},{"floor":28.0,"key":"Mercury Hourglass"},{"floor":30.0,"key":"Omamori"},{"floor":40.0,"key":"Boot"},{"floor":41.0,"key":"Bottled Tornado"},{"floor":43.0,"key":"Lantern"},{"floor":47.0,"key":"Gambling Chip"}],"event_choices":[{"damage_healed":0.0,"max_hp_gain":0.0,"max_hp_loss":0.0,"gold_gain":0.0,"event_name":"The Cleric","player_choice":"Leave","floor":4.0,"gold_loss":0.0,"damage_taken":0.0},{"damage_healed":0.0,"max_hp_gain":0.0,"max_hp_loss":0.0,"gold_gain":0.0,"event_name":"Big Fish","player_choice":"Box","floor":5.0,"gold_loss":0.0,"damage_taken":0.0,"relics_obtained":["Ancient Tea Set"],"cards_obtained":["Regret"]},{"damage_healed":0.0,"max_hp_gain":0.0,"max_hp_loss":0.0,"gold_gain":0.0,"event_name":"Shining Light","player_choice":"Entered Light","floor":8.0,"gold_loss":0.0,"damage_taken":20.0,"cards_upgraded":["Flying Knee","Defend_G"]},{"damage_healed":0.0,"max_hp_gain":0.0,"max_hp_loss":6.0,"gold_gain":0.0,"event_name":"Golden Idol","player_choice":"Lose Max HP","floor":11.0,"gold_loss":0.0,"damage_taken":0.0,"relics_obtained":["Golden Idol"]},{"damage_healed":0.0,"max_hp_gain":0.0,"max_hp_loss":0.0,"gold_gain":0.0,"event_name":"Cursed Tome","player_choice":"Obtained Book","floor":19.0,"gold_loss":0.0,"damage_taken":21.0},{"damage_healed":0.0,"max_hp_gain":0.0,"max_hp_loss":0.0,"gold_gain":0.0,"event_name":"The Mausoleum","player_choice":"Opened","floor":21.0,"gold_loss":0.0,"damage_taken":0.0,"relics_obtained":["HornCleat"],"cards_obtained":["Writhe"]},{"damage_healed":0.0,"max_hp_gain":0.0,"max_hp_loss":0.0,"gold_gain":0.0,"event_name":"Ghosts","player_choice":"Ignored","floor":25.0,"gold_loss":0.0,"damage_taken":0.0},{"damage_healed":0.0,"max_hp_gain":0.0,"max_hp_loss":0.0,"gold_gain":0.0,"event_name":"Addict","player_choice":"Obtained Relic","floor":27.0,"gold_loss":85.0,"damage_taken":0.0,"relics_obtained":["Pear"]},{"damage_healed":0.0,"max_hp_gain":0.0,"max_hp_loss":0.0,"gold_gain":0.0,"event_name":"Back to Basics","player_choice":"Simplicity","floor":29.0,"gold_loss":0.0,"damage_taken":0.0,"cards_upgraded":["Strike_G","Strike_G","Strike_G","Strike_G","Strike_G","Defend_G","Defend_G","Defend_G","Defend_G"]},{"damage_healed":0.0,"max_hp_gain":0.0,"max_hp_loss":4.0,"gold_gain":0.0,"event_name":"Winding Halls","player_choice":"Max HP","floor":36.0,"gold_loss":0.0,"damage_taken":0.0},{"cards_removed":["Strike_G"],"damage_healed":0.0,"max_hp_gain":0.0,"max_hp_loss":0.0,"gold_gain":0.0,"event_name":"Falling","player_choice":"Removed Attack","floor":37.0,"gold_loss":0.0,"damage_taken":0.0},{"damage_healed":0.0,"max_hp_gain":0.0,"max_hp_loss":0.0,"gold_gain":0.0,"event_name":"Tomb of Lord Red Mask","player_choice":"Ignored","floor":38.0,"gold_loss":0.0,"damage_taken":0.0}],"is_beta":false,"boss_relics":[{"not_picked":["Coffee Dripper","Empty Cage"],"picked":"Calling Bell"},{"not_picked":["Runic Pyramid","Tiny House"],"picked":"Ring of the Serpent"}],"items_purged_floors":[10,22],"is_endless":false,"potions_floor_spawned":[1,12,13,14,16,18,20,24,30,31,33,35,39,40,41,45,46,47,48],"killed_by":"Time Eater","ascension_level":20}}