{"host":"17hbxmotjlknbpr0","time":1613703642,"event":{"mods":["Act Like it!","BaseMod","BetterRewards","Chat Monstrosity","Colored Powertips","Conspire","Downfall","Friendly Minions","FruityMod","Googly Eyes","GungeonMod","Hallownest","Hermit","Hero for Fun","HololiveMod","Hubris","Infinite Spire","Jorbs\u0027s Wanderer Trilogy","Lobotomy","Marisa????????","Mimic Mod","Minty Spire (QoL Compilation)","Pikachu Mod","READ ME - Snecko Mod","Random Character Button","Rare Cards Sparkle","RatMod","Shop Mod","Small Relic Pack","Somnambulant","StSLib","SuperFastMode","Td1madao Mod","The Bladedancer","The Blue Laboratory","The Bug Knight","The Clintock","The Construct","The Cursed","The Disciple","The Forsaken","The Hierophant","The IronCluck","The Mystic","The Necromancer","The Poker Player","The Problem Sleuth","The Runesmith","The Sage","The Saiyan","The Senshi","The Wild Card","Trackpad","Yuri Mod","egg","thorton"],"gold_per_floor":[20,20,31,42,42,76,76,151,151,166,166,0,0,34,34,131,131,146,246,256,271,271,306,319,319,373,393,404,144,144,154,154,256,256,275,275,288,308,324,324,324,324,362,373,403,421,421,40,40,40,40,40,18,53,53,53],"floor_reached":55,"language":"ENG","playtime":3179,"items_purged":["Death_March_Dance"],"score":704,"play_id":"ca292f1f-dd95-4209-872a-4fa650160856","local_time":"20210218220042","is_ascension_mode":false,"campfire_choices":[{"data":"Acid_Javelin","floor":11,"key":"SMITH"},{"floor":15,"key":"REST"},{"floor":25,"key":"REST"},{"floor":30,"key":"RECALL"},{"floor":32,"key":"REST"},{"floor":40,"key":"REST"},{"data":"Slay_Living","floor":42,"key":"SMITH"},{"floor":49,"key":"REST"},{"data":"Summon_Undead_Army","floor":52,"key":"SMITH"}],"circlet_count":0,"master_deck":["Strike_W","Strike_W","Strike_W","Defend_W","Defend_W","Defend_W","Defend_W","Negative_Energy_Arrows","Bone_Wall","Slay_Living+1","Acid_Javelin+1","Bone_Prison","Hellfire","Bone_Bullets","Bone_Armor","Grasp_Heart","Vampiric_Strike","Negative_Energy_Sphere+1","Scare","Negative_Energy_Mist+1","Bone_Spikes","Negative_Energy_Burst","Summon_Undead_Army+1","Spectral_Walk","Requiem","Exploit+1","Strike_from_Beyond","Pandemic+1","Necrotic_Claws+1","Corrupt+1","Necrotic_Claws","hubris:Insight","Shackles_Of_Pain"],"relics":["Vampire_Amulet","Dead Branch","Hallownest:DreamNailRelic","hubris:MedicalManual","hubris:Towel","TungstenRod","trackpad:Compendium","hubris:FunFungus","trackpad:Trackpad","rat:PhantomDancer","Ornamental Fan","Sling","hubris:ScarierMask","Turnip","construct:BoolHorns","Vajra","hubris:CuriousFeather","trackpad:SneckoScepter","hubris:BundleOfHerbs"],"acts_visited":["Hallownest:Greenpath","TheCity","TheBeyond","TheEnding"],"potions_floor_usage":[45,46,50,55],"damage_taken":[{"damage":0,"enemies":"2_ Uuma","floor":1,"turns":7},{"damage":3,"enemies":"Hallownest:monsterHuskGuard","floor":3,"turns":5},{"damage":9,"enemies":"Hallownest:2_MossCreeps","floor":4,"turns":4},{"damage":31,"enemies":"Hallownest:eliteVengeflyKing","floor":6,"turns":11},{"damage":9,"enemies":"Hallownest:monsterFoolEater","floor":10,"turns":3},{"damage":0,"enemies":"Hallownest:monsterAspidMother","floor":13,"turns":3},{"damage":1,"enemies":"Hallownest:eliteMossKnight","floor":14,"turns":4},{"damage":54,"enemies":"Hallownest:BossFalseKnight","floor":16,"turns":17},{"damage":0,"enemies":"Shell Parasite","floor":18,"turns":5},{"damage":16,"enemies":"Spheric Guardian","floor":20,"turns":3},{"damage":10,"enemies":"Centurion and Healer","floor":21,"turns":9},{"damage":52,"enemies":"Gremlin Leader","floor":23,"turns":6},{"damage":10,"enemies":"Chosen and Byrds","floor":24,"turns":5},{"damage":9,"enemies":"3 Cultists","floor":27,"turns":5},{"damage":6,"enemies":"Snecko","floor":28,"turns":5},{"damage":14,"enemies":"Snake Plant","floor":31,"turns":5},{"damage":20,"enemies":"Champ","floor":33,"turns":10},{"damage":5,"enemies":"3 Shapes","floor":35,"turns":4},{"damage":0,"enemies":"3 Darklings","floor":37,"turns":4},{"damage":0,"enemies":"Sphere and 2 Shapes","floor":38,"turns":2},{"damage":29,"enemies":"Writhing Mass","floor":39,"turns":6},{"damage":29,"enemies":"4 Shapes","floor":43,"turns":6},{"damage":9,"enemies":"4 Shapes","floor":44,"turns":3},{"damage":18,"enemies":"Nemesis","floor":45,"turns":7},{"damage":33,"enemies":"Spire Growth","floor":46,"turns":5},{"damage":49,"enemies":"Time Eater","floor":50,"turns":6},{"damage":14,"enemies":"Shield and Spear","floor":54,"turns":4},{"damage":83,"enemies":"The Heart","floor":55,"turns":7}],"seed_played":"7070571229482028672","potions_obtained":[{"floor":1,"key":"sagemod:Wine"},{"floor":4,"key":"Regen Potion"},{"floor":14,"key":"sneckomod:MuddlingPotion"},{"floor":33,"key":"Block Potion"},{"floor":46,"key":"SkillPotion"}],"is_trial":false,"path_per_floor":["M","?","M","M","$","E","?","?","T","M","R","?","M","E","R","B",null,"M","?","M","M","?","E","M","R","T","M","M","$","R","M","R","B",null,"M","?","M","M","M","R","?","R","MIM","M","E","M","T","$","R","B",null,"R","$","E","B"],"character_chosen":"NECROMANCER","items_purchased":["Sling","Summon_Undead_Army","trackpad:SneckoScepter","hubris:Insight","Shackles_Of_Pain"],"campfire_rested":5,"item_purchase_floors":[29,29,48,48,53],"current_hp_per_floor":[75,75,74,69,69,50,50,50,50,43,43,43,45,46,68,16,75,75,75,61,75,75,29,29,51,51,48,48,48,48,38,60,43,75,74,74,75,75,48,70,70,70,63,63,48,53,53,53,75,29,75,75,75,64,0,0],"gold":53,"neow_bonus":"ONE_RARE_RELIC","is_daily":false,"chose_seed":false,"campfire_upgraded":3,"win_rate":0.0,"timestamp":1613703642,"path_taken":["M","?","M","M","?","E","?","?","T","?","R","?","M","E","R","BOSS","M","?","M","?","?","E","M","R","T","M","M","?","R","M","R","BOSS","M","?","M","?","M","R","?","R","MIM","M","E","M","?","$","R","BOSS","R","$","E","BOSS"],"items_purchased_type":["Relic","Card","Relic","Card","Card"],"build_version":"2020-12-22","purchased_purges":1,"victory":false,"max_hp_per_floor":[75,75,75,75,75,75,75,75,75,75,75,75,75,75,75,75,75,75,75,75,75,75,75,75,75,75,75,75,75,75,75,75,75,75,75,75,75,75,75,75,75,75,75,75,75,75,75,75,75,75,75,75,75,75,75,75],"card_choices":[{"not_picked":["Negative_Energy_Mist","Strike_from_Beyond"],"picked":"Slay_Living","floor":1},{"not_picked":["Bone_Spikes","Negative_Energy_Burst"],"picked":"Acid_Javelin","floor":3},{"not_picked":["Bone_Spikes","Finger_Of_Death"],"picked":"Bone_Prison","floor":4},{"not_picked":["Life_Drain","Bone_Spikes"],"picked":"Hellfire","floor":6},{"not_picked":["Negative_Energy_Javelin","Death_Coil"],"picked":"Bone_Bullets","floor":10},{"not_picked":["Flesh_Made_Foul","Consume_Illness"],"picked":"Bone_Armor","floor":13},{"not_picked":["Negative_Energy_Burst","Shackles_Of_Pain","Siphon_Strength"],"picked":"SKIP","floor":14},{"not_picked":["Skeleton_Dragon","Cloudkill"],"picked":"Grasp_Heart","floor":16},{"not_picked":["Blood_Whip","Blood_Curse"],"picked":"Vampiric_Strike","floor":18},{"not_picked":["Bone_Bullets","Deaths_Shadow+1"],"picked":"Negative_Energy_Sphere+1","floor":20},{"not_picked":["Shade_Step","Death_Knell"],"picked":"Death_March_Dance","floor":21},{"not_picked":["Negative_Energy_Sphere","Death_March_Dance"],"picked":"Scare","floor":23},{"not_picked":["Finger_Of_Death+1","Negative_Energy_Shield"],"picked":"Negative_Energy_Mist+1","floor":24},{"not_picked":["Bone_Shift","Death_Coil"],"picked":"Bone_Spikes","floor":27},{"not_picked":["Death_Coil","Chill_Blood"],"picked":"Negative_Energy_Burst","floor":28},{"not_picked":["Violent_Necrosis","Bone_Armor"],"picked":"Spectral_Walk","floor":31},{"not_picked":["Reap_The_Weak","Cloudkill"],"picked":"Requiem","floor":33},{"not_picked":["Blood_Whip","Shackles_Of_Pain+1"],"picked":"Exploit+1","floor":35},{"not_picked":["Finger_Of_Death","Necrotic_Claws"],"picked":"Pandemic+1","floor":37},{"not_picked":["Bone_Bullets","Blood_Curse+1","Flesh_Made_Foul"],"picked":"SKIP","floor":38},{"not_picked":["Bone_Spikes+1","Negative_Energy_Mist+1"],"picked":"Necrotic_Claws+1","floor":39},{"not_picked":["Siphon_Strength+1","Shackles_Of_Pain"],"picked":"Corrupt+1","floor":43},{"not_picked":["Blood_Whip","Bone_Spikes+1","Scare"],"picked":"SKIP","floor":44},{"not_picked":["Chill_Blood+1","Vampiric_Strike","Summon_Undead"],"picked":"SKIP","floor":45},{"not_picked":["Blood_Curse+1","Shade_Step"],"picked":"Necrotic_Claws","floor":46},{"not_picked":["Vampiric_Strike","Negative_Energy_Mist+1","Deaths_Shadow"],"picked":"SKIP","floor":54}],"player_experience":151732,"relics_obtained":[{"floor":6,"key":"hubris:MedicalManual"},{"floor":9,"key":"TungstenRod"},{"floor":14,"key":"hubris:FunFungus"},{"floor":22,"key":"rat:PhantomDancer"},{"floor":23,"key":"Ornamental Fan"},{"floor":43,"key":"Turnip"},{"floor":43,"key":"construct:BoolHorns"},{"floor":45,"key":"Vajra"},{"floor":47,"key":"hubris:CuriousFeather"},{"floor":54,"key":"hubris:BundleOfHerbs"}],"event_choices":[{"damage_healed":0,"gold_gain":100,"player_choice":"Pray","damage_taken":0,"max_hp_gain":0,"max_hp_loss":0,"event_name":"Golden Shrine","floor":19,"gold_loss":0},{"damage_healed":0,"gold_gain":0,"player_choice":"Relic","damage_taken":0,"max_hp_gain":0,"max_hp_loss":0,"event_name":"Wheel of Change","floor":22,"gold_loss":0},{"damage_healed":0,"gold_gain":0,"cards_transformed":["Strike_W"],"player_choice":"Transformed","damage_taken":0,"max_hp_gain":0,"max_hp_loss":0,"event_name":"Transmorgrifier","floor":36,"gold_loss":0,"cards_obtained":["Strike_from_Beyond"]}],"is_beta":false,"boss_relics":[{"not_picked":["Empty Cage","Snecko Eye"],"picked":"trackpad:Trackpad"},{"not_picked":["theForsaken:PaleLantern","Tiny House"],"picked":"hubris:ScarierMask"}],"items_purged_floors":[29],"is_endless":false,"potions_floor_spawned":[1,4,14,18,24,27,33,37,39,46],"killed_by":"The Heart","ascension_level":0}}