{"host":"ve9aztkoyqeblvav","time":1613725153,"event":{"mods":["Act Like it!","Aspiration","BaseMod","Colored Map","Colored Powertips","Highlight Path","Marked Mod","Minty Spire (QoL Compilation)","Pale of the Ancients","Quick Restart","Reorder Act Four","StSLib","The Hierophant","Waifu the Spire"],"gold_per_floor":[112,129,129,129,148,148,165,194,194,224,224,149,149,149,149,249,249,265,38,38,38],"floor_reached":20,"language":"ZHS","playtime":440,"items_purged":["Defend_P"],"score":383,"play_id":"be5648de-a21b-4af0-95a6-fb8f3dae937f","local_time":"20210219165913","is_ascension_mode":true,"campfire_choices":[{"floor":6.0,"key":"REST"},{"floor":11,"key":"REST"},{"data":"Adaptation","floor":13,"key":"SMITH"},{"data":"Eruption","floor":15,"key":"SMITH"}],"circlet_count":0,"master_deck":["AscendersBane","Strike_P","Strike_P","Strike_P","Defend_P","Defend_P","Defend_P","Eruption+1","Vigilance","MarkedMod:SlowDance","LikeWater","MarkedMod:PinPointDefense","FlurryOfBlows","Consecrate","Adaptation+1","MarkedMod:FirstStrike","Tantrum","LessonLearned"],"relics":["PureWater","aspiration:SeaSaltIceCream","NeowsBlessing","Anchor","Lantern","Shuriken","Philosopher\u0027s Stone"],"acts_visited":["Exordium","TheCity"],"potions_floor_usage":[8,8],"damage_taken":[{"damage":0.0,"enemies":"Cultist","floor":1.0,"turns":4.0},{"damage":14.0,"enemies":"Small Slimes","floor":2.0,"turns":5.0},{"damage":2.0,"enemies":"Jaw Worm","floor":5.0,"turns":4.0},{"damage":13.0,"enemies":"Blue Slaver","floor":7.0,"turns":6.0},{"damage":18,"enemies":"3 Sentries","floor":8,"turns":4},{"damage":0,"enemies":"Lagavulin","floor":10,"turns":2},{"damage":0,"enemies":"Slime Boss","floor":16,"turns":1},{"damage":0,"enemies":"3 Byrds","floor":18,"turns":1},{"damage":0,"enemies":"Spheric Guardian","floor":20,"turns":1}],"seed_played":"-4325502963948968450","potions_obtained":[{"floor":1.0,"key":"MarkedMod:BlackLotusJuice"},{"floor":5.0,"key":"SteroidPotion"},{"floor":7.0,"key":"SpeedPotion"},{"floor":10,"key":"BottledMiracle"}],"is_trial":false,"path_per_floor":["M","M","?","?","M","R","M","E","T","E","R","$","R","T","R","B",null,"M","$","M"],"character_chosen":"WATCHER","items_purchased":["Tantrum","LessonLearned"],"campfire_rested":2,"item_purchase_floors":[19,19],"current_hp_per_floor":[47,33,33,26,24,45,32,14,14,14,35,35,35,35,35,35,63,63,63,63,63],"gold":38,"neow_bonus":"THREE_RARE_CARDS","is_daily":false,"chose_seed":false,"campfire_upgraded":2,"win_rate":0.0,"timestamp":1613725153,"path_taken":["M","M","?","?","M","R","M","E","T","E","R","?","R","?","R","BOSS","M","$","M"],"items_purchased_type":["Card","Card"],"build_version":"2020-12-22","purchased_purges":1,"victory":false,"max_hp_per_floor":[72,72,72,72,72,72,72,72,72,72,72,72,72,72,72,72,72,72,72,72,72],"card_choices":[{"not_picked":["Scrawl","Ragnarok"],"picked":"MarkedMod:SlowDance","floor":0.0},{"not_picked":["Vengeance","Weave"],"picked":"LikeWater","floor":1.0},{"not_picked":["MarkedMod:FirstStrike","FlyingSleeves"],"picked":"MarkedMod:PinPointDefense","floor":2.0},{"not_picked":["ReachHeaven","Evaluate"],"picked":"FlurryOfBlows","floor":5.0},{"not_picked":["Consecrate","MarkedMod:Acupuncture","ClearTheMind"],"picked":"SKIP","floor":7.0},{"not_picked":["MarkedMod:Acupuncture","ClearTheMind"],"picked":"Consecrate","floor":7.0},{"not_picked":["Perseverance","Worship","Swivel"],"picked":"SKIP","floor":8},{"not_picked":["Perseverance","Worship","Swivel"],"picked":"SKIP","floor":8},{"not_picked":["ForeignInfluence","EmptyBody"],"picked":"Adaptation","floor":10},{"not_picked":["ThirdEye+1","Wallop+1"],"picked":"MarkedMod:FirstStrike","floor":18}],"player_experience":1666620,"relics_obtained":[{"floor":8,"key":"aspiration:SeaSaltIceCream"},{"floor":9,"key":"Anchor"},{"floor":10,"key":"Lantern"},{"floor":14,"key":"Shuriken"}],"event_choices":[{"damage_healed":0.0,"max_hp_gain":0.0,"max_hp_loss":0.0,"gold_gain":0.0,"event_name":"Shining Light","player_choice":"Ignored","floor":3.0,"gold_loss":0.0,"damage_taken":0.0},{"cards_removed":["Strike_P"],"damage_healed":0.0,"max_hp_gain":0.0,"max_hp_loss":0.0,"gold_gain":0.0,"event_name":"Golden Wing","player_choice":"Card Removal","floor":4.0,"gold_loss":0.0,"damage_taken":7.0}],"is_beta":false,"boss_relics":[{"not_picked":["VioletLotus","Tiny House"],"picked":"Philosopher\u0027s Stone"}],"items_purged_floors":[12],"is_endless":false,"potions_floor_spawned":[1,5,7,10],"killed_by":"Spheric Guardian","ascension_level":10}}