{"host":"toh0bbw446wnuexf","time":1613772754,"event":{"mods":["BaseMod","Downfall","Hermit","Minty Spire (QoL Compilation)","Random Character Button","Robot Space Explorer","StSLib"],"gold_per_floor":[113,38,48,65,65,65,85,104,127,127,127,157,157,191,191,291,291,309,329,329,67,67,67,67,67,67],"floor_reached":25,"language":"ENG","playtime":1175,"items_purged":["Strike_P"],"score":219,"play_id":"ba0c64b4-7fc1-450c-8572-d568f37a5694","local_time":"20210220111234","is_ascension_mode":true,"campfire_choices":[{"data":"FlyingSleeves","floor":6,"key":"SMITH"},{"data":"Vigilance","floor":10,"key":"SMITH"},{"floor":13,"key":"REST"},{"floor":15,"key":"REST"},{"data":"Alpha","floor":23,"key":"SMITH"}],"circlet_count":0,"master_deck":["Strike_P","Strike_P","Strike_P","Defend_P+1","Defend_P","Defend_P","Defend_P","Eruption+1","Vigilance+1","BowlingBash","FlyingSleeves+1","Evaluate","Alpha+1"],"relics":["PureWater","NeowsBlessing","Omamori","Blue Candle","Odd Mushroom","Happy Flower","Philosopher\u0027s Stone","Bottled Lightning"],"acts_visited":["Exordium","TheCity"],"potions_floor_usage":[25],"damage_taken":[{"damage":0,"enemies":"Cultist","floor":1,"turns":1},{"damage":0,"enemies":"Jaw Worm","floor":3,"turns":1},{"damage":0,"enemies":"Small Slimes","floor":4,"turns":1},{"damage":7,"enemies":"Blue Slaver","floor":7,"turns":5},{"damage":0,"enemies":"Looter","floor":8,"turns":4},{"damage":10,"enemies":"The Mushroom Lair","floor":12,"turns":4},{"damage":14,"enemies":"Gremlin Nob","floor":14,"turns":4},{"damage":19,"enemies":"Slime Boss","floor":16,"turns":13},{"damage":0,"enemies":"Chosen","floor":18,"turns":3},{"damage":29,"enemies":"Spheric Guardian","floor":19,"turns":7},{"damage":59,"enemies":"Slavers","floor":25,"turns":3}],"seed_played":"-6325200747571641321","potions_obtained":[{"floor":4,"key":"SneckoOil"},{"floor":7,"key":"BlessingOfTheForge"},{"floor":8,"key":"Dexterity Potion"},{"floor":19,"key":"PowerPotion"}],"is_trial":false,"path_per_floor":["M","$","M","M","?","R","M","M","T","R","?","?","R","E","R","B",null,"M","M","?","$","?","R","?","E"],"character_chosen":"WATCHER","items_purchased":["Bottled Lightning"],"campfire_rested":2,"item_purchase_floors":[21],"current_hp_per_floor":[72,72,72,72,58,58,51,51,51,51,46,36,57,43,64,45,72,72,43,67,67,54,54,54,0,0],"gold":67,"neow_bonus":"THREE_ENEMY_KILL","is_daily":false,"chose_seed":false,"campfire_upgraded":3,"win_rate":0.0,"timestamp":1613772754,"path_taken":["M","$","M","M","?","R","M","M","T","R","?","?","R","E","R","BOSS","M","M","?","$","?","R","?","E"],"items_purchased_type":["Relic"],"build_version":"2020-12-22","purchased_purges":1,"victory":false,"max_hp_per_floor":[72,72,72,72,72,72,72,72,72,72,72,72,72,72,72,72,72,72,72,72,72,77,77,77,77,77],"card_choices":[{"not_picked":["EmptyBody","EmptyFist"],"picked":"BowlingBash","floor":1},{"not_picked":["Wallop","JustLucky"],"picked":"FlyingSleeves","floor":3},{"not_picked":["Weave","SashWhip"],"picked":"Evaluate","floor":4},{"not_picked":["PathToVictory","Halt","MentalFortress"],"picked":"SKIP","floor":7},{"not_picked":["Indignation","JustLucky","Wireheading"],"picked":"SKIP","floor":8},{"not_picked":["Halt","Blasphemy","Crescendo"],"picked":"SKIP","floor":14},{"not_picked":["Blasphemy","MasterReality"],"picked":"Alpha","floor":16},{"not_picked":["Conclude+1","PathToVictory+1","CutThroughFate+1"],"picked":"SKIP","floor":18},{"not_picked":["Vengeance","Consecrate","JustLucky"],"picked":"SKIP","floor":19}],"player_experience":716261,"relics_obtained":[{"floor":9,"key":"Omamori"},{"floor":12,"key":"Odd Mushroom"},{"floor":14,"key":"Happy Flower"}],"event_choices":[{"damage_healed":0,"gold_gain":0,"player_choice":"Entered Light","damage_taken":14,"max_hp_gain":0,"max_hp_loss":0,"event_name":"Shining Light","floor":5,"gold_loss":0,"cards_upgraded":["Eruption","Defend_P"]},{"damage_healed":0,"gold_gain":0,"player_choice":"Fought Mushrooms","damage_taken":0,"max_hp_gain":0,"max_hp_loss":0,"event_name":"Mushrooms","floor":12,"gold_loss":0},{"damage_healed":24,"gold_gain":0,"player_choice":"Heal","damage_taken":0,"max_hp_gain":0,"max_hp_loss":0,"event_name":"The Library","floor":20,"gold_loss":0},{"damage_healed":0,"gold_gain":0,"player_choice":"Shed Blood","damage_taken":18,"max_hp_gain":5,"max_hp_loss":0,"event_name":"Forgotten Altar","floor":22,"gold_loss":0},{"damage_healed":0,"gold_gain":0,"player_choice":"Ignored","damage_taken":0,"max_hp_gain":0,"max_hp_loss":0,"event_name":"Ghosts","floor":24,"gold_loss":0}],"is_beta":false,"boss_relics":[{"not_picked":["Runic Dome","Tiny House"],"picked":"Philosopher\u0027s Stone"}],"items_purged_floors":[2],"is_endless":false,"potions_floor_spawned":[4,7,8,19],"killed_by":"Slavers","ascension_level":2}}