{"host":"og6lam4kt3nibbw0","time":1613754449,"event":{"mods":["AchievementEnabler","BaseMod","Colored Map","DeckTracker","Highlight Path","Keyboard Shortcuts","Minty Spire (QoL Compilation)","Permanent Neow","Quick Restart","StSLib","SuperFastMode"],"gold_per_floor":[119,119,31,31,106,106,19,49,49,77,77,2,13,25,25,99,99,112,112,131,131,31,31,50,66,91,91,102,135,135,146,146,146,146],"floor_reached":33,"language":"KOR","playtime":1422,"items_purged":["Strike_R","Perfected Strike"],"score":646,"play_id":"d4d005d3-d126-4091-9e8a-1b749ff4eb0d","local_time":"20210220020729","is_ascension_mode":true,"campfire_choices":[{"data":"Sever Soul","floor":6.0,"key":"SMITH"},{"data":"Fire Breathing","floor":11.0,"key":"SMITH"},{"data":"Dark Embrace","floor":15.0,"key":"SMITH"},{"data":"Blood for Blood","floor":23.0,"key":"SMITH"},{"floor":27.0,"key":"REST"},{"floor":32.0,"key":"REST"}],"circlet_count":0,"master_deck":["AscendersBane","Strike_R","Strike_R","Defend_R","Defend_R","Defend_R","Defend_R","Bash","Sever Soul+1","Power Through+1","Dark Embrace+1","Flame Barrier+1","Fire Breathing+1","Impervious+1","True Grit+1","Blood for Blood+1","Battle Trance+1","Armaments+1","Shockwave+1"],"relics":["Burning Blood","NeowsBlessing","Toxic Egg 2","Blood Vial","Bird Faced Urn","InkBottle","Black Star","Nilry\u0027s Codex","Self Forming Clay","Dead Branch"],"acts_visited":["Exordium","TheCity"],"potions_floor_usage":[],"damage_taken":[{"damage":0.0,"enemies":"Jaw Worm","floor":1.0,"turns":1.0},{"damage":0.0,"enemies":"Gremlin Nob","floor":8.0,"turns":1.0},{"damage":0.0,"enemies":"Lagavulin","floor":10.0,"turns":1.0},{"damage":8.0,"enemies":"2 Louse","floor":13.0,"turns":4.0},{"damage":3.0,"enemies":"Small Slimes","floor":14.0,"turns":4.0},{"damage":15.0,"enemies":"The Guardian","floor":16.0,"turns":10.0},{"damage":12.0,"enemies":"Chosen","floor":18.0,"turns":6.0},{"damage":24.0,"enemies":"3 Byrds","floor":20.0,"turns":5.0},{"damage":36.0,"enemies":"Shelled Parasite and Fungi","floor":24.0,"turns":9.0},{"damage":13.0,"enemies":"Chosen and Byrds","floor":25.0,"turns":5.0},{"damage":21.0,"enemies":"Snake Plant","floor":28.0,"turns":5.0},{"damage":30.0,"enemies":"Slavers","floor":29.0,"turns":5.0},{"damage":10.0,"enemies":"Centurion and Healer","floor":31.0,"turns":8.0},{"damage":65,"enemies":"Automaton","floor":33,"turns":6}],"seed_played":"2279643411655614254","potions_obtained":[{"floor":1.0,"key":"Fire Potion"},{"floor":13.0,"key":"EssenceOfSteel"},{"floor":24.0,"key":"LiquidMemories"},{"floor":28.0,"key":"SpeedPotion"}],"is_trial":false,"path_per_floor":["M","?","$","?","?","R","$","E","T","E","R","$","M","M","R","B",null,"M","?","M","?","$","R","M","M","T","R","M","E","?","M","R","B"],"character_chosen":"IRONCLAD","items_purchased":["Power Through+1","Dark Embrace"],"campfire_rested":2,"item_purchase_floors":[3,7],"current_hp_per_floor":[74,69,69,69,58,58,58,64,64,72,72,72,75,75,75,66,73,69,48,38,38,38,38,16,15,15,37,28,10,10,14,36,0,0],"gold":146,"neow_bonus":"THREE_ENEMY_KILL","is_daily":false,"chose_seed":false,"campfire_upgraded":4,"win_rate":0.0,"timestamp":1613754449,"path_taken":["M","?","$","?","?","R","?","E","T","E","R","$","M","M","R","BOSS","M","?","M","?","$","R","M","M","T","R","M","E","?","M","R","BOSS"],"items_purchased_type":["Card","Card"],"build_version":"2020-12-22","purchased_purges":2,"victory":false,"max_hp_per_floor":[75,75,75,75,75,75,75,75,75,75,75,75,75,75,75,75,75,75,75,75,75,75,75,75,75,75,75,75,75,75,75,75,75,75],"card_choices":[{"not_picked":["Thunderclap","Intimidate"],"picked":"Sever Soul","floor":1.0},{"not_picked":["Dual Wield+1","Reckless Charge"],"picked":"Flame Barrier+1","floor":8.0},{"not_picked":["Feel No Pain","Warcry+1"],"picked":"Fire Breathing","floor":10.0},{"not_picked":["Metallicize","Clothesline","Heavy Blade"],"picked":"SKIP","floor":13.0},{"not_picked":["Flex+1","Flame Barrier+1","Headbutt"],"picked":"SKIP","floor":14.0},{"not_picked":["Berserk","Reaper"],"picked":"Impervious+1","floor":16.0},{"not_picked":["Body Slam","Intimidate+1"],"picked":"True Grit+1","floor":18.0},{"not_picked":["Cleave","Dual Wield+1","Blood for Blood"],"picked":"SKIP","floor":20.0},{"not_picked":["Dropkick","Clothesline"],"picked":"Battle Trance+1","floor":24.0},{"not_picked":["Perfected Strike","Clash","Reckless Charge"],"picked":"SKIP","floor":25.0},{"not_picked":["Intimidate+1","Combust"],"picked":"Armaments+1","floor":28.0},{"not_picked":["Armaments+1","Pommel Strike","Heavy Blade"],"picked":"SKIP","floor":29.0},{"not_picked":["Thunderclap","Headbutt"],"picked":"Shockwave+1","floor":31.0}],"player_experience":973932,"relics_obtained":[{"floor":8.0,"key":"Blood Vial"},{"floor":9.0,"key":"Bird Faced Urn"},{"floor":10.0,"key":"InkBottle"},{"floor":19.0,"key":"Nilry\u0027s Codex"},{"floor":29.0,"key":"Self Forming Clay"},{"floor":29.0,"key":"Dead Branch"}],"event_choices":[{"damage_healed":0.0,"max_hp_gain":0.0,"max_hp_loss":0.0,"gold_gain":0.0,"event_name":"Scrap Ooze","player_choice":"Success","floor":2.0,"gold_loss":0.0,"damage_taken":5.0,"relics_obtained":["Toxic Egg 2"]},{"damage_healed":0.0,"max_hp_gain":0.0,"max_hp_loss":0.0,"gold_gain":0.0,"event_name":"Shining Light","player_choice":"Ignored","floor":4.0,"gold_loss":0.0,"damage_taken":0.0},{"damage_healed":0.0,"max_hp_gain":0.0,"max_hp_loss":0.0,"gold_gain":75.0,"event_name":"World of Goop","player_choice":"Gather Gold","floor":5.0,"gold_loss":0.0,"damage_taken":11.0},{"damage_healed":0.0,"max_hp_gain":0.0,"max_hp_loss":0.0,"gold_gain":0.0,"event_name":"Cursed Tome","player_choice":"Obtained Book","floor":19.0,"gold_loss":0.0,"damage_taken":21.0},{"damage_healed":0.0,"max_hp_gain":0.0,"max_hp_loss":0.0,"gold_gain":0.0,"cards_transformed":["Strike_R","Strike_R"],"event_name":"Drug Dealer","player_choice":"Became Test Subject","floor":21.0,"gold_loss":0.0,"damage_taken":0.0,"cards_obtained":["Perfected Strike","Blood for Blood"]},{"damage_healed":0.0,"max_hp_gain":0.0,"max_hp_loss":0.0,"gold_gain":0.0,"event_name":"The Mausoleum","player_choice":"Ignored","floor":30.0,"gold_loss":0.0,"damage_taken":0.0}],"is_beta":false,"boss_relics":[{"not_picked":["Tiny House","SacredBark"],"picked":"Black Star"}],"items_purged_floors":[12,22],"is_endless":false,"potions_floor_spawned":[1,13,20,24,28],"killed_by":"Automaton","ascension_level":20}}