{"host":"7kbs9tkabmhxmc03","time":1613717539,"event":{"mods":["A Magickal Journey","Bartender","BaseMod","BetterRewards","CatGirl Mod","Conspire","Friendly Minions","GifTheSpireLib","Hermit","Hubris","Jedi Mod","Koishi","LagranYue(???·?)","Marisa????????","Minty Spire (QoL Compilation)","Prisma Mod","Railgun Mod","Remilia??????","Replay The Spire","Shapeshifter Mod","StSLib","Td1madao Mod","The Animator","The Blackbeard","The Bladedancer","The Bug Knight","The Construct","The Cursed","The Death Knight","The Disciple","The Dragon Tamer","The Druid","The Gatherer","The Hierophant","The Marked","The Mystic","The Necromancer","The Poker Player","The Runesmith","The Senshi","The Servant 0.9.4","The Vixen","TheBandit","TheFirefly","TheSwordswoman","Waifu the Spire","Yuri Mod"],"gold_per_floor":[114,114,129,143,38,63,16,31,105,122,132,132,162,162,162,259,259,276,225,241,241,255,282,282,296,344,362,380,396,396,396,411,430,430,530,530,547,101,151,170,182,182,194,194,194,194,221,36,36,67,67,67,67,67,390,830,830],"floor_reached":58,"language":"ENG","playtime":11742,"items_purged":[],"score":1728,"play_id":"cf119086-e336-4e98-9791-aac23c013b4d","local_time":"20210219075219","is_ascension_mode":false,"campfire_choices":[{"floor":15.0,"key":"RECALL"},{"data":"BloodHunter","floor":24.0,"key":"SMITH"},{"data":"RedMoon","floor":34.0,"key":"SMITH"},{"floor":42.0,"key":"REST"},{"data":"Magnetism","floor":44.0,"key":"SMITH"},{"data":"VampireClaw","floor":46.0,"key":"SMITH"},{"data":"ChainGang","floor":51.0,"key":"SMITH"},{"data":"VampireKiss","floor":54.0,"key":"SMITH"}],"circlet_count":0,"master_deck":["Strike_RM","Strike_RM","Strike_RM","Defend_RM","Defend_RM","RedMoon+1","ScarletShoot","Blind","ScarletDevil","CharismaGuard","VampireClaw+1","VampireSweep","LeisurelyOfLord","StarOfDavid","NightDance","VampireKiss+1","ChainGang+1","ScarletSymphony","ReplayTheSpireMod:Faulty Equipment","Maim","BloodySeventeenLaser","Maim","TwelveNightmare+1","ScarletDevilSign","jedi:BattleThirst","BloodHunter+1","Septette+1","ScarletNetherworld","BombardNight","DiffusionOfMisfortune+1","UnstableMagic","DiffusionOfMisfortune+1","Ultimatum","BatForm+1","Stigmanizer+1","ScarletMeister+1","Septette+1","DiffusionOfMisfortune","NightDance","Magnetism+1","SuperhumanBloodyKnife+1","VampirishNight+1","EternalNight","UnderTheZenith+1","LeisurelyOfLord+1","FavorOfDestiny","ReincarnationDial","Septette","hubris:Greed","ScarletImprint","EndlessAdversity","EternalNight","UnstableMagic","TwelveNightmare","Secret Weapon","Deep Breath","hubris:Greed","hubris:Greed","hubris:Greed","NightDance+1","hubris:Greed","hubris:Greed","hubris:Greed","hubris:Greed","hubris:Greed"],"relics":["ScarletHat","LagranYue:RandomDrawCardRelic","Bag of Preparation","ReplayTheSpireMod:Ring of Exchange","Ring of Fangs","White_Cape","jedi:battlestandard","Choco_Feather","Pet Ghost","Dream Catcher","Astrolabe","HornCleat","Thread and Needle","Anchor","Bottled Lightning","Bronze Scales","hubris:Icosahedron","Gremlin Food","hubris:NiceRug","DeathKnight:SindragosasSkull","ReplayTheSpireMod:Ninjato","APieceOfRedMist","Bottled Flame"],"acts_visited":["Exordium","TheCity","TheBeyond","TheEnding"],"potions_floor_usage":[],"damage_taken":[{"damage":1.0,"enemies":"Jaw Worm","floor":1.0,"turns":3.0},{"damage":8.0,"enemies":"conspire:RoseBush","floor":3.0,"turns":2.0},{"damage":0.0,"enemies":"Small Slimes","floor":4.0,"turns":6.0},{"damage":15.0,"enemies":"Gremlin Nob","floor":6.0,"turns":5.0},{"damage":5.0,"enemies":"Red Slaver","floor":8.0,"turns":5.0},{"damage":0.0,"enemies":"Looter","floor":10.0,"turns":1.0},{"damage":5.0,"enemies":"Blue Slaver","floor":11.0,"turns":2.0},{"damage":4.0,"enemies":"3 Sentries","floor":13.0,"turns":7.0},{"damage":63.0,"enemies":"Hexaghost","floor":16.0,"turns":12.0},{"damage":3.0,"enemies":"Chosen","floor":18.0,"turns":6.0},{"damage":2.0,"enemies":"conspire:FuzzyDice","floor":20.0,"turns":4.0},{"damage":15.0,"enemies":"Centurion and Healer","floor":22.0,"turns":2.0},{"damage":44.0,"enemies":"Slavers","floor":23.0,"turns":7.0},{"damage":12.0,"enemies":"Snake Plant","floor":25.0,"turns":3.0},{"damage":2.0,"enemies":"3 Cultists","floor":27.0,"turns":7.0},{"damage":6.0,"enemies":"Snecko","floor":28.0,"turns":4.0},{"damage":6.0,"enemies":"Centurion and Healer","floor":29.0,"turns":6.0},{"damage":0.0,"enemies":"Sentry and Sphere","floor":32.0,"turns":2.0},{"damage":14.0,"enemies":"Shelled Parasite and Fungi","floor":33.0,"turns":9.0},{"damage":5.0,"enemies":"Pondfish","floor":35.0,"turns":9.0},{"damage":10.0,"enemies":"3 Darklings","floor":37.0,"turns":7.0},{"damage":15.0,"enemies":"Mind Bloom Boss Battle","floor":39.0,"turns":8.0},{"damage":63.0,"enemies":"3 Shapes","floor":40.0,"turns":6.0},{"damage":0.0,"enemies":"Maw","floor":41.0,"turns":9.0},{"damage":2.0,"enemies":"Spire Growth","floor":43.0,"turns":6.0},{"damage":12.0,"enemies":"Reptomancer","floor":47.0,"turns":7.0},{"damage":0.0,"enemies":"HollowMod:StalkingDevout","floor":50.0,"turns":6.0},{"damage":27.0,"enemies":"hubris:GrandSnecko","floor":52.0,"turns":9.0},{"damage":23.0,"enemies":"hubris:Merchant","floor":55.0,"turns":9.0},{"damage":51.0,"enemies":"Shield and Spear","floor":56.0,"turns":10.0},{"damage":32,"enemies":"The Heart","floor":57,"turns":8}],"seed_played":"-8581750829191088361","potions_obtained":[{"floor":1.0,"key":"SkillPotion"},{"floor":6.0,"key":"SkillPotion"},{"floor":10.0,"key":"Swift Potion"},{"floor":20.0,"key":"DestinyDice"},{"floor":25.0,"key":"Adrenaline Potion"},{"floor":27.0,"key":"Regen Potion"},{"floor":32.0,"key":"Strength Potion"},{"floor":33.0,"key":"FearPotion"},{"floor":41.0,"key":"DeathKnight:RimePotion"},{"floor":43.0,"key":"Explosive Potion"},{"floor":47.0,"key":"Elixir"},{"floor":55.0,"key":"jedi:wingpotion"},{"floor":55.0,"key":"LifebloodPotion"}],"is_trial":false,"path_per_floor":["M","?","M","M","$","E","$","M","T","M","M","?","E","?","R","B",null,"M","$","M","?","M","E","R","M","T","M","M","M","PTL","PTL","M","M","R","B",null,"M","$","?","M","M","R","M","R","T","R","E","$","?","E","R","B",null,"R","$","E","B",null],"character_chosen":"REMILIA","items_purchased":["VampireSweep","LeisurelyOfLord","NightDance","TwelveNightmare+1","NightDance","HornCleat","Magnetism","ReincarnationDial","Bronze Scales","ScarletImprint"],"campfire_rested":1,"item_purchase_floors":[5,5,7,19,38,38,38,48,48,55],"current_hp_per_floor":[74,67,59,59,59,50,50,47,47,49,48,48,44,44,44,21,75,74,74,74,74,69,30,30,21,21,24,20,36,36,36,36,28,28,39,75,66,66,68,5,18,41,48,48,48,48,47,47,47,63,63,60,78,78,55,44,56],"gold":830,"neow_bonus":"RANDOM_COLORLESS","is_daily":false,"chose_seed":false,"campfire_upgraded":6,"win_rate":0.0,"timestamp":1613717539,"path_taken":["M","?","M","M","$","E","$","M","T","?","M","?","E","?","R","BOSS","M","$","M","?","M","E","R","M","T","M","M","M","PTL","PTL","?","M","R","BOSS","M","$","?","M","M","R","M","R","T","R","E","$","?","E","R","BOSS","R","$","E","BOSS"],"items_purchased_type":["Card","Card","Card","Card","Card","Relic","Card","Card","Relic","Card"],"build_version":"2020-12-22","purchased_purges":0,"victory":true,"max_hp_per_floor":[75,75,75,75,75,75,75,75,75,75,75,75,75,75,75,75,75,75,75,75,75,75,75,75,75,75,75,75,75,75,75,75,75,75,75,75,75,75,78,78,78,78,78,78,78,78,78,78,78,78,78,78,78,78,78,82,82],"card_choices":[{"not_picked":["Deep Breath","Forethought"],"picked":"Blind","floor":0.0},{"not_picked":["MastersStateliness","ScarletDream"],"picked":"ScarletDevil","floor":1.0},{"not_picked":["StarOfDavid","Stigmanizer"],"picked":"CharismaGuard","floor":3.0},{"not_picked":["Maim","EndlessAdversity"],"picked":"VampireClaw","floor":4.0},{"not_picked":["UltimateOffering","VampireClaw"],"picked":"StarOfDavid","floor":6.0},{"not_picked":["ScarletSymphony","ScarletImprint"],"picked":"VampireKiss","floor":8.0},{"not_picked":["ScarletImprint","ScarletDream"],"picked":"ChainGang","floor":10.0},{"not_picked":["ScarletImprint","ScarletDream"],"picked":"ScarletSymphony","floor":11.0},{"not_picked":["BadLadyScramble","ScarletSymphony"],"picked":"Maim","floor":13.0},{"not_picked":["ChaoticDestiny","QueenOfMidnight"],"picked":"BloodySeventeenLaser","floor":16.0},{"not_picked":["FitfulNightmare","ForbiddenFruit"],"picked":"Maim","floor":18.0},{"not_picked":["MastersStateliness","BombardNight"],"picked":"ScarletDevilSign","floor":20.0},{"not_picked":["EndlessAdversity+1","StarOfDavid"],"picked":"BloodHunter","floor":22.0},{"not_picked":["BlasphemousPunishment+1","EmergencyRegeneration"],"picked":"Septette+1","floor":23.0},{"not_picked":["NightDance","ScarletGensokyo"],"picked":"ScarletNetherworld","floor":25.0},{"not_picked":["Maim","RedRainbow+1"],"picked":"BombardNight","floor":27.0},{"not_picked":["BloodHunter","ScarletMeister"],"picked":"DiffusionOfMisfortune+1","floor":28.0},{"not_picked":["BloodHunter","ScarletDevil"],"picked":"UnstableMagic","floor":29.0},{"not_picked":["MillenniumVampire+1","UnstableMagic+1"],"picked":"DiffusionOfMisfortune+1","floor":32.0},{"not_picked":["BlasphemousPunishment","RedRainbow"],"picked":"Ultimatum","floor":33.0},{"not_picked":["BloodySeventeenLaser","QueenOfMidnight"],"picked":"EquivalentExchange","floor":35.0},{"not_picked":["MastersStateliness+1","NightDance+1"],"picked":"Septette+1","floor":37.0},{"not_picked":["RedRainbow+1","Stigmanizer"],"picked":"DiffusionOfMisfortune","floor":37.0},{"not_picked":["EmergencyRegeneration","MastersStateliness+1"],"picked":"SuperhumanBloodyKnife+1","floor":39.0},{"not_picked":["BloodyTrap","DevilSight"],"picked":"VampirishNight+1","floor":40.0},{"not_picked":["EndlessAdversity","HellCatastrophe"],"picked":"EternalNight","floor":41.0},{"not_picked":["BloodyTrap","BlasphemousPunishment+1"],"picked":"UnderTheZenith+1","floor":42.0},{"not_picked":["CharismaGuard","BloodAndWine"],"picked":"LeisurelyOfLord+1","floor":43.0},{"not_picked":["GlobalNightmare+1","EndlessAdversity+1"],"picked":"FavorOfDestiny","floor":47.0},{"not_picked":["UnstableMagic","CurseOfVladTepes"],"picked":"Septette","floor":50.0},{"not_picked":[],"picked":"EndlessAdversity","floor":55.0},{"not_picked":[],"picked":"EternalNight","floor":55.0},{"not_picked":[],"picked":"UnstableMagic","floor":55.0},{"not_picked":[],"picked":"TwelveNightmare","floor":55.0},{"not_picked":[],"picked":"Secret Weapon","floor":55.0},{"not_picked":[],"picked":"Deep Breath","floor":55.0},{"not_picked":["StarOfDavid","UnderTheZenith+1"],"picked":"NightDance+1","floor":56.0}],"player_experience":34327,"relics_obtained":[{"floor":6.0,"key":"Bag of Preparation"},{"floor":12.0,"key":"ReplayTheSpireMod:Ring of Exchange"},{"floor":12.0,"key":"Ring of Fangs"},{"floor":13.0,"key":"White_Cape"},{"floor":23.0,"key":"Pet Ghost"},{"floor":26.0,"key":"Dream Catcher"},{"floor":39.0,"key":"Thread and Needle"},{"floor":45.0,"key":"Anchor"},{"floor":47.0,"key":"Bottled Lightning"},{"floor":50.0,"key":"Gremlin Food"},{"floor":55.0,"key":"DeathKnight:SindragosasSkull"},{"floor":55.0,"key":"ReplayTheSpireMod:Ninjato"},{"floor":55.0,"key":"APieceOfRedMist"},{"floor":56.0,"key":"Bottled Flame"}],"event_choices":[{"damage_healed":0.0,"max_hp_gain":0.0,"max_hp_loss":0.0,"gold_gain":0.0,"event_name":"Wheel of Change","player_choice":"Damaged","floor":2.0,"gold_loss":0.0,"damage_taken":7.0},{"cards_removed":["Defend_RM"],"damage_healed":0.0,"max_hp_gain":0.0,"max_hp_loss":0.0,"gold_gain":0.0,"event_name":"Purifier","player_choice":"Purged","floor":14.0,"gold_loss":0.0,"damage_taken":0.0},{"damage_healed":0.0,"max_hp_gain":0.0,"max_hp_loss":0.0,"gold_gain":0.0,"event_name":"MindBloom","player_choice":"Fight","floor":39.0,"gold_loss":0.0,"damage_taken":0.0}],"is_beta":false,"boss_relics":[{"not_picked":["Snecko Eye","Replay:Ancient Bell"],"picked":"jedi:battlestandard"},{"not_picked":["Ring of Chaos","jedi:fakemustache"],"picked":"Astrolabe"}],"items_purged_floors":[],"is_endless":false,"potions_floor_spawned":[1,6,10,20,25,27,32,33,41,43,47],"ascension_level":0}}