{"host":"3862tm9rs55uv678","time":1613763879,"event":{"mods":["Act Like it!","BaseMod","Gensokyo","Marisa£®ÏF”Í°°ƒß¿Ì…≥£©","Minty Spire (QoL Compilation)","Remilia£®¿Ÿ√◊¿Ú—«£©","StSLib","Td1madao Mod","The Bug Knight","The Servant 0.9.4","Youmu£®ªÍ∆«—˝√Œ£©"],"gold_per_floor":[153,213,213,255,70,70,70],"floor_reached":6,"language":"ZHS","playtime":553,"items_purged":[],"score":36,"play_id":"125426a1-82d0-424b-a1cd-60d2b31edef6","local_time":"20210220034439","daily_mods":["SealedDeck","Green Cards","Midas"],"is_ascension_mode":false,"campfire_choices":[],"circlet_count":0,"master_deck":["DiffusionOfMisfortune","DiffusionOfMisfortune","DevilSight","ScarletImprint","Septette","VampireKiss","ScarletSymphony","BloodHunter","Stigmanizer","StarOfDavid","ScarletImprint","VampirishNight","FitfulNightmare"],"relics":["ScarletHat","HollowMod:QueensCombRelic","Ancient Tea Set"],"acts_visited":["Exordium"],"potions_floor_usage":[],"damage_taken":[{"damage":8,"enemies":"2 Louse","floor":1,"turns":2},{"damage":0,"enemies":"Jaw Worm","floor":2,"turns":1},{"damage":3,"enemies":"Small Slimes","floor":4,"turns":2},{"damage":5,"enemies":"Lagavulin","floor":6,"turns":5}],"seed_played":"-236001419865840237","potions_obtained":[{"floor":1,"key":"FairyPotion"}],"is_trial":true,"path_per_floor":["M","M","?","M","$","E"],"character_chosen":"REMILIA","items_purchased":["FitfulNightmare","Ancient Tea Set"],"campfire_rested":0,"item_purchase_floors":[5,5],"current_hp_per_floor":[67,68,50,47,47,45,45],"gold":70,"neow_bonus":"","is_daily":false,"chose_seed":false,"campfire_upgraded":0,"win_rate":0.0,"timestamp":1613763879,"path_taken":["M","M","?","M","$","E"],"items_purchased_type":["Card","Relic"],"build_version":"2020-12-22","purchased_purges":0,"victory":false,"max_hp_per_floor":[75,75,50,50,50,50,50],"card_choices":[{"not_picked":["BloodHunter","AfternoonTea"],"picked":"ScarletImprint","floor":1},{"not_picked":["VampireKiss","ScarletImprint"],"picked":"VampirishNight","floor":2},{"not_picked":["FavorOfDestiny","ScarletGensokyo","BombardNight"],"picked":"SKIP","floor":4}],"player_experience":108259,"relics_obtained":[],"event_choices":[{"damage_healed":0,"gold_gain":0,"player_choice":"Success","damage_taken":12,"relics_obtained":["HollowMod:QueensCombRelic"],"max_hp_gain":0,"max_hp_loss":0,"event_name":"Scrap Ooze","floor":3,"gold_loss":0}],"is_beta":false,"boss_relics":[],"items_purged_floors":[],"is_endless":false,"potions_floor_spawned":[1],"killed_by":"Lagavulin","ascension_level":0}}