{"host":"ocllwaoi18j60ltd","time":1613747097,"event":{"mods":["BaseMod","DeckTracker","Minty Spire (QoL Compilation)","Permanent Neow","Quick Restart","StSLib","SuperFastMode"],"gold_per_floor":[117,117,135,154,169,203,203,247,274,79,108,126,126,165,165,258,258,282,39,39,64,64,64,64],"floor_reached":23,"language":"KOR","playtime":454,"items_purged":["Strike_B","Strike_B"],"score":418,"play_id":"faca3e92-14b7-45e5-8e18-b1048bf5a5cf","local_time":"20210220000457","is_ascension_mode":true,"campfire_choices":[{"data":"Beam Cell","floor":7.0,"key":"SMITH"},{"data":"Biased Cognition","floor":13.0,"key":"SMITH"},{"data":"Coolheaded","floor":15.0,"key":"SMITH"}],"circlet_count":0,"master_deck":["AscendersBane","Defend_B","Defend_B","Defend_B","Zap","Dualcast+1","Beam Cell+1","Self Repair","Go for the Eyes","Electrodynamics","Tempest","Biased Cognition+1","Coolheaded+1","Double Energy","Cold Snap","Hologram","Core Surge","Capacitor","Barrage","Genetic Algorithm+1","Self Repair"],"relics":["Cracked Core","Golden Idol","Singing Bowl","Bronze Scales","Omamori","Odd Mushroom","Akabeko","Empty Cage"],"acts_visited":["Exordium","TheCity"],"potions_floor_usage":[16,16],"damage_taken":[{"damage":7.0,"enemies":"Jaw Worm","floor":1.0,"turns":3.0},{"damage":10.0,"enemies":"Small Slimes","floor":3.0,"turns":3.0},{"damage":1.0,"enemies":"Cultist","floor":4.0,"turns":3.0},{"damage":9.0,"enemies":"Blue Slaver","floor":5.0,"turns":4.0},{"damage":18.0,"enemies":"3 Sentries","floor":6.0,"turns":5.0},{"damage":8.0,"enemies":"Gremlin Nob","floor":8.0,"turns":3.0},{"damage":8.0,"enemies":"The Mushroom Lair","floor":11.0,"turns":2.0},{"damage":11.0,"enemies":"Looter","floor":12.0,"turns":2.0},{"damage":18.0,"enemies":"Lagavulin","floor":14.0,"turns":4.0},{"damage":12,"enemies":"The Guardian","floor":16,"turns":11},{"damage":10,"enemies":"Chosen","floor":18,"turns":5},{"damage":8,"enemies":"3 Byrds","floor":21,"turns":2},{"damage":44,"enemies":"Book of Stabbing","floor":23,"turns":4}],"seed_played":"-2333233768962367166","potions_obtained":[{"floor":3.0,"key":"Block Potion"},{"floor":4.0,"key":"EntropicBrew"},{"floor":11.0,"key":"Fire Potion"},{"floor":14.0,"key":"Explosive Potion"}],"is_trial":false,"path_per_floor":["M","?","M","M","M","E","R","E","T","$","?","M","R","E","R","B",null,"M","$","?","M","?","E"],"character_chosen":"DEFECT","items_purchased":["Coolheaded","Double Energy","Capacitor","Barrage"],"campfire_rested":0,"item_purchase_floors":[10,10,19,19],"current_hp_per_floor":[57,57,47,53,51,40,40,39,39,39,38,29,29,18,18,13,53,52,52,52,44,44,0,0],"gold":64,"neow_bonus":"UPGRADE_CARD","is_daily":false,"chose_seed":false,"campfire_upgraded":3,"win_rate":0.0,"timestamp":1613747097,"path_taken":["M","?","M","M","M","E","R","E","T","$","?","M","R","E","R","BOSS","M","$","?","M","?","E"],"items_purchased_type":["Card","Card","Card","Card"],"build_version":"2020-12-22","purchased_purges":2,"victory":false,"max_hp_per_floor":[71,64,64,64,64,64,64,64,64,64,64,66,66,66,66,66,66,68,68,68,68,68,68,68],"card_choices":[{"not_picked":["Redo","Conserve Battery"],"picked":"Beam Cell","floor":1.0},{"not_picked":["Redo","Leap"],"picked":"Self Repair","floor":3.0},{"not_picked":["Conserve Battery","Stack"],"picked":"Go for the Eyes","floor":4.0},{"not_picked":["Leap","Go for the Eyes"],"picked":"Electrodynamics","floor":5.0},{"not_picked":["Compile Driver","Rebound"],"picked":"Tempest","floor":6.0},{"not_picked":["Redo","Ball Lightning"],"picked":"Biased Cognition","floor":8.0},{"not_picked":["Sunder","Rebound"],"picked":"Cold Snap","floor":11.0},{"not_picked":["Tempest","Auto Shields","Rebound"],"picked":"Singing Bowl","floor":12.0},{"not_picked":["Steam","Go for the Eyes"],"picked":"Hologram","floor":14.0},{"not_picked":["Hyperbeam","Seek"],"picked":"Core Surge","floor":16},{"not_picked":["Rebound","Fusion","Compile Driver"],"picked":"Singing Bowl","floor":18},{"not_picked":["Hologram","Turbo"],"picked":"Genetic Algorithm+1","floor":21}],"player_experience":855225,"relics_obtained":[{"floor":6.0,"key":"Singing Bowl"},{"floor":8.0,"key":"Bronze Scales"},{"floor":9.0,"key":"Omamori"},{"floor":11.0,"key":"Odd Mushroom"},{"floor":14.0,"key":"Akabeko"}],"event_choices":[{"damage_healed":0.0,"max_hp_gain":0.0,"max_hp_loss":7.0,"gold_gain":0.0,"event_name":"Golden Idol","player_choice":"Lose Max HP","floor":2.0,"gold_loss":0.0,"damage_taken":0.0,"relics_obtained":["Golden Idol"]},{"damage_healed":0.0,"max_hp_gain":0.0,"max_hp_loss":0.0,"gold_gain":0.0,"event_name":"Mushrooms","player_choice":"Fought Mushrooms","floor":11.0,"gold_loss":0.0,"damage_taken":0.0},{"damage_healed":0,"gold_gain":0,"player_choice":"Ignored","damage_taken":0,"max_hp_gain":0,"max_hp_loss":0,"event_name":"Cursed Tome","floor":20,"gold_loss":0},{"damage_healed":0,"gold_gain":0,"cards_transformed":["Strike_B"],"player_choice":"Transformed","damage_taken":0,"max_hp_gain":0,"max_hp_loss":0,"event_name":"Transmorgrifier","floor":22,"gold_loss":0,"cards_obtained":["Self Repair"]}],"is_beta":false,"boss_relics":[{"not_picked":["Tiny House","Pandora\u0027s Box"],"picked":"Empty Cage"}],"items_purged_floors":[10,19],"is_endless":false,"potions_floor_spawned":[3,4,11,14],"killed_by":"Book of Stabbing","ascension_level":20}}