{"host":"xsuxkwaivmtd234a","time":1613763481,"event":{"mods":["BaseMod","Bestiary","Colored Map","Filter the Spire","Minty Spire (QoL Compilation)","Relic Stats","StSLib"],"gold_per_floor":[112,130,147,5,18,18,44,44,93,119,130,130,141,175,175,277,277,290,307,207,207,224,255,271,301,301,342,342,302,341,369,369,468,468,508,527,562,562,562,562,417,458,485,485,523,523,523],"floor_reached":46,"language":"ENG","playtime":3547,"items_purged":["Defend_P","Strike_P"],"score":728,"play_id":"36ac0866-aad5-48c4-b1eb-3a6391b00433","local_time":"20210219143801","is_ascension_mode":true,"campfire_choices":[{"data":"Fasting2","floor":6.0,"key":"SMITH"},{"data":"LessonLearned","floor":8.0,"key":"SMITH"},{"data":"Wallop","floor":15.0,"key":"SMITH"},{"floor":28.0,"key":"REST"},{"floor":32.0,"key":"REST"},{"data":"Magnetism","floor":40.0,"key":"SMITH"},{"floor":44,"key":"REST"}],"circlet_count":0,"master_deck":["Strike_P+1","Defend_P","Defend_P","Eruption+1","Vigilance+1","DeusExMachina+1","SashWhip+1","LikeWater+1","CutThroughFate","JustLucky+1","Fasting2+1","Wallop+1","LessonLearned+1","DeusExMachina","Protect+1","Halt+1","Vault+1","CurseOfTheBell","FlurryOfBlows+1","Adaptation+1","Wish","MentalFortress+1","EmptyBody+1","Tantrum+1","CutThroughFate+1","Establishment+1","Crescendo+1","FearNoEvil+1","Dark Shackles","Violence","Magnetism+1","Shrug It Off+1","Weave+1"],"relics":["Astrolabe","Gremlin Horn","Bronze Scales","Damaru","Orichalcum","Calling Bell","Centennial Puzzle","Question Card","Ginger","Blood Vial","Letter Opener","Toy Ornithopter","Boot","Snecko Eye","PrismaticShard","CeramicFish","Ornamental Fan"],"acts_visited":["Exordium","TheCity","TheBeyond"],"potions_floor_usage":[42,45],"damage_taken":[{"damage":0.0,"enemies":"2 Louse","floor":1.0,"turns":2.0},{"damage":0.0,"enemies":"Cultist","floor":2.0,"turns":3.0},{"damage":0.0,"enemies":"Jaw Worm","floor":3.0,"turns":2.0},{"damage":0.0,"enemies":"Blue Slaver","floor":5.0,"turns":3.0},{"damage":0.0,"enemies":"Lagavulin","floor":7.0,"turns":4.0},{"damage":0.0,"enemies":"Gremlin Nob","floor":10.0,"turns":2.0},{"damage":0.0,"enemies":"Large Slime","floor":11.0,"turns":2.0},{"damage":3.0,"enemies":"Gremlin Gang","floor":13.0,"turns":4.0},{"damage":3.0,"enemies":"3 Sentries","floor":14.0,"turns":3.0},{"damage":0.0,"enemies":"Slime Boss","floor":16.0,"turns":3.0},{"damage":9.0,"enemies":"Chosen","floor":18.0,"turns":4.0},{"damage":1.0,"enemies":"Shell Parasite","floor":19.0,"turns":3.0},{"damage":6.0,"enemies":"Chosen and Byrds","floor":21.0,"turns":4.0},{"damage":14.0,"enemies":"Centurion and Healer","floor":22.0,"turns":7.0},{"damage":22.0,"enemies":"Slavers","floor":23.0,"turns":7.0},{"damage":3.0,"enemies":"Sentry and Sphere","floor":24.0,"turns":10.0},{"damage":1.0,"enemies":"Book of Stabbing","floor":25.0,"turns":8.0},{"damage":4.0,"enemies":"Snecko","floor":27.0,"turns":8.0},{"damage":20.0,"enemies":"Centurion and Healer","floor":30.0,"turns":6.0},{"damage":10.0,"enemies":"Slavers","floor":31.0,"turns":3.0},{"damage":19.0,"enemies":"Automaton","floor":33.0,"turns":7.0},{"damage":8.0,"enemies":"3 Darklings","floor":35.0,"turns":6.0},{"damage":4.0,"enemies":"Orb Walker","floor":36.0,"turns":4.0},{"damage":0.0,"enemies":"Sphere and 2 Shapes","floor":37.0,"turns":4.0},{"damage":51,"enemies":"Nemesis","floor":42,"turns":7},{"damage":16,"enemies":"Reptomancer","floor":45,"turns":6},{"damage":24,"enemies":"Maw","floor":46,"turns":5}],"seed_played":"1268298187806331620","potions_obtained":[{"floor":3.0,"key":"AttackPotion"},{"floor":5.0,"key":"SpeedPotion"},{"floor":11.0,"key":"LiquidMemories"},{"floor":13.0,"key":"FearPotion"},{"floor":18.0,"key":"Strength Potion"},{"floor":27.0,"key":"PowerPotion"},{"floor":31.0,"key":"SpeedPotion"},{"floor":42,"key":"BottledMiracle"},{"floor":45,"key":"SpeedPotion"}],"is_trial":false,"path_per_floor":["M","M","M","$","M","R","E","R","T","E","M","?","M","E","R","B",null,"M","M","$","M","M","E","M","E","T","M","R","?","M","E","R","B",null,"M","M","M","?","?","R","$","E","T","R","E","M"],"character_chosen":"WATCHER","items_purchased":["Fasting2","PrismaticShard"],"campfire_rested":3,"item_purchase_floors":[4,41],"current_hp_per_floor":[72,72,72,72,72,72,72,72,72,72,72,72,69,66,66,66,72,63,62,62,56,42,20,19,20,20,18,39,39,26,18,39,22,72,64,62,64,54,54,54,54,10,10,31,22,0,0],"gold":523,"neow_bonus":"BOSS_RELIC","is_daily":false,"chose_seed":false,"campfire_upgraded":4,"win_rate":0.0,"timestamp":1613763481,"path_taken":["M","M","M","$","M","R","E","R","T","E","M","?","?","E","R","BOSS","M","M","$","M","M","E","?","E","T","M","R","?","M","E","R","BOSS","M","M","?","?","?","R","$","E","T","R","E","M"],"items_purchased_type":["Card","Relic"],"build_version":"2020-12-22","purchased_purges":2,"victory":false,"max_hp_per_floor":[72,72,72,72,72,72,72,72,72,72,72,72,72,72,72,72,72,72,72,72,72,72,72,72,72,72,72,72,72,72,72,72,72,72,72,72,72,72,72,72,72,72,72,72,72,72,72],"relic_stats":{"Gremlin Horn":[25,23],"counters":[27,127],"Astrolabe":["DeusExMachina","SashWhip","LikeWater"],"CeramicFish":18,"Ginger":[5],"Letter Opener":[122],"Orichalcum":[108],"Question Card":19,"Boot":[35],"Blood Vial":22,"Centennial Puzzle":[47],"Ornamental Fan":[12],"Bronze Scales":[300],"Snecko Eye":[54,55,62,52],"obtain_stats":[{"Gremlin Horn":7,"Astrolabe":0,"CeramicFish":42,"Damaru":10,"Ginger":17,"Letter Opener":25,"Orichalcum":14,"Question Card":17,"Boot":31,"PrismaticShard":41,"Calling Bell":17,"Blood Vial":23,"Centennial Puzzle":17,"Ornamental Fan":45,"Bronze Scales":9,"Snecko Eye":34,"PureWater":0,"Toy Ornithopter":26},{"Gremlin Horn":5,"Astrolabe":0,"CeramicFish":25,"Damaru":6,"Ginger":10,"Letter Opener":17,"Orichalcum":9,"Question Card":10,"Boot":20,"PrismaticShard":24,"Calling Bell":10,"Blood Vial":15,"Centennial Puzzle":10,"Ornamental Fan":26,"Bronze Scales":5,"Snecko Eye":21,"PureWater":0,"Toy Ornithopter":17},{"Gremlin Horn":14,"Astrolabe":0,"CeramicFish":116,"Damaru":16,"Ginger":28,"Letter Opener":71,"Orichalcum":25,"Question Card":28,"Boot":88,"PrismaticShard":109,"Calling Bell":28,"Blood Vial":53,"Centennial Puzzle":28,"Ornamental Fan":122,"Bronze Scales":14,"Snecko Eye":95,"PureWater":0,"Toy Ornithopter":71}],"Toy Ornithopter":15},"card_choices":[{"not_picked":["Vengeance","Protect"],"picked":"CutThroughFate","floor":1.0},{"not_picked":["ThirdEye","SashWhip","Protect"],"picked":"SKIP","floor":2.0},{"not_picked":["Evaluate","SashWhip"],"picked":"JustLucky","floor":3.0},{"not_picked":["ClearTheMind","Crescendo"],"picked":"Wallop","floor":5.0},{"not_picked":["CrushJoints","Adaptation"],"picked":"LessonLearned","floor":7.0},{"not_picked":["FlyingSleeves","SashWhip"],"picked":"DeusExMachina","floor":10.0},{"not_picked":["Evaluate","CrushJoints"],"picked":"Protect","floor":11.0},{"not_picked":["Evaluate","Protect"],"picked":"Halt","floor":13.0},{"not_picked":["Swivel","Protect","WaveOfTheHand"],"picked":"SKIP","floor":14.0},{"not_picked":["Judgement","Omniscience"],"picked":"Vault","floor":16.0},{"not_picked":["Protect","CutThroughFate","Prostrate"],"picked":"FlurryOfBlows","floor":18.0},{"not_picked":["Worship+1","FlyingSleeves","Protect","EmptyMind"],"picked":"SKIP","floor":19.0},{"not_picked":["MasterReality","JustLucky","FlurryOfBlows","FlyingSleeves+1"],"picked":"SKIP","floor":21.0},{"not_picked":["PathToVictory","CrushJoints","InnerPeace"],"picked":"Adaptation","floor":22.0},{"not_picked":["ForeignInfluence+1","ReachHeaven","Meditate"],"picked":"Wish","floor":23.0},{"not_picked":["SandsOfTime+1","CrushJoints","Indignation"],"picked":"MentalFortress","floor":24.0},{"not_picked":["EmptyMind","Evaluate","PathToVictory","Adaptation"],"picked":"SKIP","floor":25.0},{"not_picked":["MentalFortress","Protect","Collect"],"picked":"EmptyBody+1","floor":27.0},{"not_picked":["EmptyMind","Crescendo","Evaluate"],"picked":"Tantrum+1","floor":30.0},{"not_picked":["Consecrate","SignatureMove","WindmillStrike+1"],"picked":"CutThroughFate","floor":31.0},{"not_picked":["MasterReality","Alpha","DeusExMachina"],"picked":"Establishment","floor":33.0},{"not_picked":["EmptyFist","Halt","Adaptation"],"picked":"Crescendo+1","floor":35.0},{"not_picked":["SashWhip+1","Consecrate","Protect","JustLucky"],"picked":"SKIP","floor":36.0},{"not_picked":["Perseverance","BowlingBash","FollowUp+1"],"picked":"FearNoEvil+1","floor":37.0},{"not_picked":["Madness","Transmutation","Forethought"],"picked":"Dark Shackles","floor":38.0},{"not_picked":["Swift Strike","Madness","Flash of Steel"],"picked":"Violence","floor":38.0},{"not_picked":["Flash of Steel","Trip","HandOfGreed"],"picked":"Magnetism","floor":38.0},{"not_picked":["Deadly Poison","Darkness+1","Flex+1"],"picked":"Shrug It Off+1","floor":42},{"not_picked":["Scrape+1","Leap","Cold Snap+1"],"picked":"Weave+1","floor":45}],"player_experience":1305528,"relics_obtained":[{"floor":7.0,"key":"Gremlin Horn"},{"floor":9.0,"key":"Bronze Scales"},{"floor":10.0,"key":"Damaru"},{"floor":14.0,"key":"Orichalcum"},{"floor":17.0,"key":"Centennial Puzzle"},{"floor":17.0,"key":"Question Card"},{"floor":17.0,"key":"Ginger"},{"floor":23.0,"key":"Blood Vial"},{"floor":25.0,"key":"Letter Opener"},{"floor":26.0,"key":"Toy Ornithopter"},{"floor":31.0,"key":"Boot"},{"floor":42,"key":"CeramicFish"},{"floor":45,"key":"Ornamental Fan"}],"event_choices":[{"damage_healed":0.0,"max_hp_gain":0.0,"max_hp_loss":0.0,"gold_gain":0.0,"event_name":"Wheel of Change","player_choice":"Full Heal","floor":12.0,"gold_loss":0.0,"damage_taken":0.0},{"damage_healed":0.0,"max_hp_gain":0.0,"max_hp_loss":0.0,"gold_gain":0.0,"event_name":"Designer","player_choice":"Upgrade","floor":29.0,"gold_loss":40.0,"damage_taken":0.0,"cards_upgraded":["MentalFortress"]},{"damage_healed":0.0,"max_hp_gain":0.0,"max_hp_loss":0.0,"gold_gain":0.0,"event_name":"SensoryStone","player_choice":"Memory 3","floor":38.0,"gold_loss":0.0,"damage_taken":10.0},{"damage_healed":0.0,"max_hp_gain":0.0,"max_hp_loss":0.0,"gold_gain":0.0,"event_name":"Tomb of Lord Red Mask","player_choice":"Ignored","floor":39.0,"gold_loss":0.0,"damage_taken":0.0}],"is_beta":false,"boss_relics":[{"not_picked":["Black Star","Busted Crown"],"picked":"Calling Bell"},{"not_picked":["Velvet Choker","Runic Dome"],"picked":"Snecko Eye"}],"items_purged_floors":[4,20],"is_endless":false,"potions_floor_spawned":[3,5,11,13,14,18,21,22,27,31,42,45],"killed_by":"Maw","ascension_level":2}}