{"host":"4qkvkh7pd9qr2mca","time":1613765853,"event":{"mods":["AchievementEnabler","Act Like it!","BaseMod","Colored Map","Colored Powertips","Highlight Path","Minty Spire (QoL Compilation)","Pale of the Ancients","Permanent Neow","Quick Restart","Relic Stats","StSLib","SuperFastMode"],"gold_per_floor":[116,116,129,147,158,158,184,184,184,196,206,219,230,265,265,265,265],"floor_reached":16,"language":"ENG","playtime":599,"items_purged":[],"score":232,"play_id":"21927847-21ad-4574-9f7a-bbc273aeef52","local_time":"20210219211733","is_ascension_mode":true,"campfire_choices":[{"data":"Cloak And Dagger","floor":6,"key":"SMITH"},{"data":"Terror","floor":8,"key":"SMITH"},{"data":"Storm of Steel","floor":15,"key":"SMITH"}],"circlet_count":0,"master_deck":["AscendersBane","Strike_G","Strike_G","Strike_G","Strike_G","Strike_G","Defend_G","Defend_G","Defend_G","Defend_G","Defend_G","Survivor","Neutralize","Sucker Punch","Slice","Cloak And Dagger+1","Storm of Steel+1","Terror+1","Backflip","Setup","Wraith Form v2","Dodge and Roll","Dash"],"relics":["WristBlade","Juzu Bracelet","Mummified Hand"],"acts_visited":["Exordium"],"potions_floor_usage":[7,7,14,14],"damage_taken":[{"damage":5,"enemies":"Small Slimes","floor":1,"turns":6},{"damage":0,"enemies":"Cultist","floor":3,"turns":4},{"damage":0,"enemies":"2 Louse","floor":4,"turns":2},{"damage":3,"enemies":"Blue Slaver","floor":5,"turns":5},{"damage":11,"enemies":"Lagavulin","floor":7,"turns":7},{"damage":0,"enemies":"Large Slime","floor":10,"turns":3},{"damage":6,"enemies":"Lots of Slimes","floor":11,"turns":4},{"damage":1,"enemies":"Looter","floor":12,"turns":2},{"damage":2,"enemies":"Exordium Wildlife","floor":13,"turns":3},{"damage":17,"enemies":"3 Sentries","floor":14,"turns":7},{"damage":27,"enemies":"Slime Boss","floor":16,"turns":6}],"seed_played":"7328194250119169881","potions_obtained":[{"floor":1,"key":"PowerPotion"},{"floor":2,"key":"DuplicationPotion"},{"floor":2,"key":"Regen Potion"},{"floor":11,"key":"Dexterity Potion"},{"floor":12,"key":"BlessingOfTheForge"}],"is_trial":false,"path_per_floor":["M","?","M","M","M","R","E","R","T","M","M","M","M","E","R","B"],"character_chosen":"THE_SILENT","items_purchased":[],"campfire_rested":0,"item_purchase_floors":[],"current_hp_per_floor":[54,54,54,54,51,51,55,55,55,55,49,48,46,29,29,2,2],"gold":265,"neow_bonus":"BOSS_RELIC","is_daily":false,"chose_seed":false,"campfire_upgraded":3,"win_rate":0.0,"timestamp":1613765853,"path_taken":["M","?","M","M","M","R","E","R","T","M","M","M","M","E","R","BOSS"],"items_purchased_type":[],"build_version":"2020-12-22","purchased_purges":0,"victory":false,"max_hp_per_floor":[66,66,66,66,66,66,66,66,66,66,66,66,66,66,66,66,66],"relic_stats":{"counters":[11,49],"Mummified Hand":[0],"Juzu Bracelet":0,"obtain_stats":[{"WristBlade":0,"Mummified Hand":14,"Juzu Bracelet":7,"Ring of the Snake":0},{"WristBlade":0,"Mummified Hand":10,"Juzu Bracelet":5,"Ring of the Snake":0},{"WristBlade":0,"Mummified Hand":43,"Juzu Bracelet":24,"Ring of the Snake":0}]},"card_choices":[{"not_picked":["Tactician","Cloak And Dagger"],"picked":"Sucker Punch","floor":1},{"not_picked":["Quick Slash","Acrobatics"],"picked":"Slice","floor":3},{"not_picked":["Flying Knee","PiercingWail"],"picked":"Cloak And Dagger","floor":4},{"not_picked":["Backflip","Poisoned Stab"],"picked":"Storm of Steel","floor":5},{"not_picked":["Bane","Prepared"],"picked":"Terror","floor":7},{"not_picked":["Expertise","Dodge and Roll"],"picked":"Backflip","floor":10},{"not_picked":["Predator","Outmaneuver"],"picked":"Setup","floor":11},{"not_picked":["Bane","Dodge and Roll"],"picked":"Wraith Form v2","floor":12},{"not_picked":["Distraction","Deflect"],"picked":"Dodge and Roll","floor":13},{"not_picked":["Quick Slash","Outmaneuver"],"picked":"Dash","floor":14}],"player_experience":648750,"relics_obtained":[{"floor":7,"key":"Juzu Bracelet"},{"floor":14,"key":"Mummified Hand"}],"event_choices":[{"damage_healed":0,"gold_gain":0,"player_choice":"Got Potions","damage_taken":0,"max_hp_gain":0,"max_hp_loss":0,"event_name":"Lab","floor":2,"gold_loss":0}],"is_beta":false,"boss_relics":[],"items_purged_floors":[],"is_endless":false,"potions_floor_spawned":[1,11,12],"killed_by":"Slime Boss","ascension_level":20}}