{"host":"lx933ja015x1ub68","time":1613735457,"event":{"mods":["AchievementEnabler","BaseMod","Better Match","Better Third Choice","BetterRewards","Colored Map","Exacting","FTL Soundtrack","Minty Spire (QoL Compilation)","RNG Fix","Shop Mod","StSLib"],"gold_per_floor":[127,127,39,0,17,17,30,60,60,95,95,34,47,75,75,170,170,187,187,187,187,5,5,5,5,5,5,17,42,0,0,0,98,98,108,125,125,0,0,33,49,49,127,137,151,151,184,204,204,264,264,264,27,59,59,59],"floor_reached":55,"language":"ENG","playtime":3192,"items_purged":["Pain","Doubt"],"score":1118,"play_id":"9b530a77-616e-498b-969a-9f8b24e379e4","local_time":"20210219225057","is_ascension_mode":true,"campfire_choices":[{"floor":6.0,"key":"REST"},{"floor":15.0,"key":"DIG"},{"data":"Accuracy","floor":23.0,"key":"SMITH"},{"data":"Accuracy","floor":25.0,"key":"SMITH"},{"data":"Blade Dance","floor":27.0,"key":"SMITH"},{"data":"Infinite Blades","floor":32.0,"key":"SMITH"},{"floor":42.0,"key":"RECALL"},{"data":"Accuracy","floor":49.0,"key":"SMITH"},{"data":"Blade Dance","floor":52.0,"key":"SMITH"}],"circlet_count":0,"master_deck":["Strike_G","Strike_G+1","Strike_G+1","Strike_G","Strike_G","Defend_G","Defend_G","Defend_G","Defend_G","Defend_G","Survivor","Neutralize","Infinite Blades+1","Terror","Backflip","Accuracy+1","Blade Dance+1","Accuracy+1","Cloak And Dagger","A Thousand Cuts","Accuracy+1","Cloak And Dagger","Crippling Poison","Bullet Time","Endless Agony","Accuracy","Cloak And Dagger","Outmaneuver+1","Dodge and Roll+1","Corpse Explosion","Slice","Blade Dance+1","Flash of Steel","Madness","Discovery","Bouncing Flask","Blade Dance+1","Doubt","Backstab+1","Infinite Blades+1","After Image","Dodge and Roll+1"],"relics":["Ring of the Serpent","MerchantsRug","Vajra","Oddly Smooth Stone","Bag of Marbles","betterThird:SlimedRelic","Happy Flower","PreservedInsect","WarpedTongs","Sundial","Cursed Key","Red Mask","Ginger","Pen Nib","Blood Vial"],"acts_visited":["Exordium","TheCity","TheBeyond","TheEnding"],"potions_floor_usage":[54],"damage_taken":[{"damage":5.0,"enemies":"2 Louse","floor":1.0,"turns":2.0},{"damage":0.0,"enemies":"Small Slimes","floor":5.0,"turns":2.0},{"damage":0.0,"enemies":"Cultist","floor":7.0,"turns":2.0},{"damage":13.0,"enemies":"Lagavulin","floor":8.0,"turns":5.0},{"damage":0.0,"enemies":"Gremlin Gang","floor":10.0,"turns":3.0},{"damage":3.0,"enemies":"Exordium Wildlife","floor":13.0,"turns":4.0},{"damage":0.0,"enemies":"Gremlin Nob","floor":14.0,"turns":2.0},{"damage":14.0,"enemies":"The Guardian","floor":16.0,"turns":7.0},{"damage":10.0,"enemies":"3 Byrds","floor":18.0,"turns":5.0},{"damage":4.0,"enemies":"2 Thieves","floor":28.0,"turns":2.0},{"damage":2.0,"enemies":"Book of Stabbing","floor":29.0,"turns":3.0},{"damage":0.0,"enemies":"Automaton","floor":33.0,"turns":5.0},{"damage":15.0,"enemies":"Orb Walker","floor":35.0,"turns":3.0},{"damage":8.0,"enemies":"3 Shapes","floor":36.0,"turns":3.0},{"damage":21.0,"enemies":"Reptomancer","floor":40.0,"turns":4.0},{"damage":1.0,"enemies":"Transient","floor":41.0,"turns":5.0},{"damage":16.0,"enemies":"Maw","floor":44.0,"turns":4.0},{"damage":0.0,"enemies":"Jaw Worm Horde","floor":45.0,"turns":2.0},{"damage":16.0,"enemies":"Sphere and 2 Shapes","floor":47.0,"turns":3.0},{"damage":9.0,"enemies":"3 Darklings","floor":48.0,"turns":3.0},{"damage":51.0,"enemies":"Awakened One","floor":50.0,"turns":8.0},{"damage":23,"enemies":"Shield and Spear","floor":54,"turns":4},{"damage":65,"enemies":"The Heart","floor":55,"turns":3}],"seed_played":"-2000245842167642892","potions_obtained":[{"floor":8.0,"key":"Energy Potion"},{"floor":10.0,"key":"FearPotion"},{"floor":13.0,"key":"DistilledChaos"},{"floor":16.0,"key":"Poison Potion"},{"floor":29.0,"key":"Block Potion"},{"floor":35.0,"key":"Fruit Juice"},{"floor":36.0,"key":"Strength Potion"},{"floor":36.0,"key":"CultistPotion"},{"floor":41.0,"key":"BlessingOfTheForge"},{"floor":48.0,"key":"PowerPotion"}],"is_trial":false,"path_per_floor":["M","?","$","?","M","R","M","E","T","M","?","$","M","E","R","B",null,"M","?","?","?","$","R","$","R","T","R","M","E","?","$","R","B",null,"M","M","?","?","$","E","M","R","T","M","M","?","M","M","R","B",null,"R","$","E","B"],"character_chosen":"THE_SILENT","items_purchased":["MerchantsRug","Vajra","Oddly Smooth Stone","Infinite Blades","Terror","Regal Pillow","Whetstone","Accuracy","Blade Dance","Accuracy","Accuracy","Cloak And Dagger","After Image","Pen Nib","Block Potion"],"campfire_rested":1,"item_purchase_floors":[0,0,0,0,0,0,0,3,3,12,22,22,53,53,53],"current_hp_per_floor":[33,30,30,19,19,55,55,42,42,42,47,47,44,44,56,42,70,60,60,60,47,47,62,62,75,75,75,71,69,69,69,75,75,75,65,57,47,47,47,26,25,46,46,32,32,82,66,59,83,32,84,84,84,61,0,0],"gold":59,"neow_bonus":"","is_daily":false,"chose_seed":false,"campfire_upgraded":6,"win_rate":0.0,"timestamp":1613735457,"path_taken":["M","?","$","?","M","R","M","E","T","M","?","?","M","E","R","BOSS","M","?","?","?","$","R","$","R","T","R","M","E","?","?","R","BOSS","M","M","?","?","$","E","?","R","T","M","M","?","M","M","R","BOSS","R","$","E","BOSS"],"items_purchased_type":["Relic","Relic","Relic","Card","Card","Relic","Relic","Card","Card","Card","Card","Card","Card","Relic","Potion"],"build_version":"2020-12-22","purchased_purges":2,"victory":false,"max_hp_per_floor":[70,70,70,70,70,70,70,70,70,70,70,70,70,70,70,70,70,70,70,70,75,75,75,75,75,75,75,75,75,75,75,75,75,75,80,80,80,80,80,80,80,80,80,82,82,82,82,84,84,84,84,84,84,84,84,84],"card_choices":[{"not_picked":["PiercingWail","Dagger Throw"],"picked":"Backflip","floor":1.0},{"not_picked":["Flying Knee","Dodge and Roll"],"picked":"Accuracy","floor":5.0},{"not_picked":["Eviscerate","Predator"],"picked":"Prepared","floor":7.0},{"not_picked":["Backflip","Poisoned Stab"],"picked":"Cloak And Dagger","floor":8.0},{"not_picked":["Prepared","Slice"],"picked":"A Thousand Cuts","floor":10.0},{"not_picked":["Bane","PiercingWail"],"picked":"Cloak And Dagger","floor":13.0},{"not_picked":["Riddle With Holes","Sucker Punch"],"picked":"Crippling Poison","floor":14.0},{"not_picked":["Malaise","Doppelganger"],"picked":"Bullet Time","floor":16.0},{"not_picked":["Prepared+1","Reflex"],"picked":"Endless Agony","floor":18.0},{"not_picked":["Terror","Sucker Punch+1"],"picked":"Outmaneuver+1","floor":28.0},{"not_picked":["Dash","Riddle With Holes+1"],"picked":"Dodge and Roll+1","floor":29.0},{"not_picked":["Tools of the Trade","Adrenaline"],"picked":"Corpse Explosion","floor":33.0},{"not_picked":["Outmaneuver+1","Dagger Throw"],"picked":"Slice","floor":35.0},{"not_picked":["Acrobatics","Poisoned Stab+1"],"picked":"Blade Dance","floor":36.0},{"not_picked":["The Bomb","Forethought"],"picked":"Flash of Steel","floor":37.0},{"not_picked":["PanicButton","Discovery"],"picked":"Madness","floor":37.0},{"not_picked":["Chrysalis","The Bomb"],"picked":"Discovery","floor":37.0},{"not_picked":["Endless Agony","Choke"],"picked":"Bouncing Flask","floor":40.0},{"not_picked":["Dagger Spray+1","Acrobatics+1"],"picked":"Blade Dance+1","floor":41.0},{"not_picked":["Flying Knee+1","Dagger Spray","Deadly Poison+1"],"picked":"Singing Bowl","floor":44.0},{"not_picked":["Expertise","Catalyst+1"],"picked":"Backstab+1","floor":45.0},{"not_picked":["Bane","Deflect+1"],"picked":"Infinite Blades+1","floor":47.0},{"not_picked":["Bane+1","Backflip","Prepared"],"picked":"Singing Bowl","floor":48.0},{"not_picked":["Flying Knee","Malaise"],"picked":"Dodge and Roll+1","floor":54}],"player_experience":107417,"relics_obtained":[{"floor":8.0,"key":"Happy Flower"},{"floor":9.0,"key":"Eternal Feather"},{"floor":14.0,"key":"Shovel"},{"floor":15.0,"key":"PreservedInsect"},{"floor":29.0,"key":"Sundial"},{"floor":40.0,"key":"Ginger"},{"floor":43.0,"key":"Singing Bowl"},{"floor":54,"key":"Blood Vial"}],"event_choices":[{"damage_healed":0.0,"max_hp_gain":0.0,"max_hp_loss":0.0,"gold_gain":0.0,"event_name":"betterThird:BetterScrap","player_choice":"Relic ","floor":2.0,"gold_loss":0.0,"damage_taken":3.0,"cards_obtained":["Double Tap"]},{"damage_healed":0.0,"max_hp_gain":0.0,"max_hp_loss":0.0,"gold_gain":0.0,"event_name":"betterThird:BetterGoop","player_choice":"Slimed","floor":4.0,"gold_loss":39.0,"damage_taken":11.0},{"cards_removed":["Prepared"],"damage_healed":5.0,"max_hp_gain":0.0,"max_hp_loss":0.0,"gold_gain":0.0,"event_name":"Bonfire Elementals","player_choice":"Offered Common","floor":11.0,"gold_loss":0.0,"damage_taken":0.0},{"cards_removed":["Prepared"],"damage_healed":5.0,"max_hp_gain":0.0,"max_hp_loss":0.0,"gold_gain":0.0,"event_name":"Bonfire Elementals","player_choice":"Offered Special","floor":11.0,"gold_loss":0.0,"damage_taken":0.0},{"damage_healed":0.0,"max_hp_gain":0.0,"max_hp_loss":0.0,"gold_gain":0.0,"event_name":"Vampires","player_choice":"Ignored","floor":19.0,"gold_loss":0.0,"damage_taken":0.0},{"damage_healed":0.0,"max_hp_gain":0.0,"max_hp_loss":0.0,"gold_gain":0.0,"event_name":"Accursed Blacksmith","player_choice":"Rummage","floor":20.0,"gold_loss":0.0,"damage_taken":0.0,"relics_obtained":["WarpedTongs"],"cards_obtained":["Pain"]},{"damage_healed":0.0,"max_hp_gain":5.0,"max_hp_loss":0.0,"gold_gain":0.0,"event_name":"Forgotten Altar","player_choice":"Shed Blood","floor":21.0,"gold_loss":0.0,"damage_taken":18.0},{"damage_healed":0.0,"max_hp_gain":0.0,"max_hp_loss":0.0,"gold_gain":0.0,"event_name":"Masked Bandits","player_choice":"Paid Fearfully","floor":30.0,"gold_loss":42.0,"damage_taken":0.0},{"damage_healed":0.0,"max_hp_gain":0.0,"max_hp_loss":0.0,"gold_gain":0.0,"event_name":"SensoryStone","player_choice":"Memory 3","floor":37.0,"gold_loss":0.0,"damage_taken":10.0},{"damage_healed":0.0,"max_hp_gain":0.0,"max_hp_loss":0.0,"gold_gain":0.0,"event_name":"Tomb of Lord Red Mask","player_choice":"Paid","floor":38.0,"gold_loss":125.0,"damage_taken":0.0,"relics_obtained":["Red Mask"]},{"damage_healed":50.0,"max_hp_gain":0.0,"max_hp_loss":0.0,"gold_gain":0.0,"event_name":"MindBloom","player_choice":"Heal","floor":46.0,"gold_loss":0.0,"damage_taken":0.0,"cards_obtained":["Doubt"]}],"is_beta":false,"boss_relics":[{"not_picked":["Velvet Choker","Fusion Hammer"],"picked":"Ring of the Serpent"},{"not_picked":["Empty Cage","Sozu"],"picked":"Cursed Key"}],"items_purged_floors":[22,53],"is_endless":false,"potions_floor_spawned":[8,10,13,16,29,35,36,41,48],"killed_by":"The Heart","ascension_level":2}}