{"host":"y4a3sxyjdefykvlo","time":1613703668,"event":{"mods":["AchievementEnabler","BaseMod","Colored Map","Colored Powertips","Downfall","Googly Eyes","Hermit","Highlight Path","Minty Spire (QoL Compilation)","StSLib"],"gold_per_floor":[116,116,116,116,128,128,144,144,193,193,206,237,253,31,31,135,135,151,250,175,175,175],"floor_reached":21,"language":"ENG","playtime":1882,"items_purged":[],"score":177,"play_id":"82fdc6a4-fc70-4b74-a38f-878dc81664f7","local_time":"20210218210108","is_ascension_mode":false,"campfire_choices":[{"data":"hermit:Snapshot","floor":6.0,"key":"SMITH"},{"data":"hermit:GoldenBullet","floor":8.0,"key":"SMITH"},{"data":"hermit:Vantage","floor":15,"key":"SMITH"}],"circlet_count":0,"master_deck":["hermit:Strike_Hermit","hermit:Strike_Hermit","hermit:Strike_Hermit","hermit:Defend_Hermit","hermit:Defend_Hermit","hermit:Defend_Hermit+1","hermit:Defend_Hermit","hermit:Snapshot+1","hermit:Covet+1","hermit:BigShot+1","Pain","hermit:Deadeye","hermit:GoldenBullet+1","hermit:Combo","hermit:Vantage+1","hermit:Combo","hermit:RoundhouseKick","hermit:Quickdraw"],"relics":["hermit:Momento","WarpedTongs","MealTicket","InkBottle","Blood Vial","hermit:BartenderGlass"],"acts_visited":["Exordium","TheCity"],"potions_floor_usage":[16,18,18,18],"damage_taken":[{"damage":0.0,"enemies":"Cultist","floor":1.0,"turns":4.0},{"damage":0.0,"enemies":"2 Louse","floor":5.0,"turns":2.0},{"damage":0.0,"enemies":"Small Slimes","floor":7.0,"turns":3.0},{"damage":14.0,"enemies":"Exordium Thugs","floor":11.0,"turns":4.0},{"damage":6.0,"enemies":"Gremlin Nob","floor":12.0,"turns":3.0},{"damage":0.0,"enemies":"Looter","floor":13.0,"turns":3.0},{"damage":64,"enemies":"The Guardian","floor":16,"turns":9},{"damage":29,"enemies":"2 Thieves","floor":18,"turns":4},{"damage":64,"enemies":"Masked Bandits","floor":21,"turns":5}],"seed_played":"3227047712984963367","potions_obtained":[{"floor":1.0,"key":"Strength Potion"},{"floor":5.0,"key":"LiquidBronze"},{"floor":7.0,"key":"hexamod:SoulburnPotion"},{"floor":12.0,"key":"hermit:Tonic"},{"floor":18,"key":"SpeedPotion"}],"is_trial":false,"path_per_floor":["M","?","?","?","M","R","M","R","T","?","M","E","M","$","R","B",null,"M","?","?","?"],"character_chosen":"HERMIT","items_purchased":["hermit:Combo","Blood Vial"],"campfire_rested":0,"item_purchase_floors":[14,14],"current_hp_per_floor":[82,87,70,70,70,70,70,70,70,70,56,50,50,65,65,3,87,58,58,58,0,0],"gold":175,"neow_bonus":"TEN_PERCENT_HP_BONUS","is_daily":false,"chose_seed":false,"campfire_upgraded":3,"win_rate":0.0,"timestamp":1613703668,"path_taken":["M","?","?","?","?","R","M","R","T","?","M","E","M","$","R","BOSS","M","?","?","?"],"items_purchased_type":["Card","Relic"],"build_version":"2020-12-22","purchased_purges":0,"victory":false,"max_hp_per_floor":[82,87,87,87,87,87,87,87,87,87,87,87,87,87,87,87,87,87,87,87,87,87],"card_choices":[{"not_picked":["hermit:Scavenge","hermit:Maintenance"],"picked":"hermit:BigShot","floor":1.0},{"not_picked":["hermit:Brawl","hermit:Grudge"],"picked":"hermit:Deadeye","floor":5.0},{"not_picked":["hermit:Manifest","hermit:Ricochet"],"picked":"hermit:GoldenBullet","floor":7.0},{"not_picked":["hermit:HoleUp","hermit:NoHoldsBarred"],"picked":"hermit:Combo","floor":11.0},{"not_picked":["hermit:Roulette","hermit:Misfire","hermit:SprayPray"],"picked":"SKIP","floor":12.0},{"not_picked":["hermit:Desperado","hermit:SprayPray"],"picked":"hermit:Vantage","floor":13.0},{"not_picked":["hermit:Roughhouse","hermit:Magnum"],"picked":"hermit:RoundhouseKick","floor":16},{"not_picked":["hermit:ItchyTrigger","hermit:Misfire"],"picked":"hermit:Quickdraw","floor":18}],"player_experience":113813,"relics_obtained":[{"floor":9.0,"key":"MealTicket"},{"floor":12.0,"key":"InkBottle"}],"event_choices":[{"damage_healed":0.0,"max_hp_gain":5.0,"max_hp_loss":0.0,"gold_gain":0.0,"event_name":"Big Fish","player_choice":"Donut","floor":2.0,"gold_loss":0.0,"damage_taken":0.0},{"damage_healed":0.0,"max_hp_gain":0.0,"max_hp_loss":0.0,"gold_gain":0.0,"event_name":"Shining Light","player_choice":"Entered Light","floor":3.0,"gold_loss":0.0,"damage_taken":17.0,"cards_upgraded":["hermit:Covet","hermit:Defend_Hermit"]},{"damage_healed":0.0,"max_hp_gain":0.0,"max_hp_loss":0.0,"gold_gain":0.0,"event_name":"Accursed Blacksmith","player_choice":"Rummage","floor":4.0,"gold_loss":0.0,"damage_taken":0.0,"relics_obtained":["WarpedTongs"],"cards_obtained":["Pain"]},{"damage_healed":0.0,"max_hp_gain":0.0,"max_hp_loss":0.0,"gold_gain":0.0,"event_name":"Living Wall","player_choice":"Grow","floor":10.0,"gold_loss":0.0,"damage_taken":0.0,"cards_upgraded":["hermit:BigShot"]},{"damage_healed":0,"gold_gain":99,"player_choice":"Stole From Cult","damage_taken":0,"max_hp_gain":0,"max_hp_loss":0,"event_name":"Nest","floor":19,"gold_loss":0},{"cards_removed":["hermit:Strike_Hermit"],"damage_healed":0,"gold_gain":0,"player_choice":"Gave Gold","damage_taken":0,"max_hp_gain":0,"max_hp_loss":0,"event_name":"Beggar","floor":20,"gold_loss":75},{"damage_healed":0,"gold_gain":0,"player_choice":"Fought Bandits","damage_taken":0,"max_hp_gain":0,"max_hp_loss":0,"event_name":"Masked Bandits","floor":21,"gold_loss":0}],"is_beta":false,"boss_relics":[{"not_picked":["Empty Cage","Ectoplasm"],"picked":"hermit:BartenderGlass"}],"items_purged_floors":[],"is_endless":false,"potions_floor_spawned":[1,5,7,12,18],"killed_by":"Masked Bandits","ascension_level":0}}