{"host":"mnpd8gh7cwxsn5kh","time":1613767967,"event":{"mods":["BaseMod","Bestiary","Block Reminder","Colored Map","Colored Powertips","Highlight Path","Minty Spire (QoL Compilation)","Relic Sorter","Relic Stats"],"gold_per_floor":[119,136,136,19,38,72,72,98,98,129,129,140,155,174,174,253,253,264,279,296,309,98,98,98,116,116,116,116,116],"floor_reached":28,"language":"ENG","playtime":1899,"items_purged":["Strike_B","Strike_B"],"score":511,"play_id":"5dab3bc9-719e-4de3-98c9-afd722e2e2ea","local_time":"20210219215247","is_ascension_mode":true,"campfire_choices":[{"data":"Streamline","floor":7.0,"key":"SMITH"},{"data":"Hologram","floor":11.0,"key":"SMITH"},{"data":"Creative AI","floor":15.0,"key":"SMITH"},{"data":"Defragment","floor":24,"key":"SMITH"},{"data":"Conserve Battery","floor":27,"key":"SMITH"}],"circlet_count":0,"master_deck":["AscendersBane","Strike_B","Strike_B","Defend_B","Defend_B","Defend_B","Defend_B","Zap","Dualcast","Seek","Auto Shields","Streamline+1","Seek","Hologram+1","Melter","Rebound","Defragment+1","Go for the Eyes","Coolheaded","Conserve Battery+1","Creative AI+1","Biased Cognition","Capacitor+1","Ball Lightning","Steam","Ball Lightning"],"relics":["Cracked Core","Boot","WingedGreaves","Matryoshka","InkBottle","Coffee Dripper","Oddly Smooth Stone","Frozen Egg 2"],"acts_visited":["Exordium","TheCity"],"potions_floor_usage":[19,20,23],"damage_taken":[{"damage":0.0,"enemies":"2 Louse","floor":1.0,"turns":2.0},{"damage":1.0,"enemies":"Cultist","floor":2.0,"turns":3.0},{"damage":1.0,"enemies":"Jaw Worm","floor":5.0,"turns":2.0},{"damage":10.0,"enemies":"3 Sentries","floor":6.0,"turns":5.0},{"damage":10.0,"enemies":"Lagavulin","floor":8.0,"turns":7.0},{"damage":11.0,"enemies":"Gremlin Nob","floor":10.0,"turns":3.0},{"damage":6.0,"enemies":"Lots of Slimes","floor":12.0,"turns":3.0},{"damage":0.0,"enemies":"Red Slaver","floor":13.0,"turns":3.0},{"damage":0.0,"enemies":"Blue Slaver","floor":14.0,"turns":3.0},{"damage":6.0,"enemies":"Hexaghost","floor":16.0,"turns":10.0},{"damage":0.0,"enemies":"Spheric Guardian","floor":18.0,"turns":3.0},{"damage":5,"enemies":"Shell Parasite","floor":19,"turns":2},{"damage":15,"enemies":"Cultist and Chosen","floor":20,"turns":10},{"damage":15,"enemies":"Snecko","floor":21,"turns":6},{"damage":0,"enemies":"Book of Stabbing","floor":23,"turns":3},{"damage":10,"enemies":"Snake Plant","floor":25,"turns":5},{"damage":12,"enemies":"Shelled Parasite and Fungi","floor":28,"turns":2}],"seed_played":"-2674131313592427849","potions_obtained":[{"floor":5.0,"key":"Fire Potion"},{"floor":12.0,"key":"FocusPotion"},{"floor":13.0,"key":"Swift Potion"},{"floor":16.0,"key":"DistilledChaos"},{"floor":20,"key":"SmokeBomb"},{"floor":21,"key":"SteroidPotion"}],"is_trial":false,"path_per_floor":["M","M","?","$","M","E","R","E","T","E","R","M","M","M","R","B",null,"M","M","M","M","$","E","R","M","T","R","M"],"character_chosen":"DEFECT","items_purchased":["Melter","Steam","Ball Lightning"],"campfire_rested":0,"item_purchase_floors":[4,22,22],"current_hp_per_floor":[64,63,63,63,62,52,52,42,42,31,31,25,25,25,25,19,53,53,48,33,18,18,18,18,8,8,8,0,0],"gold":116,"neow_bonus":"THREE_RARE_CARDS","is_daily":false,"chose_seed":false,"campfire_upgraded":5,"win_rate":0.0,"timestamp":1613767967,"path_taken":["M","M","?","?","M","E","R","E","T","E","R","M","M","M","R","BOSS","M","?","M","M","$","E","R","M","T","R","M"],"items_purchased_type":["Card","Card","Card"],"build_version":"2020-12-22","purchased_purges":2,"victory":false,"max_hp_per_floor":[64,64,64,64,64,64,64,64,64,64,64,64,64,64,64,64,64,64,64,64,64,64,64,64,64,64,64,64,64],"relic_stats":{"counters":[17,72],"Boot":[37],"obtain_stats":[{"Matryoshka":9,"Oddly Smooth Stone":26,"WingedGreaves":8,"Coffee Dripper":17,"Frozen Egg 2":26,"Cracked Core":0,"Boot":6,"InkBottle":10},{"Matryoshka":5,"Oddly Smooth Stone":16,"WingedGreaves":5,"Coffee Dripper":10,"Frozen Egg 2":16,"Cracked Core":0,"Boot":4,"InkBottle":6},{"Matryoshka":19,"Oddly Smooth Stone":70,"WingedGreaves":19,"Coffee Dripper":41,"Frozen Egg 2":70,"Cracked Core":0,"Boot":12,"InkBottle":22}],"InkBottle":[17]},"card_choices":[{"not_picked":["Amplify","Creative AI"],"picked":"Seek","floor":0.0},{"not_picked":["Coolheaded","Hello World"],"picked":"Auto Shields","floor":1.0},{"not_picked":["Melter","Recycle"],"picked":"Streamline","floor":2.0},{"not_picked":["Leap","Coolheaded"],"picked":"Rebound","floor":5.0},{"not_picked":["Streamline","Consume","Turbo"],"picked":"SKIP","floor":6.0},{"not_picked":["Redo","Seek"],"picked":"Defragment","floor":8.0},{"not_picked":["Tempest","Stack"],"picked":"Go for the Eyes","floor":10.0},{"not_picked":["Aggregate","Consume"],"picked":"Coolheaded","floor":12.0},{"not_picked":["Compile Driver","Beam Cell"],"picked":"Conserve Battery","floor":13.0},{"not_picked":["Skim","Conserve Battery"],"picked":"Creative AI","floor":14.0},{"not_picked":["Multi-Cast","Seek"],"picked":"Biased Cognition","floor":16.0},{"not_picked":["Barrage+1","Gash+1","Scrape"],"picked":"SKIP","floor":18.0},{"not_picked":["Streamline","Ball Lightning"],"picked":"Capacitor+1","floor":19},{"not_picked":["Genetic Algorithm","Barrage"],"picked":"Ball Lightning","floor":20},{"not_picked":["Auto Shields","Redo","Darkness"],"picked":"SKIP","floor":21},{"not_picked":["Redo","Tempest","Beam Cell"],"picked":"SKIP","floor":25}],"player_experience":621580,"relics_obtained":[{"floor":6.0,"key":"Boot"},{"floor":8.0,"key":"WingedGreaves"},{"floor":9.0,"key":"Matryoshka"},{"floor":10.0,"key":"InkBottle"},{"floor":26,"key":"Oddly Smooth Stone"},{"floor":26,"key":"Frozen Egg 2"}],"event_choices":[{"damage_healed":0.0,"max_hp_gain":0.0,"max_hp_loss":0.0,"gold_gain":0.0,"event_name":"Match and Keep!","player_choice":"2 cards matched","floor":3.0,"gold_loss":0.0,"damage_taken":0.0,"cards_obtained":["Seek","Hologram"]}],"is_beta":false,"boss_relics":[{"not_picked":["Busted Crown","Cursed Key"],"picked":"Coffee Dripper"}],"items_purged_floors":[4,22],"is_endless":false,"potions_floor_spawned":[5,12,13,14,16,18,20,21],"killed_by":"Shelled Parasite and Fungi","ascension_level":19}}