{"host":"75ew5hw297anke4w","time":1613706018,"event":{"mods":["Act Like it!","BaseMod","Minty Spire (QoL Compilation)","StSLib","The Servant 0.9.4"],"gold_per_floor":[117,117,134,84,84,119,119,135,216,232,39,39,50,50,50,153,153,173,173,173,173,27,61,61,160,184,203,54,66,81,81,81,180,180,197,177,189,40,55,55,0,0,0,0,27,27,47,58,58,58],"floor_reached":51,"language":"ZHS","playtime":2577,"items_purged":["Defend_S","Writhe","Strike_S"],"score":843,"play_id":"b36bf235-8bd1-47e7-812d-dddf37d44c5a","local_time":"20210219114018","is_ascension_mode":false,"campfire_choices":[{"data":"Sabotage","floor":7.0,"key":"SMITH"},{"floor":15.0,"key":"REST"},{"floor":24.0,"key":"REST"},{"floor":32.0,"key":"REST"},{"data":"SoulSculpture","floor":40.0,"key":"SMITH"},{"data":"Dilation","floor":44,"key":"SMITH"},{"data":"Bandage Up","floor":46,"key":"SMITH"},{"floor":49,"key":"REST"}],"circlet_count":0,"master_deck":["Strike_S","Defend_S","Defend_S","KidneyShot+1","Exchange","Sabotage+1","Reset","SurpressingFire","Initiator","InstantArmor","BottledTime","Luminosity+1","BestPractice+1","Dilation+1","Bandage Up+1","LightFlow","FlawlessForm+1","SoulSculpture+1","Parasite"],"relics":["SplendidAttire","NeowsBlessing","Bronze Scales","Dream Catcher","Frozen Egg 2","Smiling Mask","MealTicket","Strawberry","Cursed Key","Red Mask","Anchor"],"acts_visited":["Exordium","TheCity","TheBeyond"],"potions_floor_usage":[],"damage_taken":[{"damage":0.0,"enemies":"2 Louse","floor":1.0,"turns":1.0},{"damage":0.0,"enemies":"Cultist","floor":3.0,"turns":1.0},{"damage":0.0,"enemies":"Gremlin Nob","floor":6.0,"turns":1.0},{"damage":1.0,"enemies":"Jaw Worm","floor":8.0,"turns":4.0},{"damage":7.0,"enemies":"Blue Slaver","floor":10.0,"turns":2.0},{"damage":12.0,"enemies":"Lots of Slimes","floor":13.0,"turns":3.0},{"damage":7.0,"enemies":"The Guardian","floor":16.0,"turns":15.0},{"damage":1.0,"enemies":"3 Byrds","floor":18.0,"turns":4.0},{"damage":64.0,"enemies":"Gremlin Leader","floor":23.0,"turns":12.0},{"damage":0.0,"enemies":"Shell Parasite","floor":27.0,"turns":5.0},{"damage":7.0,"enemies":"Shelled Parasite and Fungi","floor":29.0,"turns":4.0},{"damage":1.0,"enemies":"Snecko","floor":30.0,"turns":4.0},{"damage":49.0,"enemies":"Automaton","floor":33.0,"turns":13.0},{"damage":17.0,"enemies":"3 Darklings","floor":35.0,"turns":5.0},{"damage":14.0,"enemies":"3 Shapes","floor":37.0,"turns":4.0},{"damage":0.0,"enemies":"Writhing Mass","floor":39.0,"turns":6.0},{"damage":4,"enemies":"Giant Head","floor":45,"turns":9},{"damage":21,"enemies":"3 Darklings","floor":47,"turns":5},{"damage":15,"enemies":"Maw","floor":48,"turns":7},{"damage":91,"enemies":"Awakened One","floor":50,"turns":20}],"seed_played":"-6792124588935012893","potions_obtained":[{"floor":1.0,"key":"Regen Potion"},{"floor":3.0,"key":"Dexterity Potion"},{"floor":8.0,"key":"SkillPotion"},{"floor":18.0,"key":"EssenceOfSteel"},{"floor":29.0,"key":"SkillPotion"},{"floor":33.0,"key":"BlessingOfTheForge"},{"floor":36.0,"key":"Ancient Potion"},{"floor":37.0,"key":"FairyPotion"},{"floor":39.0,"key":"FairyPotion"}],"is_trial":false,"path_per_floor":["M","?","M","?","?","E","R","M","T","M","$","?","M","?","R","B",null,"M","?","?","?","$","E","R","?","T","M","$","M","M","?","R","B",null,"M","?","M","$","M","R","?","?","T","R","E","R","M","M","R","B",null],"character_chosen":"THE_SERVANT","items_purchased":["BottledTime","Luminosity+1","Bandage Up","FairyPotion","SoulSculpture"],"campfire_rested":4,"item_purchase_floors":[11,11,22,28,38],"current_hp_per_floor":[65,65,65,65,65,65,65,64,64,57,57,57,45,45,64,57,65,64,64,64,64,64,15,34,34,41,45,60,57,60,47,70,25,77,60,60,46,61,65,65,65,65,65,65,65,65,50,41,64,6],"gold":58,"neow_bonus":"THREE_ENEMY_KILL","is_daily":false,"chose_seed":false,"campfire_upgraded":4,"win_rate":0.0,"timestamp":1613706018,"path_taken":["M","?","?","?","?","E","R","M","T","?","$","?","M","?","R","BOSS","M","?","?","?","$","E","R","?","T","?","$","M","M","?","R","BOSS","M","?","?","$","M","R","?","?","T","R","E","R","M","M","R","BOSS"],"items_purchased_type":["Card","Card","Card","Potion","Card"],"build_version":"2020-12-22","purchased_purges":3,"victory":true,"max_hp_per_floor":[65,65,65,65,65,65,65,65,65,65,65,65,65,65,65,65,65,65,65,65,65,65,65,65,65,72,72,72,72,72,77,77,77,77,77,77,77,77,77,77,77,77,77,77,77,77,77,77,77,77],"card_choices":[{"not_picked":["FastForward","Ricochet"],"picked":"Sabotage","floor":1.0},{"not_picked":["SpecialFormula","Gouge"],"picked":"Reset","floor":3.0},{"not_picked":["Reset","Rewind"],"picked":"SurpressingFire","floor":6.0},{"not_picked":["Starlight","Defy"],"picked":"Initiator","floor":8.0},{"not_picked":["Unruled","Defy"],"picked":"InstantArmor","floor":10.0},{"not_picked":["Luminosity+1","DoubleEdge"],"picked":"BestPractice+1","floor":13.0},{"not_picked":["Initiator","Sunlight"],"picked":"Dilation","floor":16.0},{"not_picked":["Spin","Rewind","GearUp"],"picked":"SKIP","floor":18.0},{"not_picked":["KillingDoll","FastForward+1"],"picked":"LightFlow","floor":23.0},{"not_picked":["Replace","Snipe+1","Potential+1"],"picked":"SKIP","floor":27.0},{"not_picked":["Rewind","Potential","Unruled"],"picked":"SKIP","floor":29.0},{"not_picked":["Starlight","BottledTime","Revamp+1"],"picked":"SKIP","floor":30.0},{"not_picked":["Dilation","FloweringNight+1"],"picked":"FlawlessForm+1","floor":33.0},{"not_picked":["Moonlight+1","Sabotage","BottledTime"],"picked":"SKIP","floor":35.0},{"not_picked":["Comet","ShatteredReality","Sabotage"],"picked":"SKIP","floor":37.0},{"not_picked":["Alleviate+1","BestPractice+1","FanOfKnives+1"],"picked":"SKIP","floor":39.0},{"not_picked":["MoonPhase+1","DoubleEdge+1","PendulumOfEternity"],"picked":"SKIP","floor":45},{"not_picked":["Replace+1","Unruled+1","FastForward+1"],"picked":"SKIP","floor":47},{"not_picked":["StarChef+1","ShatteredReality","Hightail+1"],"picked":"SKIP","floor":48}],"player_experience":39030,"relics_obtained":[{"floor":6.0,"key":"Dream Catcher"},{"floor":9.0,"key":"Frozen Egg 2"},{"floor":23.0,"key":"MealTicket"},{"floor":26.0,"key":"Strawberry"},{"floor":45,"key":"Anchor"}],"event_choices":[{"damage_healed":0.0,"max_hp_gain":0.0,"max_hp_loss":0.0,"gold_gain":0.0,"event_name":"Upgrade Shrine","player_choice":"Upgraded","floor":2.0,"gold_loss":0.0,"damage_taken":0.0,"cards_upgraded":["KidneyShot"]},{"cards_removed":["Strike_S"],"damage_healed":0.0,"max_hp_gain":0.0,"max_hp_loss":0.0,"gold_gain":0.0,"event_name":"The Cleric","player_choice":"Card Removal","floor":4.0,"gold_loss":50.0,"damage_taken":0.0},{"damage_healed":0.0,"max_hp_gain":0.0,"max_hp_loss":0.0,"gold_gain":0.0,"event_name":"WeMeetAgain","player_choice":"Gave Potion","floor":5.0,"gold_loss":0.0,"damage_taken":0.0,"relics_obtained":["Bronze Scales"]},{"cards_removed":["Strike_S"],"damage_healed":0.0,"max_hp_gain":0.0,"max_hp_loss":0.0,"gold_gain":0.0,"event_name":"Living Wall","player_choice":"Forget","floor":12.0,"gold_loss":0.0,"damage_taken":0.0},{"damage_healed":0.0,"max_hp_gain":0.0,"max_hp_loss":0.0,"gold_gain":0.0,"event_name":"NoteForYourself","player_choice":"Ignored","floor":14.0,"gold_loss":0.0,"damage_taken":0.0},{"cards_removed":["Defend_S"],"damage_healed":0.0,"max_hp_gain":0.0,"max_hp_loss":0.0,"gold_gain":0.0,"event_name":"Back to Basics","player_choice":"Elegance","floor":19.0,"gold_loss":0.0,"damage_taken":0.0},{"damage_healed":0.0,"max_hp_gain":0.0,"max_hp_loss":0.0,"gold_gain":0.0,"event_name":"The Mausoleum","player_choice":"Opened","floor":20.0,"gold_loss":0.0,"damage_taken":0.0,"relics_obtained":["Smiling Mask"],"cards_obtained":["Writhe"]},{"damage_healed":0.0,"max_hp_gain":0.0,"max_hp_loss":0.0,"gold_gain":0.0,"event_name":"Cursed Tome","player_choice":"Ignored","floor":21.0,"gold_loss":0.0,"damage_taken":0.0},{"damage_healed":0.0,"max_hp_gain":0.0,"max_hp_loss":0.0,"gold_gain":99.0,"event_name":"Nest","player_choice":"Stole From Cult","floor":25.0,"gold_loss":0.0,"damage_taken":0.0},{"damage_healed":0.0,"max_hp_gain":5.0,"max_hp_loss":0.0,"gold_gain":0.0,"event_name":"Forgotten Altar","player_choice":"Shed Blood","floor":31.0,"gold_loss":0.0,"damage_taken":18.0},{"damage_healed":0.0,"max_hp_gain":0.0,"max_hp_loss":0.0,"gold_gain":0.0,"event_name":"The Woman in Blue","player_choice":"Bought 1 Potion","floor":36.0,"gold_loss":0.0,"damage_taken":0.0},{"damage_healed":0.0,"max_hp_gain":0.0,"max_hp_loss":0.0,"gold_gain":0.0,"event_name":"Tomb of Lord Red Mask","player_choice":"Paid","floor":41.0,"gold_loss":55.0,"damage_taken":0.0,"relics_obtained":["Red Mask"]},{"damage_healed":0.0,"max_hp_gain":0.0,"max_hp_loss":0.0,"gold_gain":0.0,"event_name":"Transmorgrifier","player_choice":"Ignored","floor":42.0,"gold_loss":0.0,"damage_taken":0.0}],"is_beta":false,"boss_relics":[{"not_picked":["Black Star","Busted Crown"],"picked":"SplendidAttire"},{"not_picked":["Philosopher\u0027s Stone","Snecko Eye"],"picked":"Cursed Key"}],"items_purged_floors":[11,22,28],"is_endless":false,"potions_floor_spawned":[1,3,8,18,29,33,37,39,47],"ascension_level":0}}