{"host":"ohy0y2gq28lmekc7","time":1613731704,"event":{"mods":["AchievementEnabler","Act Like it!","BaseMod","Better Third Choice","BetterRewards","Colored Powertips","Curses Come First","Highlight Path","Minty Spire (QoL Compilation)","Permanent Neow","Quick Restart","Relic Stats","StSLib"],"gold_per_floor":[118,118,27,40,40,40,72,72,72,90,118,134,151,151,151],"floor_reached":14,"language":"ENG","playtime":717,"items_purged":[],"score":125,"play_id":"18315415-d2ae-4220-bfa0-e044b3391dfd","local_time":"20210219114824","is_ascension_mode":false,"campfire_choices":[{"floor":6.0,"key":"REST"}],"circlet_count":0,"master_deck":["Strike_B","Strike_B","Strike_B","Strike_B","Defend_B","Defend_B","Defend_B","Zap","Dualcast","Apotheosis+1","Double Energy","Static Discharge","Core Surge","Storm","Fusion","Storm","Turbo","Leap","Rage","Sweeping Beam","Barrage","Meteor Strike","Ball Lightning","Beam Cell"],"relics":["Cracked Core","Calipers","Bronze Scales","Kunai","Lantern","Gremlin Horn","Juzu Bracelet"],"acts_visited":["Exordium"],"potions_floor_usage":[14,14,14,14],"damage_taken":[{"damage":6.0,"enemies":"Jaw Worm","floor":1.0,"turns":2.0},{"damage":6.0,"enemies":"Cultist","floor":4.0,"turns":3.0},{"damage":19.0,"enemies":"3 Sentries","floor":7.0,"turns":4.0},{"damage":2.0,"enemies":"2 Louse","floor":10.0,"turns":2.0},{"damage":0.0,"enemies":"Lagavulin","floor":11.0,"turns":6.0},{"damage":10.0,"enemies":"Large Slime","floor":12.0,"turns":4.0},{"damage":2.0,"enemies":"Exordium Wildlife","floor":13.0,"turns":2.0},{"damage":11,"enemies":"3 Sentries","floor":14,"turns":2}],"seed_played":"-1411762204166893254","potions_obtained":[{"floor":1.0,"key":"BlessingOfTheForge"},{"floor":4.0,"key":"SkillPotion"},{"floor":13.0,"key":"EntropicBrew"}],"is_trial":false,"path_per_floor":["M","?","$","M","?","R","E","?","T","M","E","M","M","E"],"character_chosen":"DEFECT","items_purchased":["Apotheosis","Double Energy","Static Discharge","Core Surge","Bronze Scales","Storm","Turbo"],"campfire_rested":1,"item_purchase_floors":[0,0,0,0,0,3,3],"current_hp_per_floor":[34,34,34,28,19,41,22,22,22,20,20,10,8,0,0],"gold":151,"neow_bonus":"","is_daily":false,"chose_seed":false,"campfire_upgraded":0,"win_rate":0.0,"timestamp":1613731704,"path_taken":["M","?","?","M","?","R","E","?","T","?","E","M","M","E"],"items_purchased_type":["Card","Card","Card","Card","Relic","Card","Card"],"build_version":"2020-12-22","purchased_purges":0,"victory":false,"max_hp_per_floor":[75,75,75,75,75,75,75,75,75,75,75,75,75,75,75],"relic_stats":{"Gremlin Horn":[3,3],"counters":[54,228],"Bronze Scales":[117],"Juzu Bracelet":0,"Kunai":[59],"obtain_stats":[{"Regal Pillow":30,"Lantern":7,"Calipers":26,"Gremlin Horn":9,"Vajra":23,"Juzu Bracelet":11,"Boot":3,"Old Coin":6,"Dream Catcher":12,"Tiny Chest":20,"MealTicket":43,"WingedGreaves":0,"Red Mask":28,"Kunai":7,"Toxic Egg 2":42,"Cracked Core":0,"Potion Belt":11,"Astrolabe":34,"Oddly Smooth Stone":43,"PreservedInsect":39,"Pen Nib":41,"Odd Mushroom":14,"Frozen Egg 2":40,"War Paint":0,"Nuclear Battery":17,"Bottled Flame":25,"Busted Crown":17,"Shuriken":28,"Ornamental Fan":26,"Bird Faced Urn":9,"Bronze Scales":40,"Snecko Eye":34,"Molten Egg 2":0,"TungstenRod":21,"FossilizedHelix":0},{"Regal Pillow":15,"Lantern":49,"Calipers":12,"Gremlin Horn":49,"Vajra":36,"Juzu Bracelet":51,"Boot":2,"Old Coin":5,"Dream Catcher":7,"Tiny Chest":11,"MealTicket":43,"WingedGreaves":0,"Red Mask":37,"Kunai":29,"Toxic Egg 2":43,"Cracked Core":0,"Potion Belt":31,"Astrolabe":39,"Oddly Smooth Stone":21,"PreservedInsect":20,"Pen Nib":21,"Odd Mushroom":8,"Frozen Egg 2":21,"War Paint":24,"Nuclear Battery":9,"Bottled Flame":12,"Busted Crown":33,"Shuriken":14,"Ornamental Fan":36,"Bird Faced Urn":6,"Bronze Scales":42,"Snecko Eye":17,"Molten Egg 2":0,"TungstenRod":11,"FossilizedHelix":24},{"Regal Pillow":59,"Lantern":212,"Calipers":47,"Gremlin Horn":212,"Vajra":147,"Juzu Bracelet":220,"Boot":6,"Old Coin":18,"Dream Catcher":24,"Tiny Chest":43,"MealTicket":182,"WingedGreaves":0,"Red Mask":151,"Kunai":112,"Toxic Egg 2":182,"Cracked Core":0,"Potion Belt":119,"Astrolabe":166,"Oddly Smooth Stone":80,"PreservedInsect":77,"Pen Nib":80,"Odd Mushroom":27,"Frozen Egg 2":80,"War Paint":94,"Nuclear Battery":34,"Bottled Flame":47,"Busted Crown":132,"Shuriken":55,"Ornamental Fan":147,"Bird Faced Urn":21,"Bronze Scales":178,"Snecko Eye":67,"Molten Egg 2":0,"TungstenRod":43,"FossilizedHelix":94}]},"card_choices":[{"not_picked":["Redo","Heatsinks"],"picked":"Storm","floor":1.0},{"not_picked":["Blizzard","Stack"],"picked":"Leap","floor":4.0},{"not_picked":["Reprogram","Coolheaded"],"picked":"Sweeping Beam","floor":7.0},{"not_picked":["Glacier","Scrape"],"picked":"Barrage","floor":10.0},{"not_picked":["Cold Snap","Gash"],"picked":"Meteor Strike","floor":11.0},{"not_picked":["Hologram","Steam"],"picked":"Ball Lightning","floor":12.0},{"not_picked":["Stack","Barrage"],"picked":"Beam Cell","floor":13.0}],"player_experience":80600,"relics_obtained":[{"floor":7.0,"key":"Lantern"},{"floor":9.0,"key":"Gremlin Horn"},{"floor":11.0,"key":"Juzu Bracelet"}],"event_choices":[{"damage_healed":0.0,"max_hp_gain":0.0,"max_hp_loss":0.0,"gold_gain":0.0,"cards_transformed":["Defend_B"],"event_name":"Transmorgrifier","player_choice":"Transformed","floor":2.0,"gold_loss":0.0,"damage_taken":0.0,"cards_obtained":["Fusion"]},{"damage_healed":0.0,"max_hp_gain":0.0,"max_hp_loss":0.0,"gold_gain":0.0,"event_name":"Living Wall","player_choice":"Grow","floor":8.0,"gold_loss":0.0,"damage_taken":0.0,"cards_upgraded":["Apotheosis"]}],"is_beta":false,"boss_relics":[],"items_purged_floors":[],"is_endless":false,"potions_floor_spawned":[1,4,13],"killed_by":"3 Sentries","ascension_level":0}}