{"host":"eglukmwb6rueyn6u","time":1613733107,"event":{"mods":["AchievementEnabler","BaseMod","Colored Powertips","Highlight Path","Minty Spire (QoL Compilation)"],"gold_per_floor":[109,119,119,134,157,157,177,177,177,193,209,209,108,149,149,269,269,269,269,292,316,241,241,257,257,280,280,320,344,344,61,61,181,181,202,225,50,113,127,460,475,492,539,539,539,539],"floor_reached":45,"language":"ENG","playtime":3114,"items_purged":["Strike_B"],"score":464,"play_id":"d08d7ff3-d6d4-472e-80da-bc1b2c1845c8","local_time":"20210219131147","is_ascension_mode":false,"campfire_choices":[{"data":"Zap","floor":6.0,"key":"SMITH"},{"data":"Dualcast","floor":8.0,"key":"SMITH"},{"floor":15.0,"key":"REST"},{"data":"Machine Learning","floor":23.0,"key":"SMITH"},{"data":"Chill","floor":25.0,"key":"SMITH"},{"data":"Hologram","floor":27.0,"key":"SMITH"},{"data":"Conserve Battery","floor":30.0,"key":"SMITH"},{"data":"Redo","floor":32.0,"key":"SMITH"},{"floor":44,"key":"REST"}],"circlet_count":0,"master_deck":["Strike_B","Strike_B","Defend_B+1","Defend_B","Zap+1","Dualcast+1","Ball Lightning","Gash","Barrage","Conserve Battery+1","Go for the Eyes+1","Chill+1","Hologram","Hologram+1","Leap","Machine Learning+1","Gash","Beam Cell","Lockon","Coolheaded+1","Fusion+1","Redo+1","Thunder Strike","Lockon+1","Rebound+1","Defragment","Defragment","Darkness+1","Hologram","Go for the Eyes+1"],"relics":["Cracked Core","Bronze Scales","Oddly Smooth Stone","Ancient Tea Set","Empty Cage","Boot","The Courier","ClockworkSouvenir","Lantern","Nuclear Battery","DollysMirror","Incense Burner"],"acts_visited":["Exordium","TheCity","TheBeyond"],"potions_floor_usage":[45],"damage_taken":[{"damage":3.0,"enemies":"Jaw Worm","floor":1.0,"turns":3.0},{"damage":0.0,"enemies":"Small Slimes","floor":2.0,"turns":2.0},{"damage":0.0,"enemies":"2 Louse","floor":4.0,"turns":2.0},{"damage":6.0,"enemies":"Exordium Wildlife","floor":5.0,"turns":3.0},{"damage":8.0,"enemies":"2 Fungi Beasts","floor":7.0,"turns":3.0},{"damage":0.0,"enemies":"Lots of Slimes","floor":10.0,"turns":1.0},{"damage":7.0,"enemies":"Looter","floor":11.0,"turns":2.0},{"damage":8.0,"enemies":"Gremlin Nob","floor":14.0,"turns":4.0},{"damage":2.0,"enemies":"Slime Boss","floor":16.0,"turns":10.0},{"damage":0.0,"enemies":"2 Thieves","floor":18.0,"turns":1.0},{"damage":2.0,"enemies":"Spheric Guardian","floor":20.0,"turns":4.0},{"damage":0.0,"enemies":"Cultist and Chosen","floor":21.0,"turns":6.0},{"damage":1.0,"enemies":"Chosen and Byrds","floor":24.0,"turns":4.0},{"damage":10.0,"enemies":"Book of Stabbing","floor":28.0,"turns":5.0},{"damage":5.0,"enemies":"Snake Plant","floor":29.0,"turns":3.0},{"damage":40.0,"enemies":"Automaton","floor":33.0,"turns":10.0},{"damage":4.0,"enemies":"3 Shapes","floor":35.0,"turns":3.0},{"damage":4,"enemies":"3 Darklings","floor":36,"turns":5},{"damage":0,"enemies":"Mind Bloom Boss Battle","floor":38,"turns":4},{"damage":12,"enemies":"Writhing Mass","floor":39,"turns":6},{"damage":48,"enemies":"Maw","floor":41,"turns":6},{"damage":6,"enemies":"3 Darklings","floor":42,"turns":7},{"damage":28,"enemies":"Nemesis","floor":45,"turns":3}],"seed_played":"-6196984004695504655","potions_obtained":[{"floor":4.0,"key":"Explosive Potion"},{"floor":5.0,"key":"Strength Potion"},{"floor":11.0,"key":"SmokeBomb"},{"floor":16.0,"key":"FearPotion"},{"floor":21.0,"key":"Energy Potion"},{"floor":28.0,"key":"EssenceOfDarkness"},{"floor":33.0,"key":"DuplicationPotion"},{"floor":36,"key":"PotionOfCapacity"}],"is_trial":false,"path_per_floor":["M","M","?","M","M","R","M","R","T","M","M","?","$","E","R","B",null,"M","?","M","M","?","R","M","R","T","R","E","M","R","$","R","B",null,"M","M","$","?","M","?","M","M","T","R","E"],"character_chosen":"DEFECT","items_purchased":["Hologram","ClockworkSouvenir","Lantern","Redo","Defragment","DollysMirror"],"campfire_rested":2,"item_purchase_floors":[13,31,31,31,37,37],"current_hp_per_floor":[72,72,54,54,48,48,40,40,40,40,33,18,18,10,32,30,75,75,75,73,73,73,73,72,72,72,72,62,57,57,57,57,17,75,71,67,67,67,55,55,7,1,1,23,0,0],"gold":539,"neow_bonus":"RANDOM_COMMON_RELIC","is_daily":false,"chose_seed":false,"campfire_upgraded":7,"win_rate":0.0,"timestamp":1613733107,"path_taken":["M","M","?","M","M","R","M","R","T","M","M","?","$","E","R","BOSS","M","?","M","M","?","R","M","R","T","R","E","M","R","$","R","BOSS","M","M","$","?","M","?","M","M","T","R","E"],"items_purchased_type":["Card","Relic","Relic","Card","Card","Relic"],"build_version":"2020-12-22","purchased_purges":1,"victory":false,"max_hp_per_floor":[75,75,75,75,75,75,75,75,75,75,75,75,75,75,75,75,75,75,75,75,75,75,75,75,75,75,75,75,75,75,75,75,75,75,75,75,75,75,75,75,75,75,75,75,75,75],"card_choices":[{"not_picked":["Compile Driver","Sweeping Beam"],"picked":"Ball Lightning","floor":1.0},{"not_picked":["Doom and Gloom","Turbo"],"picked":"Gash","floor":2.0},{"not_picked":["Tempest","Steam Power"],"picked":"Barrage","floor":4.0},{"not_picked":["Go for the Eyes","Stack"],"picked":"Conserve Battery","floor":5.0},{"not_picked":["Redo","White Noise"],"picked":"Go for the Eyes","floor":7.0},{"not_picked":["FTL","Redo"],"picked":"Chill","floor":10.0},{"not_picked":["Coolheaded","Fission"],"picked":"Hologram","floor":11.0},{"not_picked":["Rip and Tear","Cold Snap"],"picked":"Leap","floor":14.0},{"not_picked":["Thunder Strike","Fission"],"picked":"Machine Learning","floor":16.0},{"not_picked":["Coolheaded","Force Field+1"],"picked":"Beam Cell","floor":20.0},{"not_picked":["Undo","Sunder"],"picked":"Lockon","floor":21.0},{"not_picked":["FTL+1","Lockon"],"picked":"Coolheaded+1","floor":24.0},{"not_picked":["Aggregate+1","Ball Lightning"],"picked":"Fusion+1","floor":28.0},{"not_picked":["Go for the Eyes","Ball Lightning","Turbo"],"picked":"SKIP","floor":29.0},{"not_picked":["Meteor Strike","Buffer"],"picked":"Thunder Strike","floor":33.0},{"not_picked":["Melter","Scrape+1"],"picked":"Lockon+1","floor":35.0},{"not_picked":["Barrage","Streamline"],"picked":"Rebound+1","floor":36},{"not_picked":["Heatsinks+1","Chaos"],"picked":"Darkness+1","floor":39},{"not_picked":["Steam","Cold Snap+1"],"picked":"Hologram","floor":41},{"not_picked":["Rainbow","Turbo"],"picked":"Go for the Eyes+1","floor":42}],"player_experience":106269,"relics_obtained":[{"floor":9.0,"key":"Oddly Smooth Stone"},{"floor":14.0,"key":"Ancient Tea Set"},{"floor":26.0,"key":"Boot"},{"floor":28.0,"key":"The Courier"},{"floor":38,"key":"Incense Burner"}],"event_choices":[{"damage_healed":0.0,"max_hp_gain":0.0,"max_hp_loss":0.0,"gold_gain":0.0,"event_name":"Golden Idol","player_choice":"Take Damage","floor":3.0,"gold_loss":0.0,"damage_taken":18.0,"relics_obtained":["Golden Idol"]},{"damage_healed":0.0,"max_hp_gain":0.0,"max_hp_loss":0.0,"gold_gain":0.0,"event_name":"Shining Light","player_choice":"Entered Light","floor":12.0,"gold_loss":0.0,"damage_taken":15.0,"cards_upgraded":["Go for the Eyes","Defend_B"]},{"damage_healed":0.0,"max_hp_gain":0.0,"max_hp_loss":0.0,"gold_gain":0.0,"event_name":"The Library","player_choice":"Read","floor":19.0,"gold_loss":0.0,"damage_taken":0.0,"cards_obtained":["Gash"]},{"cards_removed":["Defend_B"],"damage_healed":0.0,"max_hp_gain":0.0,"max_hp_loss":0.0,"gold_gain":0.0,"event_name":"Beggar","player_choice":"Gave Gold","floor":22.0,"gold_loss":75.0,"damage_taken":0.0},{"damage_healed":0,"gold_gain":0,"player_choice":"Fight","damage_taken":0,"max_hp_gain":0,"max_hp_loss":0,"event_name":"MindBloom","floor":38,"gold_loss":0},{"damage_healed":0,"gold_gain":333,"player_choice":"Gave Idol","damage_taken":0,"max_hp_gain":0,"max_hp_loss":0,"event_name":"The Moai Head","floor":40,"relics_lost":["Golden Idol"],"gold_loss":0}],"is_beta":false,"boss_relics":[{"not_picked":["Runic Dome","SlaversCollar"],"picked":"Empty Cage"},{"not_picked":["Cursed Key","FrozenCore"],"picked":"Nuclear Battery"}],"items_purged_floors":[13],"is_endless":false,"potions_floor_spawned":[4,5,11,16,21,28,33,36,41,42],"killed_by":"Nemesis","ascension_level":0}}