{"host":"za1qviwhp34x909e","time":1613710641,"event":{"mods":["Act Like it!","BaseMod","Colored Map","Colored Powertips","Downfall","Highlight Path","Hubris","Koishi","Marisa????????","Minty Spire (QoL Compilation)","Quick Restart","Remilia??????","Replay The Spire","StSLib","The Servant 0.9.4"],"gold_per_floor":[111,59,59,59,59,85,85,6,6,26,26,44,57,83,83,188,188,204,204,224,274,336,364,364,382,382,166,166,198,216,58,58,157,157,170,220,344,394,408,439,499,542,567,617,637,637,710,729,729,729,729,729,331,375,375,375],"floor_reached":55,"language":"ENG","playtime":3157,"items_purged":["Strike_S","Strike_S","Defend_S"],"score":1024,"play_id":"2a0fbef7-cd16-42a4-ae30-9ba3905612ea","local_time":"20210218225721","is_ascension_mode":true,"campfire_choices":[{"data":"Manipulate","floor":7.0,"key":"SMITH"},{"data":"ReturningBlade","floor":11.0,"key":"SMITH"},{"data":"DoubleEdge","floor":15.0,"key":"SMITH"},{"data":"DoubleEdge","floor":24,"key":"SMITH"},{"data":"DualDimension","floor":28,"key":"SMITH"},{"floor":32,"key":"REST"},{"data":"FloweringNight","floor":46,"key":"SMITH"},{"floor":49,"key":"RECALL"},{"data":"Luminosity","floor":52,"key":"SMITH"}],"circlet_count":0,"master_deck":["Strike_S+1","Defend_S+1","KidneyShot","Exchange","Barrier+1","Ricochet","Manipulate+1","Hightail+1","ReturningBlade+1","Reset","Starlight","Defy","DoubleEdge+1","FloweringNight+1","BestPractice+1","DoubleEdge+1","BottledTime+1","Rearm","DualDimension+1","Moondial","Luminosity+1","TimeWarp","Comet+1","TheWorld","Revamp+1","TrueSight","Comet+1","Contraction","Defy+1","Parasite","Collapse+1","Dilation","SoulSculpture","SoulSculpture","Collapse+1"],"relics":["Uniform","NeowsBlessing","Replay:WaspNest","War Paint","Ginger","hubris:CrackedHourglass","SsserpentHead","Happy Flower","Quantum Egg","ReplayTheSpireMod:Lightbulb","StoneMask","Blue Candle","Shuriken","Garlic","CeramicFish","Replay:Wax Seal"],"acts_visited":["Exordium","TheCity","TheBeyond","TheEnding"],"potions_floor_usage":[23,40,42,54],"damage_taken":[{"damage":0.0,"enemies":"2 Louse","floor":1.0,"turns":2.0},{"damage":0.0,"enemies":"3 Sentries","floor":6.0,"turns":1.0},{"damage":0.0,"enemies":"Jaw Worm","floor":10.0,"turns":1.0},{"damage":0.0,"enemies":"Small Slimes","floor":12.0,"turns":3.0},{"damage":1.0,"enemies":"Exordium Thugs","floor":13.0,"turns":4.0},{"damage":0.0,"enemies":"Lagavulin","floor":14.0,"turns":8.0},{"damage":0.0,"enemies":"Slime Boss","floor":16.0,"turns":9.0},{"damage":11,"enemies":"2 Thieves","floor":18,"turns":4},{"damage":9,"enemies":"3 Byrds","floor":20,"turns":2},{"damage":14,"enemies":"Snake Plant","floor":22,"turns":3},{"damage":0,"enemies":"Replay:Snechameleon","floor":23,"turns":5},{"damage":0,"enemies":"Sentry and Sphere","floor":25,"turns":4},{"damage":0,"enemies":"Book of Stabbing","floor":29,"turns":5},{"damage":18,"enemies":"Shelled Parasite and Fungi","floor":30,"turns":3},{"damage":0,"enemies":"hubris:MusketHawk","floor":33,"turns":7},{"damage":4,"enemies":"3 Darklings","floor":35,"turns":4},{"damage":25,"enemies":"3 Shapes","floor":39,"turns":4},{"damage":0,"enemies":"Giant Head","floor":40,"turns":6},{"damage":0,"enemies":"Spire Growth","floor":41,"turns":4},{"damage":19,"enemies":"Reptomancer","floor":42,"turns":5},{"damage":0,"enemies":"Jaw Worm Horde","floor":45,"turns":5},{"damage":11,"enemies":"Writhing Mass","floor":47,"turns":6},{"damage":0,"enemies":"Maw","floor":48,"turns":7},{"damage":7,"enemies":"Replay:Hell Engine","floor":50,"turns":8},{"damage":60,"enemies":"Shield and Spear","floor":54,"turns":8},{"damage":4,"enemies":"The Heart","floor":55,"turns":8}],"seed_played":"6113919881588467102","potions_obtained":[{"floor":10.0,"key":"champ:CounterPotion"},{"floor":13.0,"key":"sneckomod:MuddlingPotion"},{"floor":14.0,"key":"FairyPotion"},{"floor":18,"key":"AttackPotion"},{"floor":30,"key":"SkillPotion"},{"floor":33,"key":"FearPotion"},{"floor":38,"key":"Slimebound:ThreeZeroPotion"},{"floor":38,"key":"champ:CounterPotion"},{"floor":38,"key":"DistilledChaos"},{"floor":40,"key":"SpeedPotion"},{"floor":41,"key":"DistilledChaos"}],"is_trial":false,"path_per_floor":["M","$","?","?","?","E","R","$","T","M","R","M","M","E","R","B",null,"M","?","M","$","M","E","R","M","T","$","R","E","M","$","R","B",null,"M","?","T","?","M","E","M","E","T","?","M","R","M","M","R","B",null,"R","$","E","B"],"character_chosen":"THE_SERVANT","items_purchased":["Ricochet","ReturningBlade","DualDimension","Moondial","Comet+1","Dilation","SoulSculpture","Weak Potion"],"campfire_rested":1,"item_purchase_floors":[2,8,27,27,31,53,53,53],"current_hp_per_floor":[65,65,52,52,52,52,52,52,52,52,52,52,51,51,51,51,65,54,54,45,45,31,31,31,31,31,31,31,31,13,13,32,32,65,64,59,59,59,43,46,49,33,33,33,42,42,34,37,37,36,79,79,79,25,0,0],"gold":375,"neow_bonus":"THREE_ENEMY_KILL","is_daily":false,"chose_seed":false,"campfire_upgraded":7,"win_rate":0.0,"timestamp":1613710641,"path_taken":["M","$","?","?","?","E","R","$","T","M","R","M","M","E","R","BOSS","M","?","M","?","?","E","R","M","T","$","R","E","M","$","R","BOSS","M","?","?","?","M","E","?","E","T","?","M","R","?","M","R","BOSS","R","$","E","BOSS"],"items_purchased_type":["Card","Card","Card","Card","Card","Card","Card","Potion"],"build_version":"2020-12-22","purchased_purges":3,"victory":false,"max_hp_per_floor":[65,65,65,65,65,65,65,65,65,65,65,65,65,65,65,65,65,65,65,65,65,65,65,65,65,65,65,65,65,65,65,65,65,65,66,66,66,66,69,70,71,72,72,72,75,75,76,77,77,79,79,79,79,81,81,81],"card_choices":[{"not_picked":["TimeWarp","DualDimension"],"picked":"Barrier","floor":1.0},{"not_picked":["Read","FastForward"],"picked":"Hightail","floor":6.0},{"not_picked":["Replace","Collapse"],"picked":"Reset","floor":10.0},{"not_picked":["TrueSight","GearUp"],"picked":"Starlight","floor":12.0},{"not_picked":["ShatteredReality","Foresight"],"picked":"Defy","floor":13.0},{"not_picked":["Luminosity","ShatteredReality"],"picked":"DoubleEdge","floor":14.0},{"not_picked":["KillingDoll","Deny"],"picked":"FloweringNight","floor":16.0},{"not_picked":["TimeWarp","RealityMarble"],"picked":"BestPractice+1","floor":18},{"not_picked":["Replace","DualDimension"],"picked":"DoubleEdge","floor":20},{"not_picked":["DoubleEdge","Deadline"],"picked":"BottledTime+1","floor":22},{"not_picked":["Ricochet","BestPractice","FastForward+1"],"picked":"SKIP","floor":23},{"not_picked":["Ricochet+1","DualDimension"],"picked":"Rearm","floor":25},{"not_picked":["Spin","Duplication"],"picked":"Luminosity","floor":29},{"not_picked":["Orbit","Rewind+1"],"picked":"TimeWarp","floor":30},{"not_picked":["TrueSight","Duplication"],"picked":"TheWorld","floor":33},{"not_picked":["Read+1","Defy","SurpressingFire+1"],"picked":"SKIP","floor":35},{"not_picked":["Moondial","FastForward"],"picked":"Revamp+1","floor":39},{"not_picked":["Unruled","Alleviate+1"],"picked":"TrueSight","floor":40},{"not_picked":["Ricochet","FastForward"],"picked":"Comet+1","floor":41},{"not_picked":["Potential","ShatteredReality+1"],"picked":"Contraction","floor":42},{"not_picked":["SurpressingFire","Rearm+1"],"picked":"Defy+1","floor":45},{"not_picked":["ReturningBlade+1","MoonPhase","Alleviate+1"],"picked":"SKIP","floor":47},{"not_picked":["Potential","Advance"],"picked":"Collapse+1","floor":48},{"not_picked":["FastForward+1","WasteNot"],"picked":"Collapse+1","floor":54}],"player_experience":783464,"relics_obtained":[{"floor":6.0,"key":"Replay:WaspNest"},{"floor":9.0,"key":"War Paint"},{"floor":14.0,"key":"Ginger"},{"floor":23,"key":"Happy Flower"},{"floor":26,"key":"Quantum Egg"},{"floor":29,"key":"ReplayTheSpireMod:Lightbulb"},{"floor":37,"key":"Shuriken"},{"floor":40,"key":"Garlic"},{"floor":42,"key":"CeramicFish"},{"floor":54,"key":"Replay:Wax Seal"}],"event_choices":[{"damage_healed":0.0,"max_hp_gain":0.0,"max_hp_loss":0.0,"gold_gain":0.0,"event_name":"Shining Light","player_choice":"Entered Light","floor":3.0,"gold_loss":0.0,"damage_taken":13.0,"cards_upgraded":["Strike_S","Barrier"]},{"damage_healed":0.0,"max_hp_gain":0.0,"max_hp_loss":0.0,"gold_gain":0.0,"cards_transformed":["Strike_S"],"event_name":"Living Wall","player_choice":"Change","floor":4.0,"gold_loss":0.0,"damage_taken":0.0,"cards_obtained":["Manipulate"]},{"damage_healed":0,"gold_gain":0,"player_choice":"Trade","damage_taken":0,"relics_obtained":["SsserpentHead"],"max_hp_gain":0,"max_hp_loss":0,"event_name":"FaceTrader","floor":19,"gold_loss":0},{"damage_healed":0,"gold_gain":0,"player_choice":"Got Potions","damage_taken":0,"max_hp_gain":0,"max_hp_loss":0,"event_name":"Lab","floor":38,"gold_loss":0},{"cards_removed":["Defend_S"],"damage_healed":0,"gold_gain":0,"player_choice":"Purged","damage_taken":0,"max_hp_gain":0,"max_hp_loss":0,"event_name":"Purifier","floor":44,"gold_loss":0}],"is_beta":false,"boss_relics":[{"not_picked":["hubris:VirtuousBlindfold","Replay:Drink Me"],"picked":"hubris:CrackedHourglass"},{"not_picked":["Snecko Eye","MysterySword"],"picked":"StoneMask"}],"items_purged_floors":[27,31,53],"is_endless":false,"potions_floor_spawned":[10,13,14,18,22,30,33,39,40,41],"killed_by":"The Heart","ascension_level":3}}