{"host":"sr8h12zimc8zi8zs","time":1613736042,"event":{"mods":["100% Spire Juice","2.2 Compatiblity","AchievementEnabler","BaseMod","CapriCore","GifTheSpireLib","Minty Spire (QoL Compilation)","Permanent Neow","StSLib"],"gold_per_floor":[115,130,25,25,36,36,67,84,139,19,75,75,75,89,89,193,193,62,62,62,62],"floor_reached":20,"language":"KOR","playtime":1415,"items_purged":[],"score":174,"play_id":"4c48e9f2-c590-4660-97fd-36603dd5d4e9","local_time":"20210219210042","is_ascension_mode":false,"campfire_choices":[{"data":"Moonworks:SubspaceTunnel","floor":6.0,"key":"SMITH"},{"floor":10.0,"key":"RECALL"},{"floor":15.0,"key":"REST"}],"circlet_count":0,"master_deck":["Moonworks:Strike","Moonworks:Strike","Moonworks:Strike+1","Moonworks:Strike","Moonworks:Defend+1","Moonworks:Defend","Moonworks:Defend","Moonworks:Defend","Moonworks:Ambush","Moonworks:LongDistanceShot","Moonworks:ExtendedPhotonRifle","Moonworks:ImOnFire","Moonworks:LulusLuckyEgg","Moonworks:SubspaceTunnel+1","Moonworks:BigMagnum","Moonworks:DevilHand","Moonworks:Poppoformation","Moonworks:LeapThroughSpace","Moonworks:TreasureThief+1","Moonworks:IndiscriminateFireSupport"],"relics":["Moonworks:Homemark","Velvet Choker","Bronze Scales","Pear","SlaversCollar"],"acts_visited":["Exordium","TheCity"],"potions_floor_usage":[],"damage_taken":[{"damage":0.0,"enemies":"Small Slimes","floor":1.0,"turns":3.0},{"damage":6.0,"enemies":"Jaw Worm","floor":2.0,"turns":3.0},{"damage":0.0,"enemies":"2 Louse","floor":3.0,"turns":1.0},{"damage":7.0,"enemies":"Red Slaver","floor":5.0,"turns":4.0},{"damage":19.0,"enemies":"Lagavulin","floor":7.0,"turns":9.0},{"damage":5.0,"enemies":"Large Slime","floor":8.0,"turns":5.0},{"damage":6.0,"enemies":"Exordium Thugs","floor":14.0,"turns":3.0},{"damage":22.0,"enemies":"The Guardian","floor":16.0,"turns":10.0},{"damage":19.0,"enemies":"2 Thieves","floor":18.0,"turns":4.0},{"damage":0,"enemies":"Spheric Guardian","floor":20,"turns":3}],"seed_played":"-1875571357327506525","potions_obtained":[{"floor":1.0,"key":"Weak Potion"},{"floor":3.0,"key":"PowerPotion"},{"floor":8.0,"key":"LiquidMemories"},{"floor":14.0,"key":"FearPotion"}],"is_trial":false,"path_per_floor":["M","M","M","$","M","R","E","M","T","R","?","?","?","M","R","B",null,"M","?","M"],"character_chosen":"THE_STARBREAKER","items_purchased":[],"campfire_rested":1,"item_purchase_floors":[],"current_hp_per_floor":[60,54,54,54,47,47,28,23,23,23,23,11,21,15,36,14,70,51,51,47,47],"gold":62,"neow_bonus":"BOSS_RELIC","is_daily":false,"chose_seed":false,"campfire_upgraded":1,"win_rate":0.0,"timestamp":1613736042,"path_taken":["M","M","M","$","M","R","E","M","T","R","?","?","?","?","R","BOSS","M","?","M"],"items_purchased_type":[],"build_version":"2020-12-22","purchased_purges":0,"victory":false,"max_hp_per_floor":[60,60,60,60,60,60,60,60,60,60,60,60,70,70,70,70,70,70,70,70,70],"card_choices":[{"not_picked":["Moonworks:ImOnFire","Moonworks:UnluckyCharm"],"picked":"Moonworks:ExtendedPhotonRifle","floor":1.0},{"not_picked":["Moonworks:SakisCookie","Moonworks:CloudOfSeagulls"],"picked":"Moonworks:ImOnFire","floor":2.0},{"not_picked":["Moonworks:SakisCookie","Moonworks:ImmovableObject"],"picked":"Moonworks:LulusLuckyEgg","floor":3.0},{"not_picked":["Moonworks:CompletionReward","Moonworks:JonathanRush"],"picked":"Moonworks:SubspaceTunnel","floor":5.0},{"not_picked":["Moonworks:SakisCookie","Moonworks:ShieldCounter"],"picked":"Moonworks:BigMagnum","floor":7.0},{"not_picked":["Moonworks:JonathanRush","Moonworks:DeployBits"],"picked":"Moonworks:DevilHand","floor":8.0},{"not_picked":["Moonworks:FinalSurgery","Moonworks:EvilSpyWorkPreparation"],"picked":"Moonworks:Poppoformation","floor":14.0},{"not_picked":["Moonworks:Blazing","Moonworks:ShieldCounter"],"picked":"Moonworks:LeapThroughSpace","floor":16.0},{"not_picked":["Moonworks:ImOnFire","Moonworks:SakisCookie+1"],"picked":"Moonworks:TreasureThief+1","floor":18.0}],"player_experience":143367,"relics_obtained":[{"floor":7.0,"key":"Bronze Scales"}],"event_choices":[{"damage_healed":0.0,"max_hp_gain":0.0,"max_hp_loss":0.0,"gold_gain":56.0,"event_name":"Golden Wing","player_choice":"Gained Gold","floor":11.0,"gold_loss":0.0,"damage_taken":0.0},{"damage_healed":0.0,"max_hp_gain":0.0,"max_hp_loss":0.0,"gold_gain":0.0,"event_name":"Shining Light","player_choice":"Entered Light","floor":12.0,"gold_loss":0.0,"damage_taken":12.0,"cards_upgraded":["Moonworks:Defend","Moonworks:Strike"]},{"damage_healed":0.0,"max_hp_gain":0.0,"max_hp_loss":0.0,"gold_gain":0.0,"event_name":"WeMeetAgain","player_choice":"Gave Potion","floor":13.0,"gold_loss":0.0,"damage_taken":0.0,"relics_obtained":["Pear"]},{"damage_healed":0.0,"max_hp_gain":0.0,"max_hp_loss":0.0,"gold_gain":0.0,"event_name":"The Library","player_choice":"Read","floor":19.0,"gold_loss":0.0,"damage_taken":0.0,"cards_obtained":["Moonworks:IndiscriminateFireSupport"]}],"is_beta":false,"boss_relics":[{"not_picked":["Runic Pyramid","Empty Cage"],"picked":"SlaversCollar"}],"items_purged_floors":[],"is_endless":false,"potions_floor_spawned":[1,3,8,14],"killed_by":"Spheric Guardian","ascension_level":0}}