{"host":"ec09novo68szpe7d","time":1613758704,"event":{"mods":["AchievementEnabler","BaseMod","Bestiary","Minty Spire (QoL Compilation)","StSLib"],"gold_per_floor":[115,115,190,207,219,254,254,282,282,282,310,310,323,335,335,439,439,453,468,46,66,165,165,184,217,243,243,243],"floor_reached":27,"language":"ENG","playtime":1771,"items_purged":["Strike_R"],"score":530,"play_id":"772335de-e739-437b-99ee-ac13f29fd495","local_time":"20210219191824","is_ascension_mode":true,"campfire_choices":[{"data":"Armaments","floor":7.0,"key":"SMITH"},{"floor":12.0,"key":"REST"},{"floor":15,"key":"REST"},{"floor":23,"key":"REST"}],"circlet_count":0,"master_deck":["AscendersBane","Strike_R","Strike_R","Strike_R","Defend_R+1","Defend_R","Defend_R","Defend_R","Bash","Armaments+1","Reckless Charge","True Grit+1","Carnage","Iron Wave+1","Headbutt+1","Battle Trance","Barricade","Metallicize+1","Body Slam+1","Clothesline+1"],"relics":["Toy Ornithopter","Pocketwatch","Sundial","Molten Egg 2","Fusion Hammer","Vajra","PreservedInsect","War Paint","Bag of Marbles"],"acts_visited":["Exordium","TheCity"],"potions_floor_usage":[21,24],"damage_taken":[{"damage":0.0,"enemies":"2 Louse","floor":1.0,"turns":6.0},{"damage":3.0,"enemies":"Small Slimes","floor":4.0,"turns":4.0},{"damage":2.0,"enemies":"Jaw Worm","floor":5.0,"turns":3.0},{"damage":30.0,"enemies":"3 Sentries","floor":6.0,"turns":12.0},{"damage":27.0,"enemies":"Lagavulin","floor":8.0,"turns":6.0},{"damage":13.0,"enemies":"Gremlin Nob","floor":11.0,"turns":3.0},{"damage":2,"enemies":"2 Fungi Beasts","floor":13,"turns":4},{"damage":8,"enemies":"3 Louse","floor":14,"turns":4},{"damage":26,"enemies":"The Guardian","floor":16,"turns":12},{"damage":0,"enemies":"Spheric Guardian","floor":18,"turns":3},{"damage":10,"enemies":"Shell Parasite","floor":19,"turns":8},{"damage":2,"enemies":"3 Cultists","floor":21,"turns":5},{"damage":20,"enemies":"Snake Plant","floor":24,"turns":3},{"damage":57,"enemies":"Book of Stabbing","floor":25,"turns":7},{"damage":13,"enemies":"Gremlin Leader","floor":27,"turns":1}],"seed_played":"-2091753806346897899","potions_obtained":[{"floor":1.0,"key":"Regen Potion"},{"floor":6.0,"key":"SpeedPotion"},{"floor":18,"key":"Explosive Potion"},{"floor":21,"key":"ColorlessPotion"}],"is_trial":false,"path_per_floor":["M","?","?","M","M","E","R","E","T","?","E","R","M","M","R","B",null,"M","M","$","M","?","R","M","E","T","E"],"character_chosen":"IRONCLAD","items_purchased":["Armaments","Body Slam+1","Vajra","PreservedInsect"],"campfire_rested":3,"item_purchase_floors":[0,20,20,20],"current_hp_per_floor":[65,65,54,51,49,19,19,16,16,16,3,27,25,17,41,15,64,64,54,54,57,57,80,65,8,8,0,0],"gold":243,"neow_bonus":"","is_daily":false,"chose_seed":false,"campfire_upgraded":1,"win_rate":0.0,"timestamp":1613758704,"path_taken":["M","?","?","M","M","E","R","E","T","?","E","R","M","M","R","BOSS","M","M","$","M","?","R","M","E","T","E"],"items_purchased_type":["Card","Card","Relic","Relic"],"build_version":"2020-12-22","purchased_purges":1,"victory":false,"max_hp_per_floor":[80,80,80,80,80,80,80,80,80,80,80,80,80,80,80,80,80,80,80,80,80,80,80,80,80,80,80,80],"card_choices":[{"not_picked":["Sever Soul","Clash","Fire Breathing"],"picked":"SKIP","floor":1.0},{"not_picked":["Infernal Blade","Iron Wave"],"picked":"True Grit","floor":4.0},{"not_picked":["Headbutt","Havoc"],"picked":"Carnage","floor":5.0},{"not_picked":["Flame Barrier","Armaments","True Grit"],"picked":"SKIP","floor":6.0},{"not_picked":["Metallicize","Wild Strike","Sever Soul"],"picked":"SKIP","floor":8.0},{"not_picked":["Twin Strike+1","Hemokinesis+1"],"picked":"Iron Wave+1","floor":11.0},{"not_picked":["Thunderclap+1","Body Slam+1"],"picked":"Headbutt+1","floor":13},{"not_picked":["Combust","Warcry"],"picked":"Battle Trance","floor":14},{"not_picked":["Berserk","Immolate+1"],"picked":"Barricade","floor":16},{"not_picked":["True Grit","Pommel Strike+1","Armaments"],"picked":"SKIP","floor":18},{"not_picked":["Feel No Pain","Iron Wave+1"],"picked":"Metallicize+1","floor":19},{"not_picked":["Evolve","Seeing Red+1","Flex"],"picked":"SKIP","floor":21},{"not_picked":["Pummel+1","Dropkick+1","Rampage+1"],"picked":"SKIP","floor":24},{"not_picked":["Warcry","Disarm"],"picked":"Clothesline+1","floor":25}],"player_experience":271740,"relics_obtained":[{"floor":6.0,"key":"Toy Ornithopter"},{"floor":8.0,"key":"Pocketwatch"},{"floor":9.0,"key":"Sundial"},{"floor":11.0,"key":"Molten Egg 2"},{"floor":25,"key":"War Paint"},{"floor":26,"key":"Bag of Marbles"}],"event_choices":[{"damage_healed":0.0,"max_hp_gain":0.0,"max_hp_loss":0.0,"gold_gain":0.0,"cards_transformed":["Strike_R"],"event_name":"Living Wall","player_choice":"Change","floor":2.0,"gold_loss":0.0,"damage_taken":0.0,"cards_obtained":["Reckless Charge"]},{"damage_healed":0.0,"max_hp_gain":0.0,"max_hp_loss":0.0,"gold_gain":75.0,"event_name":"World of Goop","player_choice":"Gather Gold","floor":3.0,"gold_loss":0.0,"damage_taken":11.0},{"damage_healed":0.0,"max_hp_gain":0.0,"max_hp_loss":0.0,"gold_gain":0.0,"event_name":"Shining Light","player_choice":"Ignored","floor":10.0,"gold_loss":0.0,"damage_taken":0.0},{"damage_healed":0,"gold_gain":99,"player_choice":"Stole From Cult","damage_taken":0,"max_hp_gain":0,"max_hp_loss":0,"event_name":"Nest","floor":22,"gold_loss":0}],"is_beta":false,"boss_relics":[{"not_picked":["Tiny House","Coffee Dripper"],"picked":"Fusion Hammer"}],"items_purged_floors":[20],"is_endless":false,"potions_floor_spawned":[1,6,18,21],"killed_by":"Gremlin Leader","ascension_level":10}}