{"host":"i09pxcjttd31eh4q","time":1613721345,"event":{"mods":["AchievementEnabler","BaseMod","Colored Map","Keyboard Shortcuts","Minty Spire (QoL Compilation)","StSLib","SuperFastMode"],"gold_per_floor":[365,262,274,292,308,308,332,16,16,16,26,51,66,81,81,153,153,165,165,165,179,6,41,41,56,56,56,68,68,68,88,88,167,167,184,184,209,225,245,245,245,276,302,329,204,219,238,270,270,270,270],"floor_reached":50,"language":"KOR","playtime":1932,"items_purged":["Writhe","Strike_G","Strike_G"],"score":1208,"play_id":"3808f5f5-9ae2-4d5e-8b55-902a9ae51d37","local_time":"20210219165545","is_ascension_mode":true,"campfire_choices":[{"data":"Well Laid Plans","floor":6.0,"key":"SMITH"},{"data":"Reflex","floor":10.0,"key":"SMITH"},{"data":"Noxious Fumes","floor":15.0,"key":"SMITH"},{"data":"Prepared","floor":24.0,"key":"SMITH"},{"floor":27.0,"key":"REST"},{"floor":29.0,"key":"REST"},{"data":"Acrobatics","floor":32.0,"key":"SMITH"},{"data":"Malaise","floor":40.0,"key":"SMITH"},{"floor":49.0,"key":"RECALL"}],"circlet_count":0,"master_deck":["AscendersBane","Strike_G","Strike_G","Defend_G","Defend_G","Defend_G","Defend_G","Defend_G","Survivor","Neutralize","Acrobatics+1","Dagger Spray","Reflex+1","Well Laid Plans+1","Dagger Throw","Backflip","Noxious Fumes+1","Adrenaline","Grand Finale","Prepared+1","Blur+1","Malaise+1","Prepared","Acrobatics+1","Eviscerate","Prepared+1","Deflect+1"],"relics":["Ring of the Snake","Odd Mushroom","Lee\u0027s Waffle","Vajra","Letter Opener","SacredBark","TheAbacus","Blood Vial","Black Star","Pocketwatch","PreservedInsect","Bag of Marbles","Regal Pillow","Toxic Egg 2","Incense Burner","Dream Catcher","Singing Bowl"],"acts_visited":["TheCity","TheBeyond"],"potions_floor_usage":[50,50],"damage_taken":[{"damage":7.0,"enemies":"Jaw Worm","floor":1.0,"turns":6.0},{"damage":0.0,"enemies":"2 Louse","floor":3.0,"turns":3.0},{"damage":3.0,"enemies":"Cultist","floor":4.0,"turns":5.0},{"damage":10.0,"enemies":"Looter","floor":5.0,"turns":4.0},{"damage":37.0,"enemies":"The Mushroom Lair","floor":7.0,"turns":5.0},{"damage":10.0,"enemies":"Blue Slaver","floor":11.0,"turns":6.0},{"damage":19.0,"enemies":"Lagavulin","floor":12.0,"turns":10.0},{"damage":11.0,"enemies":"3 Louse","floor":13.0,"turns":4.0},{"damage":13.0,"enemies":"Exordium Thugs","floor":14.0,"turns":7.0},{"damage":24.0,"enemies":"The Guardian","floor":16.0,"turns":12.0},{"damage":1.0,"enemies":"3 Byrds","floor":18.0,"turns":3.0},{"damage":11.0,"enemies":"Spheric Guardian","floor":21.0,"turns":3.0},{"damage":21.0,"enemies":"Book of Stabbing","floor":23.0,"turns":5.0},{"damage":27.0,"enemies":"Snecko","floor":25.0,"turns":6.0},{"damage":22.0,"enemies":"3 Cultists","floor":28.0,"turns":4.0},{"damage":14.0,"enemies":"Shelled Parasite and Fungi","floor":31.0,"turns":5.0},{"damage":0.0,"enemies":"Collector","floor":33.0,"turns":8.0},{"damage":7.0,"enemies":"3 Shapes","floor":35.0,"turns":6.0},{"damage":19.0,"enemies":"Mind Bloom Boss Battle","floor":37.0,"turns":8.0},{"damage":0.0,"enemies":"Orb Walker","floor":38.0,"turns":4.0},{"damage":12.0,"enemies":"Writhing Mass","floor":39.0,"turns":5.0},{"damage":11.0,"enemies":"Reptomancer","floor":42.0,"turns":5.0},{"damage":6.0,"enemies":"Giant Head","floor":44.0,"turns":6.0},{"damage":2.0,"enemies":"3 Darklings","floor":46.0,"turns":5.0},{"damage":9.0,"enemies":"4 Shapes","floor":47.0,"turns":2.0},{"damage":17.0,"enemies":"Reptomancer","floor":48.0,"turns":4.0},{"damage":0,"enemies":"Time Eater","floor":50,"turns":2}],"seed_played":"7389617664607753374","potions_obtained":[{"floor":1.0,"key":"FairyPotion"},{"floor":7.0,"key":"SteroidPotion"},{"floor":11.0,"key":"PowerPotion"},{"floor":13.0,"key":"ColorlessPotion"},{"floor":23.0,"key":"Dexterity Potion"},{"floor":28.0,"key":"Energy Potion"},{"floor":37.0,"key":"Regen Potion"},{"floor":42.0,"key":"Dexterity Potion"},{"floor":46.0,"key":"PowerPotion"}],"is_trial":false,"path_per_floor":["M","$","M","M","M","R","?","$","T","R","M","E","M","M","R","B",null,"M","?","?","M","$","E","R","M","T","R","M","R","?","M","R","B",null,"M","?","?","M","M","R","?","E","T","E","$","M","M","E","R","B"],"character_chosen":"THE_SILENT","items_purchased":["Dagger Spray","Lee\u0027s Waffle","Dagger Throw","TheAbacus"],"campfire_rested":2,"item_purchase_floors":[2,8,8,22],"current_hp_per_floor":[52,52,52,49,39,39,2,73,73,73,63,44,33,20,20,21,60,59,59,59,48,48,27,27,2,2,23,3,24,24,12,12,14,58,53,53,36,65,55,55,55,46,46,42,42,42,35,22,22,24,24],"gold":270,"neow_bonus":"TWO_FIFTY_GOLD","is_daily":false,"chose_seed":false,"campfire_upgraded":6,"win_rate":0.0,"timestamp":1613721345,"path_taken":["M","$","M","M","M","R","?","$","T","R","M","E","M","M","R","BOSS","M","?","?","M","$","E","R","?","T","R","M","R","?","M","R","BOSS","M","?","?","M","M","R","?","E","T","E","$","M","M","E","R","BOSS"],"items_purchased_type":["Card","Relic","Card","Relic"],"build_version":"2020-12-22","purchased_purges":3,"victory":false,"max_hp_per_floor":[66,66,66,66,66,66,66,73,73,73,73,73,73,73,73,73,73,73,73,73,73,73,73,73,73,73,73,73,73,73,73,73,73,73,73,69,69,69,69,69,69,69,69,69,69,69,69,71,71,71,71],"card_choices":[{"not_picked":["Bane","Skewer"],"picked":"Acrobatics","floor":1.0},{"not_picked":["Terror","Sucker Punch","PiercingWail"],"picked":"SKIP","floor":3.0},{"not_picked":["Underhanded Strike","Glass Knife"],"picked":"Reflex","floor":4.0},{"not_picked":["Accuracy","Expertise"],"picked":"Well Laid Plans","floor":5.0},{"not_picked":["Outmaneuver","Slice"],"picked":"Backflip","floor":11.0},{"not_picked":["Quick Slash","Underhanded Strike"],"picked":"Noxious Fumes","floor":12.0},{"not_picked":["Quick Slash","Noxious Fumes","Dagger Throw"],"picked":"SKIP","floor":13.0},{"not_picked":["Dagger Spray","Underhanded Strike"],"picked":"Adrenaline","floor":14.0},{"not_picked":["Wraith Form v2","Envenom"],"picked":"Grand Finale","floor":16.0},{"not_picked":["Eviscerate+1","Escape Plan"],"picked":"Prepared","floor":18.0},{"not_picked":["Eviscerate","Sucker Punch","Blade Dance"],"picked":"SKIP","floor":21.0},{"not_picked":["Quick Slash","Outmaneuver","PiercingWail"],"picked":"SKIP","floor":23.0},{"not_picked":["Flying Knee","Poisoned Stab","Dodge and Roll"],"picked":"SKIP","floor":25.0},{"not_picked":["Bouncing Flask","Cloak And Dagger"],"picked":"Blur+1","floor":28.0},{"not_picked":["Blade Dance","Quick Slash","Flying Knee"],"picked":"SKIP","floor":31.0},{"not_picked":["Grand Finale","Unload"],"picked":"Malaise","floor":33.0},{"not_picked":["Accuracy","PiercingWail","Skewer+1"],"picked":"SKIP","floor":35.0},{"not_picked":["Predator","Bouncing Flask"],"picked":"Prepared","floor":37.0},{"not_picked":["Backstab","Bane","Sucker Punch+1"],"picked":"SKIP","floor":38.0},{"not_picked":["Sucker Punch","Backflip"],"picked":"Acrobatics+1","floor":39.0},{"not_picked":["Poisoned Stab","Phantasmal Killer","Sucker Punch"],"picked":"SKIP","floor":42.0},{"not_picked":["Tools of the Trade","Dash","Finisher+1"],"picked":"SKIP","floor":44.0},{"not_picked":["Reflex+1","Dagger Spray"],"picked":"Prepared+1","floor":46.0},{"not_picked":["Outmaneuver+1","Quick Slash+1"],"picked":"Deflect+1","floor":47.0},{"not_picked":["Acrobatics+1","Slice+1","Footwork"],"picked":"Singing Bowl","floor":48.0}],"player_experience":929178,"relics_obtained":[{"floor":7.0,"key":"Odd Mushroom"},{"floor":9.0,"key":"Vajra"},{"floor":12.0,"key":"Letter Opener"},{"floor":23.0,"key":"Blood Vial"},{"floor":37.0,"key":"Pocketwatch"},{"floor":42.0,"key":"PreservedInsect"},{"floor":42.0,"key":"Bag of Marbles"},{"floor":43.0,"key":"Regal Pillow"},{"floor":44.0,"key":"Toxic Egg 2"},{"floor":44.0,"key":"Incense Burner"},{"floor":48.0,"key":"Dream Catcher"},{"floor":48.0,"key":"Singing Bowl"}],"event_choices":[{"damage_healed":0.0,"max_hp_gain":0.0,"max_hp_loss":0.0,"gold_gain":0.0,"event_name":"Mushrooms","player_choice":"Fought Mushrooms","floor":7.0,"gold_loss":0.0,"damage_taken":0.0},{"damage_healed":0.0,"max_hp_gain":0.0,"max_hp_loss":0.0,"gold_gain":0.0,"event_name":"Cursed Tome","player_choice":"Ignored","floor":19.0,"gold_loss":0.0,"damage_taken":0.0},{"damage_healed":0.0,"max_hp_gain":0.0,"max_hp_loss":0.0,"gold_gain":0.0,"event_name":"Match and Keep!","player_choice":"0 cards matched","floor":20.0,"gold_loss":0.0,"damage_taken":0.0,"cards_obtained":[]},{"damage_healed":0.0,"max_hp_gain":0.0,"max_hp_loss":4.0,"gold_gain":0.0,"event_name":"Winding Halls","player_choice":"Max HP","floor":36.0,"gold_loss":0.0,"damage_taken":0.0},{"damage_healed":0.0,"max_hp_gain":0.0,"max_hp_loss":0.0,"gold_gain":0.0,"event_name":"MindBloom","player_choice":"Fight","floor":37.0,"gold_loss":0.0,"damage_taken":0.0},{"damage_healed":0.0,"max_hp_gain":0.0,"max_hp_loss":0.0,"gold_gain":0.0,"cards_transformed":["Strike_G"],"event_name":"Transmorgrifier","player_choice":"Transformed","floor":41.0,"gold_loss":0.0,"damage_taken":0.0,"cards_obtained":["Eviscerate"]}],"is_beta":false,"boss_relics":[{"not_picked":["SlaversCollar","Coffee Dripper"],"picked":"SacredBark"},{"not_picked":["Calling Bell","Cursed Key"],"picked":"Black Star"}],"items_purged_floors":[2,8,45],"is_endless":false,"potions_floor_spawned":[1,7,11,13,14,23,28,37,42,46,47,48],"killed_by":"Time Eater","ascension_level":20}}