{"host":"uzcks4yhskks9i02","time":1613714293,"event":{"mods":["BaseMod","Minty Spire (QoL Compilation)"],"gold_per_floor":[113,113,132,151,170,204,215,215,239,257,257,29,43,78,90,198,210,235,263,285,307,319,331,374,401,413,440,463,97,97,141,141,247,247,265,245,261,290,349,380,389,83,108,108,128,128,128,143,143,143],"floor_reached":51,"language":"ENG","playtime":2872,"items_purged":[],"score":835,"play_id":"c249ebf4-9caf-4bfe-a82c-30a1621b0521","local_time":"20210218225813","is_ascension_mode":true,"campfire_choices":[{"floor":11,"key":"REST"},{"floor":15,"key":"REST"},{"floor":23,"key":"REST"},{"data":"Static Discharge","floor":32,"key":"SMITH"},{"floor":41,"key":"REST"},{"floor":44,"key":"REST"},{"data":"Seek","floor":47,"key":"SMITH"},{"floor":49,"key":"REST"}],"circlet_count":0,"master_deck":["Defend_B","Defend_B","Defend_B","Zap","Dualcast","Doom and Gloom+1","Steam Power","Redo","Fusion","Rainbow","Fusion","Machine Learning","Ball Lightning","Steam","Ball Lightning","Defragment","Static Discharge+1","Rainbow","Hologram","Seek+1","Coolheaded+1","Biased Cognition+1","Chaos+1","White Noise+1","White Noise","Lockon","Reinforced Body","Aggregate","Loop","Heatsinks","Defragment","Capacitor","Electrodynamics","Lockon","Electrodynamics","Go for the Eyes+1","Beam Cell+1"],"relics":["Cracked Core","Dream Catcher","Orichalcum","Bag of Marbles","Toy Ornithopter","MawBank","Astrolabe","Pen Nib","Bottled Flame","Lee\u0027s Waffle","Omamori","CeramicFish","Busted Crown","Lizard Tail","Blue Candle","Toolbox","Vajra","Nunchaku"],"acts_visited":["Exordium","TheCity","TheBeyond"],"potions_floor_usage":[5,14,14,18,24,24,28,33,39,40,50,50,50,50],"damage_taken":[{"damage":11,"enemies":"Small Slimes","floor":1,"turns":3},{"damage":0,"enemies":"Cultist","floor":3,"turns":3},{"damage":2,"enemies":"Jaw Worm","floor":4,"turns":3},{"damage":19,"enemies":"Exordium Wildlife","floor":5,"turns":4},{"damage":20,"enemies":"Lagavulin","floor":6,"turns":6},{"damage":8,"enemies":"Blue Slaver","floor":7,"turns":3},{"damage":0,"enemies":"3 Louse","floor":10,"turns":1},{"damage":0,"enemies":"Exordium Thugs","floor":13,"turns":2},{"damage":8,"enemies":"Gremlin Nob","floor":14,"turns":4},{"damage":44,"enemies":"The Guardian","floor":16,"turns":9},{"damage":17,"enemies":"3 Byrds","floor":18,"turns":3},{"damage":6,"enemies":"Chosen","floor":19,"turns":4},{"damage":5,"enemies":"Snake Plant","floor":20,"turns":3},{"damage":9,"enemies":"Centurion and Healer","floor":21,"turns":4},{"damage":30,"enemies":"Slavers","floor":24,"turns":4},{"damage":19,"enemies":"Snecko","floor":25,"turns":4},{"damage":13,"enemies":"3 Cultists","floor":27,"turns":4},{"damage":0,"enemies":"Snake Plant","floor":28,"turns":3},{"damage":21,"enemies":"Book of Stabbing","floor":31,"turns":5},{"damage":22,"enemies":"Automaton","floor":33,"turns":7},{"damage":20,"enemies":"Orb Walker","floor":35,"turns":4},{"damage":18,"enemies":"3 Shapes","floor":37,"turns":3},{"damage":22,"enemies":"3 Darklings","floor":38,"turns":3},{"damage":0,"enemies":"Mind Bloom Boss Battle","floor":39,"turns":3},{"damage":17,"enemies":"Reptomancer","floor":40,"turns":4},{"damage":0,"enemies":"Sphere and 2 Shapes","floor":45,"turns":2},{"damage":21,"enemies":"Maw","floor":48,"turns":4},{"damage":44,"enemies":"Donu and Deca","floor":50,"turns":6}],"seed_played":"-5197215267019383001","potions_obtained":[{"floor":3,"key":"Swift Potion"},{"floor":4,"key":"Strength Potion"},{"floor":7,"key":"GamblersBrew"},{"floor":10,"key":"PowerPotion"},{"floor":13,"key":"Weak Potion"},{"floor":14,"key":"Weak Potion"},{"floor":18,"key":"PowerPotion"},{"floor":21,"key":"GamblersBrew"},{"floor":25,"key":"Block Potion"},{"floor":31,"key":"EntropicBrew"},{"floor":35,"key":"BlessingOfTheForge"},{"floor":36,"key":"Strength Potion"},{"floor":39,"key":"AttackPotion"},{"floor":40,"key":"BlessingOfTheForge"}],"is_trial":false,"path_per_floor":["M","?","M","M","M","E","M","?","T","M","R","$","M","E","R","B",null,"M","M","M","M","?","R","E","M","T","M","M","$","?","E","R","B",null,"M","?","M","M","?","E","R","$","T","R","M","?","R","M","R","B",null],"character_chosen":"DEFECT","items_purchased":["Toy Ornithopter","Defragment","Lee\u0027s Waffle","Omamori","Capacitor","Toolbox","Vajra"],"campfire_rested":6,"item_purchase_floors":[12,12,29,29,29,42,42],"current_hp_per_floor":[57,57,57,55,36,16,8,5,5,5,25,25,25,27,47,3,68,54,48,43,34,34,54,34,15,15,2,7,75,75,54,54,37,75,55,55,37,15,20,8,30,30,30,52,52,52,52,31,53,29],"gold":143,"neow_bonus":"TRANSFORM_TWO_CARDS","is_daily":false,"chose_seed":false,"campfire_upgraded":2,"win_rate":0.0,"timestamp":1613714293,"path_taken":["M","?","M","?","M","E","M","?","T","M","R","?","M","E","R","BOSS","M","M","M","M","?","R","E","M","T","M","M","$","?","E","R","BOSS","M","?","M","?","?","E","R","$","T","R","M","?","R","M","R","BOSS"],"items_purchased_type":["Relic","Card","Relic","Relic","Card","Relic","Relic"],"build_version":"2020-12-22","purchased_purges":0,"victory":true,"max_hp_per_floor":[68,68,68,68,68,68,68,68,68,68,68,68,68,68,68,68,68,68,68,68,68,68,68,68,68,68,68,68,75,75,75,75,75,75,75,75,75,75,75,75,75,75,75,75,75,75,75,75,75,75],"card_choices":[{"not_picked":["Sweeping Beam","Steam"],"picked":"Redo","floor":1},{"not_picked":["Redo","Compile Driver"],"picked":"Fusion","floor":3},{"not_picked":["Cold Snap","Ball Lightning"],"picked":"Rainbow","floor":4},{"not_picked":["Stack","Cold Snap"],"picked":"Fusion","floor":5},{"not_picked":["Lockon","Stack"],"picked":"Machine Learning","floor":6},{"not_picked":["Leap","Streamline"],"picked":"Ball Lightning","floor":7},{"not_picked":["Redo","Leap"],"picked":"Steam","floor":10},{"not_picked":["Force Field","Reprogram"],"picked":"Ball Lightning","floor":11},{"not_picked":["Reprogram","Steam"],"picked":"Static Discharge","floor":13},{"not_picked":["Compile Driver","Rebound"],"picked":"Rainbow","floor":14},{"not_picked":["Reprogram","Streamline"],"picked":"Hologram","floor":15},{"not_picked":["Rainbow","Fission"],"picked":"Seek","floor":16},{"not_picked":["Barrage","Go for the Eyes"],"picked":"White Noise+1","floor":18},{"not_picked":["Barrage+1","Coolheaded"],"picked":"White Noise","floor":19},{"not_picked":["Cold Snap+1","Turbo","Rebound"],"picked":"SKIP","floor":20},{"not_picked":["Go for the Eyes","Gash"],"picked":"Lockon","floor":21},{"not_picked":["Gash","Leap"],"picked":"Reinforced Body","floor":23},{"not_picked":["Sweeping Beam+1","Turbo"],"picked":"Aggregate","floor":24},{"not_picked":["Turbo","Conserve Battery+1"],"picked":"Loop","floor":25},{"not_picked":["Hologram+1","Rebound"],"picked":"Heatsinks","floor":27},{"not_picked":["Stack","Streamline+1"],"picked":"Defragment","floor":28},{"not_picked":["Amplify","Turbo"],"picked":"Lockon","floor":31},{"not_picked":["Machine Learning","Meteor Strike"],"picked":"Electrodynamics","floor":33},{"not_picked":["Recycle"],"picked":"SKIP","floor":35},{"not_picked":["Recycle+1"],"picked":"SKIP","floor":37},{"not_picked":[],"picked":"Go for the Eyes+1","floor":38},{"not_picked":[],"picked":"Beam Cell+1","floor":39},{"not_picked":["Reprogram+1"],"picked":"SKIP","floor":40},{"not_picked":[],"picked":"Beam Cell+1","floor":41},{"not_picked":["Rebound+1"],"picked":"SKIP","floor":45},{"not_picked":["Cold Snap+1"],"picked":"SKIP","floor":48}],"player_experience":600473,"relics_obtained":[{"floor":6,"key":"Dream Catcher"},{"floor":9,"key":"Bag of Marbles"},{"floor":14,"key":"MawBank"},{"floor":24,"key":"Pen Nib"},{"floor":26,"key":"Bottled Flame"},{"floor":31,"key":"CeramicFish"},{"floor":39,"key":"Lizard Tail"},{"floor":40,"key":"Blue Candle"},{"floor":43,"key":"Nunchaku"}],"event_choices":[{"damage_healed":0,"gold_gain":0,"player_choice":"Upgraded","damage_taken":0,"max_hp_gain":0,"max_hp_loss":0,"event_name":"Upgrade Shrine","floor":2,"gold_loss":0,"cards_upgraded":["Doom and Gloom"]},{"damage_healed":0,"gold_gain":0,"player_choice":"Success","damage_taken":3,"relics_obtained":["Orichalcum"],"max_hp_gain":0,"max_hp_loss":0,"event_name":"Scrap Ooze","floor":8,"gold_loss":0},{"damage_healed":0,"gold_gain":0,"player_choice":"Ignored","damage_taken":0,"max_hp_gain":0,"max_hp_loss":0,"event_name":"Ghosts","floor":22,"gold_loss":0},{"damage_healed":0,"gold_gain":0,"player_choice":"Read","damage_taken":0,"max_hp_gain":0,"max_hp_loss":0,"event_name":"The Library","floor":30,"gold_loss":0,"cards_obtained":["Electrodynamics"]},{"damage_healed":0,"gold_gain":0,"player_choice":"Bought 1 Potion","damage_taken":0,"max_hp_gain":0,"max_hp_loss":0,"event_name":"The Woman in Blue","floor":36,"gold_loss":0},{"damage_healed":0,"gold_gain":0,"player_choice":"Fight","damage_taken":0,"max_hp_gain":0,"max_hp_loss":0,"event_name":"MindBloom","floor":39,"gold_loss":0},{"cards_removed":["Beam Cell"],"damage_healed":0,"gold_gain":0,"player_choice":"Removed Attack","damage_taken":0,"max_hp_gain":0,"max_hp_loss":0,"event_name":"Falling","floor":46,"gold_loss":0}],"is_beta":false,"boss_relics":[{"not_picked":["Velvet Choker","Runic Pyramid"],"picked":"Astrolabe"},{"not_picked":["Empty Cage","Pandora\u0027s Box"],"picked":"Busted Crown"}],"items_purged_floors":[],"is_endless":false,"potions_floor_spawned":[3,4,7,10,13,14,18,21,25,31,35,39,40,48],"ascension_level":3}}