{"host":"rq6soridv5n2augj","time":1613721996,"event":{"mods":["BaseMod","Downfall","Googly Eyes","Hermit","Marisa????????","Minty Spire (QoL Compilation)","READ ME - Guardian Mod","Remilia??????","Replay The Spire","StSLib","The Animator","The Cursed","The Hierophant","The Necromancer","The Senshi","The Servant 0.9.4"],"gold_per_floor":[110,110,110,35,86,121,139,139,139,139,152,176,192,92,92,187,187,198,198,215,490,50,50,70,70,120,140,174,174,189,218,218,315,315,327,338,42,53,53,87,87,87,87,87,106,49,69,84,84,84],"floor_reached":51,"language":"ENG","playtime":3603,"items_purged":["Strike_P","Strike_P","Regret"],"score":677,"play_id":"e79d2b3c-9e44-40ab-b487-2cf9589c7da8","local_time":"20210219000636","is_ascension_mode":true,"campfire_choices":[{"data":"Eruption","floor":8,"key":"SMITH"},{"data":"ForeignInfluence","floor":10,"key":"SMITH"},{"data":"Crescendo","floor":15,"key":"SMITH"},{"data":"DevaForm","floor":23,"key":"SMITH"},{"data":"CutThroughFate","floor":29,"key":"SMITH"},{"data":"Meditate","floor":32,"key":"SMITH"},{"data":"Pot Of Greed","floor":41,"key":"SMITH"},{"floor":49,"key":"REST"}],"circlet_count":0,"master_deck":["Strike_P+1","Defend_P+1","Defend_P","Eruption+1","Vigilance","EmptyFist","ForeignInfluence+1","Steam","ClearTheMind","Crescendo+1","JustLucky","MentalFortress","Ragnarok","SashWhip+1","Meditate+1","CutThroughFate+1","DevaForm+1","Replay:AtTheReady","Pot Of Greed+1","Pot Of Greed","CutThroughFate","CrushJoints","Vault","SignatureMove","InnerPeace+1","Pot Of Greed","MentalFortress+1","Replay:BluntJabs","Good Instincts","CutThroughFate","Tantrum","Parasite","Evaluate"],"relics":["HolyWater","NeowsBlessing","PreservedInsect","Replay:Kaleidoscope","Yang","Odd Mushroom","Replay:Bronze Core","Strange Spoon","Grinning Jar","Pear","Darkstone Periapt","Replay:Purple Gloves","Divine Protection","Bottled Tornado","Bag of Marbles"],"acts_visited":["Exordium","TheCity","TheBeyond"],"potions_floor_usage":[12,16,27,28,31,33,39,50],"damage_taken":[{"damage":0,"enemies":"Small Slimes","floor":1,"turns":1},{"damage":0,"enemies":"Gremlin Nob","floor":6,"turns":1},{"damage":0,"enemies":"2 Louse","floor":7,"turns":2},{"damage":0,"enemies":"Jaw Worm","floor":11,"turns":3},{"damage":0,"enemies":"The Mushroom Lair","floor":12,"turns":3},{"damage":0,"enemies":"Looter","floor":13,"turns":2},{"damage":15,"enemies":"Fading Forest","floor":16,"turns":11},{"damage":0,"enemies":"Chosen","floor":18,"turns":4},{"damage":17,"enemies":"3 Byrds","floor":20,"turns":5},{"damage":2,"enemies":"Snecko","floor":24,"turns":4},{"damage":0,"enemies":"3 Cultists","floor":27,"turns":4},{"damage":0,"enemies":"Slavers","floor":28,"turns":5},{"damage":0,"enemies":"Snake Plant","floor":30,"turns":3},{"damage":4,"enemies":"Replay:Snechameleon","floor":31,"turns":5},{"damage":36,"enemies":"Champ","floor":33,"turns":9},{"damage":0,"enemies":"Orb Walker","floor":35,"turns":2},{"damage":1,"enemies":"3 Shapes","floor":36,"turns":4},{"damage":8,"enemies":"Sphere and 2 Shapes","floor":38,"turns":3},{"damage":0,"enemies":"Maw","floor":39,"turns":2},{"damage":12,"enemies":"Giant Head","floor":40,"turns":6},{"damage":0,"enemies":"Transient","floor":45,"turns":6},{"damage":43,"enemies":"Jaw Worm Horde","floor":47,"turns":5},{"damage":11,"enemies":"Writhing Mass","floor":48,"turns":4},{"damage":49,"enemies":"Replay:Hell Engine","floor":50,"turns":9}],"seed_played":"-1347473957944924748","potions_obtained":[{"floor":7,"key":"ColorlessPotion"},{"floor":13,"key":"SpeedPotion"},{"floor":18,"key":"Strength Potion"},{"floor":27,"key":"SkillPotion"},{"floor":28,"key":"Flashbang"},{"floor":30,"key":"Energy Potion"},{"floor":36,"key":"SmokeBomb"},{"floor":40,"key":"Strength Potion"},{"floor":48,"key":"sneckomod:MuddlingPotion"}],"is_trial":false,"path_per_floor":["M","?","?","$","T","E","M","R","T","R","M","?","M","$","R","B",null,"M","?","M","?","$","R","M","?","T","M","E","R","M","E","R","B",null,"M","M","$","M","M","E","R","?","T","?","M","?","M","M","R","B",null],"character_chosen":"WATCHER","items_purchased":["DevaForm","Strange Spoon","Replay:AtTheReady","Replay:Purple Gloves"],"campfire_rested":1,"item_purchase_floors":[22,22,22,37],"current_hp_per_floor":[72,58,58,58,58,58,58,58,58,58,58,58,58,58,58,43,72,72,72,55,55,55,55,53,53,53,53,63,63,63,59,59,23,82,82,81,81,73,73,61,61,61,61,61,61,61,18,13,39,8],"gold":84,"neow_bonus":"THREE_ENEMY_KILL","is_daily":false,"chose_seed":false,"campfire_upgraded":7,"win_rate":0.0,"timestamp":1613721996,"path_taken":["M","?","?","$","?","E","M","R","T","R","M","?","M","$","R","BOSS","M","?","?","?","$","R","?","?","T","M","E","R","?","E","R","BOSS","M","M","$","M","M","E","R","?","T","?","?","?","M","M","R","BOSS"],"items_purchased_type":["Card","Relic","Card","Relic"],"build_version":"2020-12-22","purchased_purges":3,"victory":true,"max_hp_per_floor":[72,72,72,72,72,72,72,72,72,72,72,72,72,72,72,72,72,72,72,72,72,72,72,72,72,72,72,82,82,82,82,82,82,82,82,82,82,82,82,82,82,82,82,82,82,82,82,88,88,88],"card_choices":[{"not_picked":["EmptyMind","Replay:Battleflow"],"picked":"EmptyFist","floor":1},{"not_picked":["Perseverance","ThirdEye"],"picked":"ClearTheMind","floor":6},{"not_picked":["FlyingSleeves","PathToVictory"],"picked":"Crescendo","floor":7},{"not_picked":["BowlingBash","Protect","TalkToTheHand"],"picked":"SKIP","floor":11},{"not_picked":["ClearTheMind","Halt"],"picked":"JustLucky","floor":12},{"not_picked":["FollowUp","Swivel"],"picked":"MentalFortress","floor":13},{"not_picked":["Establishment","Replay:LoomingThreat"],"picked":"Ragnarok","floor":16},{"not_picked":["CarveReality","ClearTheMind"],"picked":"SashWhip+1","floor":18},{"not_picked":["Fasting2+1","Perseverance"],"picked":"CutThroughFate","floor":20},{"not_picked":["Replay:AtTheReady","FlurryOfBlows"],"picked":"Replay:ManipulateFuture","floor":24},{"not_picked":["Protect","ClearTheMind","Replay:ManipulateFuture"],"picked":"SKIP","floor":27},{"not_picked":["DevaForm","Worship+1"],"picked":"CutThroughFate","floor":28},{"not_picked":["PathToVictory","Prostrate","Perseverance"],"picked":"SKIP","floor":30},{"not_picked":["BowlingBash","Protect"],"picked":"CrushJoints","floor":31},{"not_picked":["Blasphemy","Omniscience"],"picked":"Vault","floor":33},{"not_picked":["BowlingBash+1","FlyingSleeves+1"],"picked":"SignatureMove","floor":35},{"not_picked":["Conclude","FlurryOfBlows+1"],"picked":"InnerPeace+1","floor":36},{"not_picked":["SashWhip","Halt+1"],"picked":"MentalFortress+1","floor":38},{"not_picked":["FollowUp+1","Establishment"],"picked":"Replay:BluntJabs","floor":40},{"not_picked":["Replay:ManipulateFuture","Prostrate+1"],"picked":"CutThroughFate","floor":45},{"not_picked":["CrushJoints+1","Replay:AtTheReady"],"picked":"Tantrum","floor":47},{"not_picked":["CrushJoints+1","Replay:BluntJabs+1"],"picked":"Evaluate","floor":48}],"player_experience":404740,"relics_obtained":[{"floor":5,"key":"PreservedInsect"},{"floor":6,"key":"Replay:Kaleidoscope"},{"floor":9,"key":"Yang"},{"floor":12,"key":"Odd Mushroom"},{"floor":26,"key":"Grinning Jar"},{"floor":28,"key":"Pear"},{"floor":31,"key":"Darkstone Periapt"},{"floor":40,"key":"Divine Protection"},{"floor":43,"key":"Bottled Tornado"}],"event_choices":[{"damage_healed":0,"gold_gain":0,"player_choice":"Entered Light","damage_taken":14,"max_hp_gain":0,"max_hp_loss":0,"event_name":"Shining Light","floor":2,"gold_loss":0,"cards_upgraded":["Strike_P","Defend_P"]},{"damage_healed":0,"gold_gain":0,"player_choice":"Fought Mushrooms","damage_taken":0,"max_hp_gain":0,"max_hp_loss":0,"event_name":"Mushrooms","floor":12,"gold_loss":0},{"damage_healed":0,"gold_gain":0,"cards_transformed":["Defend_P"],"player_choice":"Transformed","damage_taken":0,"max_hp_gain":0,"max_hp_loss":0,"event_name":"Transmorgrifier","floor":19,"gold_loss":0,"cards_obtained":["Meditate"]},{"damage_healed":0,"gold_gain":275,"player_choice":"Desecrate","damage_taken":0,"max_hp_gain":0,"max_hp_loss":0,"event_name":"Golden Shrine","floor":21,"gold_loss":0,"cards_obtained":["Regret"]},{"damage_healed":0,"gold_gain":0,"player_choice":"Upgraded","damage_taken":0,"max_hp_gain":0,"max_hp_loss":0,"event_name":"Upgrade Shrine","floor":25,"gold_loss":0,"cards_upgraded":["Replay:ManipulateFuture"]},{"cards_removed":["Replay:ManipulateFuture"],"damage_healed":0,"gold_gain":0,"player_choice":"Removed Skill","damage_taken":0,"max_hp_gain":0,"max_hp_loss":0,"event_name":"Falling","floor":42,"gold_loss":0},{"damage_healed":0,"gold_gain":0,"player_choice":"1 cards matched","damage_taken":0,"max_hp_gain":0,"max_hp_loss":0,"event_name":"Match and Keep!","floor":44,"gold_loss":0,"cards_obtained":["Good Instincts"]},{"damage_healed":0,"gold_gain":0,"player_choice":"Paid Gold","damage_taken":0,"relics_obtained":["Bag of Marbles"],"max_hp_gain":0,"max_hp_loss":0,"event_name":"WeMeetAgain","floor":46,"gold_loss":57}],"is_beta":false,"boss_relics":[{"not_picked":["SacredBark","Runic Pyramid"],"picked":"Replay:Bronze Core"},{"not_picked":["Abe\u0027s Treasure","Calling Bell"],"picked":"HolyWater"}],"items_purged_floors":[4,14,22],"is_endless":false,"potions_floor_spawned":[7,13,18,27,28,30,36,40,48],"ascension_level":3}}